5174 6536
585 399 723 456 “'21

1306 500 1449 559 XXX
1462 545 1474 558 .

582 624 834 695 Diploma
865 622 1137 693 Chilperici
1169 617 1252 685 II,
1282 623 1421 691 regis
1462 618 1808 695 Francorum,
1852 631 1949 695 quo
1978 622 2181 695 centum

659 684 846 751 baccas
880 684 1150 749 annuatim
1192 684 1503 746 manusterio
1552 692 1609 744 S.
1647 684 1883 757 Dionysii
1926 684 2182 745 concedit,

654 772 789 822 sicut
851 768 1006 891 0Ιὲιίιὺ
1040 782 1073 817 a
1137 762 1427 834 Dagoberto
1492 777 1607 831 rege
1666 773 1919 812 concessa:
1975 760 2182 828 fuerant

656 851 681 875 “
714 843 869 903 (ann.
992 837 1050 903 ').

714 843 869 907 (ann.
903 843 1050 903 716).

654 975 1052 1047 (lliilpericlius,
1086 989 1183 1028 rex
1207 971 1555 1037 Francorum,
1582 971 1661 1024 vir
1680 969 1919 1023 inluster.
1947 966 2017 1021 Se
2044 966 2181 1018 facta

581 1081 874 1143 [rﬂl'Cllllllll
906 1076 1211 1123 HOSU‘OI‘UI“
1228 1078 1691 1124 οοιιδειὙίιιιιηιυς,
1725 1060 1869 1128 regia
1888 1066 2181 1113 οοιιευριυ-

580 1166 709 1218 diue
741 1176 1109 1224 exsereemus,
1159 1166 1211 1213 et
1253 1165 1435 1212 nostra
1468 1156 1519 1209 in
1553 1152 1893 1224 postmodum
1928 1148 2183 1205 estabelis

581 1273 707 1311 esse
750 1254 1119 1314 conﬁdcmus;
1175 1248 1464 1319 prceipuae
1513 1243 1882 1316 peticioncbus
1924 1240 2177 1298 sacerdo-

581 1360 721 1414 tum,
749 1349 894 1416 quod
916 1361 1011 1416 pro
1031 1360 1215 1398 eorum
1246 1339 1610 1397 conﬁrmanda
1636 1337 1896 1393 beneﬁcia
1928 1335 2178 1405 pertenit,

582 1440 822 1493 libenter
879 1434 1239 1498 obauditnus,
1290 1431 1373 1485 vel
1424 1429 1639 1485 elleclui
1696 1429 1746 1482 in
1802 1426 1893 1480 Dei
1946 1438 2177 1479 nomcne

582 1541 1084 1599 inancaepammus,
1118 1526 1221 1580 hoc
1252 1523 1407 1578 nobis
1436 1522 1501 1575 ad
1526 1521 1787 1575 mercedis
1814 1518 1982 1573 nostri
2014 1529 2178 1584 auge-

582 1631 834 1677 incntum
874 1618 1145 1690 pertenire
1185 1614 1532 1670 conlidemus.
1567 1610 1819 1679 ldioquae
1849 1608 2183 1662 venerabelis

582 1715 668 1767 vir
696 1709 1026 1775 Chillardus,
1078 1708 1213 1762 abba
1252 1706 1320 1761 de
1348 1704 1578 1759 baselica
1612 1701 1898 1772 peculiaris
1944 1698 2184 1769 patronis

581 1802 758 1859 nostri
788 1799 974 1855 domni
1020 1797 1241 1853 Dionisii
1291 1795 1558 1859 marteris,
1610 1793 1697 1846 ubi
1751 1792 1865 1861 ipse
1909 1791 2185 1861 preciosus

1345 382 1584 446 RECUM
1630 379 1863 443 l‘Rlil/E
1902 380 2164 442 STIRPIS
2203 374 2621 438 FRANCOllUM
2665 370 3079 430 DlPl.0.\lATA.

2207 497 2257 557 Α
2286 500 2341 548 et
2369 490 2471 545 hoc
2499 505 2527 544 a
2546 487 2796 559 judiciari
2824 494 3092 558 potestate
3112 481 3269 537 annis
3293 477 3518 549 singolis
3546 493 3871 534 conservare

3729 359 3872 420 ne»:

2286 582 2368 638 vel
2410 581 2693 652 adimplire
2740 580 2990 633 vedintur
3028 595 3041 630 :
3092 576 3167 629 ita
3211 582 3265 630 et
3304 573 3561 639 deinceps
3607 570 3872 639 inspectas

2287 678 2429 747 ipsas
2452 674 2800 730 aucturetatis
2840 671 2925 726 vel
2956 668 3393 725 conﬁrmaeionis
3434 664 3686 734 predictis
3716 662 3871 731 prin-

2287 770 2507 839 cipebus
2552 783 2648 836 per
2692 776 2935 821 nostrum
2979 771 3293 835 preceptum
3337 760 3535 830 plinius
3565 758 3615 811 in
3651 755 3742 809 Dei
3773 772 3873 806 no-

2284 863 2429 918 mine
2454 859 2826 915 conlirmatum
2859 858 2999 911 circa
3032 856 3148 926 ipso
3189 862 3377 908 sancto
3418 851 3540 905 loco
3568 845 3877 919 perenniter

2288 956 2338 1008 in
2366 954 2626 1008 omnebus
2650 952 2813 1005 valiat
2834 965 2951 1005 esse
2973 955 3350 1004 conservatum
3382 944 3557 1013 adque
3582 941 3871 1001 indultum,

2286 1055 2340 1100 et
2366 1045 2561 1099 ibidem
2596 1044 2792 1098 nostris
2819 1050 2873 1096 et
2904 1041 3110 1107 futuris,
3153 1038 3264 1093 Deo
3313 1035 3617 1095 ausiliante,
3666 1041 3874 1101 templ»

2285 1137 2446 1191 rebus
2498 1136 2741 1204 proﬁciat
2795 1134 2847 1187 in
2901 1132 3280 1202 augementis:
3332 1130 3403 1183 ita
3449 1135 3508 1180 ut
3557 1125 3634 1179 eis
3682 1124 3874 1177 melius

2286 1220 2504 1285 delectit
2545 1244 2641 1298 pro
2684 1227 3006 1283 estabelitati
3040 1226 3174 1295 rigni
3206 1222 3375 1279 nostri
3419 1220 3483 1274 ad
3528 1220 3644 1289 ipso
3684 1224 3873 1271 sancto

2287 1320 2407 1375 loco
2442 1320 2645 1374 Domini
2684 1318 3075 1373 incscrecordia
3118 1316 3400 1371 adtcncius
3436 1314 3748 1383 deprecare.
3786 1308 3871 1375 lit,

2287 1422 2345 1466 ut
2387 1412 2486 1467 hec
2530 1422 2835 1467 auctoretas
2869 1412 3071 1465 lirmior
3102 1409 3353 1464 habiatur
3397 1415 3449 1461 et
3492 1420 3586 1477 per
3629 1413 3871 1471 tempora

2288 1506 2645 1574 conservitur,
2693 1522 2881 1560 manus
2927 1505 3094 1560 nostri
3146 1501 3653 1573 subscripcionebus
3692 1496 3877 1553 subter

2288 1615 2407 1653 eam
2434 1598 2771 1654 deciivemus
2798 1599 3077 1652 roborare.

2360 1690 2659 1762 Chilpricus
2734 1704 2829 1745 rex
2896 1688 3211 1758 subscripsi.
3278 1717 3345 1728 —
3408 1686 3648 1741 Aetulius
3700 1680 3879 1751 jussus

2290 1784 2500 1852 Optolit.

586 1898 828 1952 domnus
848 1895 900 1950 in
927 1907 1157 1963 corpure
1178 1890 1476 1960 requiiscit,
1505 1886 1819 1941 climenciae
1848 1885 1981 1953 rigui
2011 1883 2179 1937 nostri
2217 1871 2261 1933 Β
2362 1875 2549 1931 Datum
2597 1876 2703 1947 qod
2758 1875 2869 1931 licit
2916 1874 3101 1929 minsis
3150 1871 3379 1928 Marcius
3426 1870 3541 1925 dics
3580 1884 3686 1931 xvi,
3736 1878 3877 1920 anno

580 1990 822 2061 sogessit
877 2004 942 2044 eo
994 1985 1137 2056 quod
1188 1987 1327 2039 bone
1372 1982 1661 2037 memorias
1716 1994 1950 2049 proavus
2004 1986 2188 2030 uester

582 2081 1019 2151 Dagobercthus,
1074 2075 1346 2147 quondam
1406 2091 1521 2139 rex,
1576 2090 1671 2144 per
1712 2088 1806 2127 sua
1851 2078 2187 2125 auctaretate

582 2191 755 2230 rnano
785 2190 881 2228 sua
920 2172 1197 2236 roborata,
1245 2184 1435 2223 vaccas
1477 2176 1635 2222 cento
1674 2167 1902 2221 soldaris
1944 2166 2087 2235 quod
2135 2166 2186 2219 in

582 2268 871 2324 inferenda
920 2266 987 2321 de
1018 2278 1154 2335 pago
1193 2262 1559 2316 Ciuomaneco
1602 2260 1652 2313 in
1703 2258 1829 2316 hsce
1870 2258 2186 2312 dicionebus

581 2362 934 2433 sperabatur,
985 2358 1050 2412 ad
1098 2358 1214 2426 ipsa
1262 2364 1447 2410 sancta
1490 2354 1717 2409 basileca
1770 2353 1928 2407 annis
1967 2352 2186 2421 singulis

584 2451 958 2509 concessissit.
989 2449 1137 2505 Unde
1159 2457 1213 2502 et
1240 2450 1539 2503 cessionem
1570 2447 1735 2516 ipsius
1762 2446 2070 2514 princepae,
2091 2461 2184 2500 seu

586 2554 641 2601 et
669 2542 1115 2600 conlirmacionis
1142 2555 1243 2594 avo
1274 2547 1462 2594 nostro
1486 2538 1783 2592 Chlodovio
1805 2548 1859 2592 et
1899 2540 2038 2592 bone
2069 2554 2185 2591 me-

586 2641 797 2693 moriae
813 2644 1071 2705 genetore
1090 2641 1275 2689 nostro
1290 2632 1593 2688 Childcrico
1616 2631 1701 2687 vel
1722 2632 1983 2687 avuncolo
2000 2640 2186 2687 nostro

587 2727 960 2793 Theoderico,
1008 2741 1103 2782 seo
1143 2735 1198 2781 et
1232 2724 1590 2780 consobrinus
1620 2734 1835 2779 uostrus
1858 2722 2185 2789 Chlodovio,

589 2820 1013 2879 Childeberctho
1063 2827 1116 2873 et
1169 2817 1544 2887 Dagoberctho
1611 2814 1883 2886 quondam
1934 2817 2182 2885 regebus,

589 2934 783 2974 eorum
832 2916 1092 2972 manebus
1120 2915 1421 2978 roboratas,
1467 2927 1525 2967 se
1569 2927 1633 2967 ex
1678 2912 1781 2965 hoc
1804 2926 1898 2981 per
1928 2911 2188 2966 manebus

590 3011 785 3065 habire
828 3009 1109 3071 adﬁrmat;
1163 3013 1219 3061 et
1258 3005 1400 3061 sicut
1454 3004 1570 3076 ipse
1625 3004 1915 3058 beneﬁcius
1955 3003 2019 3056 ad
2072 3004 2186 3072 ipsa

591 3103 845 3158 bascleca
874 3103 942 3156 ab
969 3102 1098 3171 ipsis
1128 3098 1471 3170 principebus
1513 3098 1611 3150 fuit
1650 3111 1938 3151 concessus
1979 3095 2062 3149 vel
2101 3096 2185 3148 in-

594 3194 799 3261 dultus,
825 3195 978 3249 annis
1004 3190 1226 3260 singolis
1250 3205 1281 3244 a
1306 3189 1587 3259 judiciaria
1611 3196 1878 3258 potestate
1904 3188 2021 3242 loce
2046 3188 2187 3244 illius

593 3286 818 3345 reddire
864 3286 945 3341 vel
977 3283 1259 3353 adimplire
1300 3290 1691 3339 conmemorat.
1739 3281 1844 3335 Sed
1884 3298 1981 3351 pro
2024 3280 2191 3335 ﬁrmi-

596 3382 722 3434 tatis
775 3374 1046 3431 estodium
1071 3412 1087 3440 ,
1128 3374 1264 3445 petit
1304 3372 1726 3451 celsaetudinem
1768 3374 1935 3427 nostri
1988 3384 2045 3426 ut
2091 3373 2192 3428 hoc

595 3471 739 3525 circa
803 3469 925 3539 ipso
978 3466 1157 3521 abbati
1211 3464 1295 3519 vel
1364 3472 1663 3519 memorata
1722 3473 1906 3519 sancta
1963 3465 2191 3520 basilcca

597 3568 785 3617 nostra
832 3558 935 3614 hoc
973 3556 1170 3628 plinius
1212 3555 1410 3611 dibcrit
1451 3564 1759 3610 aucturelas
1803 3558 2190 3626 perpetualiter

598 3656 945 3711 conﬁrmare.
988 3650 1153 3718 Cujus
1194 3650 1466 3719 peticioni,
1524 3663 1622 3718 pro
1665 3650 1976 3704 reverencia
2022 3649 2189 3718 ipsius

598 3754 788 3802 sancte
825 3746 961 3807 loce,
990 3742 1251 3809 gradante
1280 3741 1459 3796 animo
1489 3741 1806 3810 pristetisse,
1833 3744 1913 3796 vel
1939 3743 1990 3795 in
2016 3757 2195 3798 omne-

600 3839 701 3894 bus
727 3836 1085 3894 conﬁrmasse
1114 3842 1294 3890 vestra
1321 3833 1601 3903 cooperiat
1638 3834 1985 3901 magnetudo.
2011 3833 2194 3890 Preci-

604 3932 802 4003 pientis
830 3930 974 3987 enim
1008 3929 1299 4000 jobimmus
1341 3937 1418 3996 ut,
1457 3927 1596 3983 sicut
1634 3937 1848 3983 constat
1892 3928 2196 3985 antedictus

604 4029 861 4097 princeps
905 4022 1331 4093 Dagobercthus,
1360 4019 1635 4091 quondam
1680 4034 1793 4079 rex.
1828 4020 1972 4089 ipsas
2001 4035 2193 4076 vaccas

605 4130 766 4175 cento
794 4114 1144 4172 inferendalis
1172 4114 1239 4169 de
1268 4113 1672 4185 superescripto
1703 4126 1838 4181 pago
1874 4112 2195 4169 Cinomane-

607 4230 692 4277 co,
727 4210 876 4281 quod
905 4210 1060 4265 annis
1084 4208 1305 4277 singulis
1334 4208 1385 4261 in
1416 4207 1542 4262 ﬁsce
1563 4206 1911 4263 diccionebus
1934 4208 2193 4277 speraba-

610 4314 712 4374 tur,
747 4320 849 4377 per
878 4318 976 4359 sua
1006 4309 1346 4358 aucturetate
1386 4299 1451 4355 ad
1492 4300 1605 4369 ipsa
1636 4300 1866 4355 baselica
1909 4300 2197 4368 concessit,

682 4494 706 4521 η
748 4480 935 4535 Edidit
980 4475 1316 4533 Mabillonius
1345 4490 1411 4530 ex
1453 4484 1787 4544 autograpno
1818 4477 1984 4537 (nunc
2016 4478 2065 4530 in
2108 4492 2199 4530 ar-

612 4555 770 4610 cbivo
800 4552 977 4620 regni,
1004 4567 1054 4613 κ,
1079 4549 1241 4620 scrin.
1270 4546 1303 4600 '5
1331 4556 1625 4620 asservato)
1657 4547 1707 4599 in
1733 4546 1877 4620 Actis
1901 4548 1996 4601 SS.
2017 4548 2191 4601 ordia.

612 4624 769 4691 Ben.,
803 4632 843 4677 t.
867 4612 1105 4691 iV,pag.
1131 4618 1253 4683 564,
1280 4626 1334 4673 et
1360 4619 1554 4691 iterum
1577 4616 1627 4669 in
1652 4633 1813 4691 opere
1842 4618 1913 4691 De
1940 4634 1996 4691 re
2026 4620 2195 4691 diplo-
2228 4612 2276 4675 Ι)

614 4688 831 4756 matica,
860 4688 1146 4764 pagf486;
1180 4706 1246 4745 ex
1272 4689 1463 4743 eodem
1494 4690 1828 4810 autographo
1870 4688 2193 4757 Felibiantts,

615 4768 748 4810 Ηίςι,
783 4767 914 4810 ahh-
945 4763 999 4810 S.
1039 4762 1189 4810 Dion.
1242 4764 1421 4810 nrob..
1461 4772 1583 4810 nan.
1659 4758 1705 4810 Ι.
1752 4758 2092 4810 Ιὶρριιιιρτυιιῐ
2130 4778 2193 4810 ex

614 4768 749 4821 Hist.
782 4758 999 4819 abb.‘S.
1039 4762 1189 4816 Dion.
1242 4764 1421 4830 prob.,
1461 4772 1588 4830 pag.
1615 4758 1705 4812 2|.
1752 4758 2092 4830 licetnlerunt
2130 4778 2198 4815 ex

615 4836 932 4892 lllabillonio
962 4829 1445 4896 Coinlius,’Annal.
1480 4838 1520 4883 t.
1556 4829 1613 4891 V,
1654 4842 1773 4899 pag.
1809 4829 1935 4892 282,
1964 4840 2017 4884 et
2060 4832 2195 4885 Coll.

616 4910 799 4979 St-ript.
835 4921 948 4960 rer.
979 4905 1170 4979 Franc.
1198 4911 1238 4956 ι.
1398 4899 1870 4979 pag:_692._llujus
1894 4901 2200 4979 diplomatis

616 4971 993 5049 fragmentum
1026 4976 1178 5046 prius
1217 4973 1466 5049 ediderat
1504 4971 1871 5049 lle_nschenius
1901 4973 1951 5049 in
1986 4976 2196 5049 exegesi

570 5098 571 5101 η
617 5042 1042 5118 de'genealogia
1075 5059 1261 5118 regum
1308 5042 1942 5118 Dagobertinorumtsed
1970 5044 2197 5118 inaccuo

619 5113 793 5176 ratum
822 5128 878 5173 et
909 5113 1066 5171 valde
1092 5113 1359 5170 mutilum.
1382 5113 1765 5181 Fragmentum
1793 5113 1932 5167 idem
1962 5114 2204 5167 Cointius

572 5236 573 5245 ι
620 5191 866 5246 exhibuit
897 5198 936 5241 t.
973 5186 1038 5241 ιν
1070 5186 1376 5248 Annalium,
1407 5199 1527 5254 pag.
1576 5182 1697 5249 528,
1751 5193 1805 5238 et
1831 5184 2009 5238 denuo
2054 5193 2092 5239 t.
2137 5184 2200 5247 γ,

625 5275 739 5330 pag.
783 5260 915 5326 282,
948 5259 1013 5312 ad
1058 5258 1197 5312 latus
1231 5256 1433 5330 integri
1477 5254 1807 5330 diplomatis.
1854 5256 1963 5330 lloc
2005 5256 2204 5330 instru-

574 5376 581 5387 .
625 5325 805 5387 mento
854 5325 1024 5385 tatam
1054 5327 1383 5399 genealogia:
1413 5340 1521 5381 sua:
1558 5326 1750 5381 seriem
1780 5326 1964 5395 pandit
1995 5325 2207 5397 Chilpe-

576 5450 581 5481 ι
626 5401 860 5481 ﬁcus“,
900 5403 1257 5481 [lagobertum
1286 5398 1717 5481 eniipmproavmn
1762 5413 1914 5452 suum
1951 5399 2205 5481 appellat,

630 5467 1000 5528 Childcricunr
1039 5472 1371 5540 genitorem,
1404 5467 1795 5523 Theodericum
1846 5467 2205 5540 avunculum;

631 5546 998 5599 Chlodoveum
1044 5537 1201 5605 vero,
1256 5537 1680 5604 Childehertum,
1736 5549 1791 5593 et
1848 5538 2210 5607 Dagobertum

578 5618 581 5621 ’
632 5618 859 5685 (scilicet
889 5613 1048 5682 hujus
1068 5612 1311 5685 nominis
1355 5612 1591 5685 tertium)
1643 5611 1995 5685 consobrinos
2034 5620 2208 5665 vocat.

584 5740 589 5747 .
635 5681 710 5742 Ex
751 5681 1007 5741 accurata
1050 5684 1230 5737 domui
1278 5681 1483 5736 Poiricr
1532 5682 1922 5751 recognitione,
1971 5697 2215 5751 novaque

635 5761 698 5812 ab
736 5760 795 5811 Α.
832 5755 1025 5811 'l‘eulet
1066 5754 1133 5808 ad
1174 5754 1329 5809 ﬁdem
1375 5753 1651 5822 archetypi
1698 5754 2010 5807 recensione
2053 5752 2214 5815 facta,

584 5838 591 5901 χ
638 5830 866 5899 diploma
899 5827 1001 5883 hoc
1031 5824 1260 5893 edimus,
1286 5824 1427 5881 sicut
1453 5833 1507 5880 et
1536 5827 1638 5879 alia
1667 5825 1906 5893 ejusdem
1938 5823 2080 5894 regis
2102 5839 2219 5893 (ιιιὶῐ)

584 5908 591 5923 ‘
640 5904 960 5973 pia-cedunt.

2289 1969 2463 2039 primo
2516 1969 2652 2039 rigui
2706 1967 2913 2035 nostri,
2982 1966 3335 2037 Conpendio,
3404 1965 3456 2021 in
3517 1962 3610 2017 Dei
3664 1958 3880 2015 nomine

2288 2061 2535 2116 feliciter.

2979 2170 3163 2227 XXXI.

2287 2286 2531 2357 Diploma
2562 2285 2836 2352 Ch'lpcrici
2868 2284 2950 2350 Il,
3003 2286 3138 2354 regis
3185 2284 3534 2357 71"raucorum,
3558 2296 3678 2357 _qao
3717 2282 3882 2357 forea-

2357 2350 2463 2412 tam
2509 2360 2571 2411 de
2602 2350 2856 2411 Gentetico
2909 2370 2957 2411 et
3004 2350 3109 2409 alia
3158 2356 3295 2409 dona
3345 2373 3374 2406 a
3427 2350 3882 2417 izrwdccessoribus

2357 2431 2464 2483 suis
2523 2429 2912 2482 Fontanc.’leusi
2978 2429 3289 2482 monasterio
3359 2425 3549 2479 collata
3606 2424 3878 2493 conﬁrmat

2359 2501 2384 2538 δ
2417 2504 2563 2575 (ann.
2591 2500 2736 2566 7H5.)

2358 2635 2695 2705 Cliilpericus
2716 2676 2732 2703 ,
2774 2650 2867 2688 rex
2900 2632 3227 2688 Francorum
3255 2678 3269 2699 ,
3315 2633 3396 2686 vir
3425 2630 3665 2687 illustris.
3724 2629 3885 2683 Decet

2287 2731 2573 2787 clementia
2621 2730 2900 2800 principali
2946 2730 3293 2800 petitionibus
3344 2728 3685 2784 sacerdotum
3738 2724 3883 2794 quod

2289 2838 2387 2892 pro
2417 2823 2873 2892 oportunitatibus
2903 2823 3036 2877 locis
3089 2829 3399 2876 sanctorum
3454 2820 3689 2890 pertinet
3717 2818 3884 2872 obau-

2288 2915 2403 2970 dire
2432 2915 2515 2969 vel
2542 2916 2733 2969 cll'ectu
2767 2916 2817 2969 in
2849 2915 2939 2969 ltei
2997 2915 3215 2969 nomine
3265 2914 3593 2982 mancipare.
3648 2910 3885 2979 Ideoque

2288 3009 2609 3065 venerabilis
2640 3009 2717 3062 vir
2745 3010 3013 3078 Denignus
3036 3052 3048 3072 ,
3095 3009 3229 3063 abba
3258 3007 3325 3062 de
3372 3004 3700 3062 monasterio
3745 3003 3887 3058 Fon-

2290 3106 2509 3169 tanella,
2537 3104 2681 3173 quod
2725 3113 2805 3159 est
2854 3104 2907 3157 in
2945 3101 3152 3157 bonore
3201 3100 3370 3155 sancti
3431 3098 3575 3153 Petri
3630 3105 3685 3153 et
3736 3096 3886 3152 Pauli

2212 3235 2261 3299 C
2292 3198 2659 3269 apostolorum
2689 3198 2773 3251 vel
2802 3197 2973 3250 sancti
2997 3193 3277 3247 Laurencii
3308 3200 3472 3261 mort)
3487 3192 3579 3255 ris,
3612 3191 3746 3244 infra
3770 3188 3889 3244 dio-

2293 3290 2457 3346 cesim
2506 3289 2996 3356 Rothomagensem
3044 3299 3208 3355 super
3240 3283 3457 3337 ﬂuvium
3510 3282 3720 3335 Sccana
3752 3296 3887 3334 con-

2292 3392 2577 3447 structum,
2607 3383 2695 3437 ubi
2732 3382 2846 3450 ipse
2876 3381 3009 3433 abba
3052 3394 3172 3433 cum
3207 3377 3358 3431 turba
3412 3375 3640 3445 plurima
3694 3388 3885 3427 mona-

2294 3475 2517 3529 chorum
2543 3474 2641 3528 sub
2671 3482 2851 3527 sancta
2885 3472 3065 3539 regula
3116 3482 3439 3524 conversare
3487 3467 3753 3529 videntur,
3784 3480 3886 3518 no-

2293 3567 2375 3622 bis
2397 3569 2628 3637 sugessit
2669 3584 2733 3621 eo
2790 3566 2954 3635 quod,
2990 3581 3110 3619 cum
3162 3579 3257 3634 pro
3307 3561 3743 3632 preceptionibus
3800 3558 3885 3612 avi

2298 3660 2461 3714 nostri
2490 3657 2747 3713 Codovci
2776 3658 2935 3725 regis,
2967 3673 3058 3711 seu
3096 3665 3151 3710 et
3174 3654 3423 3709 avunculi
3466 3653 3635 3709 nostri
3664 3650 3887 3707 Clotarii

2296 3760 2350 3805 ct
2377 3738 2695 3806 Theoderici
2747 3750 2828 3804 vel
2884 3748 3142 3817 genitoris
3168 3748 3456 3803 Childerici
3502 3755 3559 3802 et
3602 3754 3888 3816 parentum

2298 3851 2601 3897 nostrorum
2633 3840 2856 3895 Childcb
2894 3841 2958 3893 rti
2992 3850 3047 3895 et
3077 3838 3386 3908 Dagobcrli,
3422 3840 3582 3893 etiam
3616 3855 3712 3909 pro
3743 3856 3887 3910 quo-

2298 3934 2425 3987 libet
2451 3942 2749 3987 strumento
2779 3940 3048 3987 carlarum
3083 3930 3148 3985 ad
3199 3931 3369 3999 ipsum
3413 3934 3797 3985 monasterium
3857 3948 3889 3988 a

2298 4024 2621 4094 quibuslibet
2642 4023 2799 4078 rebus
2826 4034 2988 4092 atque
3020 4024 3356 4092 corporibus,
3390 4039 3483 4077 seu
3506 4026 3667 4078 etiam
3712 4024 3888 4077 fores-

2297 4127 2407 4171 tam
2437 4117 2502 4172 de
2522 4116 2878 4180 Gemmctico,
2910 4116 2993 4169 vel
3015 4115 3153 4185 quod
3173 4131 3199 4168 a
3233 4114 3341 4169 Deo
3375 4115 3683 4171 timentibus
3714 4116 3893 4169 homi-

2299 4212 2455 4266 nibus
2482 4211 2674 4266 ibidem
2700 4210 2859 4265 fuerit
2888 4210 3174 4264 adductum
3206 4210 3287 4263 vel
3315 4212 3609 4275 conlatum,
3638 4222 3692 4266 et
3714 4212 3890 4267 adhuc

2300 4305 2510 4360 inantea
2538 4314 2619 4359 est
2649 4305 2985 4358 melioratum
3019 4304 3098 4356 vel
3127 4302 3402 4366 donatum,
3430 4318 3525 4372 per
3567 4320 3753 4358 eorum
3786 4320 3887 4359 au-

2373 4486 2399 4524 1’
2442 4486 2768 4541 Exhibemus
2803 4483 2960 4553 quale
2992 4484 3249 4537 insertum
3298 4491 3462 4537 estet
3514 4484 3891 4540 conﬁrmatum

2304 4560 2357 4615 in
2385 4560 2573 4613 litteris
2600 4555 2948 4625 autograpbis
2974 4555 3200 4623 Philippi
3239 4556 3298 4620 ιν,
3332 4556 3468 4620 regis
3512 4556 3841 4610 Francorum
3875 4599 3890 4621 ,

2302 4648 2440 4685 anno
2478 4629 2607 4681 1519
2635 4627 2840 4682 emissis
2870 4667 2883 4689 ,
2930 4642 3154 4693 quarum
3184 4627 3550 4693 apograplmm
3608 4636 3784 4680 cx-tat
3838 4628 3891 4687 iu

2300 4704 2365 4757 (Ἰι
2388 4698 2740 4770 irtriphylacio
2780 4704 2989 4758 nostro,
3022 4710 3088 4770 ev
3120 4696 3347 4770 archiva
3372 4694 3769 4770 Pontaircllensi
3800 4698 3895 4751 dc-

2299 4766 2629 4843 promptum.
2663 4768 2957 4843 Ediderunt
2978 4768 3261 4843 Chilperici
3300 4767 3534 4843 diploma
3557 4766 3894 4843 Collectores

2300 4838 2620 4912 scriptorum
2651 4856 2829 4895 rerum
2857 4838 3260 4912 Francicarum,
3295 4847 3332 4891 t.
3361 4838 3463 4912 _lV,
3492 4840 3800 4912 pag_._btl3,_
3825 4856 3891 4894 ex

2302 4908 2511 4969 schedis
2541 4912 2876 4967 bibliothecn
2922 4909 2978 4964 S.
3010 4908 3265 4963 Germani
3298 4925 3327 4962 a
3360 4909 3552 4963 l’ratis.
3596 4910 3726 4963 Illud
3782 4909 3897 4963 Ma-

2303 4986 2572 5039 billouius.
2609 4982 2799 5035 Annal.
2835 4990 2872 5034 t.
2905 4978 2966 5043 Il,
3001 4993 3121 5049 pag.
3165 4979 3263 5043 48,
3309 4984 3383 5033 ait
3428 4996 3485 5035 so
3543 4981 3788 5034 retulisse
3841 4982 3897 5037 in

2305 5056 2597 5124 appendice
2627 5054 2783 5121 hujus
2814 5053 2977 5117 tomi;
3010 5053 3102 5105 sed
3124 5051 3267 5120 quod
3285 5050 3354 5105 ibi
3378 5049 3572 5105 frustra
3596 5052 3893 5119 quwsieris.

2306 5123 2361 5180 lu
2392 5124 2538 5179 edito
2565 5126 2713 5192 plura
2746 5125 2967 5185 desunt,
3009 5138 3128 5189 qum
3162 5123 3359 5185 italico,
3394 5132 3448 5174 ut
3479 5132 3713 5185 vocant,
3766 5124 3897 5176 cha-

2306 5206 2515 5251 ractere
2540 5194 2885 5265 exprimenda
2916 5197 3241 5247 curavimus.
3273 5192 3328 5246 lu
3363 5194 3679 5265 apographo
3710 5203 3901 5249 nostro

2309 5276 2420 5322 tota
2487 5262 2873 5319 llenictiecnsis
2924 5265 3054 5318 silva
3121 5262 3514 5317 Fontanellensi
3571 5268 3905 5319 monasterio

2310 5337 2644 5396 conceditur,
2672 5350 2789 5403 qua:
2817 5335 3033 5402 quidem
3060 5336 3110 5388 in
3132 5342 3389 5389 contextu
3412 5335 3651 5402 vulgato,
3682 5336 3799 5389 solo
3825 5338 3901 5405 ['0-

2310 5418 2461 5461 restaz
2494 5410 2554 5460 de
2586 5405 2893 5460 (iunurelico
2950 5408 3166 5460 nomine
3218 5420 3475 5461 concessa
3519 5405 3752 5471 dicitur,
3792 5422 3904 5462 non

2315 5480 2467 5534 totius
2508 5482 2751 5547 forcslw:
2786 5476 2928 5546 quod
2971 5493 3073 5531 non
3128 5476 3531 5543 interpolationi
3571 5477 3621 5529 in
3653 5479 3907 5547 exemplo

2315 5550 2623 5618 diplomulis
2654 5563 2682 5600 a
2717 5548 2959 5617 Philippo
2992 5547 3027 5600 V
3060 5548 3387 5610 conﬁrmati,
3421 5548 3514 5601 sed
3545 5548 3824 5603 omissioni
3851 5550 3902 5603 in

2316 5622 2461 5675 edito
2491 5619 2665 5688 potius
2694 5618 3030 5673 tribuendum
3062 5634 3361 5673 censemus.
3397 5618 3474 5671 Ad
3524 5619 3724 5673 calcem
3766 5636 3902 5688 apo-

2318 5691 2502 5763 graphi
2528 5693 2577 5763 in
2591 5691 3028 5763 chartophylacio
3044 5700 3228 5745 nostro
3244 5689 3503 5763 exstuuis
3521 5690 3732 5763 lygitur,
3753 5692 3908 5759 plura

2320 5758 2625 5832 apo’grupha
2655 5758 2949 5814 litterarum
2967 5758 3192 5831 Philippi
3208 5764 3258 5815 in
3277 5760 3507 5814 archivis
3526 5758 3909 5815 FotMtndlen-

2322 5836 2469 5887 sibus
2498 5833 2776 5889 asservari.
2808 5849 2939 5901 quas
2966 5834 3125 5885 etiam
3150 5834 3389 5901 reperire
3427 5842 3507 5885 est
3540 5834 3588 5885 in
3623 5832 3905 5887 Foutanel~

2325 5905 2455 5961 lensi
2504 5903 2848 5973 cliaitulario,
2878 5907 3018 5975 quod
3046 5905 3241 5959 szcculo
3273 5920 3337 5957 xv
3372 5904 3577 5959 videtur
3605 5915 3905 5961 exaratum.
