4206 6636
783 474 920 544 Ηὲδ

1537 482 1803 542 ΒᾸΞΟΠΙ...
1849 482 1936 539 VII
1979 482 2069 540 ET
2105 482 2218 540 Vlll
2256 482 2782 540 ECCLESIASTICA
2820 481 3270 541 MONUMENTA.

3919 487 4050 545 “Si

782 603 1058 659 ctoritates
1111 601 1502 658 concessissent
1552 603 1632 658 vel
1673 604 2097 675 conﬁrmassent;
2145 602 2282 657 unde
2319 611 2367 657 et

2470 613 2631 671 quem
2694 601 2978 671 prreeelsus
3035 601 3331 658 avunculus
3397 611 3580 661 noster
3643 604 4055 669 Chlodccharius

782 701 922 770 ipsas
961 698 1307 769 preceptiones
1352 699 1821 767 suprascriptorum
1867 698 2176 768 principum,
2208 713 2294 750 seu
2322 705 2371 749 et

783 793 916 846 alius
968 793 1315 862 preceptiones
1355 791 1590 844 avunculi
1644 791 1807 844 nostri
1852 789 2152 844 Theoderici
2179 797 2225 842 et
2277 805 2370 858 pa-

784 893 984 937 rentum
1032 892 1323 936 nostrorum
1369 881 1609 936 Clodouei
1664 891 1712 936 et
1756 880 2063 937 Childeberli
2114 881 2369 954 quondam

783 991 997 1046 regum,
1046 975 1267 1044 qualiter
1299 974 1393 1029 hoc
1430 973 1617 1028 ibidem
1669 975 1835 1028 denuo
1879 975 2246 1029 concessissent
2295 973 2372 1027 vel

785 1071 1201 1140 conﬁrmassent,
1230 1069 1305 1124 vel
1335 1079 1491 1123 totam
1520 1069 1686 1139 ipsam
1728 1072 1972 1139 [orestam
2002 1066 2367 1122 Cemmeticam

786 1164 854 1216 ad
881 1165 1047 1233 ipsum
1072 1173 1306 1218 sanctum
1335 1163 1503 1216 locum
1552 1164 1938 1230 concessissent,
1962 1162 2115 1216 nobis
2146 1162 2200 1215 in
2247 1175 2372 1231 pre-

783 1254 922 1308 senti
951 1255 1183 1310 ostendit
1213 1252 1548 1322 relegendus,
1577 1262 1633 1307 et
1672 1253 1786 1322 ipse
1825 1251 1930 1308 hoc
1957 1251 2190 1323 presenti
2238 1261 2370 1305 tem-

785 1361 917 1417 pore
938 1345 1121 1414 quieto
1151 1343 1338 1399 ordine
1370 1343 1643 1414 possidere
1667 1343 1750 1398 vel
1781 1343 2061 1398 dominare
2091 1343 2364 1413 probatur,

783 1441 878 1495 sed
910 1455 1006 1509 pro
1034 1439 1238 1508 integra
1264 1438 1515 1492 ﬁrmitate
1549 1437 1701 1508 petiit
1728 1446 2056 1492 memoratus
2087 1436 2222 1490 abba
2261 1436 2369 1491 cel-

782 1531 1068 1588 situdinem
1101 1540 1361 1596 nostram,
1393 1539 1450 1584 ut
1478 1529 1581 1585 hoc
1627 1529 1771 1585 circa
1819 1529 1994 1599 ipsum
2037 1527 2214 1583 locum
2245 1543 2368 1583 san-

783 1633 926 1677 ctum
977 1638 1071 1692 per
1107 1633 1341 1676 n05tram
1402 1619 1607 1689 plenius
1657 1620 2033 1675 auctoritatem
2082 1619 2367 1675 conﬁrma-

781 1731 984 1783 rcmus,
1015 1714 1170 1784 cujus
1221 1715 1533 1784 petitionem
1583 1714 1656 1768 ita
1703 1713 2000 1784 prostitisse
2035 1713 2121 1769 vel
2167 1711 2366 1768 conﬁr-

781 1824 956 1864 masse
985 1809 1375 1878 cognoscimus.
1399 1805 1729 1876 Precipimus
1750 1821 1879 1876 ergo
1910 1815 1967 1861 ut
1993 1805 2244 1876 quiequid
2273 1819 2369 1875 per

779 1903 1153 1974 preceptiones
1183 1901 1668 1970 suprascriptorum
1701 1902 2036 1972 principum,
2095 1915 2190 1955 seu
2236 1913 2366 1953 con-

2471 694 2742 764 quondam
2773 710 2888 758 rex,
2910 695 2994 749 vel
3017 695 3215 751 domna
3243 705 3298 752 et
3333 712 3430 753 ava
3455 708 3637 754 nostra
3663 693 4012 758 Baldechildis
4038 747 4053 775 ,

2471 787 2740 858 quondam
2772 789 2974 858 regina,
3003 789 3073 844 ob
3127 804 3366 845 amorem
3393 791 3594 847 Christi
3623 834 3636 856 ,
3696 794 3748 848 in
3803 795 4054 853 honorem

2470 876 2568 934 SS.
2605 879 2746 935 Petri
2769 888 2824 934 et
2854 879 3000 934 l’auli
3033 881 3332 952 principum
3367 885 3751 952 apostolorum,
3784 898 3838 944 et
3887 893 4051 946 sancti

2469 965 2730 1040 Stephani
2787 972 3036 1044 martyris
3089 972 3216 1028 visa:
3263 974 3480 1030 fuerunt
3526 979 3894 1035 construxisse
3928 1021 3943 1046 ,
3992 981 4055 1036 ad

2471 1069 2714 1116 nostram
2741 1063 2967 1118 accessit
2993 1065 3353 1134 prcesentiam,
3380 1067 3677 1125 clementia:
3698 1073 3846 1140 regni
3893 1076 4058 1130 nostri

2469 1155 2732 1223 suggessit
2760 1171 2827 1211 eo
2867 1159 3011 1226 quod
3044 1159 3292 1228 pncfatus
3319 1162 3614 1218 avunculus
3665 1175 3850 1221 noster
3895 1166 4058 1222 Chlo-

2472 1248 2642 1302 tarius
2672 1249 2944 1317 quondam
2993 1266 3124 1319 rex,
3183 1267 3277 1308 seu
3314 1255 3474 1310 etiam
3523 1257 3660 1312 dicta
3719 1275 3818 1314 ava
3876 1273 4057 1316 nostra

2469 1337 2662 1394 domna
2695 1338 3052 1397 Baldechildis
3079 1345 3282 1412 regina,
3317 1346 3457 1402 unde
3485 1348 3764 1404 luminaria
3809 1355 4058 1408 monachi

2469 1429 2668 1486 ibidem
2698 1434 3055 1490 consistentes
3085 1435 3287 1494 habere
3328 1438 3610 1506 deberent,
3641 1442 3709 1497 de
3733 1445 3951 1500 teloneo
3996 1448 4062 1501 de

2469 1522 2646 1580 fossas
2704 1527 2858 1582 annis
2905 1527 3130 1597 singulis
3178 1530 3244 1584 ad
3288 1530 3405 1601 ipso
3452 1536 3778 1591 monasterio
3833 1553 4061 1593 conces-

2468 1627 2659 1670 serunt
2683 1632 2696 1670 :
2740 1619 2844 1674 hoc
2871 1628 2973 1687 est,
3005 1621 3128 1677 oleo
3156 1621 3247 1676 lib.
3275 1639 3308 1678 x
3330 1625 3514 1691 millia,
3538 1639 3667 1694 garo
3698 1628 3906 1685 modios
3934 1648 4059 1698 xxx,

2469 1707 2654 1779 pipere
2677 1708 2702 1748 ι’
2739 1710 2831 1765 lib.
2862 1728 2990 1777 xxx,
3017 1715 3234 1770 cumino
3270 1715 3366 1772 lib.
3392 1732 3477 1782 CL,
3500 1720 3740 1776 cariolllo
3765 1721 3857 1777 lib.
3892 1739 3951 1790 ιι,
3983 1726 4062 1780 ci-

2469 1815 2723 1858 namomo
2748 1803 2840 1859 lib.
2873 1821 2928 1870 v,
2961 1807 3111 1877 spico
3146 1808 3240 1863 lib.
3275 1825 3331 1875 ιι,
3365 1821 3520 1867 corto
3561 1813 3653 1868 lib.
3687 1831 3813 1881 xxx,
3847 1817 4061 1874 dactili-

2471 1892 2570 1948 bus
2603 1894 2690 1949 lib.
2724 1911 2778 1964 ι,
2810 1897 3017 1968 carigas
3045 1900 3138 1956 lib.
3162 1916 3214 1968 c,
3245 1904 3561 1960 amandolus
3601 1907 3691 1962 lib.
3725 1924 3776 1974 c,
3805 1911 4063 1981 paslicias

779 1993 1108 2048 ﬁrinatioues
1135 1991 1217 2046 vel
1249 1991 1611 2059 vendiciones,
1640 1991 1961 2046 donationes
1984 2029 1999 2054 ,
2051 1991 2356 2052 cessioncs,
2393 1975 2438 2036 Β
2463 1984 2556 2040 lib.
2584 2003 2709 2051 XXX.
2735 1990 2905 2045 olivas
2952 1990 3043 2045 lib-
3087 2009 3144 2058 ϐ,
3177 1992 3351 2049 Ιιίάτίο
3388 1995 3480 2050 lib-
3523 2013 3553 2050 ι
3577 2038 3592 2062 9
3641 1999 3900 2055 Ciccrlih-
3957 2019 4020 2057 Cl
4045 2047 4060 2067 .

779 2087 1253 2150 conuuutacioncs,
1270 2085 1568 2156 pactiones,
1585 2084 1670 2139 vel
1685 2076 1781 2154 pro
1805 2084 2045 2154 quolibet
2065 2090 2363 2138 strumento

777 2191 1044 2236 cartarum
1066 2182 1132 2236 de
1156 2183 1282 2237 lisco
1307 2190 1511 2247 nostro,
1526 2196 1622 2236 seu
1639 2181 1800 2235 etiam
1828 2179 2082 2235 forestam
2113 2179 2363 2234 Gemme-

777 2274 962 2341 ticam,
984 2276 1114 2330 vela
1139 2276 1249 2330 Deo
1269 2275 1574 2329 timentibus
1603 2272 1931 2339 hominibus,
1951 2273 2002 2326 in
2038 2269 2365 2340 quibuslibet

778 2370 946 2440 pagis,
973 2369 1106 2424 locis
1135 2378 1295 2438 atque
1324 2366 1630 2433 territoriis,
1662 2365 1726 2419 ad
1755 2365 1927 2435 ipsum
1975 2362 2361 2418 monasterium

775 2455 1147 2513 Foutanellam
1178 2457 1275 2511 fuit
1303 2457 1542 2512 additum
1585 2455 1671 2510 vel
1695 2455 1990 2518 conlatum,
2022 2462 2115 2507 aut
2144 2452 2362 2521 delega-

775 2557 889 2604 tum
918 2549 1001 2604 vel
1030 2565 1368 2615 concessum,
1392 2557 1445 2603 et
1485 2549 1585 2604 hoc
1619 2547 1851 2618 presenti
1897 2556 2138 2618 tempore
2166 2545 2360 2600 ibidem

770 2640 974 2711 justum
1006 2651 1098 2696 aut
1137 2642 1306 2710 legale
1359 2641 1570 2696 videtur
1618 2655 1737 2696 esse
1793 2655 2138 2711 possessum,
2191 2639 2262 2693 ita
2307 2646 2362 2692 et

775 2731 991 2786 inantca
1021 2731 1090 2786 sit
1114 2745 1210 2800 per
1241 2739 1483 2785 nostrum
1533 2738 1846 2801 preceptum
1896 2730 2109 2801 plenius
2157 2729 2210 2784 in
2265 2728 2360 2783 Dei

774 2822 994 2877 nomine
1021 2822 1414 2878 conﬁrmatum.
1449 2821 1488 2892 ἰ-
1518 2821 1793 2892 lnspectas
1818 2821 1960 2891 ipsas
1988 2822 2360 2892 preceptiones

773 2927 868 2968 seu
891 2922 1187 2968 strumcuta
1218 2929 1335 2984 qua:
1381 2912 1576 2968 exinde
1602 2912 1802 2968 habent
1843 2911 2255 2977 conlirmamus,
2304 2919 2361 2967 et

773 3005 912 3060 sicut
940 3020 1036 3075 per
1065 3005 1207 3075 ipsas
1231 3004 1550 3070 declaratur,
1580 3013 1909 3059 memoratus
1929 3003 2192 3073 Benignus
2219 3003 2358 3060 abba

773 3113 869 3153 seu
897 3113 1232 3153 successores
1279 3097 1359 3151 sui
1387 3106 1476 3151 aut
1509 3097 1620 3167 ipsa
1651 3097 1994 3168 congregatio
2019 3096 2110 3166 qui
2139 3095 2192 3149 in
2241 3095 2359 3165 ipso

773 3190 1102 3244 monasterio
1131 3187 1445 3244 Fontanella
1476 3204 1573 3258 per
1597 3197 1839 3260 tempora
1872 3189 2314 3245 conversaverint
2340 3230 2355 3255 ,

773 3280 878 3335 hoc
909 3280 1160 3343 habeant,
1187 3287 1407 3335 teneant
1447 3288 1608 3349 atque
1641 3279 1964 3349 possideant,
1997 3288 2053 3336 et
2079 3280 2144 3335 ad
2181 3279 2356 3350 ipsum

2465 2077 2638 2131 oridia
2657 2078 2748 2133 lib.
2769 2096 2859 2146 xx,
2875 2096 3006 2136 auro
3021 2081 3292 2152 pigmento
3309 2085 3400 2140 lib.
3419 2102 3473 2150 x,
3493 2089 3652 2143 seoda
3671 2090 3839 2159 pelles
3865 2109 3920 2156 x,
3942 2110 4064 2148 eor-

2470 2168 2670 2224 dellism
2708 2171 2878 2240 pelles
2911 2189 2966 2239 x,
2997 2183 3142 2229 carta
3179 2177 3309 2231 tomi
3336 2193 3366 2232 ι,
3402 2193 3416 2232 :
3448 2179 3518 2233 ita
3561 2189 3620 2235 ut
3651 2183 3937 2253 telonaria,
3971 2188 4060 2255 qui

2464 2268 2588 2330 post
2622 2261 2835 2318 teloneo
2869 2262 3112 2320 fossouse
3146 2281 3305 2336 agerc
3328 2269 3612 2327 videbatur
3637 2288 3777 2328 anno
3816 2276 4063 2331 illationc

2463 2353 2579 2408 hare
2591 2355 2771 2409 omnia
2788 2355 2854 2410 ad
2871 2356 3063 2414 missos
3079 2359 3245 2429 ipsius
3257 2363 3591 2430 monasterii,
3610 2366 3700 2434 qui
3719 2366 3844 2422 inde
3864 2368 4060 2424 directi

2462 2443 2679 2513 fuerint,
2717 2448 2850 2504 dare
2882 2457 2937 2505 et
2970 2451 3286 2522 adimplere,
3318 2453 3556 2525 imoque,
3588 2466 3646 2512 et
3677 2459 3964 2515 evectione
3993 2461 4062 2516 ad

2463 2536 2628 2606 ipsius
2656 2539 2869 2607 missos,
2884 2542 2991 2610 .qui
3017 2541 3123 2598 hoc
3142 2545 3360 2614 exigere
3387 2547 3741 2616 ambularent,
3773 2561 4061 2621 perpetua-

2461 2627 2618 2693 liter,
2653 2630 2858 2701 absque
2907 2644 3162 2690 renovata
3193 2639 3466 2702 tractoria,
3499 2641 3652 2696 annis
3677 2642 3902 2714 singulis
3929 2645 4064 2703 dare

2464 2723 2798 2796 pnbcipimus
2815 2743 2827 2780 :
2847 2725 2951 2782 hoc
2969 2729 3288 2785 estveredos
3314 2731 3426 2787 sive
3447 2735 3804 2801 paraveredos
3834 2737 4059 2806 decem,

2459 2814 2784 2883 panisnited.
2819 2817 3026 2885 decem,
3057 2831 3351 2892 sequentes
3399 2833 3647 2894 vegente,
3676 2827 3804 2883 vino
3835 2829 3987 2884 mod.
4018 2846 4056 2898 ι,

2460 2904 2666 2960 eervisa
2695 2906 2844 2965 mod.
2876 2925 2914 2976 ι,
2945 2909 3097 2966 lardo
3147 2911 3242 2968 lib.
3292 2928 3350 2982 ι,
3380 2928 3544 2970 carne
3572 2915 3748 2986 ponda
3778 2930 4012 2989 vegcnte
4038 2963 4056 2988 ,

2458 2999 2635 3055 cassio
2683 3000 2775 3056 lib.
2810 3019 2915 3071 xu,
2967 3004 3113 3074 pisus
3141 3004 3235 3061 lib.
3275 3021 3345 3061 xx
3369 3047 3384 3073 ,
3437 3022 3598 3078 capro
3628 3024 3643 3063 ι
3673 3050 3688 3076 ,
3740 3011 3921 3080 pullos
3951 3030 4003 3067 xi
4038 3052 4056 3077 ,

2460 3103 2559 3145 ova
2584 3107 2638 3158 x,
2666 3091 2790 3148 oleo
2822 3093 2914 3149 lib.
2943 3109 3005 3162 ιι,
3036 3108 3168 3166 garo
3196 3096 3292 3153 lib.
3324 3113 3363 3168 t,
3395 3098 3548 3170 piper
3593 3102 3748 3157 uncia
3781 3119 3819 3168 ι,
3850 3106 4058 3161 cimino

2460 3185 2647 3240 uncias
2668 3201 2722 3252 ιι,
2749 3185 2845 3254 sal,
2867 3197 3099 3259 acetum,
3131 3191 3298 3258 olera,
3323 3192 3523 3264 lignum
3545 3194 3898 3253 sullicienter.
3929 3198 4058 3256 llaec

2459 3278 2638 3332 omnia
2670 3280 2917 3350 superius
2945 3292 3360 3356 commemorata
3391 3285 3522 3341 locis
3561 3289 4013 3348 convenientibus
4039 3336 4056 3363 ,

1643 3339 1654 3349 .
1953 3339 1961 3345 η
2203 3339 2220 3350 .
2737 3339 2753 3350 .
3569 3339 4012 3348 ν---πν--ηη--ην
4039 3339 4056 3363 ,

772 3381 1018 3431 sanetum
1049 3339 1219 3428 locum
1251 3373 1448 3429 nostris
1499 3339 1556 3428 et
1583 3373 1775 3430 futuris
1819 3373 2146 3444 temporibus
2168 3411 2183 3438 ,
2243 3372 2356 3427 Deo
2379 3339 2428 3404 δ
2459 3368 2612 3425 annis
2638 3370 2877 3440 singulis,
2904 3372 3108 3429 eisdem
3146 3383 3252 3430 tam
3283 3377 3531 3433 euntibus
3565 3393 3726 3448 quam
3774 3382 4057 3440 redeunti-

773 3465 1087 3532 auxiliante,
1111 3464 1231 3534 jure
1260 3465 1614 3535 proprietario
1641 3464 1889 3536 proﬁciat
1911 3465 1962 3519 in
1991 3471 2354 3532 augmentum.

772 3556 840 3611 Et
873 3599 888 3624 ,
948 3567 1006 3611 ut
1034 3557 1134 3612 hcc
1164 3557 1458 3613 auctoritas
1486 3556 1690 3612 ﬁrmior
1719 3557 1980 3612 habeatur
2007 3565 2063 3612 et
2102 3556 2154 3612 in
2185 3557 2358 3612 omni-

771 3649 871 3703 bus
899 3659 1278 3717 conservetur,
1330 3665 1492 3705 manu
1538 3663 1719 3706 nostra
1744 3651 1928 3707 subter
1953 3663 2072 3705 eam
2110 3649 2355 3705 decrevi-

769 3759 889 3798 mus
939 3743 1225 3800 atlirmare.
1254 3743 1588 3814 Chilpericus
1640 3759 1736 3800 rex
1781 3744 2118 3813 subscripsit.
2163 3742 2352 3797 Datum

767 3836 912 3907 quod
943 3833 1069 3892 fecit
1121 3836 1320 3892 mensis
1358 3835 1579 3893 Martius
1623 3837 1738 3893 dies
1790 3852 1895 3892 xxv
1923 3879 1938 3904 ,
1994 3852 2135 3893 anno
2180 3837 2352 3907 primo

766 3931 917 3998 regni
946 3929 1146 3995 nostri,
1187 3927 1540 4000 Compendio,
1573 3929 1625 3984 in
1665 3927 1758 3984 Dei
1788 3929 2019 3986 nomine.
2052 3927 2350 3985 Fredeber-

773 4029 858 4078 tr:
883 4023 1111 4092 scripsit.

1417 4131 1644 4202 xxx".

770 4239 1015 4322 Diploma
1044 4244 1315 4322 Cliilperici
1355 4244 1438 4313 Il,
1464 4245 1964 4322 r._‘gis__Francorunt,
1995 4268 2093 4322 quo
2122 4250 2346 4321 plurima

841 4315 976 4367 tlutta
1011 4315 1206 4388 confert
1232 4315 1542 4372 monasterio
1573 4317 1866 4374 Corbeiensi
1889 4329 1916 4358 κ
1948 4315 2094 4393 (ann.
2122 4315 2272 4393 716).

841 4446 1189 4517 Chilpericus,
1217 4465 1310 4505 rex
1342 4450 1703 4520 Francorum,
1750 4455 1833 4511 vir
1875 4456 2118 4516 iniu-ter.
2165 4457 2348 4517 Omni-

769 4537 865 4590 bus
897 4539 1176 4605 agentibus
1205 4549 1312 4594 tam
1337 4545 1671 4612 presentibus
1693 4561 1850 4615 quam
1869 4558 1922 4604 et
1953 4549 2159 4606 futuris.
2186 4553 2350 4619 Quid-

769 4629 894 4696 quid
927 4631 977 4682 iu
1009 4630 1356 4686 luminaribus
1381 4633 1513 4689 locis
1533 4645 1874 4705 sanctorum,
1927 4641 2010 4696 vel
2057 4657 2155 4712 pro
2186 4659 2349 4713 opor-

770 4721 999 4776 tunitate
1024 4737 1296 4777 servorum
1314 4723 1511 4781 Christi
1533 4730 1894 4797 concedimus,
1920 4740 1974 4788 et
2005 4749 2121 4804 qua:
2151 4750 2340 4806 paren-

769 4821 847 4868 tes
879 4816 1044 4869 nostri
1079 4833 1173 4886 pro
1196 4833 1382 4872 eorum
1413 4822 1661 4877 mercede
1690 4837 2088 4893 concesserunt,
2117 4846 2214 4899 pro
2246 4849 2343 4886 uo.

766 4905 892 4959 stris
921 4906 1151 4962 oraculis
1177 4907 1582 4980 conﬁrmamus,
1626 4913 1692 4968 ad
1745 4919 2044 4973 mercedem
2077 4922 2228 4978 nobis
2258 4925 2340 4978 vel

767 5011 863 5064 pro
893 4995 1181 5052 stabilitate
1207 5001 1356 5067 regni
1384 5004 1654 5070 pertinere
1680 5006 2016 5065 conﬁdimus.
2047 5009 2209 5079 Igitur
2247 5029 2338 5069 re-

768 5087 984 5154 ligiasus
1032 5096 1086 5142 et
1116 5091 1434 5146 venerabilis
1481 5094 1644 5151 abbas
1673 5098 1738 5152 de
1770 5102 2095 5158 monasterio
2140 5119 2340 5174 cogno-

767 5181 1002 5236 minaute
1028 5181 1256 5239 Corbeia
1279 5224 1295 5251 ,
1333 5186 1425 5255 qui
1455 5190 1672 5259 ponitur
1697 5191 1748 5247 in
1777 5207 1912 5264 pago
1941 5196 2298 5256 Ambiaueuse
2322 5243 2336 5268 ,

839 5341 1154 5425 “.LVulgavj‘t.
1176 5341 1441 5425 Labheus,
1472 5345 1697 5425 Misce".
1727 5358 1764 5405 t.
1798 5349 1875 5425 ll,
1907 5368 2024 5425 pag.
2057 5353 2195 5418 456.
2238 5358 2337 5414 sibi

770 5411 1014 5489 traditum
1043 5429 1071 5466 a
1101 5412 1412 5489 Sirmondo,
1432 5411 1531 5486 qui
1574 5420 1701 5474 illud
1731 5437 1796 5476 ex
1842 5411 2212 5489 Viiitloeineiisi
2242 5411 2337 5484 eo:

766 5481 882 5568 dice
911 5485 1269 5568 lllallUSCl-‘lpIEO
1314 5481 1544 5568 opu—erait.
1573 5489 1814 5568 lleciidit
1845 5493 2076 5568 Lalande
2111 5499 2164 5552 in
2201 5481 2340 5568 sup-

765 5553 1151 5634 p‘lcuianomad
1181 5553 1434 5634 lCnncilia
1487 5558 1670 5634 Gallia:
1701 5601 1718 5627 ,
1779 5578 1899 5634 pag.
1945 5565 2049 5630 72,
2091 5578 2145 5622 et
2197 5553 2338 5626 anno

764 5623 956 5705 Christi
985 5620 1091 5704 715
1125 5627 1466 5705 tribuendum
1518 5620 1810 5696 judicavit':
1843 5620 2169 5705 perperam,

766 5692 1095 5776 Chilpericus
1123 5693 1164 5748 ll
1189 5697 1288 5750 hoc
1312 5700 1422 5776 ipso
1447 5692 1586 5776 anno
1615 5717 1832 5776 regnum
1847 5692 2168 5776 'aus'picatns'
2180 5692 2338 5766 fuerit

766 5779 945 5817 mense
973 5763 1153 5844 lunio,
1183 5763 1967 5850 aclproindeprensisdprilis
2015 5783 2137 5834 anni
2179 5763 2335 5850 primi

766 5851 909 5914 regni
943 5835 1058 5902 ejus
1087 5855 1225 5914 anno
1249 5839 1580 5914 Cluisti7l6
1609 5835 1994 5914 adjudicaudus
2016 5853 2104 5904 sit.
2136 5835 2332 5907 lterum

766 5905 1043 5989 fundorum
1073 5923 1138 5960 ex
1169 5907 1384 5989 Lai-ibeo
1429 5905 1754 5989 Colle-geres
1790 5920 2111 5989 scriptorum
2154 5905 2333 5978 rerum

764 5974 1160 6046 Francicarum,
1188 5987 1223 6032 t.
1243 5979 1343 6047 'lV,
1378 5996 1497 6053 pag.
1518 5984 1640 6040 665.
1673 5985 1728 6042 Id
1759 5974 1920 6046 habel
1950 5974 2336 6065 praecipuan

2458 3458 2558 3514 bus
2581 3460 2784 3530 absque
2811 3479 2961 3520 mora
2992 3465 3122 3522 dare
3142 3475 3197 3522 et
3224 3467 3524 3540 adimplere
3543 3471 3855 3543 deberetis;
3886 3477 4054 3532 etiam

2456 3548 2524 3604 ad
2554 3553 2936 3610 revertendum
2965 3570 3118 3612 carra
3158 3573 3254 3623 xu,
3286 3560 3500 3619 deloco
3528 3563 3582 3618 in
3610 3563 3754 3633 loco,
3786 3581 3886 3637 per
3933 3569 4056 3626 loca

2455 3644 2951 3715 consuetudinaria,
2982 3662 3150 3718 usque
3195 3651 3340 3720 quod
3393 3652 3508 3723 ipse
3537 3655 3785 3712 cellarius
3831 3660 3902 3714 ad
3930 3661 4053 3731 ipso

2456 3738 2786 3794 monasterio
2815 3741 3182 3809 perveniebat,
3211 3744 3292 3799 eis
3315 3744 3445 3801 dare
3485 3746 3775 3814 deberetis,
3806 3754 4054 3821 qualiter

2453 3841 2553 3897 pro
2573 3843 2760 3884 eorum
2801 3832 3072 3899 mercede,
3099 3833 3302 3904 absque
3336 3835 3616 3907 dispendio
3647 3841 3814 3912 ipsius
3844 3861 4051 3902 mona-

2451 3919 2620 3983 sterii,
2653 3920 2872 3978 deberet
2903 3925 3204 3994 provenire.
3236 3927 3387 3986 Unde
3412 3938 3467 3986 et
3495 3932 3609 4002 ipsa
3640 3938 4049 4010 praescriptioiie

2449 4010 2750 4083 subscripto
2779 4017 3044 4073 avunculo
3071 4029 3257 4077 nostro
3302 4021 3636 4095 Clodecario,
3671 4045 3773 4087 nec
3831 4049 3940 4088 non
3990 4019 4048 4090 et

2450 4114 2548 4156 ava
2575 4115 2756 4160 nostra
2786 4106 3127 4166 Baldechilde
3174 4113 3375 4182 regina,
3405 4117 3500 4172 sed
3543 4128 3594 4174 et
3624 4121 4044 4181 conﬁrmatione

2450 4191 2650 4251 domne
2673 4204 2727 4251 et
2755 4200 3000 4266 genitore
3028 4213 3216 4260 nostro
3242 4205 3547 4265 Childerico
3574 4213 3849 4280 quondam
3889 4233 4041 4284 rege,

2451 4285 2567 4358 ipse
2596 4293 2914 4348 venerabilis
2943 4293 3291 4354 Sebastianus
3318 4300 3477 4370 abba,
3506 4304 3657 4359 nobis
3686 4305 3738 4360 in
3770 4323 4045 4377 pnesente

2450 4377 2518 4434 de
2539 4378 2643 4434 hoc
2664 4383 2885 4451 protulit
2907 4385 3214 4457 relegendo,
3239 4389 3322 4444 vel
3351 4405 3409 4445 se
3429 4406 3496 4447 ex
3518 4392 3622 4449 hoc
3650 4409 3760 4464 pra:
3786 4401 4040 4456 manibus

2451 4469 2650 4526 habere
2692 4471 2963 4542 afﬁrmat;
3018 4478 3112 4532 sed
3149 4494 3244 4548 pro
3287 4479 3536 4537 lirmitate
3591 4485 3828 4542 studium
3884 4493 4043 4560 petiit

2453 4565 2566 4634 ipse
2585 4565 2813 4624 domnus
2838 4567 3180 4627 Sebastianus
3209 4572 3522 4631 celsitudine
3553 4586 3730 4633 nostra
3752 4620 3767 4646 ,
3821 4593 3880 4636 ut
3932 4585 4040 4640 hoc

2452 4659 2594 4715 circa
2633 4661 2771 4730 ipso,
2797 4662 2878 4716 vel
2913 4663 3028 4732 ipso
3055 4667 3380 4722 monasterio
3418 4667 3642 4725 Corbeia
3675 4681 3768 4728 aut
3815 4692 4037 4732 δυσί-ρε-

2448 4765 2598 4806 seres
2625 4766 2774 4820 suos,
2803 4753 2884 4808 vel
2911 4755 3022 4824 ipsa
3051 4758 3466 4826 congregatione
3495 4776 3613 4830 qum
3659 4763 3711 4818 in
3745 4766 3864 4833 ipso
3914 4785 4036 4824 mo~

2443 4842 2675 4896 nasterio
2704 4844 2998 4899 consistere
3036 4846 3244 4902 videtur
3271 4889 3286 4914 ,
3336 4865 3432 4919 pro
3476 4862 3654 4907 nostra
3703 4860 4036 4914 auctoritate

2441 4931 2650 5003 plenius
2679 4934 2732 4989 in
2772 4933 2866 4989 Dei
2891 4937 3106 4992 nomine
3135 4937 3455 4996 conﬁrmare
3501 4954 3554 4997 et
3585 4947 3889 5004 concedere
3933 4951 4031 5006 tle-

2439 5023 2706 5080 beremus.
2739 5027 2903 5096 Cujus
2939 5031 3253 5098 petitionem
3278 5043 3525 5102 gratante
3550 5039 3730 5093 animo
3769 5056 3866 5109 per
3886 5059 4033 5097 mer-

2439 5119 2584 5175 cedis
2612 5130 2808 5176 nostra:
2857 5123 3254 5194 compendium,
3286 5127 3369 5182 vel
3404 5143 3503 5198 pro
3552 5136 3857 5190 reverentia
3907 5137 4029 5209 ipso

2439 5216 2626 5264 sancto
2656 5208 2792 5276 loco,
2818 5210 2889 5266 ita
2910 5213 3222 5282 przestitisse
3247 5223 3302 5272 et
3321 5217 3665 5276 conﬁrmasse
3689 5263 3706 5290 ,
3740 5239 3838 5280 seu
3867 5208 4027 5282 etiad

2440 5372 2556 5452 tntp
2578 5363 2807 5452 d-igntlim.
2827 5366 3059 5450 diploma
3089 5369 3214 5452 hoc,
3234 5360 3388 5452 'quod
3410 5381 3608 5452 praeter
3627 5391 3690 5452 ea
3726 5393 3847 5452 qua:
3877 5397 4025 5452 pra:-

2438 5435 2684 5522 ceilentia
2720 5435 3044 5522 hujus—regis.
3071 5435 3364 5522 diplomata
3392 5435 3610 5522 docent
3631 5446 3699 5501 de
3737 5435 3910 5519 ipsius
3933 5435 4022 5522 ge-

2438 5505 2701 5592 neitlogia,
2734 5506 2802 5560 ibi
2836 5505 3228 5592 Baldechildem
3258 5515 3491 5592 reginam
3531 5516 3702 5572 aviam
3733 5505 3903 5577 suam
3925 5505 4020 5592 ἔτί-

2437 5575 2618 5648 pellet.
2646 5575 2944 5632 lllustratur
2972 5579 3074 5636 hoc
3103 5585 3291 5637 eodem
3318 5575 3671 5641 instrumento
3717 5575 3892 5648 series
3930 5575 4020 5648 5i,-

2436 5646 2617 5700 batum
2665 5648 3090 5716 Cnrbeiensium,
3115 5663 3170 5706 et
3199 5651 3497 5708 Sebastiani
3526 5657 3731 5713 abbatis
3758 5646 3893 5717 mtas
3934 5646 4015 5716 a9-

2436 5719 2688 5803 seritur-na
2715 5718 2781 5771 de
2830 5718 3520 5803 quo'yidesis'Cointium,
3566 5727 3760 5803 Annal.
3817 5744 3859 5803 t.
3915 5734 4016 5803 IV,

2435 5802 2555 5861 pag.
2589 5786 2712 5853 580,
2745 5797 2797 5861 et
2828 5789 3207 5861 Mabillonium,
3240 5794 3376 5849 Ann.
3411 5786 3516 5850 SS.
3541 5798 3658 5854 0rd.
3693 5807 3748 5856 5.
3809 5786 4012 5861 Betied:

2436 5857 2932 6007 ι’ξιΙἘῃέἧίοῖὅιιιιο
2987 5933 3278 6004 diplomate
3319 5938 3678 6007 comperimus
3731 5949 4012 6004 nonnullas

2435 6015 2543 6069 res,
2572 6001 2760 6070 species
2808 6003 2965 6072 vulgo
2993 6001 3342 6080 nuncupatas,
3395 6001 3804 6072 iu'commcrcio
3831 6001 4010 6078 fuisse;
