4206 6532
185 402 333 461 ΗΞὸ

979 403 1214 461 IIEGUM
1254 401 1490 460 ΡΒΙΜΑΞ
1527 402 1788 460 STIBPIS
1825 401 2247 462 FRANCORUM
2286 404 2696 465 DIPLOMATA.

3323 417 3462 476 “26

181 532 378 578 nostro
406 527 677 590 pnecepto
707 519 1037 574 concessisse
1087 527 1143 573 et
1178 517 1524 574 conﬁrmasse
1571 532 1772 587 cogno~
1798 517 1850 580 Α
1878 516 2046 570 trouis
2077 517 2244 572 nostri
2274 519 2444 572 sancti
2477 519 2718 588 Dionisii,
2744 521 2832 578 ubi
2855 522 2970 594 ipse
2999 525 3276 596 preciosus
3299 534 3458 590 dom-

181 617 342 681 scite,
370 615 740 685 prwcipientes
768 624 825 668 ut
875 615 992 684 ipso
1016 615 1233 668 cellario
1262 614 1328 667 dc
1377 615 1487 682 jam
1518 612 1660 668 dicto
1690 622 1774 666 te-

182 709 352 762 Ioueo
373 707 630 771 fossense,
655 706 749 762 sed
789 715 844 760 et
872 706 1014 775 ipsas
1065 707 1350 760 tractorias
1379 706 1462 760 vel
1508 705 1775 775 iuSpectas

180 801 334 870 ipsas
363 801 754 870 pmceptioncs
783 799 1094 855 memoratis
1119 800 1468 870 principibus,
1499 801 1636 854 sicut
1680 815 1777 868 per

179 893 402 946 easdem
419 892 744 959 declaratur,
769 908 869 962 pro
893 894 994 946 hac
1017 905 1197 947 nostra
1222 894 1545 948 auctoritate
1564 894 1775 962 plenius

179 983 461 1037 iutjhristi
492 984 709 1038 nomine
745 982 1154 1051 conﬁrmatum,
1205 985 1467 1040 tclonario
1514 1000 1674 1054 quam
1720 993 1776 1038 ct

178 1076 380 1146 reliqui
417 1077 626 1145 judiccs
651 1079 953 1148 subscripta
982 1079 1205 1134 cellario
1251 1079 1318 1132 ad
1361 1079 1555 1132 missos
1607 1076 1772 1146 ipsius

177 1167 499 1221 monasterii
524 1168 654 1222 dare
683 1176 739 1223 et
766 1169 1061 1239 adimplere
1105 1168 1424 1238 procuretis,
1455 1168 1616 1222 etiam
1643 1167 1767 1222 dum

177 1261 238 1314 in
266 1259 390 1316 loco
433 1261 631 1316 fuerint
661 1263 943 1330 demorati,
975 1264 1337 1334 suprascripta
1383 1263 1664 1333 praebenda
1691 1263 1771 1319 eis

175 1350 314 1406 dare
343 1351 634 1419 studentis;
677 1352 948 1423 immoque
969 1362 1022 1409 et
1061 1355 1253 1422 reliqui
1287 1354 1497 1421 judices
1520 1369 1616 1424 pro
1641 1353 1771 1408 locis

177 1445 632 1499 convenientibus
656 1446 724 1500 de
751 1446 1042 1500 constituta
1072 1447 1352 1501 evectioue
1408 1455 1516 1500 tam
1561 1445 1766 1502 carralc

174 1551 346 1604 quam
399 1537 610 1598 navale,
644 1552 739 1591 seu
768 1545 823 1592 ct
851 1539 1212 1608 suprascripta
1255 1539 1536 1608 pratbcnda
1568 1539 1767 1593 eisdem

176 1630 509 1684 omnimodis
526 1630 724 1684 nostris
748 1639 802 1684 ct
829 1631 1019 1686 futuris
1042 1632 1370 1700 temporibus
1401 1632 1601 1700 absque
1619 1647 1768 1686 mora

174 1721 267 1775 vel
297 1722 557 1776 dilatione
583 1723 712 1778 dare
738 1732 792 1778 et
821 1722 1114 1792 adimplere
1151 1725 1305 1778 annis
1333 1724 1554 1792 singulis
1605 1723 1769 1777 facia-

173 1813 271 1879 tis,
298 1823 564 1883 quatenus
593 1830 691 1885 pro
718 1814 872 1870 nobis
925 1829 1021 1885 per
1049 1813 1367 1871 beneﬁcium
1400 1817 1661 1883 integram
1713 1823 1766 1870 et

173 1908 551 1976 perpetualem
582 1907 776 1962 debeat
796 1907 1074 1977 pervenire
1106 1907 1428 1963 mercedem.
1465 1907 1550 1972 Et,
1576 1916 1635 1961 ut
1657 1909 1767 1963 batc
1796 1885 1844 1948 Β

173 1998 473 2068 praeceptio
503 1999 706 2056 ﬁrmior
726 2001 1005 2064 habeatur,
1036 2002 1122 2056 vel
1144 2018 1242 2071 per
1274 2012 1516 2072 tempora
1547 2017 1768 2057 conser-

170 2098 353 2155 vetur,
380 2107 570 2146 manus
601 2101 799 2147 nostrae
817 2093 1299 2164 subscriptionibus
1315 2095 1499 2149 subter
1521 2109 1638 2149 eam
1666 2093 1764 2150 dc-

169 2181 448 2236 crcvitnus
479 2183 757 2238 roborarc.

249 2273 388 2328 Eata
419 2284 541 2329 sunt
582 2275 682 2330 sub
728 2275 814 2330 die
840 2277 1001 2331 tertio
1040 2276 1146 2332 kal.
1194 2277 1357 2342 Maii,
1409 2295 1549 2334 anno
1593 2281 1765 2349 primo

168 2370 331 2439 regni
360 2371 554 2437 nostri,
587 2371 938 2442 Compendio,
967 2373 1020 2427 in
1042 2372 1135 2428 Dei
1163 2375 1380 2428 nomine
1410 2374 1657 2431 feliciter.

845 2529 1082 2586 XXXIII.

166 2638 724 2716 Diplomarljhilperici
757 2640 847 2707 ll,
878 2645 1014 2713 regis
1055 2642 1413 2716 Francorum,
1459 2662 1556 2716 quo
1585 2647 1765 2700 silvam

245 2711 547 2787 imperitum
595 2714 753 2768 donat
798 2711 1110 2770 mamisterio
1161 2717 1224 2771 S.
1275 2711 1566 2786 Dionysii“
1603 2721 1757 2787 (mm.

245 2782 404 2852 717).

245 2895 644 2965 Chilpericlms,
673 2911 764 2951 rex
797 2894 1145 2960 Francorum,
1180 2898 1260 2952 vir
1291 2899 1534 2955 inlttstcr.
1567 2900 1637 2956 Se
1668 2902 1765 2956 ali-

161 2987 306 3062 quid
348 2988 414 3042 ad
456 2987 575 3043 loca
603 2997 909 3043 sanctorum
951 2987 1020 3043 de
1065 2990 1260 3044 nostris
1290 2993 1614 3046 muncrebus
1660 2993 1764 3063 pri-

165 3089 382 3140 stamus
411 3081 496 3137 vel
541 3082 907 3150 concidentus,
940 3082 1043 3138 hoc
1073 3083 1225 3139 nobis
1254 3085 1318 3139 ad
1363 3087 1651 3140 mercidem
1683 3086 1765 3141 vel

165 3172 483 3230 stabiletate
510 3173 648 3244 rigui
671 3175 835 3228 nostri
861 3175 908 3227 iu
939 3173 1032 3229 Dci
1056 3191 1286 3231 nomenc
1303 3177 1574 3247 pertcnire
1598 3177 1765 3233 conli-

165 3265 384 3322 detuus.
423 3267 542 3322 Ideo
573 3275 862 3335 cognoscat
888 3267 1142 3322 hutilctas
1171 3283 1266 3324 sco
1306 3271 1630 3339 nurgnetudo
1677 3287 1763 3328 ve-
1787 3257 1838 3324 Ο

164 3364 310 3425 stra,
341 3358 485 3428 quod
516 3374 611 3413 nos
641 3357 842 3413 forestc
872 3369 1056 3414 nostra
1088 3358 1364 3425 Roverito,
1399 3377 1517 3416 cum
1548 3377 1764 3418 omnem

157 3452 294 3524 jure
335 3453 419 3507 vel
463 3462 702 3508 termene
750 3468 848 3507 suo
878 3452 943 3508 ad
975 3453 1270 3523 integrum,
1301 3470 1407 3524 que
1436 3463 1516 3511 est
1546 3455 1596 3510 in
1627 3470 1764 3527 pago

165 3543 467 3611 Parisiaco,
499 3561 659 3616 super
709 3546 923 3600 lluviuut
956 3547 1174 3616 Sigona,
1207 3563 1310 3602 una
1353 3564 1472 3603 cum
1502 3549 1593 3603 illo
1625 3548 1764 3604 forc-

161 3638 342 3695 stario
400 3653 632 3694 nomene
683 3636 943 3694 Lobicino
997 3640 1089 3710 qui
1143 3641 1476 3695 conmmanit
1530 3641 1585 3696 in
1636 3642 1763 3696 ﬁsco

161 3737 361 3786 nostro
380 3737 536 3785 vetus
562 3727 858 3799 Clippiaco,
883 3745 987 3784 una
1008 3745 1128 3785 cum
1154 3747 1371 3786 mansus
1399 3732 1539 3801 quod
1564 3733 1615 3787 in
1649 3733 1764 3804 ipso

157 3821 450 3890 Cli‘ppiaco
481 3821 652 3876 lenire
681 3821 908 3889 viditur,
940 3823 1023 3876 vel
1053 3831 1220 3880 terras
1251 3823 1316 3876 ad
1365 3824 1512 3893 ipsus
1545 3840 1762 3880 mansus

159 3913 494 3982 aspicientes
542 3912 608 3968 ad
656 3913 944 3982 integrum,
973 3912 1039 3968 ad
1085 3914 1314 3970 basileca
1345 3917 1643 3987 peculiares
1670 3932 1763 3988 pa-

245 4081 254 4102 ί
302 4071 514 4125 Editnm
547 4087 574 4125 a
609 4071 865 4132 Duhleto,
903 4073 1080 4142 Antiq.
1117 4074 1176 4128 S.
1207 4072 1358 4128 Dion.
1393 4087 1513 4142 pag.
1548 4075 1674 4142 689,
1708 4087 1763 4133 et

159 4143 472 4204 Felibiuto,
500 4143 618 4198 Hist
671 4144 793 4196 ahh.
820 4143 877 4197 S.
910 4143 1062 4197 Dion.
1093 4144 1270 4212 prob.,
1296 4161 1416 4212 pax.
1442 4144 1528 4209 22,
1562 4165 1625 4201 ex
1654 4149 1763 4202 ori-

159 4214 371 4285 ginali;
405 4230 434 4267 a
469 4214 628 4269 Coiut
648 4232 702 4275 ο,
734 4217 925 4268 Annal.
963 4223 998 4267 ι.
1033 4214 1118 4285 IV,
1154 4230 1273 4284 pag.
1305 4215 1404 4267 581’
1427 4257 1439 4280 ,
1472 4225 1525 4270 et
1556 4218 1765 4274 Collec-

161 4284 379 4359 iorihus
427 4287 754 4359 scriptorum
797 4301 975 4359 rerum
1029 4284 1441 4359 Francicarum,
1485 4297 1520 4340 t.
1573 4288 1658 4350 IV,
1707 4307 1759 4359 p.

161 4356 396 4413 139ch
446 4357 689 4410 Dubleto.
742 4356 1023 4424 SfH‘CIlllCJ
1074 4356 1231 4424 hujus
1281 4357 1616 4412 instrumenti
1669 4356 1759 4414 :cri

159 4428 331 4484 incidi
381 4427 504 4481 fecit
535 4426 906 4491 Mabillonitts,
944 4427 1012 4479 de
1045 4427 1120 4480 Ite
1150 4429 1274 4494 dipl.
1314 4443 1431 4495 pag.
1463 4427 1584 4481 385.
1633 4430 1759 4484 I'l-Ji-

161 4516 289 4553 ιιιιι-
341 4499 594 4552 collatum
637 4514 756 4552 cum
803 4500 1137 4565 autographa
1169 4517 1196 4550 a
1233 4499 1290 4569 Dr.
1328 4497 1558 4562 I’uiricr,
1585 4518 1654 4569 qu
1707 4503 1756 4556 itt

158 4571 252 4626 Its
302 4585 445 4638 sn-pe
479 4569 629 4621 nobis
676 4578 728 4622 et
772 4568 1351 4641 ltuntstnissiutcadfuit
1384 4568 1651 4641 [nexaque
1687 4573 1752 4626 ad

1879 627 1976 665 nus
2009 612 2062 664 in
2091 628 2318 684 corpore
2361 616 2675 685 requeiscit,
2706 619 2790 673 vel
2821 619 2907 674 ubi
2939 621 3170 679 domnus
3200 623 3462 684 Turnoal-

1876 703 1977 758 dus
2004 705 2286 775 episcopus
2331 716 2517 764 costus
2571 725 2787 778 prcesse
2836 712 3052 783 viditur,
3091 717 3157 770 ad
3190 721 3460 788 peticione

1876 795 2085 849 inlustri
2105 798 2217 852 viro
2241 798 2576 867 ltagaufreilo
2600 803 3064 871 utajoritu-domus
3086 819 3295 872 nostro.
3315 815 3459 883 p‘iua

1875 900 1930 946 et
1956 891 2163 961 integra
2201 894 2381 961 gracia
2411 895 2477 950 ad
2506 895 2627 952 diae
2654 907 2905 967 presente
2935 902 3048 956 vise
3085 903 3296 959 fucinus
3324 924 3458 962 con-

1873 985 2118 1041 cessisse.
2160 988 2499 1059 Quaproptcr
2535 1007 2632 1061 per
2672 1002 2921 1061 presente
2948 999 3305 1067 precepcione
3333 1017 3460 1071 spe-

1873 1077 2062 1133 cialius
2087 1079 2430 1136 decernimus
2457 1083 2853 1152 urdenandum,
2886 1087 3028 1156 quod
3059 1089 3111 1142 in
3141 1103 3459 1160 perpetuum

1872 1168 2162 1238 circaipso
2191 1179 2378 1227 sancto
2424 1171 2547 1227 loco
2596 1189 2904 1231 mansurum
2947 1192 3069 1233 esse
3108 1179 3369 1249 volemus,
3400 1193 3461 1238 ut

1871 1260 1986 1331 ipsa
2015 1260 2215 1318 foreste
2243 1273 2425 1320 nostra
2477 1266 2764 1335 ltovcrito,
2794 1285 2915 1324 cum
2960 1285 3177 1326 omnem
3215 1273 3337 1342 jure
3375 1274 3461 1330 vel

1873 1361 2112 1407 termene
2140 1366 2238 1408 suo
2267 1356 2333 1408 ad
2365 1356 2628 1425 integrum
2648 1398 2662 1423 ,
2692 1374 2795 1412 uua
2825 1376 2947 1414 cutn
2987 1365 3351 1432 superscripto
3381 1363 3462 1420 fo-

1873 1448 2099 1502 rcstario
2127 1448 2210 1503 vel
2237 1465 2452 1507 mansus
2475 1467 2620 1520 suos,
2643 1469 2766 1508 cum
2790 1463 2960 1512 terras
2980 1458 3062 1512 vel
3086 1468 3237 1528 prata
3260 1460 3311 1514 in
3345 1461 3462 1530 ipso

1874 1539 2149 1610 Clippiaco
2202 1541 2269 1595 ad
2322 1543 2626 1612 integrum,
2679 1545 2792 1614 ipse
2840 1546 3067 1603 domnus
3122 1549 3463 1607 Turnoaldus

1873 1631 2156 1703 episcopus
2177 1632 2242 1686 ad
2267 1633 2379 1702 ipsa
2408 1643 2593 1688 sancta
2619 1636 2848 1691 basilcca
2871 1637 3052 1693 domui
3079 1640 3298 1695 Diuuisii
3321 1659 3464 1701 tuar-

1874 1723 2042 1780 thcris
2073 1724 2215 1794 plina
2245 1735 2299 1780 et
2343 1727 2551 1796 integra
2589 1731 2767 1796 gracia
2797 1746 2860 1784 ex
2893 1742 3080 1788 nostro
3110 1749 3334 1790 munere
3361 1736 3464 1791 lar-

1873 1809 2066 1877 gitates
2107 1812 2210 1866 hoc
2237 1811 2420 1867 babiat
2447 1828 2762 1870 concessum
2789 1815 2964 1886 adque
2991 1818 3273 1885 indultum,
3307 1829 3364 1875 ut
3385 1822 3463 1876 eis

1871 1901 2073 1956 inanlia
2113 1918 2327 1973 semper
2366 1906 2558 1960 melius
2605 1907 2825 1962 delectit
2864 1924 2962 1978 pro
2990 1911 3295 1968 stabiletatc
3326 1915 3462 1982 rigui

1869 1994 2060 2061 nostri,
2086 1996 2169 2050 vel
2192 2012 2288 2066 pro
2317 1998 2492 2054 salute
2518 2000 2742 2068 patriae,
2773 2002 2973 2057 domini
3033 2008 3465 2064 meserecordiae

1869 2085 2148 2140 atltencius
2195 2101 2443 2156 exorare,
2490 2097 2546 2145 et
2591 2090 2734 2145 nulla
2765 2095 3158 2161 requesicionc,
3190 2113 3290 2152 nec
3318 2099 3464 2154 nullo

1869 2173 2220 2243 inpidimeuto
2269 2178 2335 2231 ad
2379 2177 2654 2247 iudicibus
2702 2181 2960 2250 publicis,
3009 2195 3116 2240 tam
3171 2187 3224 2241 in
3277 2202 3463 2245 nosno

1871 2274 2114 2338 tempore
2157 2285 2318 2339 quam
2364 2280 2419 2326 ct
2465 2273 2528 2326 ad
2575 2274 2986 2332 succedencium
3033 2278 3230 2349 rigum,
3261 2283 3330 2337 ob
3359 2282 3464 2339 hoc

1869 2361 2053 2417 habire
2081 2379 2185 2418 non
2211 2364 2618 2434 pertemiscaut,
2649 2367 2762 2422 nise
2791 2369 2855 2423 ad
2882 2373 3246 2442 superscripta
3274 2386 3461 2431 sancta

1869 2456 2095 2513 basileca
2129 2459 2314 2513 domui
2361 2458 2608 2525 Diuuisii,
2639 2463 2838 2518 nostris
2877 2473 2931 2518 ct
2972 2464 3162 2521 foturis
3200 2469 3460 2538 tempori-

1867 2549 1999 2617 bus,
2033 2551 2275 2619 proliciat
2313 2552 2366 2606 iu
2411 2553 2751 2621 augimentis.
2788 2552 2884 2621 Et,
2926 2566 2984 2609 ut
3012 2556 3148 2613 haec
3176 2560 3460 2630 precepcio

1868 2640 2073 2698 firmior
2104 2643 2380 2712 habiatur,
2411 2646 2497 2700 vel
2539 2661 2638 2716 per
2667 2656 2910 2717 tempora
2947 2652 3312 2722 conservitur,
3343 2670 3458 2708 uta-

1868 2749 1969 2788 nus
2000 2735 2166 2789 nostri
2207 2737 2717 2807 subscripcionebus
2756 2739 2940 2797 subter
2969 2756 3091 2798 eam
3123 2742 3460 2803 decrivemus

1867 2827 2126 2881 roborarc
2137 2868 2149 2879 .

1939 2917 2238 2988 Cbilpricus
2266 2936 2363 2976 rex
2391 2922 2994 2994 subs.—-l{aganfridus
3019 2928 3234 3000 optolit.
3265 2931 3457 3002 (Locus

1868 3007 2072 3078 sigilli.)

1942 3100 2132 3155 Datum
2158 3102 2360 3172 pridiae
2388 3103 2641 3162 kalendas
2661 3106 2908 3176 Marcias,
2938 3124 3136 3165 annum
3160 3112 3456 3170 secundum

1868 3195 2004 3266 rigui
2036 3199 2229 3266 nostri,
2259 3199 2596 3268 Conpendio,
2629 3201 2685 3258 in
2717 3202 2808 3258 Dei
2837 3219 3070 3261 nomenc
3097 3204 3345 3264 feliciter.

2548 3355 2787 3414 XXXIV.

1864 3469 2110 3548 Diploma
2138 3471 2410 3548 Cltilperici
2437 3470 2498 3525 ll
2518 3512 2534 3540 ,
2564 3473 2699 3544 regis
2728 3471 3053 3548 raucorum
3073 3513 3088 3538 ,
3120 3492 3221 3548 qua
3253 3474 3454 3548 Fossa-

2086 3545 2398 3599 monasterio
2413 3561 2647 3599 concessa
2662 3546 2930 3616 privilegia
2951 3544 3224 3617 conﬁrinat
3252 3546 3276 3586 δ
3301 3552 3452 3620 (amt.

1937 3730 2287 3799 Cbilpericus,
2321 3745 2415 3785 rex
2436 3728 2784 3798 Francorum,
2814 3729 2881 3784 V.
2907 3729 2946 3785 l.
2974 3729 3208 3801 Sijustis
3237 3733 3453 3811 petitio-

1863 3825 2020 3880 nibus
2061 3839 2340 3881 scrvorutn
2372 3825 2465 3881 Dei
2495 3839 2653 3881 aures
2695 3833 2909 3885 nostras
2955 3828 3450 3894 accommodamus,

1864 3918 2304 3974 consuetudinem
2332 3918 2534 3987 regiam
2561 3932 2894 3987 exercemus,
2926 3926 2980 3973 et
3010 3918 3114 3974 hoc
3142 3921 3295 3976 nobis
3321 3937 3450 3992 pro-

1865 4084 2097 4144 quatuor
2143 4074 2341 4129 fuerint
2389 4073 2559 4128 sancti
2593 4073 3120 4147 l'tionysiiabbntes,
3154 4075 3292 4131 intra
3324 4085 3455 4133 octo

1864 4153 1947 4200 vel
1981 4162 2170 4200 novent
2196 4161 2457 4199 annorum
2490 4146 2742 4214 spatium.
2773 4146 2852 4200 Ad
2883 4146 2934 4200 id
2963 4147 3294 4215 reponimus,
3326 4147 3448 4203 idco

1865 4218 2002 4270 forte
2031 4215 2414 4284 Itaganfridum
2443 4217 2676 4284 diploma
2700 4216 2802 4271 hoc
2836 4216 2947 4272 tice
2974 4218 3325 4272 referendarii
3355 4219 3449 4273 ob-

1866 4288 2063 4353 tulisse,
2091 4288 2230 4355 quod
2264 4288 2423 4340 fuerit
2453 4289 2516 4339 ad
2547 4301 2697 4340 suam
2731 4287 3042 4356 petitionem
3085 4289 3362 4355 emissum,
3396 4298 3453 4344 ut

1865 4359 2022 4430 docet
2056 4362 2167 4425 i,~se
2193 4357 2499 4430 diplomatis
2528 4364 2834 4430 contextus.
2868 4358 2944 4413 De
2973 4359 3324 4430 c_l_tr0uologia
3354 4361 3450 4414 ah-

1865 4429 2048 4483 hatutn
2092 4430 2402 4483 monasterii
2431 4429 2487 4482 S.
2525 4427 2777 4498 Dionysii.
2811 4440 2866 4484 et
2895 4431 2961 4483 de
2988 4427 3298 4484 Turnoaldo
3328 4431 3447 4497 epi-

1866 4516 2031 4567 scopo
2063 4501 2218 4553 simul
2249 4511 2303 4554 et
2331 4500 2527 4553 abbate
2555 4517 2659 4570 seu
2680 4500 3084 4570 custodeihujus
3115 4501 3451 4570 monasterii,

1865 4571 2062 4624 \‘ItIt‘SIS
2091 4570 2288 4623 Mabill.
2320 4570 2514 4640 Ann‘al.
2549 4581 2599 4640 tt
2621 4569 2683 4632 Il.
2719 4586 2835 4640 pag.
2862 4569 2957 4632 49;
2995 4573 3210 4632 l‘uhois,
3244 4569 3446 4624 IIietor.

161 4641 329 4696 fidem
362 4631 476 4707 ejus
499 4643 599 4692 lcnt
633 4638 964 4709 autographi.
997 4639 1047 4691 itt
1071 4640 1286 4693 archivo
1318 4631 1480 4707 regni,
1514 4631 1748 4701 inserit).
1785 4631 1838 4692 D
1861 4641 1995 4697 ezcl.
2050 4640 2219 4695 Paris.
2251 4650 2286 4693 t.
2321 4639 2357 4698 l,
2409 4653 2525 4709 pag.
2575 4631 2727 4705 2l5;'
2753 4631 3013 4695 It‘ZIibiau.
3051 4631 3354 4695 distant).
3391 4642 3446 4696 S.

162 4715 199 4765 z’t
229 4729 372 4765 nunc
403 4712 682 4774 asservati,
709 4712 780 4783 ab
816 4715 877 4783 Α.
908 4707 1100 4764 Tculet
1122 4711 1438 4765 recensione
1464 4714 1750 4783 instituta].

161 4785 416 4848 Sigillan
443 4782 660 4836 ΟΧΙιίεμ-Ι,
703 4780 1061 4842 Maliillonius,
1091 4791 1143 4834 et
1186 4791 1368 4835 monet
1417 4800 1598 4837 \ocetu
1632 4780 1756 4840 bene

160 4856 354 4920 t'ttlcm,
382 4862 500 4923 po~t
523 4853 968 4919 Sltbstn‘iplioltvln
995 4852 1093 4920 Itth
1120 4855 1513 4921 Cotttpeutliosis
1539 4856 1750 4913 litteris.

157 4927 221 4983 lu
257 4928 361 4980 hoc
407 4925 700 4995 tlipl-tutale
748 4923 876 4995 nihil
925 4923 1132 4995 videtur
1181 4925 1424 4986 (Zointio,
1463 4925 1589 4978 Ibid.
1627 4942 1752 4995 pag.

160 4997 274 5052 590
296 5039 308 5058 ,
343 4995 486 5064 quod
518 4994 752 5048 historia:
783 4993 1250 5062 chronologimquc
1293 4996 1590 5063 refragetur
1616 4993 1637 5054 ί
1663 4993 1753 5051 sed

163 5072 345 5139 ipsum
393 5066 542 5139 \'it_ItIC
596 5074 776 5139 movet
820 5065 1069 5139 I't'rqucus
1122 5077 1175 5118 et
1221 5068 1444 5120 harbat'a
1492 5068 1752 5122 vocalium

163 5135 514 5212 prrnrut‘ttio,
541 5151 699 5204 quam
731 5136 804 5188 ait
827 5135 1064 5212 iu_ltujus
1093 5139 1273 5212 aetatis
1295 5139 1523 5212 publicis
1553 5140 1752 5192 instru-

161 5204 364 5266 incntis
397 5225 428 5261 n
455 5223 502 5259 un
545 5222 844 5260 occurrere.
887 5204 1108 5272 Veruzn,
1144 5209 1276 5260 tanti
1298 5204 1404 5260 iviri
1449 5225 1577 5276 pare
1605 5211 1753 5264 «ηκο-

162 5284 359 5343 rimus,
413 5279 492 5332 his
545 5285 754 5330 scatent
797 5277 937 5331 vitiis
991 5279 1321 5346 autographa
1369 5276 1752 5347 Mcrovingica,

159 5369 289 5422 qua:
323 5350 533 5403 videtur
563 5348 818 5422 pleraque
849 5350 1082 5422 nonnisi
1114 5366 1177 5422 ex
1208 5351 1502 5403 emendatis
1526 5366 1754 5418 apogra-

163 5417 292 5489 plus
322 5422 556 5474 novisse.
607 5417 684 5470 Ex
718 5419 834 5472 aliis
866 5420 1071 5472 indiciis
1114 5418 1301 5472 falsum
1343 5417 1755 5488 stts‘i.c;ttuscst

162 5493 513 5554 tia-rmonius,
562 5489 627 5541 dc
673 5499 776 5542 vet.
812 5505 922 5557 reg.
967 5489 1160 5545 Franc.
1193 5491 1410 5559 dipiotu.
1449 5501 1484 5544 t.
1521 5491 1594 5556 I‘I,
1631 5509 1748 5561 pag.

167 5566 274 5618 129
306 5576 358 5617 ct
383 5578 522 5630 st-q.,
555 5570 666 5614 ttm
691 5561 812 5628 quia
863 5562 1206 5615 rcl'erctularii
1249 5563 1330 5614 Vt'I
1374 5565 1564 5616 notari
1611 5581 1639 5616 v
1666 5581 1753 5618 ccs

165 5640 220 5691 i2:
255 5638 360 5689 hoc
390 5633 684 5702 diplotuate
708 5645 924 5702 cxpere
948 5632 1156 5702 videtur
1181 5632 1531 5700 llagauﬁitlus
1555 5635 1656 5702 me}
1686 5651 1752 5688 tr-

163 5711 384 5768 dotnus,
415 5701 558 5772 qind
585 5701 1194 5774 insolitunrarb.trattu,
1219 5715 1271 5756 ct
1294 5704 1534 5771 dignitati
1566 5701 1751 5774 parum

163 5777 528 5840 conieuieus,
564 5783 675 5844 tum
703 5773 826 5841 quia
849 5773 1188 5828 Turuoaldus
1210 5777 1516 5844 episcopus,
1548 5773 1753 5831 scilicet

162 5845 526 5910 Parisiensis,
582 5843 1038 5915 Saudionysiauus
1093 5846 1254 5900 abbas
1321 5843 1462 5900 anno
1517 5847 1752 5901 secundo

165 5922 320 5994 regni
367 5915 660 5991 Cbilperici
700 5914 921 5987 dicitur,
956 5916 1100 5988 quod
1129 5917 1244 5976 ﬁeri
1289 5933 1398 5975 non
1427 5921 1621 5989 potuit,
1653 5919 1750 5974 nisi

1865 4713 2016 4766 ltiou.
2070 4727 2188 4781 pag.
2223 4711 2322 4776 56;
2372 4710 2504 4765 Nov.
2550 4710 2690 4766 Gall.
2733 4712 2917 4766 christ.
2949 4719 2988 4764 t.
3023 4712 3129 4776 νιι,
3159 4712 3286 4766 coll.
3320 4711 3446 4777 5.2,

1859 4783 1985 4854 hinc
2030 4783 2234 4854 patebit
2288 4783 2417 4836 nihil
2467 4798 2585 4836 esse
2630 4783 2772 4850 quod
2804 4793 3067 4854 repugnet
3115 4785 3167 4837 iu
3217 4783 3300 4837 his
3330 4797 3450 4852 qua:

1859 4853 2153 4907 habethoc
2181 4854 2595 4908 instrumentum
2627 4856 2693 4907 de
2725 4853 3052 4908 'I‘uruoaldo.

1931 4923 1954 4960 ι)
1986 4924 2227 4992 Vulgavit
2266 4922 2620 4987 Mabillouius,
2673 4923 2740 4978 de
2781 4923 2860 4977 Ite
2889 4923 3112 4993 diplom.
3149 4936 3268 4992 pag.
3303 4923 3444 4988 486;

1858 5009 1889 5048 e
1928 4995 2142 5049 schedis
2185 4995 2335 5058 suis;
2389 4995 2710 5049 recuderunt
2757 4995 3085 5048 Collectore-
3117 4995 3444 5059 scripturum

1858 5081 2035 5119 rerum
2064 5065 2459 5130 Francicartnn,
2486 5077 2524 5118 t.
2551 5065 2640 5126 IV,
2676 5079 2796 5134 pag.
2827 5063 2951 5131 6J5,
2981 5075 3035 5119 et
3065 5065 3107 5119 N
3134 5081 3228 5119 .va:
3257 5065 3446 5119 Galliae

1859 5138 2162 5191 christiautc
2189 5149 2454 5202 auctores,
2501 5145 2539 5200 t,
2577 5135 2698 5199 VII,
2732 5137 2978 5190 iu-trutu.
3013 5137 3120 5190 col.
3154 5137 3206 5200 6,
3241 5151 3304 5189 ex
3340 5138 3449 5189 Ma-

1858 5208 2101 5262 billouio.
2161 5206 2538 5272 Fragmentum
2594 5206 2839 5260 ediderat
2883 5205 3164 5272 Labbeus,
3220 5205 3444 5260 Misccll.

1859 5285 1897 5332 t.
1933 5277 2004 5340 II,
2059 5291 2179 5348 pag.
2237 5275 2385 5341 458;
2435 5277 2559 5342 sed,
2606 5277 2749 5345 quod
2808 5292 3088 5346 perperam
3139 5292 3235 5346 pro
3283 5275 3447 5348 Glan-

1857 5346 2141 5404 uafolieitsi
2173 5349 2494 5402 monasterio
2521 5351 2772 5401 eruissqu
2802 5352 3090 5402 arbitratus
3114 5356 3216 5408 est,
3245 5356 3304 5401 ut
3325 5346 3440 5402 Ma-

1857 5421 2109 5474 Iullonius
2157 5419 2380 5483 monuit,
2429 5419 2624 5472 Annal.
2660 5427 2699 5471 t.
2745 5417 2808 5483 ll,
2841 5435 2960 5487 pag.
2992 5417 3081 5482 49,
3112 5420 3386 5482 Cointius,
3413 5434 3444 5473 a

1859 5491 2072 5544 LilIlIN‘O
2105 5492 2155 5544 in
2201 5506 2436 5543 errorem
2483 5491 2764 5552 inductus,
2802 5490 2940 5543 idem
2985 5491 3338 5555 fragmentum
3391 5504 3447 5544 ut

1859 5563 2152 5616 Annalibus
2181 5562 2292 5615 suis
2337 5562 2588 5625 inseruit,
2621 5571 2658 5614 t.
2689 5560 2750 5613 IV
2775 5600 2788 5624 ,
2822 5575 2942 5629 pag.
2979 5559 3112 5624 595,
3148 5561 3300 5629 quasi
3333 5573 3451 5615 tuo-

1857 5635 2042 5686 multis
2088 5631 2611 5685 Glannaloliensiuus
2660 5647 2996 5685 concessum.
3042 5631 3222 5683 Abbas
3252 5629 3449 5684 Fossa-
3510 5683 3512 5686 ,

1857 5707 2042 5767 tensis,
2070 5704 2159 5772 qui
2187 5705 2236 5756 in
2266 5703 2367 5755 hoc
2397 5703 2691 5772 diplomate
2725 5701 3448 5772 Waldezuarusappellatur,

1857 5778 1922 5901 ξι)
2088 5783 2308 5902 νιῖοιὲἑιὶ·
2329 5771 2740 5843 WalJoraunus,
2765 5782 2900 5830 teste
2921 5776 3057 5831 δον.
3081 5771 3220 5828 Gall.
3245 5771 3448 5830 Christ.

1887 5890 1896 5900 .
1960 5873 1961 5876 η
2027 5886 2040 5902 .
2065 5861 2129 5902 co
2159 5888 2169 5900 .
2311 5886 2323 5899 .

1858 5854 1896 5901 t.
1935 5846 2040 5913 VII,
2065 5846 2169 5903 col.
2201 5846 2323 5900 ρει.
