4206 6622
847 485 982 544 1127

839 602 926 657 c'ul
951 598 1116 655 dubio
1142 596 1211 654 ad
1237 604 1436 653 statum
1463 595 1766 650 animarum
1797 603 2102 650 nostrarum
2131 600 2188 647 et
2215 591 2281 646 ad
2310 606 2437 662 pro-
2466 606 2518 663 Α

840 696 1040 753 fectum
1064 693 1215 764 regni
1245 692 1417 749 nostri
1445 689 1704 762 prodesse
1731 689 2017 746 credimus.
2050 687 2178 743 ldeo
2210 700 2435 741 venera-

841 787 965 845 bilis
989 789 1067 843 vir
1088 787 1462 843 Waldomarus
1485 783 1673 847 abbas,
1699 782 2050 838 considerans
2071 780 2437 835 inﬁrmitatem

842 891 901 938 et
927 880 1344 936 imbecillitatem
1383 875 1630 948 corporis
1653 875 1733 931 sui
1752 916 1769 943 ,
1796 880 1851 928 et
1879 872 2187 943 frequentes
2215 869 2440 925 inﬁrmi-

846 982 984 1029 tates
1010 972 1204 1043 quibus
1250 970 1399 1025 illum
1448 969 1709 1025 Dominus
1754 966 2022 1037 castigare
2060 967 2309 1034 dignatus
2335 973 2439 1027 est,

846 1074 1181 1139 pertractans
1221 1078 1342 1120 cum
1393 1063 1638 1118 omnibus
1690 1060 1942 1115 fratribus
1990 1062 2080 1128 qui
2114 1057 2442 1112 monasterio

846 1157 1092 1224 l"ossat.,
1123 1158 1175 1210 in
1208 1171 1344 1225 pago
1380 1152 1682 1217 l’arisiaco,
1714 1149 2072 1220 omnipotenti
2105 1149 2215 1203 Deo
2256 1148 2442 1201 deser-

850 1251 966 1303 vire
985 1248 1249 1313 videntur,
1280 1245 1579 1302 clementize
1600 1244 1749 1314 regni
1776 1244 1943 1298 nostri
1972 1239 2239 1309 suggessit
2258 1249 2333 1303 ut,
2356 1252 2443 1292 se-

849 1342 1087 1398 cundum
1136 1355 1321 1395 eorum
1371 1337 1708 1408 privilegium
1738 1333 1884 1404 quod
1915 1334 1982 1388 ab
2012 1331 2445 1388 antecessoribus

849 1437 1049 1491 nostris
1094 1444 1149 1489 et
1201 1431 1544 1503 pontiﬁcibus
1594 1438 1970 1485 conservatum
2027 1426 2146 1492 fuit,
2203 1441 2234 1480 a
2290 1422 2447 1479 nobis

851 1529 1016 1584 etiam
1045 1541 1143 1596 pro
1174 1524 1477 1590 reverentia
1499 1532 1699 1578 sancta:
1723 1520 1815 1575 Dei
1841 1518 2122 1589 genitricis
2141 1526 2197 1572 et
2219 1513 2448 1584 Virginis

856 1621 1035 1675 Mariae
1064 1628 1119 1674 et
1146 1618 1245 1673 SS.
1278 1615 1648 1688 apostolorum
1680 1614 1824 1668 Petri
1852 1621 1909 1668 et
1936 1610 2109 1677 Pauli,
2133 1619 2189 1666 et
2219 1626 2317 1680 pro
2360 1609 2448 1663 in-

851 1712 989 1768 tuitu
1019 1712 1211 1766 annua:
1242 1721 1437 1764 nostra:
1455 1716 1511 1763 et
1527 1716 1729 1761 aeterna
1758 1704 2114 1760 retributione
2140 1717 2236 1773 per
2257 1707 2448 1756 cuncta

855 1815 1099 1877 tempora
1149 1811 1367 1858 maneat
1418 1799 1796 1855 conlirmatum
1839 1805 2001 1866 atque
2043 1802 2444 1849 conservatum.

857 1897 1089 1951 Proinde
1115 1895 1215 1965 ipsi
1239 1892 1420 1947 abbati
1445 1891 1527 1946 vel
1548 1890 1658 1945 suis
1682 1886 1962 1943 monachis
1990 1885 2097 1940 tale
2119 1891 2448 1956 pneceptum

1602 481 1870 539 SAL‘CUL.
1916 480 2004 538 Vll
2046 479 2134 537 ET
2172 476 2288 535 VIII
2326 474 2855 537 ECCLESIASTICA
2899 473 3355 532 MONUMENTA.

3992 472 4116 529 “‘28

3204 581 3422 637 XXXV.

2544 701 2791 774 Diploma
2820 695 3224 774 Clrilpericil,
3266 697 3401 774 regis
3436 693 3781 774 Francorum,
3813 710 3917 774 quo
3965 694 4122 774 villain

2615 766 2840 829 Martem
2885 766 3044 825 dormt
3103 766 3337 823 Melensi’
3379 768 3609 821 basilica:
3660 768 3827 821 s.ncli
3882 766 4127 834 Arnnlplo‘

2618 856 2640 881 υ
2673 846 2822 918 (amt.
2846 843 2998 914 717).

2618 960 2962 1031 (lhelpericus
2990 959 3258 1032 [Meuriss.
3283 1001 3299 1028 ,
3337 958 3719 1029 Chilpericusl,
3763 972 3859 1012 rex
3902 957 4130 1011 Flauio-

2545 1068 2687 1118 rum,
2719 1054 2799 1108 vir
2827 1053 3073 1108 inluster.
3108 1054 3162 1108 Si
3203 1051 3403 1123 aliquid
3431 1051 3498 1106 ad
3526 1052 3642 1108 loca
3675 1059 3993 1105 sanctorum
4026 1068 4134 1119 pzr~

2546 1154 2752 1201 stamus
2800 1146 2883 1200 vel
2932 1148 3300 1213 concedimus,
3345 1144 3452 1200 hoc
3501 1144 3656 1199 nobis
3704 1144 3769 1196 ad
3820 1142 4037 1195 laudem
4065 1143 4137 1194 vel

2547 1239 2896 1292 stabilitatem
2946 1238 3097 1305 regni
3146 1236 3314 1291 nostri
3368 1236 3418 1288 in
3470 1235 3563 1288 Dei
3606 1233 3827 1289 nomine
3873 1232 4138 1302 pertinere

2549 1332 2892 1396 conﬁdimus,
2928 1339 2985 1385 ut
3013 1331 3092 1385 eis
3125 1328 3225 1400 1M.
3247 1371 3260 1394 ,
3292 1329 3408 1399 eos]
3440 1328 3631 1383 melius
3657 1326 3897 1383 delectet
3926 1342 4027 1396 pro
4056 1339 4140 1377 nos

2548 1428 2634 1482 vel
2666 1426 2804 1499 UL,
2838 1426 2989 1481 nobis
3016 1426 3098 1479 vel
3125 1426 3251 1495 pro|
3283 1423 3582 1479 stabilitate
3619 1422 3770 1492 regni
3817 1421 4019 1489 nostri,
4051 1419 4142 1472 Do—

2549 1519 2680 1574 mini
2704 1518 3132 1574 misericordiam
3152 1516 3349 1586 jugiter
3369 1516 3683 1586 deprecare.
3714 1514 3839 1570 Ideo
3861 1522 4144 1581 cognoscat

2551 1613 2755 1668 utilitas
2797 1627 2893 1668 seu
2939 1609 3251 1680 magnitudo
3298 1617 3501 1675 vestra,
3530 1608 3670 1678 quod
3720 1623 3822 1662 nos
3849 1606 4033 1661 villam
4062 1622 4143 1658 no—

2551 1717 2714 1764 stram
2769 1714 3115 1776 nuncupante
3163 1704 3355 1771 Marte,
3406 1704 3565 1759 sitam
3615 1704 3668 1757 in
3717 1716 3862 1772 pago
3903 1700 4147 1755 Moslinse

2553 1798 2679 1872 [πη
2715 1797 3005 1865 Mollinsel,
3032 1813 3139 1853 una
3158 1813 3283 1852 cum
3325 1796 3472 1852 omni
3497 1795 3810 1862 integritate
3835 1809 3956 1859 sua,
3986 1808 4145 1861 quan-

2555 1903 2903 1963 tumcumque
2932 1893 3090 1948 fiscus
3115 1901 3300 1947 noster
3327 1891 3525 1947 ibidem
3547 1904 3669 1946 esse
3695 1889 3939 1952 videtur,
3970 1887 4035 1941 ad
4060 1888 4145 1939 ba-

859 1995 915 2043 et
943 1985 1411 2043 conﬁrmationem
1444 1982 1559 2037 ﬁeri
1594 1994 1875 2049 rogamus,
1900 1992 2006 2033 una
2034 1993 2157 2032 cum
2184 1989 2450 2031 consensu

2562 1988 2760 2042 silicam
2790 1987 2963 2042 sancti
2993 1985 3197 2042 domini
3228 1984 3435 2040 Arnulﬁ
3483 1983 3569 2038 vel
3595 1991 3910 2038 sanctorum
3942 1990 4147 2048 3'20sz-

856 2079 1298 2149 majoris-domus
1353 2083 1551 2131 nostra:
1593 2071 1936 2141 Raganfredi,
1991 2079 2053 2125 ut
2103 2069 2358 2140 quicquid
2398 2069 2452 2123 iu

862 2172 979 2241 ipso
1004 2186 1193 2226 eorum
1242 2167 1520 2238 privilegio
1569 2165 1826 2235 loquitur,
1869 2162 1976 2219 hoc
2016 2177 2117 2217 nos
2142 2176 2241 2231 pro
2270 2169 2453 2215 nostra

861 2264 1185 2320 auctoritate
1226 2271 1282 2316 et
1324 2273 1697 2317 successorum
1743 2265 2053 2312 nostrorum
2085 2269 2181 2323 per
2213 2260 2452 2322 ιοηιροηι

860 2365 1237 2413 conservatum
1260 2363 1315 2411 et
1337 2353 1653 2409 inviolatum
1676 2366 1797 2407 esse
1816 2350 2066 2407 volumus
2085 2356 2248 2420 atque
2267 2348 2456 2402 decre-

857 2452 1032 2507 vimus
1062 2470 1074 2505 :
1108 2459 1163 2505 et
1190 2447 1410 2505 omnino
1446 2447 1550 2502 hoc
1573 2445 1826 2516 jubemus
1855 2451 1915 2498 ut
1957 2442 2011 2497 in
2039 2443 2155 2512 ipso
2179 2448 2459 2498 incruste-

859 2547 942 2602 rio
995 2543 1142 2599 nulla
1182 2552 1437 2598 extranea
1486 2540 1569 2595 vel
1618 2538 1867 2611 opposita
1911 2552 2141 2611 persona
2198 2540 2316 2595 sine
2363 2554 2460 2594 vo-

858 2637 1066 2692 luntate
1091 2633 1300 2690 abbatis
1326 2633 1409 2687 vel
1434 2632 1657 2687 fratrum
1697 2645 1919 2688 suorum
1963 2631 2032 2687 ad
2068 2630 2459 2688 dominandum

866 2726 949 2786 rel
1021 2727 1438 2799 conipetendum
1498 2726 1702 2798 ingredi
1766 2733 2101 2798 praesumat;
2161 2725 2255 2781 sed
2306 2725 2509 2795 juxta-

868 2823 1209 2894 privilegium
1239 2820 1383 2893 quod
1413 2830 1610 2877 nostra:
1641 2820 1938 2893 praesentia:
1980 2825 2461 2890 pneseutaverant,

864 2931 1027 2986 quem
1090 2915 1256 2969 abbas
1317 2915 1576 2986 elegerit,
1633 2921 1689 2968 et
1749 2912 1839 2967 illa
1890 2926 2017 2982 pars
2066 2910 2460 2967 monachorum

864 3009 1059 3066 melior
1077 3051 1093 3076 ,
1122 3010 1190 3064 de
1220 3009 1331 3079 ipsa
1358 3008 1797 3077 congregatione,
1826 3006 1913 3062 vel
1948 3005 1994 3061 si
2024 3005 2317 3061 necessitas
2348 3003 2464 3059 fne-

863 3104 953 3170 rit,
987 3104 1053 3159 dc
1089 3103 1330 3174 quolibet
1359 3102 1722 3166 monasterio,
1755 3107 1878 3170 post
1905 3099 2183 3157 decessum
2225 3096 2459 3163 abbatis,

865 3193 954 3248 vel
997 3192 1444 3263 quandocumque
1488 3191 1604 3260 ipse
1648 3192 1815 3245 abbas
1843 3190 2100 3254 voluerit,
2130 3189 2311 3245 omnia
2337 3202 2460 3243 eum

869 3283 1038 3355 ipsius
1078 3297 1345 3338 consensu
1391 3292 1447 3337 et
1491 3282 1768 3337 voluntate
1809 3281 2173 3350 subjectorum
2212 3292 2457 3343 suorum,

2558 2080 2757 2144 lorum,
2791 2079 2882 2133 ubi
2914 2079 3031 2148 ipse
3060 2078 3328 2148 pretiosus
3352 2089 3579 2146 corpore
3615 2075 3925 2144 requiescet
3956 2071 4034 2145 [Μ
4049 2111 4079 2135 .,
4106 2072 4149 2123 in

2557 2187 2786 2243 corpore
2809 2171 3144 2244 requiescit],
3163 2172 3267 2228 hoc
3293 2181 3397 2237 est,
3426 2171 3526 2227 sub
3556 2170 3816 2239 oppidum
3842 2169 4149 2223 Metensimn

2558 2264 2812 2328 civitatis,
2858 2264 2947 2317 ubi
2997 2264 3322 2320 venerabilis
3370 2263 3450 2318 vir
3488 2260 3820 2316 Leutbeltus
3868 2261 4011 2314 abba
4059 2274 4150 2312 una

2560 2368 2683 2412 cum
2712 2370 2901 2412 norma
2940 2358 3173 2427 plurima
3214 2356 3534 2413 clericorum
3563 2353 3841 2410 deservire
3871 2353 4151 2416 videntur;

2561 2462 2661 2518 pro
2707 2448 2971 2504 mercedis
3016 2457 3215 2502 nostra:
3259 2455 3604 2517 augmentum
3638 2443 3774 2517 ιΜ..
3810 2453 4102 2513 augmento
4122 2442 4152 2509 l,

2562 2542 2647 2598 vel
2678 2557 2773 2612 pro
2821 2540 3124 2596 reverentia
3153 2540 3317 2611 ipsius
3344 2538 3515 2594 sant-ti
3547 2538 3667 2601 loci,
3704 2552 3734 2590 a
3763 2536 3798 2590 d
3824 2552 3855 2591 e
3886 2545 4152 2605 presente,

2558 2636 2683 2708 jure
2710 2636 3091 2707 proprialtario
3122 2634 3249 2708 [5].,
3282 2635 3686 2707 proririetarioj.
3719 2634 3821 2689 sub
3849 2633 4155 2688 emunitazis

2563 2730 2804 2795 nomine,
2831 2729 2989 2799 plena
3017 2737 3073 2785 et
3113 2730 3321 2799 integra
3344 2727 3651 2801 grata'lll.,
3682 2727 3907 2797 gratia],
3939 2727 4035 2781 visi
4068 2726 4158 2777 lui-

2563 2838 2684 2877 mus
2728 2823 3083 2880 concessisse.
3134 2826 3474 2894 Quapropter
3529 2836 3623 2891 per
3669 2822 3813 2875 hunc
3851 2820 3984 2892 μμ,
4043 2818 4157 2887 Itot']

2565 2925 2892 2986 praeceptum
2922 2916 3207 2986 specialius
3233 2916 3588 2971 decernamus
3641 2912 3769 2983 μμ,
3802 2912 4157 2980 decernimus]

2564 3006 2948 3073 Ordinandum,
2982 3008 3126 3079 quod
3168 3008 3554 3078 perpetualiter
3593 3022 3720 3077 erga
3768 3007 4014 3076 ipsorum
4048 3006 4107 3057 lo
4131 3020 4158 3057 υ

2566 3099 2690 3172 UL,
2722 3100 2922 3173 locum]
2954 3115 3264 3156 mansurum
3309 3115 3426 3155 esse
3472 3099 3738 3163 volemus,
3789 3107 3850 3152 ut
3880 3099 3999 3169 ipsa
4043 3096 4159 3149 villa

2566 3194 2814 3263 superius
2838 3194 3130 3260 nominata,
3159 3194 3266 3249 hoc
3287 3204 3386 3259 est,
3404 3207 3510 3247 una
3536 3207 3653 3247 cum
3687 3191 3867 3259 terris,
3896 3190 4157 3257 όοιηίιμιε,

2566 3284 2823 3350 :cdiﬁeiis,
2853 3286 3164 3363 mancipiis,
3196 3286 3341 3342 aclas
3371 3285 3493 3356 |M.,
3527 3284 3703 3356 aclis],
3724 3286 3919 3348 vineis,
3942 3286 4155 3352 campis,

868 3379 1141 3435 licentiam
1189 3378 1427 3432 habeant
1476 3377 1809 3433 constituere
1871 3374 2121 3429 abbatem
2146 3415 2161 3440 ,
2207 3374 2345 3428 sicut
2404 3371 2457 3426 in
2489 3355 2536 3419 Ο
2566 3378 2758 3448 pratis,
2781 3355 2954 3442 silvis,
2977 3355 3132 3449 aq—nis
3150 3355 3487 3450 aquarumve
3507 3355 3842 3443 decursibus,
3868 3378 4156 3448 adjunctis,

870 3488 1059 3531 eorum
1105 3471 1381 3541 privilegio
1427 3469 1862 3526 manifestissime
1908 3466 2235 3537 designatur.
2274 3466 2347 3520 Ita
2377 3473 2459 3520 ta-

871 3580 999 3621 men
1039 3572 1099 3619 ut
1126 3563 1248 3619 talis
1289 3562 1537 3633 eligatur,
1579 3562 1669 3631 qui
1700 3575 1929 3631 corpore
1956 3559 2028 3615 sit
2051 3569 2250 3626 castus,
2279 3566 2461 3613 mente

870 3655 1115 3721 devotus,
1145 3655 1313 3711 sacris
1352 3653 1629 3724 scripturis
1658 3653 1929 3714 conditus,
1961 3659 2018 3706 et
2047 3650 2461 3706 conversatione

871 3748 1105 3819 regulari
1128 3750 1450 3811 instructus;
1475 3755 1534 3801 ut
1554 3746 1652 3818 ipsi
1678 3744 1928 3801 monachi
1952 3744 2053 3799 sub
2071 3743 2251 3813 quieto
2273 3743 2462 3799 ordine

870 3844 1133 3910 viventes,
1164 3842 1294 3898 nihil
1325 3842 1590 3915 patientes
1619 3838 2004 3909 inquietudinis
2028 3876 2042 3901 ,
2074 3853 2173 3908 pro
2201 3844 2346 3892 statu
2372 3850 2461 3893 rc-

873 3937 964 4007 gni
996 3937 1164 3992 nostri
1193 3935 1278 3991 vel
1307 3950 1403 4007 pro
1425 3934 1600 3989 salute
1632 3933 1793 3988 totius
1832 3930 2017 4002 populi
2048 3930 2239 3986 melius
2267 3939 2323 3986 et
2350 3943 2465 3984 me-

878 4030 984 4085 lius
1009 4043 1237 4084 exorare
1263 4027 1518 4083 delectet.
1546 4025 1698 4083 Unde
1724 4034 1777 4081 et
1815 4023 2277 4081 conﬁrmationem
2310 4023 2456 4095 prin-

878 4120 1032 4189 cipis,
1066 4118 1376 4174 consobrini
1404 4117 1596 4185 nostri,
1630 4116 1915 4185 Dagoberti
1944 4116 2211 4185 quondam
2240 4115 2382 4185 regis
2403 4130 2463 4171 se

878 4229 946 4268 ex
975 4213 1078 4267 hoc
1107 4227 1214 4282 pra:
1240 4210 1484 4265 manibus
1506 4209 1706 4264 habere
1739 4207 1998 4274 alﬁrmat;
2023 4218 2079 4263 et
2098 4207 2272 4278 ipsum
2297 4209 2459 4262 bene-

880 4303 1055 4359 ﬁcium
1078 4317 1396 4358 concessum
1420 4301 1487 4356 de
1518 4315 1585 4356 eo
1608 4308 1851 4369 tempore
1873 4314 2044 4371 usque
2072 4313 2214 4355 nunc
2252 4298 2466 4354 videtur

878 4411 999 4451 esse
1025 4405 1423 4461 conservatum,
1453 4394 1526 4448 ita
1555 4401 1610 4449 et
1636 4394 1852 4449 inantea
1873 4394 2144 4465 inspectas
2164 4395 2305 4464 ipsas
2329 4408 2465 4464 pra:-

878 4487 1152 4557 eeptiones
1180 4486 1572 4558 suprascriptas
1600 4487 1929 4556 principum,
1960 4485 2100 4542 sicut
2125 4502 2223 4557 per
2250 4488 2465 4541 easdem

876 4582 1202 4644 declaratur,
1234 4582 1379 4636 omni
1411 4588 1657 4650 tempore
1687 4581 1862 4663 ipsum
1894 4579 2215 4635 beneﬁcium
2246 4594 2469 4635 conces-

2562 3474 2913 3544 adjacentiis,
2961 3476 3285 3546 apcndiciis,
3332 3477 3508 3546 gregis
3554 3476 3689 3549 [3].,
3730 3478 4013 3546 gregibus?
4047 3493 4154 3531 cum

2563 3567 2868 3638 pastoribus
2888 3567 3165 3638 utriusque
3190 3568 3400 3638 generis
3422 3582 3602 3631 sexus,
3634 3569 3815 3622 omnia
3843 3578 3899 3623 et
3931 3586 3998 3624 ex
4023 3570 4153 3624 omi-

2565 3661 2686 3725 bus,
2718 3674 2776 3715 re
2815 3659 3098 3730 exquisita,
3136 3659 3204 3715 ad
3247 3660 3536 3730 integrum,
3586 3661 3845 3730 quicquid
3894 3662 3964 3716 de
4010 3664 4154 3715 rebus

2568 3760 2752 3807 noster
2780 3749 2907 3824 HL,
2938 3749 3159 3822 nostris]
3191 3751 3386 3806 ibidem
3419 3759 3632 3807 tenetur
3658 3752 3771 3823 ipsa
3804 3751 3911 3824 [Μ.
3946 3754 3997 3807 in
4030 3752 4154 3822 ἰίιςδξ

2573 3841 2695 3895 villa
2723 3839 2915 3907 Marte,
2950 3855 3054 3895 una
3083 3855 3203 3897 cum
3249 3841 3398 3895 omni
3441 3842 3633 3897 merito
3674 3841 3757 3897 vel
3798 3842 4072 3898 soliditate
4100 3842 4157 3897 ad

2571 3950 2631 3990 se
2660 3934 2964 4005 pertinente
3008 3933 3174 4004 ipsius
3206 3932 3330 4008 [M.,
3376 3935 3509 4008 ipse]
3542 3934 3868 3991 Leutbrrtus
3914 3939 4051 3993 abba
4099 3938 4157 3991 ad

2571 4037 2779 4097 partem
2821 4025 2987 4093 ipsius
3032 4024 3203 4080 sancti
3255 4026 3437 4081 domui
3480 4025 3686 4081 Arnulﬁ
3716 4025 3842 4101 [M.,
3883 4026 4153 4097 Arnulphi]

2572 4118 2655 4174 vel
2697 4118 2896 4173 sanctis
2923 4116 3179 4188 apostolis
3209 4115 3305 4190 [Μ.
3329 4158 3345 4184 ,
3386 4127 3694 4174 sanctorum
3740 4119 4152 4189 apostolorum},

2569 4223 2637 4264 ex
2676 4217 2984 4265 nostrorum
3016 4207 3276 4277 largitatis
3294 4209 3417 4278 jure
3443 4210 3846 4281 proprialtario,
3881 4214 3982 4267 sub
4012 4228 4150 4267 emu-

2569 4302 2753 4357 nitatis
2781 4303 3028 4369 nomine,
3056 4317 3178 4358 cum
3209 4304 3384 4358 omnis
3412 4302 3569 4359 ﬁscus
3597 4319 3895 4361 concessus
3936 4306 4041 4361 hoc
4069 4307 4152 4359 ba-

2569 4394 2696 4449 beat
2752 4409 3067 4451 concessum
3118 4403 3283 4465 atque
3337 4394 3600 4451 indultum
3634 4414 3648 4451 :
3680 4404 3735 4452 et
3762 4398 4023 4469 quiequid
4055 4400 4157 4469 ipse

2572 4490 2652 4543 vel
2697 4503 3037 4544 successores
3078 4487 3197 4553 sui,
3229 4504 3328 4559 pro
3356 4491 3762 4560 opportunitate
3798 4491 3967 4561 ipsius
3996 4491 4156 4546 sancti

2572 4582 2676 4637 loci
2706 4581 2898 4637 exinde
2929 4582 3107 4637 facere
3153 4583 3514 4649 decreverint,
3547 4583 3772 4639 liberam
3828 4585 3884 4639 in
3916 4588 4157 4642 omnibus

880 4670 997 4731 sum
1036 4674 1212 4729 valeat
1258 4682 1314 4729 et
1358 4682 1756 4729 conservatum.
1804 4671 1890 4738 Et,
1924 4680 1983 4727 ut
2021 4672 2132 4728 haec
2178 4671 2547 4743 praeceptiol)
2575 4674 2808 4729 habeant
2854 4683 3215 4745 potestatem,
3265 4690 3333 4730 ex
3383 4675 3526 4730 nulla
3573 4677 3947 4746 requisitionc,
4006 4688 4062 4734 et
4096 4693 4154 4732 ex

883 4766 1089 4821 ﬁrmior
1115 4767 1216 4832 sit,
1248 4780 1438 4820 manus
1466 4776 1662 4820 nostra:
1690 4764 2171 4835 subscriptionibus
2195 4767 2380 4823 subter
2403 4781 2467 4822 ea

879 4858 1219 4915 decrevimus
1248 4857 1590 4913 conﬁrmare.

949 4952 1285 5020 Cbilpericus
1312 4967 1402 5006 rex
1431 4952 1611 5006 subsc.
1642 4950 1759 5005 ΔιΙο
1784 4950 1966 5021 jussus
1994 4950 2206 5006 obtulit.

953 5045 1081 5097 Data
1125 5044 1222 5099 sub
1250 5043 1337 5098 die
1374 5043 1464 5112 viij
1494 5043 1600 5097 kal.
1634 5042 1833 5113 Maias,
1865 5058 2007 5102 anno
2030 5043 2067 5114 ij
2098 5042 2245 5114 regni
2274 5042 2466 5109 nostri,

878 5132 1110 5189 Parisios
1136 5134 1375 5201 civitate,
1404 5134 1636 5189 feliciter

959 5647 982 5672 υ
1012 5637 1201 5715 Exstat
1227 5640 1365 5709 apud
1392 5639 1748 5715 Meurissium,
1782 5644 1917 5699 llist.
1947 5644 2187 5715 episcop.
2217 5643 2467 5713 Metens.,

886 5723 1005 5787 pag.
1040 5708 1167 5771 144,
1189 5708 1273 5787 ex:
1296 5712 1514 5787 archivo
1544 5714 1891 5787 S._Arnt_ilphi
1934 5708 2332 5787 deprrmptom.
2369 5708 2472 5771 lic;

886 5780 1153 5855 cuderuot
1175 5781 1437 5855 Quinfius,
1464 5783 1653 5855 Annal.
1687 5793 1726 5837 t.
1752 5780 1838 5847 IV,
1874 5780 2230 5855 pag.'.’i95,'et
2259 5787 2472 5841 Calme-

888 5857 996 5929 tus,
1026 5849 1158 5904 llist.
1193 5851 1478 5929 Lotlta_r_._t.
1501 5852 1726 5929 _l:l,‘_pag.
1766 5849 1982 5929 lltlfvx
2018 5849 2318 5912 Meurissio.
2347 5857 2473 5910 Gal-

889 5920 990 5974 lice
1030 5937 1238 5997 v_e_r_suni
1286 5925 1452 5997 edidit
1501 5920 1854 5992 Valladierus,
1901 5928 2061 5981 Basil.
2095 5930 2150 5982 S.
2188 5929 2468 5997 Arnulphi,

890 6004 1013 6061 pag.
1049 5992 1164 6048 177.
1195 5991 1301 6052 Nos
1328 5995 1645 6052 exhibemus
1674 6000 1739 6051 ad
1770 5998 1929 6055 ﬁdem
1959 6001 2255 6070 apographi
2286 5991 2471 6058 doinni

2572 4767 2719 4821 nttllo
2767 4767 3151 4836 impedimento
3198 4782 3228 4821 a
3274 4767 3486 4838 judieiis
3532 4768 3783 4838 publicis,
3820 4785 3947 4825 cum
3978 4780 4154 4825 nostro

2575 4867 2835 4929 tempore,
2868 4874 3029 4929 quam
3077 4867 3132 4914 et
3173 4858 3575 4916 succedentium
3621 4873 3805 4928 regum
3846 4862 4045 4917 exinde
4070 4863 4153 4916 ha-

2572 4952 2700 5007 bere
2727 4967 2831 5007 non
2861 4952 3229 5022 pertimescat.
3276 4952 3342 5007 Et
3367 4952 3468 5024 [Μ.
3488 4994 3503 5021 ,
3535 4960 3586 5008 et
3615 4950 3695 5024 ut]
3726 4953 3840 5010 lucc
3870 4956 4153 5026 pneceptio

2573 5043 2775 5099 ﬁrmior
2795 5045 2883 5105 sit.
2916 5060 3103 5099 manus
3131 5054 3326 5100 nostra:
3352 5044 3794 5117 suscriptionibus
3819 5048 4017 5105 subter
4040 5062 4150 5105 eam

2570 5136 2907 5193 decrevimus
2932 5139 3211 5194 roborare.

2640 5226 2977 5298 Chilpericus
3002 5244 3096 5283 rex
3120 5229 3394 5299 snbscrips

2643 5321 2767 5378 Dies
2812 5320 2957 5394 [Μ.,
2992 5322 3210 5395 datum]
3239 5322 3384 5392 quod
3418 5320 3545 5378 fecit
3571 5337 3743 5378 mens.
3776 5320 3903 5394 [Μ.⁹
3941 5321 4154 5393 mmsis]

2571 5413 2697 5469 Jun.
2750 5430 2864 5480 vtrt,
2917 5429 3060 5469 anno
3106 5414 3345 5470 secundo
3391 5413 3543 5485 regni
3588 5413 3780 5482 nostri,
3826 5414 4155 5488 Compendio

2573 5506 2804 5575 placatio
2838 5504 2863 5543 ι»
2889 5513 3098 5561 nostro.

2572 5641 2914 5707 Taliouillot.
2962 5643 3389 5713 congregationis
3432 5644 3601 5698 sancti
3652 5644 3859 5709 Vitoni,
3898 5647 3995 5714 qui
4041 5645 4153 5700 illul

2574 5716 2839 5786 expressit
2876 5731 2943 5786 ex
2981 5716 3198 5769 arcluvo
3227 5715 3397 5786 sancti
3439 5715 3725 5785 Arnulphi,
3751 5728 3803 5769 et
3834 5719 3888 5771 in
3920 5729 4153 5786 nostrqm

2574 5785 3077 5865 charzophylaeium-
3110 5787 3331 5839 invexit.
3382 5784 3668 5842 Lectiones
3713 5789 3890 5842 varias
3917 5805 3990 5842 ex
4022 5784 4153 5841 Aleu-

2574 5857 2731 5926 rissio
2757 5864 3040 5923 excerptas
3067 5857 3207 5909 inter
3232 5871 3398 5910 uncos
3428 5859 3775 5926 apponimus.

2648 5927 2673 6000 ιξ
2703 5925 2969 5995 Corrupta
3000 5941 3105 6000 vox
3148 5926 3411 6000 placatio,
3444 5925 3542 6000 pro
3581 5932 3821 5997 palatio;
3855 5931 4157 6000 frequenter

2575 6013 2607 6055 e
2638 5999 2948 6067 Cotupcmlia
2980 5998 3178 6068 palatio
3214 5996 3587 6067 Mcrovingica
3623 6000 3915 6072 diplomata
3954 5996 4154 6060 emissa
