  <div class='ocr_page' id='page_1' title='image "/cluster/home/n/w/nwhite01/storage/ocr_20150623/88-89/uc1.31175000868714/568.png"; bbox 0 0 4206 6608; ppageno 0'>
   <div class='ocr_carea' id='block_1_1' title="bbox 196 442 330 499">
    <p class='ocr_par' dir='ltr' id='par_1_1' title="bbox 196 442 330 499">
     <span class='ocr_line' id='line_1_1' title="bbox 196 442 330 499; baseline 0.022 -3"><span class='ocrx_word' id='word_1_1' title='bbox 196 442 330 499; x_wconf 71' lang='lat' dir='ltr'><strong><em>H29</em></strong></span> 
     </span>
    </p>
   </div>
   <div class='ocr_carea' id='block_1_2' title="bbox 858 554 1089 610">
    <p class='ocr_par' dir='ltr' id='par_1_2' title="bbox 858 554 1089 610">
     <span class='ocr_line' id='line_1_2' title="bbox 858 554 1089 610; baseline 0.009 -2"><span class='ocrx_word' id='word_1_2' title='bbox 858 554 998 610; x_wconf 73' lang='lat' dir='ltr'><strong><em>XXX</em></strong></span> <span class='ocrx_word' id='word_1_3' title='bbox 1011 557 1036 608; x_wconf 63' lang='grc' dir='ltr'><strong><em>κε</em></strong></span> <span class='ocrx_word' id='word_1_4' title='bbox 1053 556 1089 610; x_wconf 88' lang='grc'><strong>1.</strong></span> 
     </span>
    </p>
   </div>
   <div class='ocr_carea' id='block_1_3' title="bbox 175 666 1764 742">
    <p class='ocr_par' dir='ltr' id='par_1_3' title="bbox 175 666 1764 742">
     <span class='ocr_line' id='line_1_3' title="bbox 175 666 1764 742; baseline 0 -18"><span class='ocrx_word' id='word_1_5' title='bbox 175 669 421 742; x_wconf 79' lang='lat' dir='ltr'><strong><em>Diploma</em></strong></span> <span class='ocrx_word' id='word_1_6' title='bbox 444 671 590 738; x_wconf 75' lang='lat' dir='ltr'><strong><em>(.hilp</em></strong></span> <span class='ocrx_word' id='word_1_7' title='bbox 625 672 719 722; x_wconf 83' lang='lat' dir='ltr'><strong><em>mi</em></strong></span> <span class='ocrx_word' id='word_1_8' title='bbox 743 666 824 730; x_wconf 84' lang='lat' dir='ltr'><strong><em>Il,</em></strong></span> <span class='ocrx_word' id='word_1_9' title='bbox 850 671 985 738; x_wconf 72' lang='lat' dir='ltr'><strong><em>regis</em></strong></span> <span class='ocrx_word' id='word_1_10' title='bbox 1016 668 1363 736; x_wconf 70' lang='lat' dir='ltr'><strong><em>Francorum,</em></strong></span> <span class='ocrx_word' id='word_1_11' title='bbox 1386 686 1483 741; x_wconf 86' lang='lat' dir='ltr'><strong><em>quo</em></strong></span> <span class='ocrx_word' id='word_1_12' title='bbox 1513 670 1764 726; x_wconf 81' lang='lat' dir='ltr'><strong><em>Sithiensi</em></strong></span> 
     </span>
    </p>
   </div>
   <div class='ocr_carea' id='block_1_4' title="bbox 247 741 1765 796">
    <p class='ocr_par' dir='ltr' id='par_1_4' title="bbox 247 741 1765 796">
     <span class='ocr_line' id='line_1_4' title="bbox 247 741 1765 796; baseline 0 0"><span class='ocrx_word' id='word_1_13' title='bbox 247 741 557 796; x_wconf 76' lang='lat' dir='ltr'><strong><em>monasterio</em></strong></span> <span class='ocrx_word' id='word_1_14' title='bbox 601 743 793 794; x_wconf 79' lang='lat' dir='ltr'><strong><em>coL‘na</em></strong></span> <span class='ocrx_word' id='word_1_15' title='bbox 825 741 961 793; x_wconf 86' lang='lat' dir='ltr'><strong><em>dona</em></strong></span> <span class='ocrx_word' id='word_1_16' title='bbox 1005 751 1052 793; x_wconf 81' lang='lat' dir='ltr'><strong><em>et</em></strong></span> <span class='ocrx_word' id='word_1_17' title='bbox 1099 758 1366 796; x_wconf 62' lang='lat' dir='ltr'><strong><em>caricessas</em></strong></span> <span class='ocrx_word' id='word_1_18' title='bbox 1415 743 1765 796; x_wconf 76' lang='lat' dir='ltr'><strong><em>immunitates</em></strong></span> 
     </span>
    </p>
   </div>
   <div class='ocr_carea' id='block_1_5' title="bbox 246 811 941 882">
    <p class='ocr_par' dir='ltr' id='par_1_5' title="bbox 246 811 941 882">
     <span class='ocr_line' id='line_1_5' title="bbox 246 811 941 882; baseline -0.003 -14"><span class='ocrx_word' id='word_1_19' title='bbox 246 815 519 882; x_wconf 80' lang='lat' dir='ltr'><strong><em>conﬁrmat</em></strong></span> <span class='ocrx_word' id='word_1_20' title='bbox 551 823 576 848; x_wconf 75' lang='grc' dir='ltr'>ἰ</span> <span class='ocrx_word' id='word_1_21' title='bbox 611 815 761 882; x_wconf 81' lang='lat' dir='ltr'><strong><em>(ann.</em></strong></span> <span class='ocrx_word' id='word_1_22' title='bbox 791 811 941 880; x_wconf 79' lang='lat'><strong><em>718).</em></strong></span> 
     </span>
    </p>
   </div>
   <div class='ocr_carea' id='block_1_6' title="bbox 243 926 1766 1001">
    <p class='ocr_par' dir='ltr' id='par_1_6' title="bbox 243 926 1766 1001">
     <span class='ocr_line' id='line_1_6' title="bbox 243 926 1766 1001; baseline -0.003 -16"><span class='ocrx_word' id='word_1_23' title='bbox 243 926 604 999; x_wconf 78' lang='lat' dir='ltr'><strong><em>Ghilpericus,</em></strong></span> <span class='ocrx_word' id='word_1_24' title='bbox 628 942 721 982; x_wconf 83' lang='lat' dir='ltr'><strong><em>rex</em></strong></span> <span class='ocrx_word' id='word_1_25' title='bbox 752 927 1080 981; x_wconf 84' lang='lat' dir='ltr'><strong><em>Francorum</em></strong></span> <span class='ocrx_word' id='word_1_26' title='bbox 1114 927 1217 1001; x_wconf 92' lang='lat' dir='ltr'><strong><em>[vir</em></strong></span> <span class='ocrx_word' id='word_1_27' title='bbox 1249 927 1516 1000; x_wconf 90' lang='lat' dir='ltr'><strong><em>inluster].</em></strong></span> <span class='ocrx_word' id='word_1_28' title='bbox 1543 927 1598 982; x_wconf 87' lang='lat' dir='ltr'><strong><em>Si</em></strong></span> <span class='ocrx_word' id='word_1_29' title='bbox 1626 926 1766 982; x_wconf 81' lang='lat' dir='ltr'><strong><em>facta</em></strong></span> 
     </span>
    </p>
   </div>
   <div class='ocr_carea' id='block_1_7' title="bbox 173 1020 1769 1093">
    <p class='ocr_par' dir='ltr' id='par_1_7' title="bbox 173 1020 1769 1093">
     <span class='ocr_line' id='line_1_7' title="bbox 173 1020 1769 1093; baseline -0.001 -16"><span class='ocrx_word' id='word_1_30' title='bbox 173 1031 459 1093; x_wconf 87' lang='lat' dir='ltr'><strong><em>parentum</em></strong></span> <span class='ocrx_word' id='word_1_31' title='bbox 503 1031 834 1086; x_wconf 89' lang='lat' dir='ltr'><strong><em>nostrorum,</em></strong></span> <span class='ocrx_word' id='word_1_32' title='bbox 879 1021 1024 1090; x_wconf 87' lang='lat' dir='ltr'><strong><em>quod</em></strong></span> <span class='ocrx_word' id='word_1_33' title='bbox 1052 1020 1117 1075; x_wconf 89' lang='lat' dir='ltr'><strong><em>ad</em></strong></span> <span class='ocrx_word' id='word_1_34' title='bbox 1147 1021 1265 1077; x_wconf 90' lang='lat' dir='ltr'><strong><em>loca</em></strong></span> <span class='ocrx_word' id='word_1_35' title='bbox 1293 1032 1604 1077; x_wconf 90' lang='lat' dir='ltr'><strong><em>sanctorum</em></strong></span> <span class='ocrx_word' id='word_1_36' title='bbox 1630 1036 1769 1092; x_wconf 74' lang='lat' dir='ltr'><strong><em>pra:-</em></strong></span> 
     </span>
    </p>
   </div>
   <div class='ocr_carea' id='block_1_8' title="bbox 171 1116 1772 1186">
    <p class='ocr_par' dir='ltr' id='par_1_8' title="bbox 171 1116 1772 1186">
     <span class='ocr_line' id='line_1_8' title="bbox 171 1116 1772 1186; baseline 0 -14"><span class='ocrx_word' id='word_1_37' title='bbox 171 1117 429 1172; x_wconf 88' lang='lat' dir='ltr'><strong><em>stiterunt</em></strong></span> <span class='ocrx_word' id='word_1_38' title='bbox 453 1116 536 1170; x_wconf 91' lang='lat' dir='ltr'><strong><em>vel</em></strong></span> <span class='ocrx_word' id='word_1_39' title='bbox 578 1124 980 1182; x_wconf 87' lang='lat' dir='ltr'><strong><em>concesserunt,</em></strong></span> <span class='ocrx_word' id='word_1_40' title='bbox 1013 1129 1112 1186; x_wconf 91' lang='lat' dir='ltr'><strong><em>per</em></strong></span> <span class='ocrx_word' id='word_1_41' title='bbox 1149 1116 1348 1172; x_wconf 83' lang='lat' dir='ltr'><strong><em>nostris</em></strong></span> <span class='ocrx_word' id='word_1_42' title='bbox 1372 1117 1606 1172; x_wconf 86' lang='lat' dir='ltr'><strong><em>oraculis</em></strong></span> <span class='ocrx_word' id='word_1_43' title='bbox 1635 1131 1772 1172; x_wconf 83' lang='lat' dir='ltr'><strong><em>con-</em></strong></span> 
     </span>
    </p>
   </div>
   <div class='ocr_carea' id='block_1_9' title="bbox 172 1207 1770 1278">
    <p class='ocr_par' dir='ltr' id='par_1_9' title="bbox 172 1207 1770 1278">
     <span class='ocr_line' id='line_1_9' title="bbox 172 1207 1770 1278; baseline -0.001 -14"><span class='ocrx_word' id='word_1_44' title='bbox 172 1209 472 1275; x_wconf 83' lang='lat' dir='ltr'><strong><em>ﬁrmamus,</em></strong></span> <span class='ocrx_word' id='word_1_45' title='bbox 497 1209 645 1278; x_wconf 83' lang='lat' dir='ltr'><strong><em>regia</em></strong></span> <span class='ocrx_word' id='word_1_46' title='bbox 675 1208 1066 1264; x_wconf 70' lang='lat' dir='ltr'><strong><em>consuetudine</em></strong></span> <span class='ocrx_word' id='word_1_47' title='bbox 1094 1207 1200 1264; x_wconf 89' lang='lat' dir='ltr'><strong><em>hoc</em></strong></span> <span class='ocrx_word' id='word_1_48' title='bbox 1227 1223 1562 1276; x_wconf 84' lang='lat' dir='ltr'><strong><em>exercemus,</em></strong></span> <span class='ocrx_word' id='word_1_49' title='bbox 1586 1217 1643 1263; x_wconf 86' lang='lat' dir='ltr'><strong><em>et</em></strong></span> <span class='ocrx_word' id='word_1_50' title='bbox 1666 1224 1770 1263; x_wconf 88' lang='lat' dir='ltr'><strong><em>uo-</em></strong></span> 
     </span>
    </p>
   </div>
   <div class='ocr_carea' id='block_1_10' title="bbox 171 1301 1772 1372">
    <p class='ocr_par' dir='ltr' id='par_1_10' title="bbox 171 1301 1772 1372">
     <span class='ocr_line' id='line_1_10' title="bbox 171 1301 1772 1372; baseline -0.002 -12"><span class='ocrx_word' id='word_1_51' title='bbox 171 1303 252 1360; x_wconf 87' lang='lat' dir='ltr'><strong><em>bis</em></strong></span> <span class='ocrx_word' id='word_1_52' title='bbox 281 1303 349 1358; x_wconf 90' lang='lat' dir='ltr'><strong><em>ad</em></strong></span> <span class='ocrx_word' id='word_1_53' title='bbox 391 1301 600 1358; x_wconf 87' lang='lat' dir='ltr'><strong><em>laudem</em></strong></span> <span class='ocrx_word' id='word_1_54' title='bbox 644 1302 727 1357; x_wconf 92' lang='lat' dir='ltr'><strong><em>vel</em></strong></span> <span class='ocrx_word' id='word_1_55' title='bbox 775 1302 1120 1358; x_wconf 84' lang='lat' dir='ltr'><strong><em>stabilitatem</em></strong></span> <span class='ocrx_word' id='word_1_56' title='bbox 1170 1304 1320 1372; x_wconf 85' lang='lat' dir='ltr'><strong><em>regni</em></strong></span> <span class='ocrx_word' id='word_1_57' title='bbox 1367 1303 1536 1358; x_wconf 89' lang='lat' dir='ltr'><strong><em>nostri</em></strong></span> <span class='ocrx_word' id='word_1_58' title='bbox 1582 1305 1634 1358; x_wconf 93' lang='lat' dir='ltr'><strong><em>in</em></strong></span> <span class='ocrx_word' id='word_1_59' title='bbox 1676 1302 1772 1358; x_wconf 89' lang='lat' dir='ltr'><strong><em>Dei</em></strong></span> 
     </span>
    </p>
   </div>
   <div class='ocr_carea' id='block_1_11' title="bbox 173 1395 1773 1466">
    <p class='ocr_par' dir='ltr' id='par_1_11' title="bbox 173 1395 1773 1466">
     <span class='ocr_line' id='line_1_11' title="bbox 173 1395 1773 1466; baseline -0.001 -15"><span class='ocrx_word' id='word_1_60' title='bbox 173 1396 394 1452; x_wconf 89' lang='lat' dir='ltr'><strong><em>nomine</em></strong></span> <span class='ocrx_word' id='word_1_61' title='bbox 443 1395 713 1466; x_wconf 85' lang='lat' dir='ltr'><strong><em>pertinere</em></strong></span> <span class='ocrx_word' id='word_1_62' title='bbox 753 1395 1094 1452; x_wconf 88' lang='lat' dir='ltr'><strong><em>conﬁdinms.</em></strong></span> <span class='ocrx_word' id='word_1_63' title='bbox 1125 1395 1292 1466; x_wconf 81' lang='lat' dir='ltr'><strong><em>Igitur</em></strong></span> <span class='ocrx_word' id='word_1_64' title='bbox 1327 1397 1651 1452; x_wconf 86' lang='lat' dir='ltr'><strong><em>venerabilis</em></strong></span> <span class='ocrx_word' id='word_1_65' title='bbox 1690 1395 1773 1450; x_wconf 89' lang='lat' dir='ltr'><strong><em>vir</em></strong></span> 
     </span>
    </p>
   </div>
   <div class='ocr_carea' id='block_1_12' title="bbox 170 1492 1770 1562">
    <p class='ocr_par' dir='ltr' id='par_1_12' title="bbox 170 1492 1770 1562">
     <span class='ocr_line' id='line_1_12' title="bbox 170 1492 1770 1562; baseline -0.001 -14"><span class='ocrx_word' id='word_1_66' title='bbox 170 1494 577 1550; x_wconf 81' lang='lat' dir='ltr'><strong><em>Ercheutbodus</em></strong></span> <span class='ocrx_word' id='word_1_67' title='bbox 606 1493 743 1550; x_wconf 86' lang='lat' dir='ltr'><strong><em>abba</em></strong></span> <span class='ocrx_word' id='word_1_68' title='bbox 779 1495 847 1549; x_wconf 86' lang='lat' dir='ltr'><strong><em>de</em></strong></span> <span class='ocrx_word' id='word_1_69' title='bbox 876 1494 1207 1550; x_wconf 87' lang='lat' dir='ltr'><strong><em>monasterio</em></strong></span> <span class='ocrx_word' id='word_1_70' title='bbox 1249 1493 1420 1549; x_wconf 92' lang='lat' dir='ltr'><strong><em>Sitdiu</em></strong></span> <span class='ocrx_word' id='word_1_71' title='bbox 1440 1534 1454 1558; x_wconf 95' lang='lat'><strong><em>,</em></strong></span> <span class='ocrx_word' id='word_1_72' title='bbox 1486 1494 1578 1562; x_wconf 86' lang='lat' dir='ltr'><strong><em>qui</em></strong></span> <span class='ocrx_word' id='word_1_73' title='bbox 1605 1502 1689 1548; x_wconf 90' lang='lat' dir='ltr'><strong><em>est</em></strong></span> <span class='ocrx_word' id='word_1_74' title='bbox 1718 1492 1770 1546; x_wconf 90' lang='lat' dir='ltr'><strong><em>in</em></strong></span> 
     </span>
    </p>
   </div>
   <div class='ocr_carea' id='block_1_13' title="bbox 171 1584 1772 1660">
    <p class='ocr_par' dir='ltr' id='par_1_13' title="bbox 171 1584 1772 1660">
     <span class='ocr_line' id='line_1_13' title="bbox 171 1584 1772 1660; baseline -0.003 -18"><span class='ocrx_word' id='word_1_75' title='bbox 171 1603 314 1660; x_wconf 89' lang='lat' dir='ltr'><strong><em>pago</em></strong></span> <span class='ocrx_word' id='word_1_76' title='bbox 336 1587 725 1644; x_wconf 86' lang='lat' dir='ltr'><strong><em>Tervannense</em></strong></span> <span class='ocrx_word' id='word_1_77' title='bbox 745 1589 797 1642; x_wconf 92' lang='lat' dir='ltr'><strong><em>in</em></strong></span> <span class='ocrx_word' id='word_1_78' title='bbox 831 1587 1040 1643; x_wconf 89' lang='lat' dir='ltr'><strong><em>honore</em></strong></span> <span class='ocrx_word' id='word_1_79' title='bbox 1061 1595 1262 1641; x_wconf 73' lang='lat' dir='ltr'><strong><em>sancta:</em></strong></span> <span class='ocrx_word' id='word_1_80' title='bbox 1292 1586 1470 1640; x_wconf 66' lang='lat' dir='ltr'><strong><em>Mariae</em></strong></span> <span class='ocrx_word' id='word_1_81' title='bbox 1497 1584 1772 1654; x_wconf 79' lang='lat' dir='ltr'><strong><em>genitricis</em></strong></span> 
     </span>
    </p>
   </div>
   <div class='ocr_carea' id='block_1_14' title="bbox 173 1673 1774 1746">
    <p class='ocr_par' dir='ltr' id='par_1_14' title="bbox 173 1673 1774 1746">
     <span class='ocr_line' id='line_1_14' title="bbox 173 1673 1774 1746; baseline -0.004 -12"><span class='ocrx_word' id='word_1_82' title='bbox 173 1680 389 1734; x_wconf 82' lang='lat' dir='ltr'><strong><em>Domini</em></strong></span> <span class='ocrx_word' id='word_1_83' title='bbox 425 1679 593 1735; x_wconf 87' lang='lat' dir='ltr'><strong><em>nostri</em></strong></span> <span class='ocrx_word' id='word_1_84' title='bbox 633 1677 760 1732; x_wconf 86' lang='lat' dir='ltr'><strong><em>Jesu</em></strong></span> <span class='ocrx_word' id='word_1_85' title='bbox 789 1678 1010 1746; x_wconf 90' lang='lat' dir='ltr'><strong><em>Christi,</em></strong></span> <span class='ocrx_word' id='word_1_86' title='bbox 1043 1693 1144 1734; x_wconf 92' lang='lat' dir='ltr'><strong><em>nec</em></strong></span> <span class='ocrx_word' id='word_1_87' title='bbox 1188 1692 1294 1732; x_wconf 92' lang='lat' dir='ltr'><strong><em>non</em></strong></span> <span class='ocrx_word' id='word_1_88' title='bbox 1324 1685 1381 1731; x_wconf 80' lang='lat' dir='ltr'><strong><em>et</em></strong></span> <span class='ocrx_word' id='word_1_89' title='bbox 1426 1677 1596 1732; x_wconf 91' lang='lat' dir='ltr'><strong><em>sancti</em></strong></span> <span class='ocrx_word' id='word_1_90' title='bbox 1627 1673 1774 1729; x_wconf 89' lang='lat' dir='ltr'><strong><em>Petri</em></strong></span> 
     </span>
    </p>
   </div>
   <div class='ocr_carea' id='block_1_15' title="bbox 169 1770 1775 1841">
    <p class='ocr_par' dir='ltr' id='par_1_15' title="bbox 169 1770 1775 1841">
     <span class='ocr_line' id='line_1_15' title="bbox 169 1770 1775 1841; baseline -0.005 -13"><span class='ocrx_word' id='word_1_91' title='bbox 169 1785 222 1828; x_wconf 89' lang='lat' dir='ltr'><strong><em>et</em></strong></span> <span class='ocrx_word' id='word_1_92' title='bbox 254 1772 407 1827; x_wconf 82' lang='lat' dir='ltr'><strong><em>Pauli</em></strong></span> <span class='ocrx_word' id='word_1_93' title='bbox 439 1771 830 1841; x_wconf 88' lang='lat' dir='ltr'><strong><em>apostolorum,</em></strong></span> <span class='ocrx_word' id='word_1_94' title='bbox 854 1771 937 1826; x_wconf 90' lang='lat' dir='ltr'><strong><em>vel</em></strong></span> <span class='ocrx_word' id='word_1_95' title='bbox 968 1778 1275 1826; x_wconf 86' lang='lat' dir='ltr'><strong><em>ceterorum</em></strong></span> <span class='ocrx_word' id='word_1_96' title='bbox 1303 1770 1629 1824; x_wconf 87' lang='lat' dir='ltr'><strong><em>domnorum</em></strong></span> <span class='ocrx_word' id='word_1_97' title='bbox 1650 1783 1775 1822; x_wconf 86' lang='lat' dir='ltr'><strong><em>san-</em></strong></span> 
     </span>
    </p>
   </div>
   <div class='ocr_carea' id='block_1_16' title="bbox 168 1860 1773 1930">
    <p class='ocr_par' dir='ltr' id='par_1_16' title="bbox 168 1860 1773 1930">
     <span class='ocr_line' id='line_1_16' title="bbox 168 1860 1773 1930; baseline -0.004 -12"><span class='ocrx_word' id='word_1_98' title='bbox 168 1876 384 1918; x_wconf 90' lang='lat' dir='ltr'><strong><em>ctorum</em></strong></span> <span class='ocrx_word' id='word_1_99' title='bbox 435 1871 796 1930; x_wconf 90' lang='lat' dir='ltr'><strong><em>constructus,</em></strong></span> <span class='ocrx_word' id='word_1_100' title='bbox 842 1863 908 1917; x_wconf 90' lang='lat' dir='ltr'><strong><em>ad</em></strong></span> <span class='ocrx_word' id='word_1_101' title='bbox 959 1871 1201 1918; x_wconf 87' lang='lat' dir='ltr'><strong><em>nostram</em></strong></span> <span class='ocrx_word' id='word_1_102' title='bbox 1233 1860 1500 1916; x_wconf 87' lang='lat' dir='ltr'><strong><em>accedens</em></strong></span> <span class='ocrx_word' id='word_1_103' title='bbox 1539 1875 1773 1929; x_wconf 67' lang='lat' dir='ltr'><strong><em>prmsen-</em></strong></span> 
     </span>
    </p>
   </div>
   <div class='ocr_carea' id='block_1_17' title="bbox 170 1953 1774 2025">
    <p class='ocr_par' dir='ltr' id='par_1_17' title="bbox 170 1953 1774 2025">
     <span class='ocr_line' id='line_1_17' title="bbox 170 1953 1774 2025; baseline -0.002 -15"><span class='ocrx_word' id='word_1_104' title='bbox 170 1959 326 2025; x_wconf 89' lang='lat' dir='ltr'><strong><em>tiam,</em></strong></span> <span class='ocrx_word' id='word_1_105' title='bbox 371 1957 674 2013; x_wconf 68' lang='lat' dir='ltr'><strong><em>clementia:</em></strong></span> <span class='ocrx_word' id='word_1_106' title='bbox 725 1957 874 2024; x_wconf 82' lang='lat' dir='ltr'><strong><em>regni</em></strong></span> <span class='ocrx_word' id='word_1_107' title='bbox 920 1956 1088 2010; x_wconf 88' lang='lat' dir='ltr'><strong><em>nostri</em></strong></span> <span class='ocrx_word' id='word_1_108' title='bbox 1138 1953 1403 2022; x_wconf 77' lang='lat' dir='ltr'><strong><em>suggessit</em></strong></span> <span class='ocrx_word' id='word_1_109' title='bbox 1451 1953 1593 2023; x_wconf 92' lang='lat' dir='ltr'><strong><em>quod</em></strong></span> <span class='ocrx_word' id='word_1_110' title='bbox 1644 1968 1774 2007; x_wconf 83' lang='lat' dir='ltr'><strong><em>avus</em></strong></span> 
     </span>
    </p>
   </div>
   <div class='ocr_carea' id='block_1_18' title="bbox 166 2046 1775 2117">
    <p class='ocr_par' dir='ltr' id='par_1_18' title="bbox 166 2046 1775 2117">
     <span class='ocr_line' id='line_1_18' title="bbox 166 2046 1775 2117; baseline -0.002 -15"><span class='ocrx_word' id='word_1_111' title='bbox 166 2058 362 2104; x_wconf 89' lang='lat' dir='ltr'><strong><em>uoster</em></strong></span> <span class='ocrx_word' id='word_1_112' title='bbox 393 2049 754 2114; x_wconf 73' lang='lat' dir='ltr'><strong><em>(Ihlodoveus,</em></strong></span> <span class='ocrx_word' id='word_1_113' title='bbox 781 2047 1054 2117; x_wconf 82' lang='lat' dir='ltr'><strong><em>quondam</em></strong></span> <span class='ocrx_word' id='word_1_114' title='bbox 1083 2063 1200 2110; x_wconf 78' lang='lat' dir='ltr'><strong><em>rex,</em></strong></span> <span class='ocrx_word' id='word_1_115' title='bbox 1233 2046 1299 2102; x_wconf 91' lang='lat' dir='ltr'><strong><em>de</em></strong></span> <span class='ocrx_word' id='word_1_116' title='bbox 1328 2046 1579 2102; x_wconf 88' lang='lat' dir='ltr'><strong><em>omnibus</em></strong></span> <span class='ocrx_word' id='word_1_117' title='bbox 1608 2046 1775 2101; x_wconf 88' lang='lat' dir='ltr'><strong><em>curtis</em></strong></span> 
     </span>
    </p>
   </div>
   <div class='ocr_carea' id='block_1_19' title="bbox 166 2139 1776 2210">
    <p class='ocr_par' dir='ltr' id='par_1_19' title="bbox 166 2139 1776 2210">
     <span class='ocr_line' id='line_1_19' title="bbox 166 2139 1776 2210; baseline -0.001 -14"><span class='ocrx_word' id='word_1_118' title='bbox 166 2142 256 2198; x_wconf 93' lang='lat' dir='ltr'><strong><em>vel</em></strong></span> <span class='ocrx_word' id='word_1_119' title='bbox 289 2142 430 2197; x_wconf 86' lang='lat' dir='ltr'><strong><em>villis</em></strong></span> <span class='ocrx_word' id='word_1_120' title='bbox 463 2141 630 2210; x_wconf 85' lang='lat' dir='ltr'><strong><em>ipsius</em></strong></span> <span class='ocrx_word' id='word_1_121' title='bbox 660 2140 998 2206; x_wconf 84' lang='lat' dir='ltr'><strong><em>monasterii,</em></strong></span> <span class='ocrx_word' id='word_1_122' title='bbox 1027 2139 1282 2209; x_wconf 88' lang='lat' dir='ltr'><strong><em>quicquid</em></strong></span> <span class='ocrx_word' id='word_1_123' title='bbox 1311 2140 1499 2195; x_wconf 89' lang='lat' dir='ltr'><strong><em>eodem</em></strong></span> <span class='ocrx_word' id='word_1_124' title='bbox 1530 2147 1776 2208; x_wconf 88' lang='lat' dir='ltr'><strong><em>tempore</em></strong></span> 
     </span>
    </p>
   </div>
   <div class='ocr_carea' id='block_1_20' title="bbox 164 2233 1772 2305">
    <p class='ocr_par' dir='ltr' id='par_1_20' title="bbox 164 2233 1772 2305">
     <span class='ocr_line' id='line_1_20' title="bbox 164 2233 1772 2305; baseline -0.002 -17"><span class='ocrx_word' id='word_1_125' title='bbox 164 2233 544 2305; x_wconf 84' lang='lat' dir='ltr'><strong><em>possidebant,</em></strong></span> <span class='ocrx_word' id='word_1_126' title='bbox 592 2241 685 2287; x_wconf 88' lang='lat' dir='ltr'><strong><em>aut</em></strong></span> <span class='ocrx_word' id='word_1_127' title='bbox 729 2233 904 2286; x_wconf 90' lang='lat' dir='ltr'><strong><em>adhuc</em></strong></span> <span class='ocrx_word' id='word_1_128' title='bbox 952 2233 1172 2286; x_wconf 88' lang='lat' dir='ltr'><strong><em>inautea</em></strong></span> <span class='ocrx_word' id='word_1_129' title='bbox 1215 2249 1282 2286; x_wconf 78' lang='lat' dir='ltr'><strong><em>ex</em></strong></span> <span class='ocrx_word' id='word_1_130' title='bbox 1311 2247 1537 2286; x_wconf 89' lang='lat' dir='ltr'><strong><em>munere</em></strong></span> <span class='ocrx_word' id='word_1_131' title='bbox 1563 2245 1772 2299; x_wconf 89' lang='lat' dir='ltr'><strong><em>regum,</em></strong></span> 
     </span>
    </p>
   </div>
   <div class='ocr_carea' id='block_1_21' title="bbox 164 2323 1778 2395">
    <p class='ocr_par' dir='ltr' id='par_1_21' title="bbox 164 2323 1778 2395">
     <span class='ocr_line' id='line_1_21' title="bbox 164 2323 1778 2395; baseline -0.001 -17"><span class='ocrx_word' id='word_1_132' title='bbox 164 2326 255 2379; x_wconf 87' lang='lat' dir='ltr'><strong><em>vel</em></strong></span> <span class='ocrx_word' id='word_1_133' title='bbox 281 2325 480 2380; x_wconf 89' lang='lat' dir='ltr'><strong><em>collata</em></strong></span> <span class='ocrx_word' id='word_1_134' title='bbox 508 2323 712 2394; x_wconf 87' lang='lat' dir='ltr'><strong><em>populi,</em></strong></span> <span class='ocrx_word' id='word_1_135' title='bbox 737 2340 832 2379; x_wconf 91' lang='lat' dir='ltr'><strong><em>seu</em></strong></span> <span class='ocrx_word' id='word_1_136' title='bbox 861 2325 927 2378; x_wconf 94' lang='lat' dir='ltr'><strong><em>de</em></strong></span> <span class='ocrx_word' id='word_1_137' title='bbox 956 2333 1293 2395; x_wconf 88' lang='lat' dir='ltr'><strong><em>comparato,</em></strong></span> <span class='ocrx_word' id='word_1_138' title='bbox 1324 2332 1415 2378; x_wconf 90' lang='lat' dir='ltr'><strong><em>aut</em></strong></span> <span class='ocrx_word' id='word_1_139' title='bbox 1444 2323 1512 2378; x_wconf 92' lang='lat' dir='ltr'><strong><em>de</em></strong></span> <span class='ocrx_word' id='word_1_140' title='bbox 1535 2323 1778 2392; x_wconf 90' lang='lat' dir='ltr'><strong><em>qualibet</em></strong></span> 
     </span>
    </p>
   </div>
   <div class='ocr_carea' id='block_1_22' title="bbox 163 2414 1776 2486">
    <p class='ocr_par' dir='ltr' id='par_1_22' title="bbox 163 2414 1776 2486">
     <span class='ocr_line' id='line_1_22' title="bbox 163 2414 1776 2486; baseline -0.002 -14"><span class='ocrx_word' id='word_1_141' title='bbox 163 2419 420 2472; x_wconf 88' lang='lat' dir='ltr'><strong><em>adtracto</em></strong></span> <span class='ocrx_word' id='word_1_142' title='bbox 452 2419 504 2470; x_wconf 91' lang='lat' dir='ltr'><strong><em>in</em></strong></span> <span class='ocrx_word' id='word_1_143' title='bbox 536 2417 868 2486; x_wconf 82' lang='lat' dir='ltr'><strong><em>quibuslibet</em></strong></span> <span class='ocrx_word' id='word_1_144' title='bbox 916 2416 1065 2486; x_wconf 85' lang='lat' dir='ltr'><strong><em>pagis</em></strong></span> <span class='ocrx_word' id='word_1_145' title='bbox 1105 2425 1266 2485; x_wconf 89' lang='lat' dir='ltr'><strong><em>atque</em></strong></span> <span class='ocrx_word' id='word_1_146' title='bbox 1309 2414 1596 2470; x_wconf 87' lang='lat' dir='ltr'><strong><em>territoriis</em></strong></span> <span class='ocrx_word' id='word_1_147' title='bbox 1646 2415 1776 2468; x_wconf 88' lang='lat' dir='ltr'><strong><em>inibi</em></strong></span> 
     </span>
    </p>
   </div>
   <div class='ocr_carea' id='block_1_23' title="bbox 163 2505 1774 2575">
    <p class='ocr_par' dir='ltr' id='par_1_23' title="bbox 163 2505 1774 2575">
     <span class='ocr_line' id='line_1_23' title="bbox 163 2505 1774 2575; baseline -0.001 -12"><span class='ocrx_word' id='word_1_148' title='bbox 163 2517 250 2563; x_wconf 92' lang='lat' dir='ltr'><strong><em>est</em></strong></span> <span class='ocrx_word' id='word_1_149' title='bbox 280 2507 523 2561; x_wconf 83' lang='lat' dir='ltr'><strong><em>additum</em></strong></span> <span class='ocrx_word' id='word_1_150' title='bbox 546 2505 630 2561; x_wconf 91' lang='lat' dir='ltr'><strong><em>vel</em></strong></span> <span class='ocrx_word' id='word_1_151' title='bbox 658 2507 938 2571; x_wconf 89' lang='lat' dir='ltr'><strong><em>collatum,</em></strong></span> <span class='ocrx_word' id='word_1_152' title='bbox 969 2506 1178 2575; x_wconf 87' lang='lat' dir='ltr'><strong><em>integra</em></strong></span> <span class='ocrx_word' id='word_1_153' title='bbox 1200 2505 1498 2561; x_wconf 86' lang='lat' dir='ltr'><strong><em>emunitate</em></strong></span> <span class='ocrx_word' id='word_1_154' title='bbox 1525 2516 1774 2561; x_wconf 88' lang='lat' dir='ltr'><strong><em>anteces-</em></strong></span> 
     </span>
    </p>
   </div>
   <div class='ocr_carea' id='block_1_24' title="bbox 159 2599 1777 2671">
    <p class='ocr_par' dir='ltr' id='par_1_24' title="bbox 159 2599 1777 2671">
     <span class='ocr_line' id='line_1_24' title="bbox 159 2599 1777 2671; baseline -0.002 -13"><span class='ocrx_word' id='word_1_155' title='bbox 159 2604 280 2658; x_wconf 90' lang='lat' dir='ltr'><strong><em>sori</em></strong></span> <span class='ocrx_word' id='word_1_156' title='bbox 310 2618 414 2657; x_wconf 91' lang='lat' dir='ltr'><strong><em>suo</em></strong></span> <span class='ocrx_word' id='word_1_157' title='bbox 445 2603 645 2656; x_wconf 91' lang='lat' dir='ltr'><strong><em>domno</em></strong></span> <span class='ocrx_word' id='word_1_158' title='bbox 679 2599 916 2665; x_wconf 87' lang='lat' dir='ltr'><strong><em>Bertino,</em></strong></span> <span class='ocrx_word' id='word_1_159' title='bbox 949 2601 1222 2671; x_wconf 85' lang='lat' dir='ltr'><strong><em>quondam</em></strong></span> <span class='ocrx_word' id='word_1_160' title='bbox 1254 2601 1419 2670; x_wconf 80' lang='lat' dir='ltr'><strong><em>ipsius</em></strong></span> <span class='ocrx_word' id='word_1_161' title='bbox 1463 2600 1777 2654; x_wconf 86' lang='lat' dir='ltr'><strong><em>monasterii</em></strong></span> 
     </span>
    </p>
   </div>
   <div class='ocr_carea' id='block_1_25' title="bbox 161 2694 1778 2765">
    <p class='ocr_par' dir='ltr' id='par_1_25' title="bbox 161 2694 1778 2765">
     <span class='ocr_line' id='line_1_25' title="bbox 161 2694 1778 2765; baseline -0.002 -14"><span class='ocrx_word' id='word_1_162' title='bbox 161 2698 392 2762; x_wconf 86' lang='lat' dir='ltr'><strong><em>abbate,</em></strong></span> <span class='ocrx_word' id='word_1_163' title='bbox 421 2696 506 2752; x_wconf 86' lang='lat' dir='ltr'><strong><em>vel</em></strong></span> <span class='ocrx_word' id='word_1_164' title='bbox 534 2695 599 2749; x_wconf 90' lang='lat' dir='ltr'><strong><em>ad</em></strong></span> <span class='ocrx_word' id='word_1_165' title='bbox 631 2694 950 2765; x_wconf 76' lang='lat' dir='ltr'><strong><em>praedictum</em></strong></span> <span class='ocrx_word' id='word_1_166' title='bbox 976 2695 1363 2750; x_wconf 81' lang='lat' dir='ltr'><strong><em>monasterium</em></strong></span> <span class='ocrx_word' id='word_1_167' title='bbox 1391 2696 1778 2763; x_wconf 86' lang='lat' dir='ltr'><strong><em>concessisset,</em></strong></span> 
     </span>
    </p>
   </div>
   <div class='ocr_carea' id='block_1_26' title="bbox 160 2788 1777 2860">
    <p class='ocr_par' dir='ltr' id='par_1_26' title="bbox 160 2788 1777 2860">
     <span class='ocr_line' id='line_1_26' title="bbox 160 2788 1777 2860; baseline -0.002 -14"><span class='ocrx_word' id='word_1_168' title='bbox 160 2799 222 2846; x_wconf 89' lang='lat' dir='ltr'><strong><em>ut</em></strong></span> <span class='ocrx_word' id='word_1_169' title='bbox 257 2791 442 2846; x_wconf 90' lang='lat' dir='ltr'><strong><em>nullus</em></strong></span> <span class='ocrx_word' id='word_1_170' title='bbox 468 2790 630 2860; x_wconf 80' lang='lat' dir='ltr'><strong><em>judex</em></strong></span> <span class='ocrx_word' id='word_1_171' title='bbox 665 2789 910 2858; x_wconf 89' lang='lat' dir='ltr'><strong><em>publicus</em></strong></span> <span class='ocrx_word' id='word_1_172' title='bbox 935 2789 1130 2843; x_wconf 87' lang='lat' dir='ltr'><strong><em>ibidem</em></strong></span> <span class='ocrx_word' id='word_1_173' title='bbox 1155 2788 1222 2842; x_wconf 89' lang='lat' dir='ltr'><strong><em>ad</em></strong></span> <span class='ocrx_word' id='word_1_174' title='bbox 1244 2805 1435 2844; x_wconf 86' lang='lat' dir='ltr'><strong><em>causas</em></strong></span> <span class='ocrx_word' id='word_1_175' title='bbox 1459 2789 1777 2857; x_wconf 88' lang='lat' dir='ltr'><strong><em>audiendas,</em></strong></span> 
     </span>
    </p>
   </div>
   <div class='ocr_carea' id='block_1_27' title="bbox 158 2881 1781 2952">
    <p class='ocr_par' dir='ltr' id='par_1_27' title="bbox 158 2881 1781 2952">
     <span class='ocr_line' id='line_1_27' title="bbox 158 2881 1781 2952; baseline -0.003 -12"><span class='ocrx_word' id='word_1_176' title='bbox 158 2894 263 2940; x_wconf 85' lang='lat' dir='ltr'><strong><em>aut</em></strong></span> <span class='ocrx_word' id='word_1_177' title='bbox 294 2885 434 2939; x_wconf 74' lang='lat' dir='ltr'><strong><em>freta</em></strong></span> <span class='ocrx_word' id='word_1_178' title='bbox 463 2883 785 2949; x_wconf 85' lang='lat' dir='ltr'><strong><em>exactanda,</em></strong></span> <span class='ocrx_word' id='word_1_179' title='bbox 817 2883 896 2937; x_wconf 89' lang='lat' dir='ltr'><strong><em>vel</em></strong></span> <span class='ocrx_word' id='word_1_180' title='bbox 943 2881 1306 2952; x_wconf 80' lang='lat' dir='ltr'><strong><em>ﬁdeijussorcs</em></strong></span> <span class='ocrx_word' id='word_1_181' title='bbox 1361 2882 1648 2948; x_wconf 90' lang='lat' dir='ltr'><strong><em>tollendos,</em></strong></span> <span class='ocrx_word' id='word_1_182' title='bbox 1681 2897 1781 2936; x_wconf 90' lang='lat' dir='ltr'><strong><em>nec</em></strong></span> 
     </span>
    </p>
   </div>
   <div class='ocr_carea' id='block_1_28' title="bbox 156 2972 1779 3045">
    <p class='ocr_par' dir='ltr' id='par_1_28' title="bbox 156 2972 1779 3045">
     <span class='ocr_line' id='line_1_28' title="bbox 156 2972 1779 3045; baseline -0.004 -12"><span class='ocrx_word' id='word_1_183' title='bbox 156 2977 490 3033; x_wconf 88' lang='lat' dir='ltr'><strong><em>mansiones</em></strong></span> <span class='ocrx_word' id='word_1_184' title='bbox 519 2984 612 3030; x_wconf 91' lang='lat' dir='ltr'><strong><em>aut</em></strong></span> <span class='ocrx_word' id='word_1_185' title='bbox 641 2983 856 3045; x_wconf 78' lang='lat' dir='ltr'><strong><em>paratas</em></strong></span> <span class='ocrx_word' id='word_1_186' title='bbox 887 2973 1181 3040; x_wconf 81' lang='lat' dir='ltr'><strong><em>faciendas,</em></strong></span> <span class='ocrx_word' id='word_1_187' title='bbox 1212 2989 1312 3028; x_wconf 90' lang='lat' dir='ltr'><strong><em>nec</em></strong></span> <span class='ocrx_word' id='word_1_188' title='bbox 1340 2973 1585 3026; x_wconf 87' lang='lat' dir='ltr'><strong><em>homines</em></strong></span> <span class='ocrx_word' id='word_1_189' title='bbox 1614 2972 1779 3040; x_wconf 89' lang='lat' dir='ltr'><strong><em>ipsius</em></strong></span> 
     </span>
    </p>
   </div>
   <div class='ocr_carea' id='block_1_29' title="bbox 159 3067 1778 3137">
    <p class='ocr_par' dir='ltr' id='par_1_29' title="bbox 159 3067 1778 3137">
     <span class='ocr_line' id='line_1_29' title="bbox 159 3067 1778 3137; baseline -0.003 -12"><span class='ocrx_word' id='word_1_190' title='bbox 159 3070 518 3134; x_wconf 86' lang='lat' dir='ltr'><strong><em>monasterii,</em></strong></span> <span class='ocrx_word' id='word_1_191' title='bbox 550 3078 659 3123; x_wconf 87' lang='lat' dir='ltr'><strong><em>tam</em></strong></span> <span class='ocrx_word' id='word_1_192' title='bbox 683 3069 943 3137; x_wconf 86' lang='lat' dir='ltr'><strong><em>ingenuos</em></strong></span> <span class='ocrx_word' id='word_1_193' title='bbox 960 3084 1119 3136; x_wconf 81' lang='lat' dir='ltr'><strong><em>quam</em></strong></span> <span class='ocrx_word' id='word_1_194' title='bbox 1143 3075 1196 3121; x_wconf 86' lang='lat' dir='ltr'><strong><em>et</em></strong></span> <span class='ocrx_word' id='word_1_195' title='bbox 1220 3067 1540 3132; x_wconf 85' lang='lat' dir='ltr'><strong><em>servientes,</em></strong></span> <span class='ocrx_word' id='word_1_196' title='bbox 1563 3068 1652 3134; x_wconf 85' lang='lat' dir='ltr'><strong><em>qui</em></strong></span> <span class='ocrx_word' id='word_1_197' title='bbox 1684 3082 1778 3120; x_wconf 87' lang='lat' dir='ltr'><strong><em>su-</em></strong></span> 
     </span>
    </p>
   </div>
   <div class='ocr_carea' id='block_1_30' title="bbox 153 3159 1780 3236">
    <p class='ocr_par' dir='ltr' id='par_1_30' title="bbox 153 3159 1780 3236">
     <span class='ocr_line' id='line_1_30' title="bbox 153 3159 1780 3236; baseline -0.007 -14"><span class='ocrx_word' id='word_1_198' title='bbox 153 3182 264 3236; x_wconf 91' lang='lat' dir='ltr'><strong><em>per</em></strong></span> <span class='ocrx_word' id='word_1_199' title='bbox 298 3174 480 3219; x_wconf 89' lang='lat' dir='ltr'><strong><em>terras</em></strong></span> <span class='ocrx_word' id='word_1_200' title='bbox 507 3179 633 3219; x_wconf 86' lang='lat' dir='ltr'><strong><em>suas</em></strong></span> <span class='ocrx_word' id='word_1_201' title='bbox 678 3172 1039 3225; x_wconf 88' lang='lat' dir='ltr'><strong><em>conunanent,</em></strong></span> <span class='ocrx_word' id='word_1_202' title='bbox 1071 3159 1486 3229; x_wconf 86' lang='lat' dir='ltr'><strong><em>distringendos,</em></strong></span> <span class='ocrx_word' id='word_1_203' title='bbox 1517 3175 1616 3214; x_wconf 90' lang='lat' dir='ltr'><strong><em>nec</em></strong></span> <span class='ocrx_word' id='word_1_204' title='bbox 1645 3159 1780 3211; x_wconf 88' lang='lat' dir='ltr'><strong><em>ullas</em></strong></span> 
     </span>
    </p>
   </div>
   <div class='ocr_carea' id='block_1_31' title="bbox 151 3254 1779 3327">
    <p class='ocr_par' dir='ltr' id='par_1_31' title="bbox 151 3254 1779 3327">
     <span class='ocr_line' id='line_1_31' title="bbox 151 3254 1779 3327; baseline -0.004 -13"><span class='ocrx_word' id='word_1_205' title='bbox 151 3259 528 3315; x_wconf 90' lang='lat' dir='ltr'><strong><em>redibitiones</em></strong></span> <span class='ocrx_word' id='word_1_206' title='bbox 561 3257 910 3327; x_wconf 87' lang='lat' dir='ltr'><strong><em>requirendas</em></strong></span> <span class='ocrx_word' id='word_1_207' title='bbox 930 3299 944 3321; x_wconf 89' lang='lat'><strong><em>,</em></strong></span> <span class='ocrx_word' id='word_1_208' title='bbox 977 3273 1077 3312; x_wconf 87' lang='lat' dir='ltr'><strong><em>nec</em></strong></span> <span class='ocrx_word' id='word_1_209' title='bbox 1105 3259 1465 3320; x_wconf 85' lang='lat' dir='ltr'><strong><em>exactandas,</em></strong></span> <span class='ocrx_word' id='word_1_210' title='bbox 1496 3254 1779 3323; x_wconf 88' lang='lat' dir='ltr'><strong><em>judiciaria</em></strong></span> 
     </span>
    </p>
   </div>
   <div class='ocr_carea' id='block_1_32' title="bbox 151 3350 1777 3425">
    <p class='ocr_par' dir='ltr' id='par_1_32' title="bbox 151 3350 1777 3425">
     <span class='ocr_line' id='line_1_32' title="bbox 151 3350 1777 3425; baseline -0.004 -17"><span class='ocrx_word' id='word_1_211' title='bbox 151 3363 422 3425; x_wconf 82' lang='lat' dir='ltr'><strong><em>potestas</em></strong></span> <span class='ocrx_word' id='word_1_212' title='bbox 466 3352 663 3407; x_wconf 88' lang='lat' dir='ltr'><strong><em>ibidem</em></strong></span> <span class='ocrx_word' id='word_1_213' title='bbox 716 3350 998 3420; x_wconf 83' lang='lat' dir='ltr'><strong><em>ingredere</em></strong></span> <span class='ocrx_word' id='word_1_214' title='bbox 1046 3364 1318 3419; x_wconf 85' lang='lat' dir='ltr'><strong><em>quoquam</em></strong></span> <span class='ocrx_word' id='word_1_215' title='bbox 1374 3359 1621 3419; x_wconf 89' lang='lat' dir='ltr'><strong><em>tempore</em></strong></span> <span class='ocrx_word' id='word_1_216' title='bbox 1668 3364 1777 3403; x_wconf 90' lang='lat' dir='ltr'><strong><em>non</em></strong></span> 
     </span>
    </p>
   </div>
   <div class='ocr_carea' id='block_1_33' title="bbox 149 3443 1775 3513">
    <p class='ocr_par' dir='ltr' id='par_1_33' title="bbox 149 3443 1775 3513">
     <span class='ocr_line' id='line_1_33' title="bbox 149 3443 1775 3513; baseline -0.004 -10"><span class='ocrx_word' id='word_1_217' title='bbox 149 3448 424 3513; x_wconf 86' lang='lat' dir='ltr'><strong><em>deberet,</em></strong></span> <span class='ocrx_word' id='word_1_218' title='bbox 476 3445 576 3500; x_wconf 90' lang='lat' dir='ltr'><strong><em>nisi</em></strong></span> <span class='ocrx_word' id='word_1_219' title='bbox 609 3445 709 3501; x_wconf 92' lang='lat' dir='ltr'><strong><em>sub</em></strong></span> <span class='ocrx_word' id='word_1_220' title='bbox 752 3444 1063 3499; x_wconf 85' lang='lat' dir='ltr'><strong><em>emunitatis</em></strong></span> <span class='ocrx_word' id='word_1_221' title='bbox 1094 3458 1290 3497; x_wconf 86' lang='lat' dir='ltr'><strong><em>nomen</em></strong></span> <span class='ocrx_word' id='word_1_222' title='bbox 1323 3443 1470 3497; x_wconf 91' lang='lat' dir='ltr'><strong><em>omni</em></strong></span> <span class='ocrx_word' id='word_1_223' title='bbox 1510 3451 1775 3512; x_wconf 88' lang='lat' dir='ltr'><strong><em>temporc,</em></strong></span> 
     </span>
    </p>
   </div>
   <div class='ocr_carea' id='block_1_34' title="bbox 148 3534 1778 3605">
    <p class='ocr_par' dir='ltr' id='par_1_34' title="bbox 148 3534 1778 3605">
     <span class='ocr_line' id='line_1_34' title="bbox 148 3534 1778 3605; baseline -0.006 -9"><span class='ocrx_word' id='word_1_224' title='bbox 148 3555 287 3596; x_wconf 85' lang='lat' dir='ltr'><strong><em>cum</em></strong></span> <span class='ocrx_word' id='word_1_225' title='bbox 325 3553 525 3592; x_wconf 89' lang='lat' dir='ltr'><strong><em>omnes</em></strong></span> <span class='ocrx_word' id='word_1_226' title='bbox 569 3537 734 3590; x_wconf 77' lang='lat' dir='ltr'><strong><em>fretas</em></strong></span> <span class='ocrx_word' id='word_1_227' title='bbox 781 3550 1070 3591; x_wconf 83' lang='lat' dir='ltr'><strong><em>concessas</em></strong></span> <span class='ocrx_word' id='word_1_228' title='bbox 1118 3551 1243 3605; x_wconf 88' lang='lat' dir='ltr'><strong><em>pars</em></strong></span> <span class='ocrx_word' id='word_1_229' title='bbox 1273 3536 1437 3603; x_wconf 87' lang='lat' dir='ltr'><strong><em>ipsius</em></strong></span> <span class='ocrx_word' id='word_1_230' title='bbox 1462 3534 1778 3589; x_wconf 88' lang='lat' dir='ltr'><strong><em>monasterii</em></strong></span> 
     </span>
    </p>
   </div>
   <div class='ocr_carea' id='block_1_35' title="bbox 146 3626 1782 3701">
    <p class='ocr_par' dir='ltr' id='par_1_35' title="bbox 146 3626 1782 3701">
     <span class='ocr_line' id='line_1_35' title="bbox 146 3626 1782 3701; baseline -0.003 -15"><span class='ocrx_word' id='word_1_231' title='bbox 146 3630 494 3701; x_wconf 80' lang='lat' dir='ltr'><strong><em>perenniter</em></strong></span> <span class='ocrx_word' id='word_1_232' title='bbox 521 3627 746 3683; x_wconf 88' lang='lat' dir='ltr'><strong><em>deberet</em></strong></span> <span class='ocrx_word' id='word_1_233' title='bbox 777 3627 1072 3697; x_wconf 87' lang='lat' dir='ltr'><strong><em>possidere.</em></strong></span> <span class='ocrx_word' id='word_1_234' title='bbox 1109 3626 1259 3682; x_wconf 89' lang='lat' dir='ltr'><strong><em>Unde</em></strong></span> <span class='ocrx_word' id='word_1_235' title='bbox 1288 3634 1344 3682; x_wconf 89' lang='lat' dir='ltr'><strong><em>et</em></strong></span> <span class='ocrx_word' id='word_1_236' title='bbox 1388 3627 1782 3696; x_wconf 52' lang='lat' dir='ltr'><strong><em>pret-cptiones</em></strong></span> 
     </span>
    </p>
   </div>
   <div class='ocr_carea' id='block_1_36' title="bbox 143 3716 1782 3794">
    <p class='ocr_par' dir='ltr' id='par_1_36' title="bbox 143 3716 1782 3794">
     <span class='ocr_line' id='line_1_36' title="bbox 143 3716 1782 3794; baseline -0.005 -15"><span class='ocrx_word' id='word_1_237' title='bbox 143 3723 340 3794; x_wconf 90' lang='lat' dir='ltr'><strong><em>ipsius</em></strong></span> <span class='ocrx_word' id='word_1_238' title='bbox 395 3719 642 3776; x_wconf 80' lang='lat' dir='ltr'><strong><em>videlicet</em></strong></span> <span class='ocrx_word' id='word_1_239' title='bbox 684 3718 942 3788; x_wconf 85' lang='lat' dir='ltr'><strong><em>principis</em></strong></span> <span class='ocrx_word' id='word_1_240' title='bbox 993 3717 1076 3771; x_wconf 92' lang='lat' dir='ltr'><strong><em>avi</em></strong></span> <span class='ocrx_word' id='word_1_241' title='bbox 1126 3717 1294 3771; x_wconf 90' lang='lat' dir='ltr'><strong><em>nostri</em></strong></span> <span class='ocrx_word' id='word_1_242' title='bbox 1345 3716 1673 3781; x_wconf 85' lang='lat' dir='ltr'><strong><em>Chlodovei,</em></strong></span> <span class='ocrx_word' id='word_1_243' title='bbox 1727 3724 1782 3771; x_wconf 91' lang='lat' dir='ltr'><strong><em>et</em></strong></span> 
     </span>
    </p>
   </div>
   <div class='ocr_carea' id='block_1_37' title="bbox 143 3808 1781 3878">
    <p class='ocr_par' dir='ltr' id='par_1_37' title="bbox 143 3808 1781 3878">
     <span class='ocr_line' id='line_1_37' title="bbox 143 3808 1781 3878; baseline -0.007 -7"><span class='ocrx_word' id='word_1_244' title='bbox 143 3811 615 3871; x_wconf 85' lang='lat' dir='ltr'><strong><em>conﬁrmationes</em></strong></span> <span class='ocrx_word' id='word_1_245' title='bbox 646 3809 1022 3878; x_wconf 67' lang='lat' dir='ltr'><strong><em>prmcelsorum</em></strong></span> <span class='ocrx_word' id='word_1_246' title='bbox 1053 3808 1438 3864; x_wconf 88' lang='lat' dir='ltr'><strong><em>avunculormn</em></strong></span> <span class='ocrx_word' id='word_1_247' title='bbox 1473 3817 1781 3864; x_wconf 87' lang='lat' dir='ltr'><strong><em>nostrorum</em></strong></span> 
     </span>
    </p>
   </div>
   <div class='ocr_carea' id='block_1_38' title="bbox 140 3898 1778 3968">
    <p class='ocr_par' dir='ltr' id='par_1_38' title="bbox 140 3898 1778 3968">
     <span class='ocr_line' id='line_1_38' title="bbox 140 3898 1778 3968; baseline -0.005 -7"><span class='ocrx_word' id='word_1_248' title='bbox 140 3901 565 3962; x_wconf 88' lang='lat' dir='ltr'><strong><em>Cblodocharii</em></strong></span> <span class='ocrx_word' id='word_1_249' title='bbox 595 3908 651 3956; x_wconf 91' lang='lat' dir='ltr'><strong><em>et</em></strong></span> <span class='ocrx_word' id='word_1_250' title='bbox 695 3898 1039 3967; x_wconf 75' lang='lat' dir='ltr'><strong><em>Theoderici,</em></strong></span> <span class='ocrx_word' id='word_1_251' title='bbox 1075 3915 1170 3954; x_wconf 88' lang='lat' dir='ltr'><strong><em>seu</em></strong></span> <span class='ocrx_word' id='word_1_252' title='bbox 1205 3908 1260 3954; x_wconf 88' lang='lat' dir='ltr'><strong><em>et</em></strong></span> <span class='ocrx_word' id='word_1_253' title='bbox 1299 3900 1560 3968; x_wconf 78' lang='lat' dir='ltr'><strong><em>genitoris</em></strong></span> <span class='ocrx_word' id='word_1_254' title='bbox 1610 3899 1778 3953; x_wconf 88' lang='lat' dir='ltr'><strong><em>nostri</em></strong></span> 
     </span>
    </p>
   </div>
   <div class='ocr_carea' id='block_1_39' title="bbox 138 3991 1782 4060">
    <p class='ocr_par' dir='ltr' id='par_1_39' title="bbox 138 3991 1782 4060">
     <span class='ocr_line' id='line_1_39' title="bbox 138 3991 1782 4060; baseline -0.005 -5"><span class='ocrx_word' id='word_1_255' title='bbox 138 3996 498 4060; x_wconf 80' lang='lat' dir='ltr'><strong><em>Cbilderici,</em></strong></span> <span class='ocrx_word' id='word_1_256' title='bbox 536 3994 700 4049; x_wconf 79' lang='lat' dir='ltr'><strong><em>etiam</em></strong></span> <span class='ocrx_word' id='word_1_257' title='bbox 732 4003 788 4048; x_wconf 88' lang='lat' dir='ltr'><strong><em>et</em></strong></span> <span class='ocrx_word' id='word_1_258' title='bbox 813 3992 1262 4048; x_wconf 69' lang='lat' dir='ltr'><strong><em>consobrinorum</em></strong></span> <span class='ocrx_word' id='word_1_259' title='bbox 1287 4001 1594 4047; x_wconf 80' lang='lat' dir='ltr'><strong><em>nosttorum</em></strong></span> <span class='ocrx_word' id='word_1_260' title='bbox 1617 3991 1782 4047; x_wconf 88' lang='lat' dir='ltr'><strong><em>Chlo-</em></strong></span> 
     </span>
    </p>
   </div>
   <div class='ocr_carea' id='block_1_40' title="bbox 135 4084 1782 4155">
    <p class='ocr_par' dir='ltr' id='par_1_40' title="bbox 135 4084 1782 4155">
     <span class='ocr_line' id='line_1_40' title="bbox 135 4084 1782 4155; baseline -0.005 -6"><span class='ocrx_word' id='word_1_261' title='bbox 135 4091 324 4148; x_wconf 86' lang='lat' dir='ltr'><strong><em>dovei</em></strong></span> <span class='ocrx_word' id='word_1_262' title='bbox 361 4097 422 4144; x_wconf 88' lang='lat' dir='ltr'><strong><em>et</em></strong></span> <span class='ocrx_word' id='word_1_263' title='bbox 443 4085 800 4152; x_wconf 88' lang='lat' dir='ltr'><strong><em>Childeberti,</em></strong></span> <span class='ocrx_word' id='word_1_264' title='bbox 831 4084 1102 4153; x_wconf 87' lang='lat' dir='ltr'><strong><em>quondam</em></strong></span> <span class='ocrx_word' id='word_1_265' title='bbox 1129 4099 1338 4152; x_wconf 85' lang='lat' dir='ltr'><strong><em>regum,</em></strong></span> <span class='ocrx_word' id='word_1_266' title='bbox 1370 4099 1429 4140; x_wconf 90' lang='lat' dir='ltr'><strong><em>se</em></strong></span> <span class='ocrx_word' id='word_1_267' title='bbox 1452 4100 1519 4140; x_wconf 83' lang='lat' dir='ltr'><strong><em>ex</em></strong></span> <span class='ocrx_word' id='word_1_268' title='bbox 1548 4085 1651 4140; x_wconf 91' lang='lat' dir='ltr'><strong><em>hoc</em></strong></span> <span class='ocrx_word' id='word_1_269' title='bbox 1672 4100 1782 4155; x_wconf 63' lang='lat' dir='ltr'><strong><em>prae</em></strong></span> 
     </span>
    </p>
   </div>
   <div class='ocr_carea' id='block_1_41' title="bbox 135 4174 1781 4246">
    <p class='ocr_par' dir='ltr' id='par_1_41' title="bbox 135 4174 1781 4246">
     <span class='ocr_line' id='line_1_41' title="bbox 135 4174 1781 4246; baseline -0.003 -7"><span class='ocrx_word' id='word_1_270' title='bbox 135 4182 430 4239; x_wconf 87' lang='lat' dir='ltr'><strong><em>manibus</em></strong></span> <span class='ocrx_word' id='word_1_271' title='bbox 459 4178 661 4232; x_wconf 90' lang='lat' dir='ltr'><strong><em>habere</em></strong></span> <span class='ocrx_word' id='word_1_272' title='bbox 689 4174 940 4243; x_wconf 83' lang='lat' dir='ltr'><strong><em>afﬁrmat,</em></strong></span> <span class='ocrx_word' id='word_1_273' title='bbox 967 4184 1021 4231; x_wconf 91' lang='lat' dir='ltr'><strong><em>et</em></strong></span> <span class='ocrx_word' id='word_1_274' title='bbox 1045 4177 1190 4245; x_wconf 92' lang='lat' dir='ltr'><strong><em>quod</em></strong></span> <span class='ocrx_word' id='word_1_275' title='bbox 1213 4177 1325 4246; x_wconf 88' lang='lat' dir='ltr'><strong><em>ipsa</em></strong></span> <span class='ocrx_word' id='word_1_276' title='bbox 1355 4175 1620 4231; x_wconf 87' lang='lat' dir='ltr'><strong><em>beneﬁcia</em></strong></span> <span class='ocrx_word' id='word_1_277' title='bbox 1649 4193 1781 4234; x_wconf 91' lang='lat' dir='ltr'><strong><em>con-</em></strong></span> 
     </span>
    </p>
   </div>
   <div class='ocr_carea' id='block_1_42' title="bbox 133 4270 1780 4341">
    <p class='ocr_par' dir='ltr' id='par_1_42' title="bbox 133 4270 1780 4341">
     <span class='ocr_line' id='line_1_42' title="bbox 133 4270 1780 4341; baseline -0.005 -6"><span class='ocrx_word' id='word_1_278' title='bbox 133 4291 315 4336; x_wconf 82' lang='lat' dir='ltr'><strong><em>cessa</em></strong></span> <span class='ocrx_word' id='word_1_279' title='bbox 343 4271 424 4329; x_wconf 91' lang='lat' dir='ltr'><strong><em>ab</em></strong></span> <span class='ocrx_word' id='word_1_280' title='bbox 446 4287 514 4328; x_wconf 89' lang='lat' dir='ltr'><strong><em>eo</em></strong></span> <span class='ocrx_word' id='word_1_281' title='bbox 537 4281 782 4341; x_wconf 83' lang='lat' dir='ltr'><strong><em>tempore</em></strong></span> <span class='ocrx_word' id='word_1_282' title='bbox 805 4285 973 4338; x_wconf 89' lang='lat' dir='ltr'><strong><em>usque</em></strong></span> <span class='ocrx_word' id='word_1_283' title='bbox 995 4286 1139 4325; x_wconf 91' lang='lat' dir='ltr'><strong><em>nunc</em></strong></span> <span class='ocrx_word' id='word_1_284' title='bbox 1165 4270 1383 4325; x_wconf 84' lang='lat' dir='ltr'><strong><em>videant</em></strong></span> <span class='ocrx_word' id='word_1_285' title='bbox 1405 4286 1524 4328; x_wconf 90' lang='lat' dir='ltr'><strong><em>esse</em></strong></span> <span class='ocrx_word' id='word_1_286' title='bbox 1552 4288 1780 4329; x_wconf 81' lang='lat' dir='ltr'><strong><em>conser-</em></strong></span> 
     </span>
    </p>
   </div>
   <div class='ocr_carea' id='block_1_43' title="bbox 133 4362 1780 4435">
    <p class='ocr_par' dir='ltr' id='par_1_43' title="bbox 133 4362 1780 4435">
     <span class='ocr_line' id='line_1_43' title="bbox 133 4362 1780 4435; baseline -0.001 -11"><span class='ocrx_word' id='word_1_287' title='bbox 133 4381 281 4426; x_wconf 86' lang='lat' dir='ltr'><strong><em>vata</em></strong></span> <span class='ocrx_word' id='word_1_288' title='bbox 307 4388 320 4422; x_wconf 88' lang='lat'><strong>:</strong></span> <span class='ocrx_word' id='word_1_289' title='bbox 350 4366 457 4423; x_wconf 91' lang='lat' dir='ltr'><strong><em>sed</em></strong></span> <span class='ocrx_word' id='word_1_290' title='bbox 485 4380 582 4435; x_wconf 90' lang='lat' dir='ltr'><strong><em>pro</em></strong></span> <span class='ocrx_word' id='word_1_291' title='bbox 600 4365 805 4432; x_wconf 86' lang='lat' dir='ltr'><strong><em>integra</em></strong></span> <span class='ocrx_word' id='word_1_292' title='bbox 827 4362 1080 4418; x_wconf 87' lang='lat' dir='ltr'><strong><em>ﬁrmitate</em></strong></span> <span class='ocrx_word' id='word_1_293' title='bbox 1106 4365 1259 4433; x_wconf 88' lang='lat' dir='ltr'><strong><em>petiit</em></strong></span> <span class='ocrx_word' id='word_1_294' title='bbox 1281 4365 1652 4420; x_wconf 90' lang='lat' dir='ltr'><strong><em>celsitudinem</em></strong></span> <span class='ocrx_word' id='word_1_295' title='bbox 1678 4382 1780 4423; x_wconf 85' lang='lat' dir='ltr'><strong><em>no-</em></strong></span> 
     </span>
    </p>
   </div>
   <div class='ocr_carea' id='block_1_44' title="bbox 130 4456 1780 4531">
    <p class='ocr_par' dir='ltr' id='par_1_44' title="bbox 130 4456 1780 4531">
     <span class='ocr_line' id='line_1_44' title="bbox 130 4456 1780 4531; baseline -0.003 -11"><span class='ocrx_word' id='word_1_296' title='bbox 130 4475 332 4520; x_wconf 81' lang='lat' dir='ltr'><strong><em>stram</em></strong></span> <span class='ocrx_word' id='word_1_297' title='bbox 363 4467 706 4514; x_wconf 88' lang='lat' dir='ltr'><strong><em>memoratus</em></strong></span> <span class='ocrx_word' id='word_1_298' title='bbox 720 4456 905 4522; x_wconf 85' lang='lat' dir='ltr'><strong><em>abbas,</em></strong></span> <span class='ocrx_word' id='word_1_299' title='bbox 927 4465 984 4510; x_wconf 94' lang='lat' dir='ltr'><strong><em>ut</em></strong></span> <span class='ocrx_word' id='word_1_300' title='bbox 1009 4457 1110 4512; x_wconf 92' lang='lat' dir='ltr'><strong><em>hoc</em></strong></span> <span class='ocrx_word' id='word_1_301' title='bbox 1127 4458 1268 4513; x_wconf 89' lang='lat' dir='ltr'><strong><em>circa</em></strong></span> <span class='ocrx_word' id='word_1_302' title='bbox 1291 4459 1465 4529; x_wconf 90' lang='lat' dir='ltr'><strong><em>ipsum</em></strong></span> <span class='ocrx_word' id='word_1_303' title='bbox 1489 4460 1665 4516; x_wconf 89' lang='lat' dir='ltr'><strong><em>locum</em></strong></span> <span class='ocrx_word' id='word_1_304' title='bbox 1684 4476 1780 4531; x_wconf 85' lang='lat' dir='ltr'><strong><em>pro</em></strong></span> 
     </span>
    </p>
   </div>
   <div class='ocr_carea' id='block_1_45' title="bbox 132 4550 1782 4619">
    <p class='ocr_par' dir='ltr' id='par_1_45' title="bbox 132 4550 1782 4619">
     <span class='ocr_line' id='line_1_45' title="bbox 132 4550 1782 4619; baseline -0.004 -5"><span class='ocrx_word' id='word_1_305' title='bbox 132 4569 351 4615; x_wconf 84' lang='lat' dir='ltr'><strong><em>nostra</em></strong></span> <span class='ocrx_word' id='word_1_306' title='bbox 382 4551 714 4607; x_wconf 85' lang='lat' dir='ltr'><strong><em>auctoritate</em></strong></span> <span class='ocrx_word' id='word_1_307' title='bbox 737 4550 946 4619; x_wconf 88' lang='lat' dir='ltr'><strong><em>plenius</em></strong></span> <span class='ocrx_word' id='word_1_308' title='bbox 969 4550 1288 4606; x_wconf 86' lang='lat' dir='ltr'><strong><em>conﬁrmare</em></strong></span> <span class='ocrx_word' id='word_1_309' title='bbox 1315 4551 1653 4608; x_wconf 77' lang='lat' dir='ltr'><strong><em>deberemus.</em></strong></span> <span class='ocrx_word' id='word_1_310' title='bbox 1673 4553 1782 4608; x_wconf 83' lang='lat' dir='ltr'><strong><em>Cu-</em></strong></span> 
     </span>
    </p>
   </div>
   <div class='ocr_carea' id='block_1_46' title="bbox 1036 435 2786 497">
    <p class='ocr_par' dir='ltr' id='par_1_46' title="bbox 1036 435 2786 497">
     <span class='ocr_line' id='line_1_46' title="bbox 1036 435 2786 497; baseline -0.001 -5"><span class='ocrx_word' id='word_1_311' title='bbox 1036 439 1275 497; x_wconf 73' lang='lat' dir='ltr'><strong><em>llEGUM</em></strong></span> <span class='ocrx_word' id='word_1_312' title='bbox 1318 435 1554 494; x_wconf 66' lang='lat' dir='ltr'><strong><em>PRlM/E</em></strong></span> <span class='ocrx_word' id='word_1_313' title='bbox 1596 435 1860 494; x_wconf 83' lang='lat' dir='ltr'><strong><em>STIRPIS</em></strong></span> <span class='ocrx_word' id='word_1_314' title='bbox 1902 435 2328 492; x_wconf 73' lang='lat' dir='ltr'><strong><em>FRANCORUM</em></strong></span> <span class='ocrx_word' id='word_1_315' title='bbox 2371 436 2786 492; x_wconf 75' lang='lat' dir='ltr'><strong><em>DlPLOM-ATA.</em></strong></span> 
     </span>
    </p>
   </div>
   <div class='ocr_carea' id='block_1_47' title="bbox 3335 444 3470 498">
    <p class='ocr_par' dir='ltr' id='par_1_47' title="bbox 3335 444 3470 498">
     <span class='ocr_line' id='line_1_47' title="bbox 3335 444 3470 498; baseline 0.015 -2"><span class='ocrx_word' id='word_1_316' title='bbox 3335 444 3470 498; x_wconf 77' lang='grc'><strong><em>1150</em></strong></span> 
     </span>
    </p>
   </div>
   <div class='ocr_carea' id='block_1_48' title="bbox 1712 553 3470 626">
    <p class='ocr_par' dir='ltr' id='par_1_48' title="bbox 1712 553 3470 626">
     <span class='ocr_line' id='line_1_48' title="bbox 1712 553 3470 626; baseline 0.004 -17"><span class='ocrx_word' id='word_1_317' title='bbox 1712 583 1717 593; x_wconf 88' lang='lat'><strong><em>-</em></strong></span> <span class='ocrx_word' id='word_1_318' title='bbox 1804 560 1854 620; x_wconf 74' lang='grc' dir='ltr'><strong>Α</strong></span> <span class='ocrx_word' id='word_1_319' title='bbox 1880 553 1965 624; x_wconf 84' lang='lat' dir='ltr'><strong><em>jus</em></strong></span> <span class='ocrx_word' id='word_1_320' title='bbox 1985 555 2232 624; x_wconf 89' lang='lat' dir='ltr'><strong><em>petitioni</em></strong></span> <span class='ocrx_word' id='word_1_321' title='bbox 2253 572 2349 626; x_wconf 91' lang='lat' dir='ltr'><strong><em>pro</em></strong></span> <span class='ocrx_word' id='word_1_322' title='bbox 2372 556 2639 612; x_wconf 89' lang='lat' dir='ltr'><strong><em>mercedis</em></strong></span> <span class='ocrx_word' id='word_1_323' title='bbox 2660 564 2858 611; x_wconf 74' lang='lat' dir='ltr'><strong><em>nostrae</em></strong></span> <span class='ocrx_word' id='word_1_324' title='bbox 2883 566 3251 624; x_wconf 83' lang='lat' dir='ltr'><strong><em>augmentum,</em></strong></span> <span class='ocrx_word' id='word_1_325' title='bbox 3267 560 3349 614; x_wconf 89' lang='lat' dir='ltr'><strong><em>vel</em></strong></span> <span class='ocrx_word' id='word_1_326' title='bbox 3381 576 3470 616; x_wconf 88' lang='lat' dir='ltr'><strong><em>re-</em></strong></span> 
     </span>
    </p>
   </div>
   <div class='ocr_carea' id='block_1_49' title="bbox 1878 648 3470 720">
    <p class='ocr_par' dir='ltr' id='par_1_49' title="bbox 1878 648 3470 720">
     <span class='ocr_line' id='line_1_49' title="bbox 1878 648 3470 720; baseline 0.003 -17"><span class='ocrx_word' id='word_1_327' title='bbox 1878 648 2120 704; x_wconf 87' lang='lat' dir='ltr'><strong><em>verentia</em></strong></span> <span class='ocrx_word' id='word_1_328' title='bbox 2145 649 2312 718; x_wconf 87' lang='lat' dir='ltr'><strong><em>ipsius</em></strong></span> <span class='ocrx_word' id='word_1_329' title='bbox 2335 649 2441 706; x_wconf 94' lang='lat' dir='ltr'><strong><em>loci</em></strong></span> <span class='ocrx_word' id='word_1_330' title='bbox 2467 650 2540 704; x_wconf 91' lang='lat' dir='ltr'><strong><em>ita</em></strong></span> <span class='ocrx_word' id='word_1_331' title='bbox 2563 650 2895 720; x_wconf 67' lang='lat' dir='ltr'><strong><em>praestitisse,</em></strong></span> <span class='ocrx_word' id='word_1_332' title='bbox 2916 651 3044 706; x_wconf 92' lang='lat' dir='ltr'><strong><em>etin</em></strong></span> <span class='ocrx_word' id='word_1_333' title='bbox 3065 651 3317 706; x_wconf 84' lang='lat' dir='ltr'><strong><em>omnibus</em></strong></span> <span class='ocrx_word' id='word_1_334' title='bbox 3337 669 3470 708; x_wconf 86' lang='lat' dir='ltr'><strong><em>con-</em></strong></span> 
     </span>
    </p>
   </div>
   <div class='ocr_carea' id='block_1_50' title="bbox 1876 739 3472 815">
    <p class='ocr_par' dir='ltr' id='par_1_50' title="bbox 1876 739 3472 815">
     <span class='ocr_line' id='line_1_50' title="bbox 1876 739 3472 815; baseline 0.006 -23"><span class='ocrx_word' id='word_1_335' title='bbox 1876 740 2122 795; x_wconf 85' lang='lat' dir='ltr'><strong><em>ﬁrmasse</em></strong></span> <span class='ocrx_word' id='word_1_336' title='bbox 2151 741 2481 808; x_wconf 86' lang='lat' dir='ltr'><strong><em>cognoscite.</em></strong></span> <span class='ocrx_word' id='word_1_337' title='bbox 2523 739 2905 812; x_wconf 68' lang='lat' dir='ltr'><strong><em>Praacipientes</em></strong></span> <span class='ocrx_word' id='word_1_338' title='bbox 2941 743 3084 798; x_wconf 88' lang='lat' dir='ltr'><strong><em>enim</em></strong></span> <span class='ocrx_word' id='word_1_339' title='bbox 3130 743 3472 815; x_wconf 63' lang='lat' dir='ltr'><strong><em>praecipimus</em></strong></span> 
     </span>
    </p>
   </div>
   <div class='ocr_carea' id='block_1_51' title="bbox 1876 832 3474 906">
    <p class='ocr_par' dir='ltr' id='par_1_51' title="bbox 1876 832 3474 906">
     <span class='ocr_line' id='line_1_51' title="bbox 1876 832 3474 906; baseline 0.006 -18"><span class='ocrx_word' id='word_1_340' title='bbox 1876 842 1954 900; x_wconf 91' lang='lat' dir='ltr'><strong><em>ut,</em></strong></span> <span class='ocrx_word' id='word_1_341' title='bbox 1986 832 2244 904; x_wconf 89' lang='lat' dir='ltr'><strong><em>quicquid</em></strong></span> <span class='ocrx_word' id='word_1_342' title='bbox 2290 841 2506 889; x_wconf 90' lang='lat' dir='ltr'><strong><em>constat</em></strong></span> <span class='ocrx_word' id='word_1_343' title='bbox 2538 837 2971 906; x_wconf 24' lang='lat' dir='ltr'><strong><em>.suprascribtum</em></strong></span> <span class='ocrx_word' id='word_1_344' title='bbox 3021 855 3182 894; x_wconf 91' lang='lat' dir='ltr'><strong><em>avum</em></strong></span> <span class='ocrx_word' id='word_1_345' title='bbox 3224 847 3474 897; x_wconf 81' lang='lat' dir='ltr'><strong><em>nostrum</em></strong></span> 
     </span>
    </p>
   </div>
   <div class='ocr_carea' id='block_1_52' title="bbox 1880 925 3472 1002">
    <p class='ocr_par' dir='ltr' id='par_1_52' title="bbox 1880 925 3472 1002">
     <span class='ocr_line' id='line_1_52' title="bbox 1880 925 3472 1002; baseline 0.005 -20"><span class='ocrx_word' id='word_1_346' title='bbox 1880 925 2273 993; x_wconf 86' lang='lat' dir='ltr'><strong><em>Chlodoveum,</em></strong></span> <span class='ocrx_word' id='word_1_347' title='bbox 2323 925 2597 997; x_wconf 88' lang='lat' dir='ltr'><strong><em>quondam</em></strong></span> <span class='ocrx_word' id='word_1_348' title='bbox 2635 942 2853 998; x_wconf 81' lang='lat' dir='ltr'><strong><em>regem,</em></strong></span> <span class='ocrx_word' id='word_1_349' title='bbox 2899 931 2969 986; x_wconf 91' lang='lat' dir='ltr'><strong><em>de</em></strong></span> <span class='ocrx_word' id='word_1_350' title='bbox 3008 930 3124 1000; x_wconf 91' lang='lat' dir='ltr'><strong><em>ipsa</em></strong></span> <span class='ocrx_word' id='word_1_351' title='bbox 3152 933 3472 1002; x_wconf 84' lang='lat' dir='ltr'><strong><em>emunitate,</em></strong></span> 
     </span>
    </p>
   </div>
   <div class='ocr_carea' id='block_1_53' title="bbox 1877 1015 3473 1096">
    <p class='ocr_par' dir='ltr' id='par_1_53' title="bbox 1877 1015 3473 1096">
     <span class='ocr_line' id='line_1_53' title="bbox 1877 1015 3473 1096; baseline 0.009 -26"><span class='ocrx_word' id='word_1_352' title='bbox 1877 1015 2019 1072; x_wconf 84' lang='lat' dir='ltr'><strong><em>sicut</em></strong></span> <span class='ocrx_word' id='word_1_353' title='bbox 2045 1018 2298 1088; x_wconf 88' lang='lat' dir='ltr'><strong><em>superius</em></strong></span> <span class='ocrx_word' id='word_1_354' title='bbox 2343 1026 2428 1075; x_wconf 86' lang='lat' dir='ltr'><strong><em>est</em></strong></span> <span class='ocrx_word' id='word_1_355' title='bbox 2472 1020 2946 1090; x_wconf 90' lang='lat' dir='ltr'><strong><em>comprehensum,</em></strong></span> <span class='ocrx_word' id='word_1_356' title='bbox 2975 1023 3196 1094; x_wconf 76' lang='lat' dir='ltr'><strong><em>praefato</em></strong></span> <span class='ocrx_word' id='word_1_357' title='bbox 3226 1024 3473 1096; x_wconf 84' lang='lat' dir='ltr'><strong><em>Bertino,</em></strong></span> 
     </span>
    </p>
   </div>
   <div class='ocr_carea' id='block_1_54' title="bbox 1879 1109 3472 1182">
    <p class='ocr_par' dir='ltr' id='par_1_54' title="bbox 1879 1109 3472 1182">
     <span class='ocr_line' id='line_1_54' title="bbox 1879 1109 3472 1182; baseline 0.008 -18"><span class='ocrx_word' id='word_1_358' title='bbox 1879 1109 1967 1165; x_wconf 88' lang='lat' dir='ltr'><strong><em>vel</em></strong></span> <span class='ocrx_word' id='word_1_359' title='bbox 2019 1119 2207 1180; x_wconf 89' lang='lat' dir='ltr'><strong><em>postea</em></strong></span> <span class='ocrx_word' id='word_1_360' title='bbox 2253 1112 2353 1182; x_wconf 86' lang='lat' dir='ltr'><strong><em>ipsi</em></strong></span> <span class='ocrx_word' id='word_1_361' title='bbox 2407 1113 2664 1169; x_wconf 86' lang='lat' dir='ltr'><strong><em>avunculi</em></strong></span> <span class='ocrx_word' id='word_1_362' title='bbox 2715 1115 2888 1170; x_wconf 89' lang='lat' dir='ltr'><strong><em>nostri</em></strong></span> <span class='ocrx_word' id='word_1_363' title='bbox 2940 1116 3364 1176; x_wconf 86' lang='lat' dir='ltr'><strong><em>Chlodocharius</em></strong></span> <span class='ocrx_word' id='word_1_364' title='bbox 3413 1128 3472 1176; x_wconf 87' lang='lat' dir='ltr'><strong><em>et</em></strong></span> 
     </span>
    </p>
   </div>
   <div class='ocr_carea' id='block_1_55' title="bbox 1881 1201 3475 1281">
    <p class='ocr_par' dir='ltr' id='par_1_55' title="bbox 1881 1201 3475 1281">
     <span class='ocr_line' id='line_1_55' title="bbox 1881 1201 3475 1281; baseline 0.009 -25"><span class='ocrx_word' id='word_1_365' title='bbox 1881 1201 2272 1271; x_wconf 87' lang='lat' dir='ltr'><strong><em>Theodoricus,</em></strong></span> <span class='ocrx_word' id='word_1_366' title='bbox 2293 1221 2387 1262; x_wconf 88' lang='lat' dir='ltr'><strong><em>seu</em></strong></span> <span class='ocrx_word' id='word_1_367' title='bbox 2408 1215 2464 1262; x_wconf 92' lang='lat' dir='ltr'><strong><em>et</em></strong></span> <span class='ocrx_word' id='word_1_368' title='bbox 2484 1209 2700 1277; x_wconf 84' lang='lat' dir='ltr'><strong><em>genitor</em></strong></span> <span class='ocrx_word' id='word_1_369' title='bbox 2719 1216 2907 1266; x_wconf 90' lang='lat' dir='ltr'><strong><em>noster</em></strong></span> <span class='ocrx_word' id='word_1_370' title='bbox 2929 1209 3283 1281; x_wconf 87' lang='lat' dir='ltr'><strong><em>Childericus,</em></strong></span> <span class='ocrx_word' id='word_1_371' title='bbox 3307 1216 3475 1272; x_wconf 88' lang='lat' dir='ltr'><strong><em>etiam</em></strong></span> 
     </span>
    </p>
   </div>
   <div class='ocr_carea' id='block_1_56' title="bbox 1879 1299 3474 1381">
    <p class='ocr_par' dir='ltr' id='par_1_56' title="bbox 1879 1299 3474 1381">
     <span class='ocr_line' id='line_1_56' title="bbox 1879 1299 3474 1381; baseline 0.008 -27"><span class='ocrx_word' id='word_1_372' title='bbox 1879 1307 1936 1354; x_wconf 90' lang='lat' dir='ltr'><strong><em>et</em></strong></span> <span class='ocrx_word' id='word_1_373' title='bbox 1991 1299 2302 1355; x_wconf 87' lang='lat' dir='ltr'><strong><em>consobrini</em></strong></span> <span class='ocrx_word' id='word_1_374' title='bbox 2357 1303 2526 1356; x_wconf 89' lang='lat' dir='ltr'><strong><em>nostri</em></strong></span> <span class='ocrx_word' id='word_1_375' title='bbox 2573 1302 2919 1361; x_wconf 88' lang='lat' dir='ltr'><strong><em>Chlodoveus</em></strong></span> <span class='ocrx_word' id='word_1_376' title='bbox 2970 1314 3026 1360; x_wconf 89' lang='lat' dir='ltr'><strong><em>et</em></strong></span> <span class='ocrx_word' id='word_1_377' title='bbox 3071 1306 3474 1381; x_wconf 88' lang='lat' dir='ltr'><strong><em>Childebertus,</em></strong></span> 
     </span>
    </p>
   </div>
   <div class='ocr_carea' id='block_1_57' title="bbox 1881 1391 3478 1469">
    <p class='ocr_par' dir='ltr' id='par_1_57' title="bbox 1881 1391 3478 1469">
     <span class='ocr_line' id='line_1_57' title="bbox 1881 1391 3478 1469; baseline 0.01 -27"><span class='ocrx_word' id='word_1_378' title='bbox 1881 1391 2154 1460; x_wconf 82' lang='lat' dir='ltr'><strong><em>quondam</em></strong></span> <span class='ocrx_word' id='word_1_379' title='bbox 2181 1406 2357 1462; x_wconf 87' lang='lat' dir='ltr'><strong><em>reges,</em></strong></span> <span class='ocrx_word' id='word_1_380' title='bbox 2378 1392 2525 1462; x_wconf 89' lang='lat' dir='ltr'><strong><em>juste</em></strong></span> <span class='ocrx_word' id='word_1_381' title='bbox 2546 1403 2601 1449; x_wconf 91' lang='lat' dir='ltr'><strong><em>et</em></strong></span> <span class='ocrx_word' id='word_1_382' title='bbox 2627 1396 3020 1454; x_wconf 85' lang='lat' dir='ltr'><strong><em>rationabiliter</em></strong></span> <span class='ocrx_word' id='word_1_383' title='bbox 3045 1399 3320 1469; x_wconf 87' lang='lat' dir='ltr'><strong><em>quondam</em></strong></span> <span class='ocrx_word' id='word_1_384' title='bbox 3343 1418 3478 1458; x_wconf 86' lang='lat' dir='ltr'><strong><em>con-</em></strong></span> 
     </span>
    </p>
   </div>
   <div class='ocr_carea' id='block_1_58' title="bbox 1880 1483 3482 1564">
    <p class='ocr_par' dir='ltr' id='par_1_58' title="bbox 1880 1483 3482 1564">
     <span class='ocr_line' id='line_1_58' title="bbox 1880 1483 3482 1564; baseline 0.009 -29"><span class='ocrx_word' id='word_1_385' title='bbox 1880 1489 2160 1537; x_wconf 87' lang='lat' dir='ltr'><strong><em>cesserunt</em></strong></span> <span class='ocrx_word' id='word_1_386' title='bbox 2180 1492 2236 1538; x_wconf 88' lang='lat' dir='ltr'><strong><em>et</em></strong></span> <span class='ocrx_word' id='word_1_387' title='bbox 2257 1483 2738 1553; x_wconf 88' lang='lat' dir='ltr'><strong><em>conlirmaverunt,</em></strong></span> <span class='ocrx_word' id='word_1_388' title='bbox 2767 1498 2823 1543; x_wconf 90' lang='lat' dir='ltr'><strong><em>et</em></strong></span> <span class='ocrx_word' id='word_1_389' title='bbox 2846 1490 2914 1546; x_wconf 90' lang='lat' dir='ltr'><strong><em>de</em></strong></span> <span class='ocrx_word' id='word_1_390' title='bbox 2936 1505 3002 1547; x_wconf 90' lang='lat' dir='ltr'><strong><em>eo</em></strong></span> <span class='ocrx_word' id='word_1_391' title='bbox 3028 1499 3279 1562; x_wconf 88' lang='lat' dir='ltr'><strong><em>tempore</em></strong></span> <span class='ocrx_word' id='word_1_392' title='bbox 3309 1509 3482 1564; x_wconf 90' lang='lat' dir='ltr'><strong><em>usque</em></strong></span> 
     </span>
    </p>
   </div>
   <div class='ocr_carea' id='block_1_59' title="bbox 1882 1577 3480 1652">
    <p class='ocr_par' dir='ltr' id='par_1_59' title="bbox 1882 1577 3480 1652">
     <span class='ocr_line' id='line_1_59' title="bbox 1882 1577 3480 1652; baseline 0.013 -27"><span class='ocrx_word' id='word_1_393' title='bbox 1882 1588 2022 1628; x_wconf 93' lang='lat' dir='ltr'><strong><em>nunc</em></strong></span> <span class='ocrx_word' id='word_1_394' title='bbox 2052 1583 2201 1630; x_wconf 91' lang='lat' dir='ltr'><strong><em>recto</em></strong></span> <span class='ocrx_word' id='word_1_395' title='bbox 2249 1577 2464 1633; x_wconf 87' lang='lat' dir='ltr'><strong><em>tramite</em></strong></span> <span class='ocrx_word' id='word_1_396' title='bbox 2493 1577 2595 1633; x_wconf 81' lang='lat' dir='ltr'><strong><em>fuit</em></strong></span> <span class='ocrx_word' id='word_1_397' title='bbox 2622 1591 3027 1652; x_wconf 90' lang='lat' dir='ltr'><strong><em>conservatum,</em></strong></span> <span class='ocrx_word' id='word_1_398' title='bbox 3071 1586 3144 1640; x_wconf 88' lang='lat' dir='ltr'><strong><em>ita</em></strong></span> <span class='ocrx_word' id='word_1_399' title='bbox 3173 1594 3230 1642; x_wconf 92' lang='lat' dir='ltr'><strong><em>et</em></strong></span> <span class='ocrx_word' id='word_1_400' title='bbox 3260 1587 3480 1644; x_wconf 89' lang='lat' dir='ltr'><strong><em>inautea</em></strong></span> 
     </span>
    </p>
   </div>
   <div class='ocr_carea' id='block_1_60' title="bbox 1882 1671 3483 1740">
    <p class='ocr_par' dir='ltr' id='par_1_60' title="bbox 1882 1671 3483 1740">
     <span class='ocr_line' id='line_1_60' title="bbox 1882 1671 3483 1740; baseline 0.009 -19"><span class='ocrx_word' id='word_1_401' title='bbox 1882 1680 1980 1734; x_wconf 89' lang='lat' dir='ltr'><strong><em>per</em></strong></span> <span class='ocrx_word' id='word_1_402' title='bbox 2009 1677 2197 1722; x_wconf 89' lang='lat' dir='ltr'><strong><em>nostro</em></strong></span> <span class='ocrx_word' id='word_1_403' title='bbox 2228 1678 2500 1738; x_wconf 73' lang='lat' dir='ltr'><strong><em>praecepto</em></strong></span> <span class='ocrx_word' id='word_1_404' title='bbox 2526 1671 2738 1740; x_wconf 90' lang='lat' dir='ltr'><strong><em>plenius</em></strong></span> <span class='ocrx_word' id='word_1_405' title='bbox 2789 1674 2841 1728; x_wconf 95' lang='lat' dir='ltr'><strong><em>in</em></strong></span> <span class='ocrx_word' id='word_1_406' title='bbox 2883 1672 2980 1730; x_wconf 91' lang='lat' dir='ltr'><strong><em>Dei</em></strong></span> <span class='ocrx_word' id='word_1_407' title='bbox 3025 1677 3243 1734; x_wconf 89' lang='lat' dir='ltr'><strong><em>nomine</em></strong></span> <span class='ocrx_word' id='word_1_408' title='bbox 3280 1679 3483 1735; x_wconf 85' lang='lat' dir='ltr'><strong><em>conﬁr-</em></strong></span> 
     </span>
    </p>
   </div>
   <div class='ocr_carea' id='block_1_61' title="bbox 1883 1760 3481 1838">
    <p class='ocr_par' dir='ltr' id='par_1_61' title="bbox 1883 1760 3481 1838">
     <span class='ocr_line' id='line_1_61' title="bbox 1883 1760 3481 1838; baseline 0.011 -29"><span class='ocrx_word' id='word_1_409' title='bbox 1883 1772 2032 1812; x_wconf 86' lang='lat' dir='ltr'><strong><em>mare</em></strong></span> <span class='ocrx_word' id='word_1_410' title='bbox 2079 1760 2420 1825; x_wconf 89' lang='lat' dir='ltr'><strong><em>deberemus,</em></strong></span> <span class='ocrx_word' id='word_1_411' title='bbox 2471 1763 2736 1832; x_wconf 89' lang='lat' dir='ltr'><strong><em>inspectas</em></strong></span> <span class='ocrx_word' id='word_1_412' title='bbox 2779 1765 2924 1834; x_wconf 87' lang='lat' dir='ltr'><strong><em>ipsas</em></strong></span> <span class='ocrx_word' id='word_1_413' title='bbox 2955 1769 3348 1838; x_wconf 69' lang='lat' dir='ltr'><strong><em>pra&#39;ceptiones</em></strong></span> <span class='ocrx_word' id='word_1_414' title='bbox 3385 1787 3481 1826; x_wconf 89' lang='lat' dir='ltr'><strong><em>su-</em></strong></span> 
     </span>
    </p>
   </div>
   <div class='ocr_carea' id='block_1_62' title="bbox 1884 1852 3481 1929">
    <p class='ocr_par' dir='ltr' id='par_1_62' title="bbox 1884 1852 3481 1929">
     <span class='ocr_line' id='line_1_62' title="bbox 1884 1852 3481 1929; baseline 0.011 -25"><span class='ocrx_word' id='word_1_415' title='bbox 1884 1852 2306 1919; x_wconf 88' lang='lat' dir='ltr'><strong><em>prascribtorum</em></strong></span> <span class='ocrx_word' id='word_1_416' title='bbox 2340 1854 2657 1924; x_wconf 90' lang='lat' dir='ltr'><strong><em>principum,</em></strong></span> <span class='ocrx_word' id='word_1_417' title='bbox 2691 1858 2832 1913; x_wconf 88' lang='lat' dir='ltr'><strong><em>sicut</em></strong></span> <span class='ocrx_word' id='word_1_418' title='bbox 2861 1875 2956 1929; x_wconf 90' lang='lat' dir='ltr'><strong><em>per</em></strong></span> <span class='ocrx_word' id='word_1_419' title='bbox 2985 1861 3203 1917; x_wconf 85' lang='lat' dir='ltr'><strong><em>easdem</em></strong></span> <span class='ocrx_word' id='word_1_420' title='bbox 3232 1862 3481 1920; x_wconf 87' lang='lat' dir='ltr'><strong><em>declara-</em></strong></span> 
     </span>
    </p>
   </div>
   <div class='ocr_carea' id='block_1_63' title="bbox 1809 1929 3484 2013">
    <p class='ocr_par' dir='ltr' id='par_1_63' title="bbox 1809 1929 3484 2013">
     <span class='ocr_line' id='line_1_63' title="bbox 1809 1929 3484 2013; baseline 0.011 -20"><span class='ocrx_word' id='word_1_421' title='bbox 1809 1929 1854 1988; x_wconf 84' lang='grc' dir='ltr'><strong><em>Β</em></strong></span> <span class='ocrx_word' id='word_1_422' title='bbox 1883 1950 1987 2007; x_wconf 91' lang='lat' dir='ltr'><strong><em>tur,</em></strong></span> <span class='ocrx_word' id='word_1_423' title='bbox 2017 1943 2160 1998; x_wconf 87' lang='lat' dir='ltr'><strong><em>circa</em></strong></span> <span class='ocrx_word' id='word_1_424' title='bbox 2183 1945 2359 2013; x_wconf 92' lang='lat' dir='ltr'><strong><em>ipsum</em></strong></span> <span class='ocrx_word' id='word_1_425' title='bbox 2381 1945 2634 2001; x_wconf 88' lang='lat' dir='ltr'><strong><em>abbatem</em></strong></span> <span class='ocrx_word' id='word_1_426' title='bbox 2661 1947 3060 2006; x_wconf 86' lang='lat' dir='ltr'><strong><em>Erkembodum</em></strong></span> <span class='ocrx_word' id='word_1_427' title='bbox 3085 1953 3170 2008; x_wconf 86' lang='lat' dir='ltr'><strong><em>vel</em></strong></span> <span class='ocrx_word' id='word_1_428' title='bbox 3198 1970 3484 2012; x_wconf 88' lang='lat' dir='ltr'><strong><em>successo-</em></strong></span> 
     </span>
    </p>
   </div>
   <div class='ocr_carea' id='block_1_64' title="bbox 1879 2036 3484 2107">
    <p class='ocr_par' dir='ltr' id='par_1_64' title="bbox 1879 2036 3484 2107">
     <span class='ocr_line' id='line_1_64' title="bbox 1879 2036 3484 2107; baseline 0.011 -21"><span class='ocrx_word' id='word_1_429' title='bbox 1879 2047 1967 2087; x_wconf 90' lang='lat' dir='ltr'><strong><em>res</em></strong></span> <span class='ocrx_word' id='word_1_430' title='bbox 1995 2048 2156 2100; x_wconf 91' lang='lat' dir='ltr'><strong><em>suos,</em></strong></span> <span class='ocrx_word' id='word_1_431' title='bbox 2208 2044 2263 2090; x_wconf 92' lang='lat' dir='ltr'><strong><em>et</em></strong></span> <span class='ocrx_word' id='word_1_432' title='bbox 2313 2036 2380 2091; x_wconf 80' lang='lat' dir='ltr'><strong><em>ad</em></strong></span> <span class='ocrx_word' id='word_1_433' title='bbox 2441 2038 2615 2107; x_wconf 91' lang='lat' dir='ltr'><strong><em>ipsum</em></strong></span> <span class='ocrx_word' id='word_1_434' title='bbox 2666 2044 3058 2100; x_wconf 82' lang='lat' dir='ltr'><strong><em>monasterium</em></strong></span> <span class='ocrx_word' id='word_1_435' title='bbox 3109 2046 3286 2102; x_wconf 92' lang='lat' dir='ltr'><strong><em>Sitdiu</em></strong></span> <span class='ocrx_word' id='word_1_436' title='bbox 3333 2049 3484 2105; x_wconf 89' lang='lat' dir='ltr'><strong><em>omni</em></strong></span> 
     </span>
    </p>
   </div>
   <div class='ocr_carea' id='block_1_65' title="bbox 1882 2127 3482 2198">
    <p class='ocr_par' dir='ltr' id='par_1_65' title="bbox 1882 2127 3482 2198">
     <span class='ocr_line' id='line_1_65' title="bbox 1882 2127 3482 2198; baseline 0.011 -19"><span class='ocrx_word' id='word_1_437' title='bbox 1882 2134 2125 2196; x_wconf 90' lang='lat' dir='ltr'><strong><em>tempore</em></strong></span> <span class='ocrx_word' id='word_1_438' title='bbox 2155 2127 2268 2198; x_wconf 89' lang='lat' dir='ltr'><strong><em>ipsa</em></strong></span> <span class='ocrx_word' id='word_1_439' title='bbox 2299 2129 2559 2186; x_wconf 88' lang='lat' dir='ltr'><strong><em>benelicia</em></strong></span> <span class='ocrx_word' id='word_1_440' title='bbox 2597 2148 2858 2191; x_wconf 86' lang='lat' dir='ltr'><strong><em>concessa</em></strong></span> <span class='ocrx_word' id='word_1_441' title='bbox 2895 2137 2949 2190; x_wconf 93' lang='lat' dir='ltr'><strong><em>in</em></strong></span> <span class='ocrx_word' id='word_1_442' title='bbox 2979 2139 3229 2196; x_wconf 88' lang='lat' dir='ltr'><strong><em>omnibus</em></strong></span> <span class='ocrx_word' id='word_1_443' title='bbox 3259 2141 3482 2196; x_wconf 89' lang='lat' dir='ltr'><strong><em>valeant</em></strong></span> 
     </span>
    </p>
   </div>
   <div class='ocr_carea' id='block_1_66' title="bbox 1881 2225 3482 2296">
    <p class='ocr_par' dir='ltr' id='par_1_66' title="bbox 1881 2225 3482 2296">
     <span class='ocr_line' id='line_1_66' title="bbox 1881 2225 3482 2296; baseline 0.009 -23"><span class='ocrx_word' id='word_1_444' title='bbox 1881 2233 2002 2274; x_wconf 89' lang='lat' dir='ltr'><strong><em>esse</em></strong></span> <span class='ocrx_word' id='word_1_445' title='bbox 2042 2232 2387 2296; x_wconf 75' lang='lat' dir='ltr'><strong><em>conservata,</em></strong></span> <span class='ocrx_word' id='word_1_446' title='bbox 2416 2233 2472 2278; x_wconf 91' lang='lat' dir='ltr'><strong><em>et</em></strong></span> <span class='ocrx_word' id='word_1_447' title='bbox 2511 2225 2656 2280; x_wconf 88' lang='lat' dir='ltr'><strong><em>nulla</em></strong></span> <span class='ocrx_word' id='word_1_448' title='bbox 2703 2228 3100 2296; x_wconf 79' lang='lat' dir='ltr'><strong><em>refragatione,</em></strong></span> <span class='ocrx_word' id='word_1_449' title='bbox 3135 2247 3237 2287; x_wconf 90' lang='lat' dir='ltr'><strong><em>nec</em></strong></span> <span class='ocrx_word' id='word_1_450' title='bbox 3272 2233 3482 2287; x_wconf 89' lang='lat' dir='ltr'><strong><em>nullum</em></strong></span> 
     </span>
    </p>
   </div>
   <div class='ocr_carea' id='block_1_67' title="bbox 1880 2311 3479 2394">
    <p class='ocr_par' dir='ltr' id='par_1_67' title="bbox 1880 2311 3479 2394">
     <span class='ocr_line' id='line_1_67' title="bbox 1880 2311 3479 2394; baseline 0.009 -29"><span class='ocrx_word' id='word_1_451' title='bbox 1880 2311 2324 2382; x_wconf 89' lang='lat' dir='ltr'><strong><em>impedimentum</em></strong></span> <span class='ocrx_word' id='word_1_452' title='bbox 2354 2329 2384 2368; x_wconf 90' lang='lat' dir='ltr'><strong><em>a</em></strong></span> <span class='ocrx_word' id='word_1_453' title='bbox 2410 2315 2681 2384; x_wconf 90' lang='lat' dir='ltr'><strong><em>judicibus</em></strong></span> <span class='ocrx_word' id='word_1_454' title='bbox 2711 2320 2938 2388; x_wconf 85' lang='lat' dir='ltr'><strong><em>publicis</em></strong></span> <span class='ocrx_word' id='word_1_455' title='bbox 2977 2323 3173 2378; x_wconf 85' lang='lat' dir='ltr'><strong><em>exinde</em></strong></span> <span class='ocrx_word' id='word_1_456' title='bbox 3201 2339 3479 2394; x_wconf 88' lang='lat' dir='ltr'><strong><em>quoquam</em></strong></span> 
     </span>
    </p>
   </div>
   <div class='ocr_carea' id='block_1_68' title="bbox 1881 2407 3478 2486">
    <p class='ocr_par' dir='ltr' id='par_1_68' title="bbox 1881 2407 3478 2486">
     <span class='ocr_line' id='line_1_68' title="bbox 1881 2407 3478 2486; baseline 0.008 -28"><span class='ocrx_word' id='word_1_457' title='bbox 1881 2411 2128 2475; x_wconf 91' lang='lat' dir='ltr'><strong><em>tempore</em></strong></span> <span class='ocrx_word' id='word_1_458' title='bbox 2158 2407 2358 2463; x_wconf 88' lang='lat' dir='ltr'><strong><em>habere</em></strong></span> <span class='ocrx_word' id='word_1_459' title='bbox 2386 2425 2491 2464; x_wconf 94' lang='lat' dir='ltr'><strong><em>non</em></strong></span> <span class='ocrx_word' id='word_1_460' title='bbox 2515 2409 2769 2477; x_wconf 87' lang='lat' dir='ltr'><strong><em>debeant,</em></strong></span> <span class='ocrx_word' id='word_1_461' title='bbox 2804 2415 2943 2468; x_wconf 88' lang='lat' dir='ltr'><strong><em>unde</em></strong></span> <span class='ocrx_word' id='word_1_462' title='bbox 2970 2415 3081 2484; x_wconf 88' lang='lat' dir='ltr'><strong><em>ipsa</em></strong></span> <span class='ocrx_word' id='word_1_463' title='bbox 3104 2419 3478 2486; x_wconf 83' lang='lat' dir='ltr'><strong><em>congregatio,</em></strong></span> 
     </span>
    </p>
   </div>
   <div class='ocr_carea' id='block_1_69' title="bbox 1879 2499 3483 2580">
    <p class='ocr_par' dir='ltr' id='par_1_69' title="bbox 1879 2499 3483 2580">
     <span class='ocr_line' id='line_1_69' title="bbox 1879 2499 3483 2580; baseline 0.011 -30"><span class='ocrx_word' id='word_1_464' title='bbox 1879 2511 1978 2566; x_wconf 91' lang='lat' dir='ltr'><strong><em>pro</em></strong></span> <span class='ocrx_word' id='word_1_465' title='bbox 2006 2499 2305 2556; x_wconf 70' lang='lat' dir='ltr'><strong><em>stabilitate</em></strong></span> <span class='ocrx_word' id='word_1_466' title='bbox 2335 2503 2486 2570; x_wconf 86' lang='lat' dir='ltr'><strong><em>regni</em></strong></span> <span class='ocrx_word' id='word_1_467' title='bbox 2511 2505 2680 2560; x_wconf 91' lang='lat' dir='ltr'><strong><em>nostri</em></strong></span> <span class='ocrx_word' id='word_1_468' title='bbox 2713 2504 2799 2560; x_wconf 90' lang='lat' dir='ltr'><strong><em>vel</em></strong></span> <span class='ocrx_word' id='word_1_469' title='bbox 2828 2506 3002 2563; x_wconf 89' lang='lat' dir='ltr'><strong><em>salute</em></strong></span> <span class='ocrx_word' id='word_1_470' title='bbox 3032 2511 3236 2580; x_wconf 80' lang='lat' dir='ltr'><strong><em>patriae,</em></strong></span> <span class='ocrx_word' id='word_1_471' title='bbox 3264 2510 3483 2567; x_wconf 90' lang='lat' dir='ltr'><strong><em>Domini</em></strong></span> 
     </span>
    </p>
   </div>
   <div class='ocr_carea' id='block_1_70' title="bbox 1880 2594 3485 2671">
    <p class='ocr_par' dir='ltr' id='par_1_70' title="bbox 1880 2594 3485 2671">
     <span class='ocr_line' id='line_1_70' title="bbox 1880 2594 3485 2671; baseline 0.009 -26"><span class='ocrx_word' id='word_1_472' title='bbox 1880 2594 2305 2650; x_wconf 84' lang='lat' dir='ltr'><strong><em>misericordiam</em></strong></span> <span class='ocrx_word' id='word_1_473' title='bbox 2349 2595 2548 2662; x_wconf 87' lang='lat' dir='ltr'><strong><em>jugiter</em></strong></span> <span class='ocrx_word' id='word_1_474' title='bbox 2595 2597 2826 2653; x_wconf 89' lang='lat' dir='ltr'><strong><em>debeant</em></strong></span> <span class='ocrx_word' id='word_1_475' title='bbox 2867 2615 3114 2657; x_wconf 79' lang='lat' dir='ltr'><strong><em>exorare.</em></strong></span> <span class='ocrx_word' id='word_1_476' title='bbox 3144 2601 3249 2671; x_wconf 85' lang='lat' dir='ltr'><strong><em>Et,</em></strong></span> <span class='ocrx_word' id='word_1_477' title='bbox 3280 2615 3340 2658; x_wconf 87' lang='lat' dir='ltr'><strong><em>ut</em></strong></span> <span class='ocrx_word' id='word_1_478' title='bbox 3370 2604 3485 2660; x_wconf 75' lang='lat' dir='ltr'><strong><em>Inuc</em></strong></span> 
     </span>
    </p>
   </div>
   <div class='ocr_carea' id='block_1_71' title="bbox 1881 2684 3484 2758">
    <p class='ocr_par' dir='ltr' id='par_1_71' title="bbox 1881 2684 3484 2758">
     <span class='ocr_line' id='line_1_71' title="bbox 1881 2684 3484 2758; baseline 0.007 -18"><span class='ocrx_word' id='word_1_479' title='bbox 1881 2686 2181 2740; x_wconf 84' lang='lat' dir='ltr'><strong><em>auctoritas</em></strong></span> <span class='ocrx_word' id='word_1_480' title='bbox 2212 2684 2417 2742; x_wconf 88' lang='lat' dir='ltr'><strong><em>ﬁrmior</em></strong></span> <span class='ocrx_word' id='word_1_481' title='bbox 2442 2689 2729 2758; x_wconf 86' lang='lat' dir='ltr'><strong><em>habeatur,</em></strong></span> <span class='ocrx_word' id='word_1_482' title='bbox 2754 2700 2809 2748; x_wconf 90' lang='lat' dir='ltr'><strong><em>et</em></strong></span> <span class='ocrx_word' id='word_1_483' title='bbox 2828 2693 2882 2747; x_wconf 89' lang='lat' dir='ltr'><strong><em>in</em></strong></span> <span class='ocrx_word' id='word_1_484' title='bbox 2913 2698 3165 2750; x_wconf 89' lang='lat' dir='ltr'><strong><em>omnibus</em></strong></span> <span class='ocrx_word' id='word_1_485' title='bbox 3187 2711 3484 2753; x_wconf 87' lang='lat' dir='ltr'><strong><em>conserve-</em></strong></span> 
     </span>
    </p>
   </div>
   <div class='ocr_carea' id='block_1_72' title="bbox 1885 2783 3486 2848">
    <p class='ocr_par' dir='ltr' id='par_1_72' title="bbox 1885 2783 3486 2848">
     <span class='ocr_line' id='line_1_72' title="bbox 1885 2783 3486 2848; baseline 0.011 -16"><span class='ocrx_word' id='word_1_486' title='bbox 1885 2785 1991 2844; x_wconf 90' lang='lat' dir='ltr'><strong><em>tur,</em></strong></span> <span class='ocrx_word' id='word_1_487' title='bbox 2023 2794 2213 2834; x_wconf 87' lang='lat' dir='ltr'><strong><em>manns</em></strong></span> <span class='ocrx_word' id='word_1_488' title='bbox 2241 2792 2440 2836; x_wconf 77' lang='lat' dir='ltr'><strong><em>nostra:</em></strong></span> <span class='ocrx_word' id='word_1_489' title='bbox 2468 2783 2954 2844; x_wconf 88' lang='lat' dir='ltr'><strong><em>subscribtionibus</em></strong></span> <span class='ocrx_word' id='word_1_490' title='bbox 2991 2804 3114 2845; x_wconf 88' lang='lat' dir='ltr'><strong><em>eam</em></strong></span> <span class='ocrx_word' id='word_1_491' title='bbox 3160 2789 3350 2848; x_wconf 87' lang='lat' dir='ltr'><strong><em>subter</em></strong></span> <span class='ocrx_word' id='word_1_492' title='bbox 3390 2791 3486 2848; x_wconf 90' lang='lat' dir='ltr'><strong><em>de-</em></strong></span> 
     </span>
    </p>
   </div>
   <div class='ocr_carea' id='block_1_73' title="bbox 1884 2870 2456 2926">
    <p class='ocr_par' dir='ltr' id='par_1_73' title="bbox 1884 2870 2456 2926">
     <span class='ocr_line' id='line_1_73' title="bbox 1884 2870 2456 2926; baseline 0.01 -5"><span class='ocrx_word' id='word_1_493' title='bbox 1884 2870 2150 2923; x_wconf 87' lang='lat' dir='ltr'><strong><em>crevimus</em></strong></span> <span class='ocrx_word' id='word_1_494' title='bbox 2178 2871 2456 2926; x_wconf 76' lang='lat' dir='ltr'><strong><em>roborare-</em></strong></span> 
     </span>
    </p>
   </div>
   <div class='ocr_carea' id='block_1_74' title="bbox 1956 2963 2827 3040">
    <p class='ocr_par' dir='ltr' id='par_1_74' title="bbox 1956 2963 2827 3040">
     <span class='ocr_line' id='line_1_74' title="bbox 1956 2963 2827 3040; baseline 0.014 -25"><span class='ocrx_word' id='word_1_495' title='bbox 1956 2963 2148 3018; x_wconf 86' lang='lat' dir='ltr'><strong><em>Datum</em></strong></span> <span class='ocrx_word' id='word_1_496' title='bbox 2172 2979 2314 3019; x_wconf 90' lang='lat' dir='ltr'><strong><em>anno</em></strong></span> <span class='ocrx_word' id='word_1_497' title='bbox 2342 2968 2492 3038; x_wconf 85' lang='lat' dir='ltr'><strong><em>regni</em></strong></span> <span class='ocrx_word' id='word_1_498' title='bbox 2520 2971 2691 3026; x_wconf 89' lang='lat' dir='ltr'><strong><em>nostri</em></strong></span> <span class='ocrx_word' id='word_1_499' title='bbox 2715 2971 2770 3040; x_wconf 92' lang='lat' dir='ltr'><strong><em>iij</em></strong></span> <span class='ocrx_word' id='word_1_500' title='bbox 2800 2971 2827 3010; x_wconf 66' lang='grc' dir='ltr'><strong><em>ι)</em></strong></span> 
     </span>
    </p>
   </div>
   <div class='ocr_carea' id='block_1_75' title="bbox 2552 3123 2810 3181">
    <p class='ocr_par' dir='ltr' id='par_1_75' title="bbox 2552 3123 2810 3181">
     <span class='ocr_line' id='line_1_75' title="bbox 2552 3123 2810 3181; baseline 0.016 -4"><span class='ocrx_word' id='word_1_501' title='bbox 2552 3123 2810 3181; x_wconf 70' lang='lat' dir='ltr'><strong><em>XXXVII.</em></strong></span> 
     </span>
    </p>
   </div>
   <div class='ocr_carea' id='block_1_76' title="bbox 1884 3230 3482 3320">
    <p class='ocr_par' dir='ltr' id='par_1_76' title="bbox 1884 3230 3482 3320">
     <span class='ocr_line' id='line_1_76' title="bbox 1884 3230 3482 3320; baseline 0.017 -37"><span class='ocrx_word' id='word_1_502' title='bbox 1884 3230 2127 3320; x_wconf 62' lang='lat' dir='ltr'><strong><em>Diploma</em></strong></span> <span class='ocrx_word' id='word_1_503' title='bbox 2162 3233 2464 3320; x_wconf 60' lang='lat' dir='ltr'><strong><em>Theoderici</em></strong></span> <span class='ocrx_word' id='word_1_504' title='bbox 2499 3236 2580 3317; x_wconf 79' lang='lat' dir='ltr'><strong><em>l_V</em></strong></span> <span class='ocrx_word' id='word_1_505' title='bbox 2601 3280 2615 3305; x_wconf 96' lang='lat'><strong><em>,</em></strong></span> <span class='ocrx_word' id='word_1_506' title='bbox 2647 3239 2976 3320; x_wconf 67' lang='lat' dir='ltr'><strong><em>Francorum</em></strong></span> <span class='ocrx_word' id='word_1_507' title='bbox 3006 3247 3142 3316; x_wconf 76' lang='lat' dir='ltr'><strong><em>regis</em></strong></span> <span class='ocrx_word' id='word_1_508' title='bbox 3164 3289 3177 3314; x_wconf 95' lang='lat'><strong><em>,</em></strong></span> <span class='ocrx_word' id='word_1_509' title='bbox 3209 3266 3310 3320; x_wconf 79' lang='lat' dir='ltr'><strong><em>quo</em></strong></span> <span class='ocrx_word' id='word_1_510' title='bbox 3338 3253 3482 3310; x_wconf 80' lang='lat' dir='ltr'><strong><em>dona</em></strong></span> 
     </span>
    </p>
   </div>
   <div class='ocr_carea' id='block_1_77' title="bbox 1963 3304 3485 3382">
    <p class='ocr_par' dir='ltr' id='par_1_77' title="bbox 1963 3304 3485 3382">
     <span class='ocr_line' id='line_1_77' title="bbox 1963 3304 3485 3382; baseline -0.009 10"><span class='ocrx_word' id='word_1_511' title='bbox 1963 3304 2213 3356; x_wconf 52' lang='lat' dir='ltr'><strong><em>Sil/dem&quot;</em></strong></span> <span class='ocrx_word' id='word_1_512' title='bbox 2261 3310 2573 3382; x_wconf 55' lang='lat' dir='ltr'><strong><em>.’&quot;°&quot;““f”i0</em></strong></span> <span class='ocrx_word' id='word_1_513' title='bbox 2622 3327 2655 3362; x_wconf 81' lang='grc' dir='ltr'><em>α</em></span> <span class='ocrx_word' id='word_1_514' title='bbox 2699 3313 2982 3382; x_wconf 78' lang='lat' dir='ltr'><strong><em>majoribus</em></strong></span> <span class='ocrx_word' id='word_1_515' title='bbox 3031 3304 3485 3382; x_wconf 43' lang='lat' dir='ltr'><strong><em>suis&#39;cotlntnmewt</em></strong></span> 
     </span>
    </p>
   </div>
   <div class='ocr_carea' id='block_1_78' title="bbox 1957 3379 3316 3463">
    <p class='ocr_par' dir='ltr' id='par_1_78' title="bbox 1957 3379 3316 3463">
     <span class='ocr_line' id='line_1_78' title="bbox 1957 3379 3316 3463; baseline 0.017 -39"><span class='ocrx_word' id='word_1_516' title='bbox 1957 3390 2225 3428; x_wconf 81' lang='lat' dir='ltr'><strong><em>concessas</em></strong></span> <span class='ocrx_word' id='word_1_517' title='bbox 2257 3379 2602 3433; x_wconf 80' lang='lat' dir='ltr'><strong><em>immunitates</em></strong></span> <span class='ocrx_word' id='word_1_518' title='bbox 2630 3379 2903 3450; x_wconf 68' lang='lat' dir='ltr'><strong><em>con/irruat</em></strong></span> <span class='ocrx_word' id='word_1_519' title='bbox 2938 3399 2959 3424; x_wconf 76' lang='grc' dir='ltr'>ε</span> <span class='ocrx_word' id='word_1_520' title='bbox 2992 3388 3137 3458; x_wconf 88' lang='lat' dir='ltr'><strong><em>(ann.</em></strong></span> <span class='ocrx_word' id='word_1_521' title='bbox 3166 3390 3316 3463; x_wconf 77' lang='lat'><strong><em>721).</em></strong></span> 
     </span>
    </p>
   </div>
   <div class='ocr_carea' id='block_1_79' title="bbox 1960 3511 3478 3600">
    <p class='ocr_par' dir='ltr' id='par_1_79' title="bbox 1960 3511 3478 3600">
     <span class='ocr_line' id='line_1_79' title="bbox 1960 3511 3478 3600; baseline 0.014 -36"><span class='ocrx_word' id='word_1_522' title='bbox 1960 3511 2356 3579; x_wconf 79' lang='lat' dir='ltr'><strong><em>Theodericus,</em></strong></span> <span class='ocrx_word' id='word_1_523' title='bbox 2405 3530 2499 3570; x_wconf 80' lang='lat' dir='ltr'><strong><em>rex</em></strong></span> <span class='ocrx_word' id='word_1_524' title='bbox 2551 3515 2904 3586; x_wconf 88' lang='lat' dir='ltr'><strong><em>Francorum,</em></strong></span> <span class='ocrx_word' id='word_1_525' title='bbox 2960 3522 3087 3576; x_wconf 90' lang='lat' dir='ltr'><strong><em>viris</em></strong></span> <span class='ocrx_word' id='word_1_526' title='bbox 3140 3524 3478 3600; x_wconf 88' lang='lat' dir='ltr'><strong><em>inlustribus,</em></strong></span> 
     </span>
    </p>
   </div>
   <div class='ocr_carea' id='block_1_80' title="bbox 1885 3604 3486 3688">
    <p class='ocr_par' dir='ltr' id='par_1_80' title="bbox 1885 3604 3486 3688">
     <span class='ocr_line' id='line_1_80' title="bbox 1885 3604 3486 3688; baseline 0.014 -33"><span class='ocrx_word' id='word_1_527' title='bbox 1885 3604 2230 3670; x_wconf 87' lang='lat' dir='ltr'><strong><em>gravionibus</em></strong></span> <span class='ocrx_word' id='word_1_528' title='bbox 2249 3647 2263 3671; x_wconf 91' lang='lat'><strong><em>,</em></strong></span> <span class='ocrx_word' id='word_1_529' title='bbox 2294 3621 2389 3661; x_wconf 84' lang='lat' dir='ltr'><strong><em>seu</em></strong></span> <span class='ocrx_word' id='word_1_530' title='bbox 2439 3616 2492 3661; x_wconf 89' lang='lat' dir='ltr'><strong><em>et</em></strong></span> <span class='ocrx_word' id='word_1_531' title='bbox 2521 3609 2771 3665; x_wconf 88' lang='lat' dir='ltr'><strong><em>omnibus</em></strong></span> <span class='ocrx_word' id='word_1_532' title='bbox 2797 3614 3100 3684; x_wconf 80' lang='lat' dir='ltr'><strong><em>agentibus,</em></strong></span> <span class='ocrx_word' id='word_1_533' title='bbox 3138 3617 3224 3674; x_wconf 89' lang='lat' dir='ltr'><strong><em>vel</em></strong></span> <span class='ocrx_word' id='word_1_534' title='bbox 3249 3619 3486 3688; x_wconf 88' lang='lat' dir='ltr'><strong><em>juniori-</em></strong></span> 
     </span>
    </p>
   </div>
   <div class='ocr_carea' id='block_1_81' title="bbox 1885 3699 3485 3786">
    <p class='ocr_par' dir='ltr' id='par_1_81' title="bbox 1885 3699 3485 3786">
     <span class='ocr_line' id='line_1_81' title="bbox 1885 3699 3485 3786; baseline 0.011 -32"><span class='ocrx_word' id='word_1_535' title='bbox 1885 3699 1988 3754; x_wconf 90' lang='lat' dir='ltr'><strong><em>bus</em></strong></span> <span class='ocrx_word' id='word_1_536' title='bbox 2017 3715 2237 3768; x_wconf 89' lang='lat' dir='ltr'><strong><em>eorum,</em></strong></span> <span class='ocrx_word' id='word_1_537' title='bbox 2273 3709 2380 3755; x_wconf 90' lang='lat' dir='ltr'><strong><em>tam</em></strong></span> <span class='ocrx_word' id='word_1_538' title='bbox 2413 3704 2768 3770; x_wconf 77' lang='lat' dir='ltr'><strong><em>ptzesentibus</em></strong></span> <span class='ocrx_word' id='word_1_539' title='bbox 2796 3721 2960 3774; x_wconf 89' lang='lat' dir='ltr'><strong><em>quam</em></strong></span> <span class='ocrx_word' id='word_1_540' title='bbox 3013 3707 3226 3777; x_wconf 78' lang='lat' dir='ltr'><strong><em>futuris,</em></strong></span> <span class='ocrx_word' id='word_1_541' title='bbox 3259 3712 3314 3767; x_wconf 91' lang='lat' dir='ltr'><strong><em>in</em></strong></span> <span class='ocrx_word' id='word_1_542' title='bbox 3363 3716 3485 3786; x_wconf 91' lang='lat' dir='ltr'><strong><em>qui-</em></strong></span> 
     </span>
    </p>
   </div>
   <div class='ocr_carea' id='block_1_82' title="bbox 1886 3793 3484 3865">
    <p class='ocr_par' dir='ltr' id='par_1_82' title="bbox 1886 3793 3484 3865">
     <span class='ocr_line' id='line_1_82' title="bbox 1886 3793 3484 3865; baseline 0.013 -20"><span class='ocrx_word' id='word_1_543' title='bbox 1886 3793 2356 3861; x_wconf 90' lang='lat' dir='ltr'><strong><em>buscumquelibet</em></strong></span> <span class='ocrx_word' id='word_1_544' title='bbox 2390 3795 2699 3853; x_wconf 88' lang='lat' dir='ltr'><strong><em>accionibus</em></strong></span> <span class='ocrx_word' id='word_1_545' title='bbox 2728 3802 3044 3856; x_wconf 89' lang='lat' dir='ltr'><strong><em>monasterii</em></strong></span> <span class='ocrx_word' id='word_1_546' title='bbox 3087 3801 3264 3860; x_wconf 89' lang='lat' dir='ltr'><strong><em>Sitdiu</em></strong></span> <span class='ocrx_word' id='word_1_547' title='bbox 3293 3815 3484 3865; x_wconf 90' lang='lat' dir='ltr'><strong><em>tenere</em></strong></span> 
     </span>
    </p>
   </div>
   <div class='ocr_carea' id='block_1_83' title="bbox 1886 3886 3483 3969">
    <p class='ocr_par' dir='ltr' id='par_1_83' title="bbox 1886 3886 3483 3969">
     <span class='ocr_line' id='line_1_83' title="bbox 1886 3886 3483 3969; baseline 0.011 -29"><span class='ocrx_word' id='word_1_548' title='bbox 1886 3886 1972 3942; x_wconf 87' lang='lat' dir='ltr'><strong><em>vel</em></strong></span> <span class='ocrx_word' id='word_1_549' title='bbox 2002 3886 2206 3942; x_wconf 76' lang='lat' dir='ltr'><strong><em>habere</em></strong></span> <span class='ocrx_word' id='word_1_550' title='bbox 2233 3888 2283 3943; x_wconf 88' lang='lat' dir='ltr'><strong><em>vi</em></strong></span> <span class='ocrx_word' id='word_1_551' title='bbox 2307 3889 2462 3943; x_wconf 66' lang='lat' dir='ltr'><strong><em>fetur.</em></strong></span> <span class='ocrx_word' id='word_1_552' title='bbox 2498 3888 2552 3944; x_wconf 91' lang='lat' dir='ltr'><strong><em>Si</em></strong></span> <span class='ocrx_word' id='word_1_553' title='bbox 2580 3889 2720 3945; x_wconf 78' lang='lat' dir='ltr'><strong><em>facta</em></strong></span> <span class='ocrx_word' id='word_1_554' title='bbox 2755 3903 3105 3962; x_wconf 86' lang='lat' dir='ltr'><strong><em>parentorum</em></strong></span> <span class='ocrx_word' id='word_1_555' title='bbox 3146 3908 3483 3969; x_wconf 80' lang='lat' dir='ltr'><strong><em>nostrorum,</em></strong></span> 
     </span>
    </p>
   </div>
   <div class='ocr_carea' id='block_1_84' title="bbox 1886 3980 3481 4065">
    <p class='ocr_par' dir='ltr' id='par_1_84' title="bbox 1886 3980 3481 4065">
     <span class='ocr_line' id='line_1_84' title="bbox 1886 3980 3481 4065; baseline 0.013 -33"><span class='ocrx_word' id='word_1_556' title='bbox 1886 3980 2087 4048; x_wconf 82' lang='lat' dir='ltr'><strong><em>quaead</em></strong></span> <span class='ocrx_word' id='word_1_557' title='bbox 2109 3982 2227 4035; x_wconf 86' lang='lat' dir='ltr'><strong><em>loca</em></strong></span> <span class='ocrx_word' id='word_1_558' title='bbox 2247 3992 2560 4038; x_wconf 90' lang='lat' dir='ltr'><strong><em>sanctorum</em></strong></span> <span class='ocrx_word' id='word_1_559' title='bbox 2585 3986 2951 4053; x_wconf 70' lang='lat' dir='ltr'><strong><em>prmstiterunt</em></strong></span> <span class='ocrx_word' id='word_1_560' title='bbox 2973 3990 3056 4044; x_wconf 86' lang='lat' dir='ltr'><strong><em>vel</em></strong></span> <span class='ocrx_word' id='word_1_561' title='bbox 3070 4006 3481 4065; x_wconf 89' lang='lat' dir='ltr'><strong><em>concesserunt,</em></strong></span> 
     </span>
    </p>
   </div>
   <div class='ocr_carea' id='block_1_85' title="bbox 1886 4075 3484 4153">
    <p class='ocr_par' dir='ltr' id='par_1_85' title="bbox 1886 4075 3484 4153">
     <span class='ocr_line' id='line_1_85' title="bbox 1886 4075 3484 4153; baseline 0.012 -25"><span class='ocrx_word' id='word_1_562' title='bbox 1886 4089 1984 4143; x_wconf 89' lang='lat' dir='ltr'><strong><em>per</em></strong></span> <span class='ocrx_word' id='word_1_563' title='bbox 2015 4083 2197 4130; x_wconf 88' lang='lat' dir='ltr'><strong><em>nostra</em></strong></span> <span class='ocrx_word' id='word_1_564' title='bbox 2228 4075 2448 4131; x_wconf 89' lang='lat' dir='ltr'><strong><em>oracula</em></strong></span> <span class='ocrx_word' id='word_1_565' title='bbox 2477 4076 2880 4148; x_wconf 87' lang='lat' dir='ltr'><strong><em>conﬁrmamus,</em></strong></span> <span class='ocrx_word' id='word_1_566' title='bbox 2911 4084 3060 4153; x_wconf 86' lang='lat' dir='ltr'><strong><em>regia</em></strong></span> <span class='ocrx_word' id='word_1_567' title='bbox 3087 4089 3484 4147; x_wconf 86' lang='lat' dir='ltr'><strong><em>consuetudine</em></strong></span> 
     </span>
    </p>
   </div>
   <div class='ocr_carea' id='block_1_86' title="bbox 1886 4167 3481 4238">
    <p class='ocr_par' dir='ltr' id='par_1_86' title="bbox 1886 4167 3481 4238">
     <span class='ocr_line' id='line_1_86' title="bbox 1886 4167 3481 4238; baseline 0.012 -18"><span class='ocrx_word' id='word_1_568' title='bbox 1886 4182 2222 4234; x_wconf 76' lang='lat' dir='ltr'><strong><em>exercemus,</em></strong></span> <span class='ocrx_word' id='word_1_569' title='bbox 2251 4167 2357 4223; x_wconf 89' lang='lat' dir='ltr'><strong><em>hoc</em></strong></span> <span class='ocrx_word' id='word_1_570' title='bbox 2385 4168 2508 4223; x_wconf 92' lang='lat' dir='ltr'><strong><em>ideo</em></strong></span> <span class='ocrx_word' id='word_1_571' title='bbox 2539 4179 2597 4224; x_wconf 89' lang='lat' dir='ltr'><strong><em>ut</em></strong></span> <span class='ocrx_word' id='word_1_572' title='bbox 2621 4173 2777 4227; x_wconf 89' lang='lat' dir='ltr'><strong><em>nobis</em></strong></span> <span class='ocrx_word' id='word_1_573' title='bbox 2811 4174 2879 4230; x_wconf 88' lang='lat' dir='ltr'><strong><em>ad</em></strong></span> <span class='ocrx_word' id='word_1_574' title='bbox 2907 4175 3120 4232; x_wconf 89' lang='lat' dir='ltr'><strong><em>laudem</em></strong></span> <span class='ocrx_word' id='word_1_575' title='bbox 3148 4181 3235 4236; x_wconf 89' lang='lat' dir='ltr'><strong><em>vel</em></strong></span> <span class='ocrx_word' id='word_1_576' title='bbox 3265 4183 3481 4238; x_wconf 85' lang='lat' dir='ltr'><strong><em>stabili-</em></strong></span> 
     </span>
    </p>
   </div>
   <div class='ocr_carea' id='block_1_87' title="bbox 1889 4263 3479 4336">
    <p class='ocr_par' dir='ltr' id='par_1_87' title="bbox 1889 4263 3479 4336">
     <span class='ocr_line' id='line_1_87' title="bbox 1889 4263 3479 4336; baseline 0.011 -21"><span class='ocrx_word' id='word_1_577' title='bbox 1889 4271 2052 4317; x_wconf 88' lang='lat' dir='ltr'><strong><em>tatem</em></strong></span> <span class='ocrx_word' id='word_1_578' title='bbox 2079 4263 2228 4331; x_wconf 87' lang='lat' dir='ltr'><strong><em>regni</em></strong></span> <span class='ocrx_word' id='word_1_579' title='bbox 2259 4263 2430 4317; x_wconf 89' lang='lat' dir='ltr'><strong><em>nostri</em></strong></span> <span class='ocrx_word' id='word_1_580' title='bbox 2461 4264 2511 4317; x_wconf 89' lang='lat' dir='ltr'><strong><em>iu</em></strong></span> <span class='ocrx_word' id='word_1_581' title='bbox 2543 4264 2638 4320; x_wconf 92' lang='lat' dir='ltr'><strong><em>Dei</em></strong></span> <span class='ocrx_word' id='word_1_582' title='bbox 2669 4269 2890 4322; x_wconf 90' lang='lat' dir='ltr'><strong><em>nomine</em></strong></span> <span class='ocrx_word' id='word_1_583' title='bbox 2918 4272 3193 4336; x_wconf 90' lang='lat' dir='ltr'><strong><em>pertinere</em></strong></span> <span class='ocrx_word' id='word_1_584' title='bbox 3233 4275 3479 4332; x_wconf 89' lang='lat' dir='ltr'><strong><em>conﬁda-</em></strong></span> 
     </span>
    </p>
   </div>
   <div class='ocr_carea' id='block_1_88' title="bbox 1886 4354 3485 4430">
    <p class='ocr_par' dir='ltr' id='par_1_88' title="bbox 1886 4354 3485 4430">
     <span class='ocr_line' id='line_1_88' title="bbox 1886 4354 3485 4430; baseline 0.01 -22"><span class='ocrx_word' id='word_1_585' title='bbox 1886 4371 2022 4410; x_wconf 91' lang='lat' dir='ltr'><strong><em>mus.</em></strong></span> <span class='ocrx_word' id='word_1_586' title='bbox 2073 4354 2236 4423; x_wconf 88' lang='lat' dir='ltr'><strong><em>Igitur</em></strong></span> <span class='ocrx_word' id='word_1_587' title='bbox 2285 4357 2607 4411; x_wconf 87' lang='lat' dir='ltr'><strong><em>venerabilis</em></strong></span> <span class='ocrx_word' id='word_1_588' title='bbox 2652 4359 2732 4413; x_wconf 90' lang='lat' dir='ltr'><strong><em>vir</em></strong></span> <span class='ocrx_word' id='word_1_589' title='bbox 2781 4357 3175 4430; x_wconf 85' lang='lat' dir='ltr'><strong><em>Erkembodus,</em></strong></span> <span class='ocrx_word' id='word_1_590' title='bbox 3210 4367 3381 4424; x_wconf 86' lang='lat' dir='ltr'><strong><em>abbas</em></strong></span> <span class='ocrx_word' id='word_1_591' title='bbox 3411 4367 3485 4424; x_wconf 89' lang='lat' dir='ltr'><strong><em>de</em></strong></span> 
     </span>
    </p>
   </div>
   <div class='ocr_carea' id='block_1_89' title="bbox 1885 4449 3484 4531">
    <p class='ocr_par' dir='ltr' id='par_1_89' title="bbox 1885 4449 3484 4531">
     <span class='ocr_line' id='line_1_89' title="bbox 1885 4449 3484 4531; baseline 0.011 -29"><span class='ocrx_word' id='word_1_592' title='bbox 1885 4451 2216 4505; x_wconf 89' lang='lat' dir='ltr'><strong><em>monasterio</em></strong></span> <span class='ocrx_word' id='word_1_593' title='bbox 2243 4449 2446 4517; x_wconf 86' lang='lat' dir='ltr'><strong><em>Sitdiu,</em></strong></span> <span class='ocrx_word' id='word_1_594' title='bbox 2478 4451 2568 4520; x_wconf 89' lang='lat' dir='ltr'><strong><em>qui</em></strong></span> <span class='ocrx_word' id='word_1_595' title='bbox 2614 4461 2698 4507; x_wconf 89' lang='lat' dir='ltr'><strong><em>est</em></strong></span> <span class='ocrx_word' id='word_1_596' title='bbox 2739 4454 2790 4508; x_wconf 94' lang='lat' dir='ltr'><strong><em>in</em></strong></span> <span class='ocrx_word' id='word_1_597' title='bbox 2834 4470 2972 4526; x_wconf 86' lang='lat' dir='ltr'><strong><em>pago</em></strong></span> <span class='ocrx_word' id='word_1_598' title='bbox 3003 4457 3394 4531; x_wconf 87' lang='lat' dir='ltr'><strong><em>Tervannensi,</em></strong></span> <span class='ocrx_word' id='word_1_599' title='bbox 3426 4464 3484 4520; x_wconf 88' lang='lat' dir='ltr'><strong><em>in</em></strong></span> 
     </span>
    </p>
   </div>
   <div class='ocr_carea' id='block_1_90' title="bbox 1887 4542 3479 4616">
    <p class='ocr_par' dir='ltr' id='par_1_90' title="bbox 1887 4542 3479 4616">
     <span class='ocr_line' id='line_1_90' title="bbox 1887 4542 3479 4616; baseline 0.009 -20"><span class='ocrx_word' id='word_1_600' title='bbox 1887 4542 2092 4599; x_wconf 88' lang='lat' dir='ltr'><strong><em>honore</em></strong></span> <span class='ocrx_word' id='word_1_601' title='bbox 2126 4553 2325 4599; x_wconf 63' lang='lat' dir='ltr'><strong><em>sancte</em></strong></span> <span class='ocrx_word' id='word_1_602' title='bbox 2373 4544 2553 4602; x_wconf 79' lang='lat' dir='ltr'><strong><em>Mariae</em></strong></span> <span class='ocrx_word' id='word_1_603' title='bbox 2597 4547 2872 4616; x_wconf 87' lang='lat' dir='ltr'><strong><em>genitricis</em></strong></span> <span class='ocrx_word' id='word_1_604' title='bbox 2903 4548 3117 4605; x_wconf 89' lang='lat' dir='ltr'><strong><em>Domini</em></strong></span> <span class='ocrx_word' id='word_1_605' title='bbox 3147 4554 3320 4608; x_wconf 88' lang='lat' dir='ltr'><strong><em>nostri</em></strong></span> <span class='ocrx_word' id='word_1_606' title='bbox 3349 4551 3479 4612; x_wconf 77' lang='lat' dir='ltr'><strong><em>Jesu</em></strong></span> 
     </span>
    </p>
   </div>
   <div class='ocr_carea' id='block_1_91' title="bbox 128 4685 3480 4778">
    <p class='ocr_par' dir='ltr' id='par_1_91' title="bbox 128 4685 3480 4778">
     <span class='ocr_line' id='line_1_91' title="bbox 128 4685 3480 4778; baseline 0.002 -14"><span class='ocrx_word' id='word_1_607' title='bbox 128 4726 300 4774; x_wconf 69' lang='lat' dir='ltr'><strong><em>sunt.</em></strong></span> <span class='ocrx_word' id='word_1_608' title='bbox 344 4710 560 4764; x_wconf 80' lang='lat' dir='ltr'><strong><em>Veram</em></strong></span> <span class='ocrx_word' id='word_1_609' title='bbox 592 4708 876 4762; x_wconf 91' lang='lat' dir='ltr'><strong><em>lectionem</em></strong></span> <span class='ocrx_word' id='word_1_610' title='bbox 911 4723 1016 4760; x_wconf 88' lang='lat' dir='ltr'><strong><em>non</em></strong></span> <span class='ocrx_word' id='word_1_611' title='bbox 1047 4709 1265 4775; x_wconf 82' lang='lat' dir='ltr'><strong><em>agnovit</em></strong></span> <span class='ocrx_word' id='word_1_612' title='bbox 1297 4708 1654 4778; x_wconf 85' lang='lat' dir='ltr'><strong><em>Valladierns,</em></strong></span> <span class='ocrx_word' id='word_1_613' title='bbox 1686 4712 1776 4778; x_wconf 83' lang='lat' dir='ltr'><strong><em>qui</em></strong></span> <span class='ocrx_word' id='word_1_614' title='bbox 1812 4685 1860 4744; x_wconf 80' lang='lat' dir='ltr'><strong><em>D</em></strong></span> <span class='ocrx_word' id='word_1_615' title='bbox 1885 4705 2307 4778; x_wconf 54' lang='lat' dir='ltr'><strong><em>disersissimum</em></strong></span> <span class='ocrx_word' id='word_1_616' title='bbox 2337 4705 2405 4758; x_wconf 89' lang='lat' dir='ltr'><strong><em>ab</em></strong></span> <span class='ocrx_word' id='word_1_617' title='bbox 2432 4705 2754 4778; x_wconf 83' lang='lat' dir='ltr'><strong><em>authenticis</em></strong></span> <span class='ocrx_word' id='word_1_618' title='bbox 2781 4721 2968 4776; x_wconf 86' lang='lat' dir='ltr'><strong><em>regum</em></strong></span> <span class='ocrx_word' id='word_1_619' title='bbox 2992 4709 3373 4768; x_wconf 88' lang='lat' dir='ltr'><strong><em>Meroveadum</em></strong></span> <span class='ocrx_word' id='word_1_620' title='bbox 3403 4716 3480 4770; x_wconf 87' lang='lat' dir='ltr'><strong><em>si-</em></strong></span> 
     </span>
    </p>
   </div>
   <div class='ocr_carea' id='block_1_92' title="bbox 127 4779 1779 4843">
    <p class='ocr_par' dir='ltr' id='par_1_92' title="bbox 127 4779 1779 4843">
     <span class='ocr_line' id='line_1_92' title="bbox 127 4779 1779 4843; baseline -0.004 0"><span class='ocrx_word' id='word_1_621' title='bbox 127 4784 406 4843; x_wconf 69' lang='lat' dir='ltr'><strong><em>ritlicule</em></strong></span> <span class='ocrx_word' id='word_1_622' title='bbox 444 4781 602 4832; x_wconf 83' lang='lat' dir='ltr'><strong><em>vertit</em></strong></span> <span class='ocrx_word' id='word_1_623' title='bbox 634 4779 920 4832; x_wconf 85' lang='lat' dir='ltr'><strong><em>vernaculo</em></strong></span> <span class='ocrx_word' id='word_1_624' title='bbox 951 4779 1225 4839; x_wconf 88' lang='lat' dir='ltr'><strong><em>idiomate,</em></strong></span> <span class='ocrx_word' id='word_1_625' title='bbox 1262 4797 1327 4832; x_wconf 86' lang='lat' dir='ltr'><strong><em>nu</em></strong></span> <span class='ocrx_word' id='word_1_626' title='bbox 1375 4782 1473 4834; x_wconf 77' lang='lat' dir='ltr'><strong><em>licu</em></strong></span> <span class='ocrx_word' id='word_1_627' title='bbox 1521 4784 1582 4835; x_wconf 80' lang='lat' dir='ltr'><strong><em>de</em></strong></span> <span class='ocrx_word' id='word_1_628' title='bbox 1631 4793 1779 4836; x_wconf 87' lang='lat' dir='ltr'><strong><em>notre</em></strong></span> 
     </span>
    </p>
   </div>
   <div class='ocr_carea' id='block_1_93' title="bbox 124 4849 1776 4931">
    <p class='ocr_par' dir='ltr' id='par_1_93' title="bbox 124 4849 1776 4931">
     <span class='ocr_line' id='line_1_93' title="bbox 124 4849 1776 4931; baseline -0.003 -19"><span class='ocrx_word' id='word_1_629' title='bbox 124 4849 601 4931; x_wconf 69' lang='lat' dir='ltr'><strong><em>plu¢ard.__ldetn</em></strong></span> <span class='ocrx_word' id='word_1_630' title='bbox 629 4865 826 4903; x_wconf 88' lang='lat' dir='ltr'><strong><em>annum</em></strong></span> <span class='ocrx_word' id='word_1_631' title='bbox 856 4851 1004 4931; x_wconf 69' lang='lat' dir='ltr'><strong><em>regni</em></strong></span> <span class='ocrx_word' id='word_1_632' title='bbox 1033 4851 1314 4931; x_wconf 46' lang='grc' dir='ltr'><strong><em>μελεοιίρὶᾳὶ</em></strong></span> <span class='ocrx_word' id='word_1_633' title='bbox 1339 4853 1628 4931; x_wconf 54' lang='grc' dir='ltr'><strong><em>ξςουηίιυη]</em></strong></span> <span class='ocrx_word' id='word_1_634' title='bbox 1651 4870 1776 4922; x_wconf 88' lang='lat' dir='ltr'><strong><em>per-</em></strong></span> 
     </span>
    </p>
   </div>
   <div class='ocr_carea' id='block_1_94' title="bbox 127 4920 1779 5001">
    <p class='ocr_par' dir='ltr' id='par_1_94' title="bbox 127 4920 1779 5001">
     <span class='ocr_line' id='line_1_94' title="bbox 127 4920 1779 5001; baseline -0.004 -15"><span class='ocrx_word' id='word_1_635' title='bbox 127 4920 348 5001; x_wconf 77' lang='lat' dir='ltr'><strong><em>peram</em></strong></span> <span class='ocrx_word' id='word_1_636' title='bbox 389 4923 585 4988; x_wconf 83' lang='lat' dir='ltr'><strong><em>alligat</em></strong></span> <span class='ocrx_word' id='word_1_637' title='bbox 612 4936 732 4974; x_wconf 86' lang='lat' dir='ltr'><strong><em>cum</em></strong></span> <span class='ocrx_word' id='word_1_638' title='bbox 778 4922 1156 5001; x_wconf 53' lang='lat' dir='ltr'><strong><em>annectit-isti</em></strong></span> <span class='ocrx_word' id='word_1_639' title='bbox 1192 4920 1313 4974; x_wconf 67' lang='grc'><strong><em>724.</em></strong></span> <span class='ocrx_word' id='word_1_640' title='bbox 1358 4923 1551 4978; x_wconf 75' lang='lat' dir='ltr'><strong><em>Totum</em></strong></span> <span class='ocrx_word' id='word_1_641' title='bbox 1595 4920 1779 4980; x_wconf 71' lang='lat' dir='ltr'><strong><em>autem</em></strong></span> 
     </span>
    </p>
   </div>
   <div class='ocr_carea' id='block_1_95' title="bbox 124 4993 1778 5060">
    <p class='ocr_par' dir='ltr' id='par_1_95' title="bbox 124 4993 1778 5060">
     <span class='ocr_line' id='line_1_95' title="bbox 124 4993 1778 5060; baseline -0.005 -2"><span class='ocrx_word' id='word_1_642' title='bbox 124 4993 604 5058; x_wconf 82' lang='lat' dir='ltr'><strong><em>instrumentum</em></strong></span> <span class='ocrx_word' id='word_1_643' title='bbox 635 4993 849 5060; x_wconf 89' lang='lat' dir='ltr'><strong><em>propria</em></strong></span> <span class='ocrx_word' id='word_1_644' title='bbox 874 4993 1159 5058; x_wconf 73' lang='lat' dir='ltr'><strong><em>Chilperici</em></strong></span> <span class='ocrx_word' id='word_1_645' title='bbox 1193 5009 1350 5046; x_wconf 83' lang='lat' dir='ltr'><strong><em>manu</em></strong></span> <span class='ocrx_word' id='word_1_646' title='bbox 1382 5003 1660 5048; x_wconf 81' lang='lat' dir='ltr'><strong><em>exaratum</em></strong></span> <span class='ocrx_word' id='word_1_647' title='bbox 1691 5012 1778 5050; x_wconf 89' lang='lat' dir='ltr'><strong><em>as-</em></strong></span> 
     </span>
    </p>
   </div>
   <div class='ocr_carea' id='block_1_96' title="bbox 121 5063 1778 5135">
    <p class='ocr_par' dir='ltr' id='par_1_96' title="bbox 121 5063 1778 5135">
     <span class='ocr_line' id='line_1_96' title="bbox 121 5063 1778 5135; baseline -0.004 -5"><span class='ocrx_word' id='word_1_648' title='bbox 121 5075 314 5135; x_wconf 86' lang='lat' dir='ltr'><strong><em>serit;</em></strong></span> <span class='ocrx_word' id='word_1_649' title='bbox 348 5081 458 5121; x_wconf 86' lang='lat' dir='ltr'><strong><em>res</em></strong></span> <span class='ocrx_word' id='word_1_650' title='bbox 487 5063 744 5127; x_wconf 84' lang='lat' dir='ltr'><strong><em>inaudita,</em></strong></span> <span class='ocrx_word' id='word_1_651' title='bbox 768 5072 824 5115; x_wconf 85' lang='lat' dir='ltr'><strong><em>et.</em></strong></span> <span class='ocrx_word' id='word_1_652' title='bbox 845 5078 1004 5131; x_wconf 88' lang='lat' dir='ltr'><strong><em>quam</em></strong></span> <span class='ocrx_word' id='word_1_653' title='bbox 1031 5079 1188 5116; x_wconf 86' lang='lat' dir='ltr'><strong><em>nemo</em></strong></span> <span class='ocrx_word' id='word_1_654' title='bbox 1213 5065 1500 5119; x_wconf 84' lang='lat' dir='ltr'><strong><em>crediderit</em></strong></span> <span class='ocrx_word' id='word_1_655' title='bbox 1521 5065 1611 5134; x_wconf 91' lang='lat' dir='ltr'><strong><em>qui</em></strong></span> <span class='ocrx_word' id='word_1_656' title='bbox 1629 5067 1778 5135; x_wconf 88' lang='lat' dir='ltr'><strong><em>ejus-</em></strong></span> 
     </span>
    </p>
   </div>
   <div class='ocr_carea' id='block_1_97' title="bbox 127 5135 1361 5200">
    <p class='ocr_par' dir='ltr' id='par_1_97' title="bbox 127 5135 1361 5200">
     <span class='ocr_line' id='line_1_97' title="bbox 127 5135 1361 5200; baseline -0.008 0"><span class='ocrx_word' id='word_1_657' title='bbox 127 5145 298 5200; x_wconf 82' lang='lat' dir='ltr'><strong><em>modi</em></strong></span> <span class='ocrx_word' id='word_1_658' title='bbox 343 5141 382 5192; x_wconf 89' lang='lat' dir='ltr'><strong><em>i.</em></strong></span> <span class='ocrx_word' id='word_1_659' title='bbox 415 5143 725 5189; x_wconf 88' lang='lat' dir='ltr'><strong><em>strumenla</em></strong></span> <span class='ocrx_word' id='word_1_660' title='bbox 753 5151 783 5186; x_wconf 88' lang='lat' dir='ltr'><strong><em>a</em></strong></span> <span class='ocrx_word' id='word_1_661' title='bbox 816 5135 996 5188; x_wconf 87' lang='lat' dir='ltr'><strong><em>limine</em></strong></span> <span class='ocrx_word' id='word_1_662' title='bbox 1026 5135 1361 5190; x_wconf 84' lang='lat' dir='ltr'><strong><em>salutaverit.</em></strong></span> 
     </span>
    </p>
   </div>
   <div class='ocr_carea' id='block_1_98' title="bbox 209 5204 1774 5278">
    <p class='ocr_par' dir='ltr' id='par_1_98' title="bbox 209 5204 1774 5278">
     <span class='ocr_line' id='line_1_98' title="bbox 209 5204 1774 5278; baseline 0.008 -27"><span class='ocrx_word' id='word_1_663' title='bbox 209 5226 240 5251; x_wconf 71' lang='grc' dir='ltr'><strong><em>ιι</em></strong></span> <span class='ocrx_word' id='word_1_664' title='bbox 283 5208 567 5273; x_wconf 66' lang='grc' dir='ltr'><strong><em>νιιικεινὶι</em></strong></span> <span class='ocrx_word' id='word_1_665' title='bbox 614 5204 974 5278; x_wconf 82' lang='lat' dir='ltr'><strong><em>Mabillonius,</em></strong></span> <span class='ocrx_word' id='word_1_666' title='bbox 1023 5205 1201 5278; x_wconf 48' lang='grc' dir='ltr'><strong><em>ἀξίνῃ)</em></strong></span> <span class='ocrx_word' id='word_1_667' title='bbox 1233 5207 1452 5275; x_wconf 90' lang='lat' dir='ltr'><strong><em>diplom.</em></strong></span> <span class='ocrx_word' id='word_1_668' title='bbox 1495 5221 1612 5276; x_wconf 87' lang='lat' dir='ltr'><strong><em>pag.</em></strong></span> <span class='ocrx_word' id='word_1_669' title='bbox 1651 5209 1774 5278; x_wconf 80' lang='lat'><strong><em>608,</em></strong></span> 
     </span>
    </p>
   </div>
   <div class='ocr_carea' id='block_1_99' title="bbox 121 5274 1777 5357">
    <p class='ocr_par' dir='ltr' id='par_1_99' title="bbox 121 5274 1777 5357">
     <span class='ocr_line' id='line_1_99' title="bbox 121 5274 1777 5357; baseline 0.004 -29"><span class='ocrx_word' id='word_1_670' title='bbox 121 5285 669 5357; x_wconf 64' lang='lat' dir='ltr'><strong><em>depromptumex</em></strong></span> <span class='ocrx_word' id='word_1_671' title='bbox 704 5275 1028 5357; x_wconf 76' lang='lat' dir='ltr'><strong><em>citat-talario</em></strong></span> <span class='ocrx_word' id='word_1_672' title='bbox 1069 5274 1338 5357; x_wconf 27' lang='lat' dir='ltr'><strong><em>Folquin’i.</em></strong></span> <span class='ocrx_word' id='word_1_673' title='bbox 1386 5274 1656 5357; x_wconf 26' lang='lat' dir='ltr'><strong><em>Recusu‘m</em></strong></span> <span class='ocrx_word' id='word_1_674' title='bbox 1684 5274 1777 5357; x_wconf 53' lang='lat' dir='ltr'><strong><em>ex}</em></strong></span> 
     </span>
    </p>
   </div>
   <div class='ocr_carea' id='block_1_100' title="bbox 119 5346 1776 5418">
    <p class='ocr_par' dir='ltr' id='par_1_100' title="bbox 119 5346 1776 5418">
     <span class='ocr_line' id='line_1_100' title="bbox 119 5346 1776 5418; baseline -0.005 -3"><span class='ocrx_word' id='word_1_675' title='bbox 119 5346 251 5416; x_wconf 66' lang='lat' dir='ltr'><strong><em>stat</em></strong></span> <span class='ocrx_word' id='word_1_676' title='bbox 311 5356 376 5408; x_wconf 88' lang='lat' dir='ltr'><strong><em>iu</em></strong></span> <span class='ocrx_word' id='word_1_677' title='bbox 407 5346 824 5418; x_wconf 48' lang='lat' dir='ltr'><strong><em>supplemento</em></strong></span> <span class='ocrx_word' id='word_1_678' title='bbox 870 5348 939 5418; x_wconf 70' lang='lat' dir='ltr'><strong><em>ad</em></strong></span> <span class='ocrx_word' id='word_1_679' title='bbox 989 5353 1161 5415; x_wconf 87' lang='lat' dir='ltr'><strong><em>Upera</em></strong></span> <span class='ocrx_word' id='word_1_680' title='bbox 1207 5349 1551 5418; x_wconf 86' lang='lat' dir='ltr'><strong><em>diplomatica</em></strong></span> <span class='ocrx_word' id='word_1_681' title='bbox 1592 5351 1776 5417; x_wconf 65' lang='lat' dir='ltr'><strong><em>Minui,</em></strong></span> 
     </span>
    </p>
   </div>
   <div class='ocr_carea' id='block_1_101' title="bbox 124 5415 1778 5494">
    <p class='ocr_par' dir='ltr' id='par_1_101' title="bbox 124 5415 1778 5494">
     <span class='ocr_line' id='line_1_101' title="bbox 124 5415 1778 5494; baseline -0.006 -9"><span class='ocrx_word' id='word_1_682' title='bbox 124 5415 169 5488; x_wconf 71' lang='grc' dir='ltr'><strong><em>ί.</em></strong></span> <span class='ocrx_word' id='word_1_683' title='bbox 209 5429 284 5493; x_wconf 69' lang='grc' dir='ltr'><strong><em>ιε,</em></strong></span> <span class='ocrx_word' id='word_1_684' title='bbox 326 5433 482 5494; x_wconf 79' lang='lat' dir='ltr'><strong><em>pag.</em></strong></span> <span class='ocrx_word' id='word_1_685' title='bbox 518 5415 642 5480; x_wconf 66' lang='lat'><strong><em>929,</em></strong></span> <span class='ocrx_word' id='word_1_686' title='bbox 675 5420 824 5494; x_wconf 50' lang='lat' dir='ltr'><strong><em>etum</em></strong></span> <span class='ocrx_word' id='word_1_687' title='bbox 855 5417 1190 5494; x_wconf 67' lang='lat' dir='ltr'><strong><em>Collectione</em></strong></span> <span class='ocrx_word' id='word_1_688' title='bbox 1231 5415 1556 5494; x_wconf 70' lang='lat' dir='ltr'><strong><em>scriptorum</em></strong></span> <span class='ocrx_word' id='word_1_689' title='bbox 1596 5415 1778 5494; x_wconf 73' lang='lat' dir='ltr'><strong><em>rerum</em></strong></span> 
     </span>
    </p>
   </div>
   <div class='ocr_carea' id='block_1_102' title="bbox 122 5486 1778 5557">
    <p class='ocr_par' dir='ltr' id='par_1_102' title="bbox 122 5486 1778 5557">
     <span class='ocr_line' id='line_1_102' title="bbox 122 5486 1778 5557; baseline -0.005 0"><span class='ocrx_word' id='word_1_690' title='bbox 122 5486 592 5557; x_wconf 60' lang='grc' dir='ltr'><strong><em>ὲι-ιιιὶοῑρείτυιιι,</em></strong></span> <span class='ocrx_word' id='word_1_691' title='bbox 627 5496 663 5540; x_wconf 85' lang='grc' dir='ltr'><strong><em>ι.</em></strong></span> <span class='ocrx_word' id='word_1_692' title='bbox 697 5486 784 5551; x_wconf 88' lang='lat' dir='ltr'><strong><em>IV,</em></strong></span> <span class='ocrx_word' id='word_1_693' title='bbox 816 5503 936 5557; x_wconf 86' lang='lat' dir='ltr'><strong><em>pag.</em></strong></span> <span class='ocrx_word' id='word_1_694' title='bbox 983 5488 1107 5552; x_wconf 80' lang='lat'><strong>696,</strong></span> <span class='ocrx_word' id='word_1_695' title='bbox 1139 5504 1201 5542; x_wconf 69' lang='lat' dir='ltr'><strong><em>ex</em></strong></span> <span class='ocrx_word' id='word_1_696' title='bbox 1249 5486 1576 5547; x_wconf 85' lang='lat' dir='ltr'><strong><em>Mabillonio.</em></strong></span> <span class='ocrx_word' id='word_1_697' title='bbox 1629 5492 1778 5547; x_wconf 89' lang='lat' dir='ltr'><strong><em>Chil-</em></strong></span> 
     </span>
    </p>
   </div>
   <div class='ocr_carea' id='block_1_103' title="bbox 123 5561 1776 5633">
    <p class='ocr_par' dir='ltr' id='par_1_103' title="bbox 123 5561 1776 5633">
     <span class='ocr_line' id='line_1_103' title="bbox 123 5561 1776 5633; baseline -0.007 -3"><span class='ocrx_word' id='word_1_698' title='bbox 123 5571 346 5629; x_wconf 80' lang='lat' dir='ltr'><strong><em>derico</em></strong></span> <span class='ocrx_word' id='word_1_699' title='bbox 374 5561 531 5626; x_wconf 77' lang='lat' dir='ltr'><strong><em>regi,</em></strong></span> <span class='ocrx_word' id='word_1_700' title='bbox 563 5573 754 5633; x_wconf 79' lang='lat' dir='ltr'><strong><em>errore</em></strong></span> <span class='ocrx_word' id='word_1_701' title='bbox 774 5561 1179 5629; x_wconf 84' lang='lat' dir='ltr'><strong><em>typographico,</em></strong></span> <span class='ocrx_word' id='word_1_702' title='bbox 1204 5561 1456 5616; x_wconf 89' lang='lat' dir='ltr'><strong><em>tribuitur</em></strong></span> <span class='ocrx_word' id='word_1_703' title='bbox 1485 5564 1776 5633; x_wconf 45' lang='lat' dir='ltr'><strong><em>ingsupple-</em></strong></span> 
     </span>
    </p>
   </div>
   <div class='ocr_carea' id='block_1_104' title="bbox 121 5629 1777 5704">
    <p class='ocr_par' dir='ltr' id='par_1_104' title="bbox 121 5629 1777 5704">
     <span class='ocr_line' id='line_1_104' title="bbox 121 5629 1777 5704; baseline -0.008 -1"><span class='ocrx_word' id='word_1_704' title='bbox 121 5652 343 5704; x_wconf 83' lang='lat' dir='ltr'><strong><em>mento</em></strong></span> <span class='ocrx_word' id='word_1_705' title='bbox 403 5645 585 5704; x_wconf 81' lang='lat' dir='ltr'><strong><em>supra</em></strong></span> <span class='ocrx_word' id='word_1_706' title='bbox 636 5629 893 5704; x_wconf 74' lang='lat' dir='ltr'><strong><em>laudato;</em></strong></span> <span class='ocrx_word' id='word_1_707' title='bbox 932 5648 1014 5704; x_wconf 10' lang='lat' dir='ltr'><strong><em>rex</em></strong></span> <span class='ocrx_word' id='word_1_708' title='bbox 1067 5633 1232 5704; x_wconf 79' lang='lat' dir='ltr'><strong><em>ipsius</em></strong></span> <span class='ocrx_word' id='word_1_709' title='bbox 1277 5634 1416 5686; x_wconf 83' lang='lat' dir='ltr'><strong><em>enim</em></strong></span> <span class='ocrx_word' id='word_1_710' title='bbox 1467 5629 1777 5703; x_wconf 53' lang='lat' dir='ltr'><strong><em>diplnm&#39;atis</em></strong></span> 
     </span>
    </p>
   </div>
   <div class='ocr_carea' id='block_1_105' title="bbox 122 5700 1772 5776">
    <p class='ocr_par' dir='ltr' id='par_1_105' title="bbox 122 5700 1772 5776">
     <span class='ocr_line' id='line_1_105' title="bbox 122 5700 1772 5776; baseline -0.002 -10"><span class='ocrx_word' id='word_1_711' title='bbox 122 5700 438 5776; x_wconf 43' lang='lat' dir='ltr'><strong><em>eontextu</em></strong></span> <span class='ocrx_word' id='word_1_712' title='bbox 477 5700 799 5776; x_wconf 76' lang='lat' dir='ltr'><strong><em>liquetillud</em></strong></span> <span class='ocrx_word' id='word_1_713' title='bbox 837 5703 1091 5776; x_wconf 82' lang='lat' dir='ltr'><strong><em>eluissqu</em></strong></span> <span class='ocrx_word' id='word_1_714' title='bbox 1123 5703 1282 5756; x_wconf 76' lang='lat' dir='ltr'><strong><em>fuisse</em></strong></span> <span class='ocrx_word' id='word_1_715' title='bbox 1311 5719 1341 5776; x_wconf 83' lang='lat' dir='ltr'><strong><em>a</em></strong></span> <span class='ocrx_word' id='word_1_716' title='bbox 1372 5700 1680 5773; x_wconf 75' lang='lat' dir='ltr'><strong><em>Chilperico</em></strong></span> <span class='ocrx_word' id='word_1_717' title='bbox 1708 5705 1772 5764; x_wconf 87' lang='lat' dir='ltr'><strong><em>ll.</em></strong></span> 
     </span>
    </p>
   </div>
   <div class='ocr_carea' id='block_1_106' title="bbox 122 5771 1779 5856">
    <p class='ocr_par' dir='ltr' id='par_1_106' title="bbox 122 5771 1779 5856">
     <span class='ocr_line' id='line_1_106' title="bbox 122 5771 1779 5856; baseline -0.01 -8"><span class='ocrx_word' id='word_1_718' title='bbox 122 5771 309 5856; x_wconf 60' lang='lat' dir='ltr'><strong><em>cuius</em></strong></span> <span class='ocrx_word' id='word_1_719' title='bbox 346 5784 533 5856; x_wconf 50' lang='grc' dir='ltr'><strong><em>Ρὲίιθῗ</em></strong></span> <span class='ocrx_word' id='word_1_720' title='bbox 562 5771 897 5856; x_wconf 55' lang='grc' dir='ltr'><strong><em>(λυίιδβΐίοιξξ</em></strong></span> <span class='ocrx_word' id='word_1_721' title='bbox 925 5775 1042 5856; x_wconf 64' lang='lat' dir='ltr'><strong><em>fuit,</em></strong></span> <span class='ocrx_word' id='word_1_722' title='bbox 1067 5789 1198 5830; x_wconf 89' lang='lat' dir='ltr'><strong><em>avus</em></strong></span> <span class='ocrx_word' id='word_1_723' title='bbox 1225 5771 1598 5856; x_wconf 34' lang='lat' dir='ltr'><strong><em>Chl-oilnveus;</em></strong></span> <span class='ocrx_word' id='word_1_724' title='bbox 1619 5777 1779 5856; x_wconf 64' lang='lat' dir='ltr'><strong><em>Natat</em></strong></span> 
     </span>
    </p>
   </div>
   <div class='ocr_carea' id='block_1_107' title="bbox 121 5844 1777 5919">
    <p class='ocr_par' dir='ltr' id='par_1_107' title="bbox 121 5844 1777 5919">
     <span class='ocr_line' id='line_1_107' title="bbox 121 5844 1777 5919; baseline 0.022 -1"><span class='ocrx_word' id='word_1_725' title='bbox 121 5844 368 5919; x_wconf 48' lang='lat' dir='ltr'><strong><em>ad&#39;hoc&#39;</em></strong></span> <span class='ocrx_word' id='word_1_726' title='bbox 393 5852 828 5919; x_wconf 64' lang='lat' dir='ltr'><strong><em>itt~trut!&quot;?“‘“&#39;“</em></strong></span> <span class='ocrx_word' id='word_1_727' title='bbox 854 5844 1210 5919; x_wconf 44' lang='lat' dir='ltr'><strong><em>Mabillomust</em></strong></span> <span class='ocrx_word' id='word_1_728' title='bbox 1240 5846 1328 5900; x_wconf 60' lang='lat' dir='ltr'><strong><em>ubi</em></strong></span> <span class='ocrx_word' id='word_1_729' title='bbox 1354 5862 1534 5917; x_wconf 42' lang='lat' dir='ltr'><strong><em>supia’</em></strong></span> <span class='ocrx_word' id='word_1_730' title='bbox 1562 5848 1777 5917; x_wconf 47' lang='lat' dir='ltr'><strong><em>Falqui-</em></strong></span> 
     </span>
    </p>
   </div>
   <div class='ocr_carea' id='block_1_108' title="bbox 123 5914 1776 5997">
    <p class='ocr_par' dir='ltr' id='par_1_108' title="bbox 123 5914 1776 5997">
     <span class='ocr_line' id='line_1_108' title="bbox 123 5914 1776 5997; baseline -0.034 33"><span class='ocrx_word' id='word_1_731' title='bbox 123 5914 276 5992; x_wconf 44' lang='lat'><strong><em>35&quot;&quot;</em></strong></span> <span class='ocrx_word' id='word_1_732' title='bbox 308 5914 760 5997; x_wconf 56' lang='grc' dir='ltr'><strong><em>ντιυὲθηηίδίὲδε</em></strong></span> <span class='ocrx_word' id='word_1_733' title='bbox 786 5915 1206 5997; x_wconf 51' lang='lat' dir='ltr'><strong><em>subscriptiones</em></strong></span> <span class='ocrx_word' id='word_1_734' title='bbox 1246 5927 1301 5972; x_wconf 78' lang='grc' dir='ltr'><strong><em>ει</em></strong></span> <span class='ocrx_word' id='word_1_735' title='bbox 1331 5914 1524 5997; x_wconf 62' lang='grc' dir='ltr'><strong><em>ιιοείιεη</em></strong></span> <span class='ocrx_word' id='word_1_736' title='bbox 1555 5921 1656 5997; x_wconf 59' lang='lat' dir='ltr'><strong><em>ipsi</em></strong></span> <span class='ocrx_word' id='word_1_737' title='bbox 1675 5914 1776 5997; x_wconf 46' lang='lat' dir='ltr'><strong><em>:ubi</em></strong></span> 
     </span>
    </p>
   </div>
   <div class='ocr_carea' id='block_1_109' title="bbox 121 5986 1776 6078">
    <p class='ocr_par' dir='ltr' id='par_1_109' title="bbox 121 5986 1776 6078">
     <span class='ocr_line' id='line_1_109' title="bbox 121 5986 1776 6078; baseline -0.018 -17"><span class='ocrx_word' id='word_1_738' title='bbox 121 5986 406 6078; x_wconf 55' lang='lat' dir='ltr'><strong><em>diplot&#39;na</em></strong></span> <span class='ocrx_word' id='word_1_739' title='bbox 438 5989 635 6045; x_wconf 84' lang='lat' dir='ltr'><strong><em>datum</em></strong></span> <span class='ocrx_word' id='word_1_740' title='bbox 670 5986 782 6052; x_wconf 77' lang='lat' dir='ltr'><strong><em>fuit,</em></strong></span> <span class='ocrx_word' id='word_1_741' title='bbox 813 5986 1045 6055; x_wconf 79' lang='lat' dir='ltr'><strong><em>sigillum</em></strong></span> <span class='ocrx_word' id='word_1_742' title='bbox 1074 6003 1201 6042; x_wconf 85' lang='lat' dir='ltr'><strong><em>vero</em></strong></span> <span class='ocrx_word' id='word_1_743' title='bbox 1233 5992 1534 6060; x_wconf 70' lang='grc' dir='ltr'><strong><em>θννοέξιιιιιι</em></strong></span> <span class='ocrx_word' id='word_1_744' title='bbox 1565 5992 1776 6048; x_wconf 41' lang='lat' dir='ltr'><strong><em>tinxisse</em></strong></span> 
     </span>
    </p>
   </div>
   <div class='ocr_carea' id='block_1_110' title="bbox 507 6083 1235 6143">
    <p class='ocr_par' dir='ltr' id='par_1_110' title="bbox 507 6083 1235 6143">
     <span class='ocr_line' id='line_1_110' title="bbox 507 6083 1235 6143; baseline -0.005 0"><span class='ocrx_word' id='word_1_745' title='bbox 507 6086 776 6143; x_wconf 71' lang='grc' dir='ltr'><strong><em>ΡΑΤηυι..</em></strong></span> <span class='ocrx_word' id='word_1_746' title='bbox 827 6084 924 6143; x_wconf 55' lang='lat' dir='ltr'><strong><em>l.‘i\&#39;</em></strong></span> <span class='ocrx_word' id='word_1_747' title='bbox 944 6083 993 6142; x_wconf 77' lang='grc' dir='ltr'><strong>Χ</strong></span> <span class='ocrx_word' id='word_1_748' title='bbox 1013 6084 1057 6141; x_wconf 77' lang='grc' dir='ltr'>Χ</span> <span class='ocrx_word' id='word_1_749' title='bbox 1075 6084 1235 6143; x_wconf 89' lang='lat' dir='ltr'><strong><em>Vlll.</em></strong></span> 
     </span>
    </p>
   </div>
   <div class='ocr_carea' id='block_1_111' title="bbox 1881 4775 3480 4852">
    <p class='ocr_par' dir='ltr' id='par_1_111' title="bbox 1881 4775 3480 4852">
     <span class='ocr_line' id='line_1_111' title="bbox 1881 4775 3480 4852; baseline 0.008 -22"><span class='ocrx_word' id='word_1_750' title='bbox 1881 4777 2041 4852; x_wconf 73' lang='lat' dir='ltr'><strong><em>gilis,</em></strong></span> <span class='ocrx_word' id='word_1_751' title='bbox 2067 4789 2122 4832; x_wconf 91' lang='lat' dir='ltr'><strong><em>et</em></strong></span> <span class='ocrx_word' id='word_1_752' title='bbox 2150 4775 2292 4852; x_wconf 88' lang='lat' dir='ltr'><strong><em>quod</em></strong></span> <span class='ocrx_word' id='word_1_753' title='bbox 2322 4776 2502 4852; x_wconf 76' lang='lat' dir='ltr'><strong><em>smculi</em></strong></span> <span class='ocrx_word' id='word_1_754' title='bbox 2535 4792 2565 4830; x_wconf 84' lang='lat' dir='ltr'><strong><em>x</em></strong></span> <span class='ocrx_word' id='word_1_755' title='bbox 2603 4786 2816 4852; x_wconf 74' lang='lat' dir='ltr'><strong><em>:ctatetn</em></strong></span> <span class='ocrx_word' id='word_1_756' title='bbox 2848 4775 2901 4833; x_wconf 87' lang='lat' dir='ltr'><strong><em>et</em></strong></span> <span class='ocrx_word' id='word_1_757' title='bbox 2931 4778 3159 4850; x_wconf 82' lang='lat' dir='ltr'><strong><em>genium</em></strong></span> <span class='ocrx_word' id='word_1_758' title='bbox 3177 4785 3338 4852; x_wconf 88' lang='lat' dir='ltr'><strong><em>sapit.</em></strong></span> <span class='ocrx_word' id='word_1_759' title='bbox 3371 4786 3480 4842; x_wconf 84' lang='lat' dir='ltr'><strong><em>Sed</em></strong></span> 
     </span>
    </p>
   </div>
   <div class='ocr_carea' id='block_1_112' title="bbox 1881 4846 3480 4921">
    <p class='ocr_par' dir='ltr' id='par_1_112' title="bbox 1881 4846 3480 4921">
     <span class='ocr_line' id='line_1_112' title="bbox 1881 4846 3480 4921; baseline 0.008 -21"><span class='ocrx_word' id='word_1_760' title='bbox 1881 4849 1947 4902; x_wconf 81' lang='lat' dir='ltr'><strong><em>ad</em></strong></span> <span class='ocrx_word' id='word_1_761' title='bbox 1979 4849 2345 4921; x_wconf 76' lang='lat' dir='ltr'><strong><em>sinceritatem</em></strong></span> <span class='ocrx_word' id='word_1_762' title='bbox 2371 4846 2684 4921; x_wconf 74' lang='lat' dir='ltr'><strong><em>diplotnatis</em></strong></span> <span class='ocrx_word' id='word_1_763' title='bbox 2713 4851 2840 4903; x_wconf 77' lang='lat' dir='ltr'><strong><em>facit</em></strong></span> <span class='ocrx_word' id='word_1_764' title='bbox 2864 4846 3008 4917; x_wconf 72' lang='lat' dir='ltr'><strong><em>quod</em></strong></span> <span class='ocrx_word' id='word_1_765' title='bbox 3035 4853 3149 4921; x_wconf 76' lang='lat' dir='ltr'><strong><em>ejus</em></strong></span> <span class='ocrx_word' id='word_1_766' title='bbox 3181 4846 3386 4912; x_wconf 82' lang='lat' dir='ltr'><strong><em>tuentio</em></strong></span> <span class='ocrx_word' id='word_1_767' title='bbox 3407 4859 3480 4913; x_wconf 84' lang='lat' dir='ltr'><strong><em>sit.</em></strong></span> 
     </span>
    </p>
   </div>
   <div class='ocr_carea' id='block_1_113' title="bbox 1880 4917 3478 4991">
    <p class='ocr_par' dir='ltr' id='par_1_113' title="bbox 1880 4917 3478 4991">
     <span class='ocr_line' id='line_1_113' title="bbox 1880 4917 3478 4991; baseline 0.006 -19"><span class='ocrx_word' id='word_1_768' title='bbox 1880 4921 1931 4973; x_wconf 85' lang='lat' dir='ltr'><strong><em>in</em></strong></span> <span class='ocrx_word' id='word_1_769' title='bbox 1963 4917 2534 4991; x_wconf 33' lang='lat' dir='ltr'><strong><em>chronicoﬁithiensii</em></strong></span> <span class='ocrx_word' id='word_1_770' title='bbox 2565 4921 2769 4989; x_wconf 61' lang='lat' dir='ltr'><strong><em>sttripto</em></strong></span> <span class='ocrx_word' id='word_1_771' title='bbox 2797 4923 2864 4974; x_wconf 89' lang='lat' dir='ltr'><strong><em>ab</em></strong></span> <span class='ocrx_word' id='word_1_772' title='bbox 2890 4917 3350 4991; x_wconf 44' lang='lat' dir='ltr'><strong><em>lperio&#39;Sitltiensi</em></strong></span> <span class='ocrx_word' id='word_1_773' title='bbox 3381 4930 3478 4982; x_wconf 87' lang='lat' dir='ltr'><strong><em>ab-</em></strong></span> 
     </span>
    </p>
   </div>
   <div class='ocr_carea' id='block_1_114' title="bbox 1881 4988 3478 5060">
    <p class='ocr_par' dir='ltr' id='par_1_114' title="bbox 1881 4988 3478 5060">
     <span class='ocr_line' id='line_1_114' title="bbox 1881 4988 3478 5060; baseline 0.006 -16"><span class='ocrx_word' id='word_1_774' title='bbox 1881 4992 1913 5044; x_wconf 93' lang='lat' dir='ltr'><strong><em>b</em></strong></span> <span class='ocrx_word' id='word_1_775' title='bbox 1936 5001 2023 5051; x_wconf 77' lang='lat' dir='ltr'><strong><em>.te,</em></strong></span> <span class='ocrx_word' id='word_1_776' title='bbox 2059 4991 2200 5057; x_wconf 91' lang='lat' dir='ltr'><strong><em>apud</em></strong></span> <span class='ocrx_word' id='word_1_777' title='bbox 2232 4988 2460 5042; x_wconf 84' lang='lat' dir='ltr'><strong><em>Marten.</em></strong></span> <span class='ocrx_word' id='word_1_778' title='bbox 2494 4988 2657 5045; x_wconf 84' lang='lat' dir='ltr'><strong><em>Thes.</em></strong></span> <span class='ocrx_word' id='word_1_779' title='bbox 2681 4988 2881 5046; x_wconf 9' lang='lat' dir='ltr'><strong><em>ianevd.</em></strong></span> <span class='ocrx_word' id='word_1_780' title='bbox 2918 4988 2954 5045; x_wconf 83' lang='lat' dir='ltr'><strong><em>t.</em></strong></span> <span class='ocrx_word' id='word_1_781' title='bbox 2979 4992 3064 5060; x_wconf 82' lang='lat' dir='ltr'><strong><em>lli,</em></strong></span> <span class='ocrx_word' id='word_1_782' title='bbox 3099 4997 3203 5050; x_wconf 89' lang='lat' dir='ltr'><strong><em>col.</em></strong></span> <span class='ocrx_word' id='word_1_783' title='bbox 3235 4996 3359 5052; x_wconf 74' lang='grc'><strong><em>482.</em></strong></span> <span class='ocrx_word' id='word_1_784' title='bbox 3397 4999 3478 5053; x_wconf 89' lang='lat' dir='ltr'><strong><em>Ad</em></strong></span> 
     </span>
    </p>
   </div>
   <div class='ocr_carea' id='block_1_115' title="bbox 1883 5060 3478 5126">
    <p class='ocr_par' dir='ltr' id='par_1_115' title="bbox 1883 5060 3478 5126">
     <span class='ocr_line' id='line_1_115' title="bbox 1883 5060 3478 5126; baseline 0.008 -13"><span class='ocrx_word' id='word_1_785' title='bbox 1883 5063 2038 5114; x_wconf 83' lang='lat' dir='ltr'><strong><em>ﬁdem</em></strong></span> <span class='ocrx_word' id='word_1_786' title='bbox 2072 5060 2366 5115; x_wconf 84' lang='lat' dir='ltr'><strong><em>Mabillonii</em></strong></span> <span class='ocrx_word' id='word_1_787' title='bbox 2398 5060 2626 5115; x_wconf 76' lang='lat' dir='ltr'><strong><em>edimus.</em></strong></span> <span class='ocrx_word' id='word_1_788' title='bbox 2661 5062 2741 5116; x_wconf 75' lang='lat' dir='ltr'><strong><em>Cf.</em></strong></span> <span class='ocrx_word' id='word_1_789' title='bbox 2775 5063 3172 5120; x_wconf 69' lang='lat' dir='ltr'><strong><em>tlhartularinnt</em></strong></span> <span class='ocrx_word' id='word_1_790' title='bbox 3204 5066 3478 5126; x_wconf 78' lang='lat' dir='ltr'><strong><em>Sithiense</em></strong></span> 
     </span>
    </p>
   </div>
   <div class='ocr_carea' id='block_1_116' title="bbox 1880 5131 3362 5206">
    <p class='ocr_par' dir='ltr' id='par_1_116' title="bbox 1880 5131 3362 5206">
     <span class='ocr_line' id='line_1_116' title="bbox 1880 5131 3362 5206; baseline 0.004 -20"><span class='ocrx_word' id='word_1_791' title='bbox 1880 5149 1907 5186; x_wconf 89' lang='lat' dir='ltr'><strong><em>a</em></strong></span> <span class='ocrx_word' id='word_1_792' title='bbox 1935 5132 2095 5206; x_wconf 60' lang='lat' dir='ltr'><strong><em>doct»</em></strong></span> <span class='ocrx_word' id='word_1_793' title='bbox 2124 5131 2663 5206; x_wconf 19' lang='lat' dir='ltr'><strong><em>Vil‘QiGllél&#39;al&#39;dj-lllll.</em></strong></span> <span class='ocrx_word' id='word_1_794' title='bbox 2701 5134 3094 5206; x_wconf 66' lang='lat' dir='ltr'><strong><em>lSileditum,</em></strong></span> <span class='ocrx_word' id='word_1_795' title='bbox 3125 5153 3244 5206; x_wconf 85' lang='lat' dir='ltr'><strong><em>pag.</em></strong></span> <span class='ocrx_word' id='word_1_796' title='bbox 3274 5139 3362 5192; x_wconf 67' lang='grc'><strong><em>42.</em></strong></span> 
     </span>
    </p>
   </div>
   <div class='ocr_carea' id='block_1_117' title="bbox 1953 5203 3475 5272">
    <p class='ocr_par' dir='ltr' id='par_1_117' title="bbox 1953 5203 3475 5272">
     <span class='ocr_line' id='line_1_117' title="bbox 1953 5203 3475 5272; baseline 0.006 -16"><span class='ocrx_word' id='word_1_797' title='bbox 1953 5204 1977 5240; x_wconf 70' lang='grc' dir='ltr'>δ</span> <span class='ocrx_word' id='word_1_798' title='bbox 2010 5205 2196 5258; x_wconf 83' lang='lat' dir='ltr'><strong><em>Annus</em></strong></span> <span class='ocrx_word' id='word_1_799' title='bbox 2225 5205 2259 5258; x_wconf 81' lang='grc'><strong><em>’5</em></strong></span> <span class='ocrx_word' id='word_1_800' title='bbox 2314 5204 2464 5268; x_wconf 79' lang='lat' dir='ltr'><strong><em>regni</em></strong></span> <span class='ocrx_word' id='word_1_801' title='bbox 2504 5203 2793 5272; x_wconf 48' lang='lat' dir='ltr'><strong><em>Chilperti</em></strong></span> <span class='ocrx_word' id='word_1_802' title='bbox 2835 5204 2899 5271; x_wconf 89' lang='lat' dir='ltr'><strong><em>ll,</em></strong></span> <span class='ocrx_word' id='word_1_803' title='bbox 2952 5223 3097 5263; x_wconf 87' lang='lat' dir='ltr'><strong><em>anno</em></strong></span> <span class='ocrx_word' id='word_1_804' title='bbox 3124 5203 3320 5264; x_wconf 74' lang='lat' dir='ltr'><strong><em>Christi</em></strong></span> <span class='ocrx_word' id='word_1_805' title='bbox 3371 5210 3475 5265; x_wconf 51' lang='lat'><strong><em>7&#39;17</em></strong></span> 
     </span>
    </p>
   </div>
   <div class='ocr_carea' id='block_1_118' title="bbox 1881 5274 2868 5345">
    <p class='ocr_par' dir='ltr' id='par_1_118' title="bbox 1881 5274 2868 5345">
     <span class='ocr_line' id='line_1_118' title="bbox 1881 5274 2868 5345; baseline 0.003 -18"><span class='ocrx_word' id='word_1_806' title='bbox 1881 5275 2150 5345; x_wconf 88' lang='lat' dir='ltr'><strong><em>inceptus,</em></strong></span> <span class='ocrx_word' id='word_1_807' title='bbox 2183 5291 2326 5329; x_wconf 89' lang='lat' dir='ltr'><strong><em>anno</em></strong></span> <span class='ocrx_word' id='word_1_808' title='bbox 2350 5274 2455 5345; x_wconf 66' lang='grc' dir='ltr'><strong><em>ηδ</em></strong></span> <span class='ocrx_word' id='word_1_809' title='bbox 2485 5278 2734 5342; x_wconf 74' lang='lat' dir='ltr'><strong><em>expletus</em></strong></span> <span class='ocrx_word' id='word_1_810' title='bbox 2766 5284 2868 5330; x_wconf 91' lang='lat' dir='ltr'><strong><em>est.</em></strong></span> 
     </span>
    </p>
   </div>
   <div class='ocr_carea' id='block_1_119' title="bbox 1955 5342 3474 5421">
    <p class='ocr_par' dir='ltr' id='par_1_119' title="bbox 1955 5342 3474 5421">
     <span class='ocr_line' id='line_1_119' title="bbox 1955 5342 3474 5421; baseline 0.019 -36"><span class='ocrx_word' id='word_1_811' title='bbox 1955 5360 1974 5385; x_wconf 91' lang='lat' dir='ltr'><strong><em>c</em></strong></span> <span class='ocrx_word' id='word_1_812' title='bbox 2007 5342 2356 5421; x_wconf 43' lang='lat' dir='ltr'><strong><em>’tteprompsil</em></strong></span> <span class='ocrx_word' id='word_1_813' title='bbox 2390 5342 2763 5421; x_wconf 75' lang='lat' dir='ltr'><strong><em>Mabillonius,</em></strong></span> <span class='ocrx_word' id='word_1_814' title='bbox 2799 5348 2866 5421; x_wconf 80' lang='lat' dir='ltr'><strong><em>de</em></strong></span> <span class='ocrx_word' id='word_1_815' title='bbox 2899 5348 2978 5404; x_wconf 81' lang='lat' dir='ltr'><strong><em>Re</em></strong></span> <span class='ocrx_word' id='word_1_816' title='bbox 3016 5351 3147 5421; x_wconf 88' lang='lat' dir='ltr'><strong><em>dipl.</em></strong></span> <span class='ocrx_word' id='word_1_817' title='bbox 3182 5366 3301 5421; x_wconf 81' lang='lat' dir='ltr'><strong><em>pag.</em></strong></span> <span class='ocrx_word' id='word_1_818' title='bbox 3335 5353 3474 5419; x_wconf 81' lang='lat'><strong>609.</strong></span> 
     </span>
    </p>
   </div>
   <div class='ocr_carea' id='block_1_120' title="bbox 1878 5417 3473 5487">
    <p class='ocr_par' dir='ltr' id='par_1_120' title="bbox 1878 5417 3473 5487">
     <span class='ocr_line' id='line_1_120' title="bbox 1878 5417 3473 5487; baseline 0.004 -14"><span class='ocrx_word' id='word_1_819' title='bbox 1878 5435 1948 5474; x_wconf 81' lang='lat' dir='ltr'><strong><em>ex</em></strong></span> <span class='ocrx_word' id='word_1_820' title='bbox 1991 5418 2263 5478; x_wconf 87' lang='lat' dir='ltr'><strong><em>chartario</em></strong></span> <span class='ocrx_word' id='word_1_821' title='bbox 2292 5417 2628 5482; x_wconf 69' lang='lat' dir='ltr'><strong><em>autographa</em></strong></span> <span class='ocrx_word' id='word_1_822' title='bbox 2673 5418 2954 5487; x_wconf 80' lang='lat' dir='ltr'><strong><em>Folquini;</em></strong></span> <span class='ocrx_word' id='word_1_823' title='bbox 2996 5417 3322 5478; x_wconf 76' lang='lat' dir='ltr'><strong><em>recuderunt</em></strong></span> <span class='ocrx_word' id='word_1_824' title='bbox 3368 5417 3473 5480; x_wconf 43' lang='lat' dir='ltr'><strong><em>Mi;</em></strong></span> 
     </span>
    </p>
   </div>
   <div class='ocr_carea' id='block_1_121' title="bbox 1879 5487 3469 5559">
    <p class='ocr_par' dir='ltr' id='par_1_121' title="bbox 1879 5487 3469 5559">
     <span class='ocr_line' id='line_1_121' title="bbox 1879 5487 3469 5559; baseline 0.004 -15"><span class='ocrx_word' id='word_1_825' title='bbox 1879 5506 2036 5555; x_wconf 74' lang='lat' dir='ltr'><strong><em>l&#39;tBIIS,</em></strong></span> <span class='ocrx_word' id='word_1_826' title='bbox 2064 5488 2238 5559; x_wconf 87' lang='lat' dir='ltr'><strong><em>Opera</em></strong></span> <span class='ocrx_word' id='word_1_827' title='bbox 2280 5487 2418 5559; x_wconf 15' lang='lat' dir='ltr'><strong><em>idipl.</em></strong></span> <span class='ocrx_word' id='word_1_828' title='bbox 2457 5487 2566 5559; x_wconf 13' lang='lat' dir='ltr'><strong><em>t‘._|,</em></strong></span> <span class='ocrx_word' id='word_1_829' title='bbox 2604 5504 2721 5558; x_wconf 85' lang='lat' dir='ltr'><strong><em>pag.</em></strong></span> <span class='ocrx_word' id='word_1_830' title='bbox 2761 5491 2897 5558; x_wconf 76' lang='lat'><strong><em>1‘28;</em></strong></span> <span class='ocrx_word' id='word_1_831' title='bbox 2954 5491 3218 5554; x_wconf 86' lang='lat' dir='ltr'><strong><em>Cointius,</em></strong></span> <span class='ocrx_word' id='word_1_832' title='bbox 3273 5495 3469 5550; x_wconf 81' lang='lat' dir='ltr'><strong><em>Annal.</em></strong></span> 
     </span>
    </p>
   </div>
   <div class='ocr_carea' id='block_1_122' title="bbox 1880 5557 3470 5632">
    <p class='ocr_par' dir='ltr' id='par_1_122' title="bbox 1880 5557 3470 5632">
     <span class='ocr_line' id='line_1_122' title="bbox 1880 5557 3470 5632; baseline 0.004 -17"><span class='ocrx_word' id='word_1_833' title='bbox 1880 5570 1919 5615; x_wconf 90' lang='lat' dir='ltr'><strong><em>t.</em></strong></span> <span class='ocrx_word' id='word_1_834' title='bbox 1950 5561 2043 5626; x_wconf 85' lang='grc' dir='ltr'><strong><em>ιν,</em></strong></span> <span class='ocrx_word' id='word_1_835' title='bbox 2071 5557 2195 5632; x_wconf 79' lang='lat' dir='ltr'><strong><em>pag.</em></strong></span> <span class='ocrx_word' id='word_1_836' title='bbox 2230 5557 2361 5632; x_wconf 15' lang='lat'><strong><em>(5749,</em></strong></span> <span class='ocrx_word' id='word_1_837' title='bbox 2382 5575 2448 5613; x_wconf 87' lang='lat' dir='ltr'><strong><em>ex</em></strong></span> <span class='ocrx_word' id='word_1_838' title='bbox 2473 5557 2758 5632; x_wconf 25' lang='lat' dir='ltr'><strong><em>Mtraeo,’et</em></strong></span> <span class='ocrx_word' id='word_1_839' title='bbox 2787 5561 3120 5619; x_wconf 80' lang='lat' dir='ltr'><strong><em>Collectores</em></strong></span> <span class='ocrx_word' id='word_1_840' title='bbox 3145 5566 3470 5632; x_wconf 83' lang='lat' dir='ltr'><strong><em>scriptorum</em></strong></span> 
     </span>
    </p>
   </div>
   <div class='ocr_carea' id='block_1_123' title="bbox 1880 5630 3468 5702">
    <p class='ocr_par' dir='ltr' id='par_1_123' title="bbox 1880 5630 3468 5702">
     <span class='ocr_line' id='line_1_123' title="bbox 1880 5630 3468 5702; baseline 0.003 -16"><span class='ocrx_word' id='word_1_841' title='bbox 1880 5649 2058 5687; x_wconf 90' lang='lat' dir='ltr'><strong><em>rerum</em></strong></span> <span class='ocrx_word' id='word_1_842' title='bbox 2089 5631 2489 5702; x_wconf 85' lang='lat' dir='ltr'><strong><em>Francicarum,</em></strong></span> <span class='ocrx_word' id='word_1_843' title='bbox 2516 5639 2552 5683; x_wconf 88' lang='lat' dir='ltr'><strong><em>t.</em></strong></span> <span class='ocrx_word' id='word_1_844' title='bbox 2579 5630 2666 5698; x_wconf 87' lang='lat' dir='ltr'><strong><em>IV,</em></strong></span> <span class='ocrx_word' id='word_1_845' title='bbox 2690 5647 2807 5702; x_wconf 87' lang='lat' dir='ltr'><strong><em>pag.</em></strong></span> <span class='ocrx_word' id='word_1_846' title='bbox 2844 5633 2969 5699; x_wconf 77' lang='lat'><strong><em>657,</em></strong></span> <span class='ocrx_word' id='word_1_847' title='bbox 2995 5650 3062 5689; x_wconf 78' lang='lat' dir='ltr'><strong><em>ex</em></strong></span> <span class='ocrx_word' id='word_1_848' title='bbox 3115 5630 3424 5692; x_wconf 80' lang='lat' dir='ltr'><strong><em>Mabillonio</em></strong></span> <span class='ocrx_word' id='word_1_849' title='bbox 3455 5681 3468 5702; x_wconf 95' lang='lat'><strong><em>,</em></strong></span> 
     </span>
    </p>
   </div>
   <div class='ocr_carea' id='block_1_124' title="bbox 1879 5701 3472 5774">
    <p class='ocr_par' dir='ltr' id='par_1_124' title="bbox 1879 5701 3472 5774">
     <span class='ocr_line' id='line_1_124' title="bbox 1879 5701 3472 5774; baseline 0.006 -19"><span class='ocrx_word' id='word_1_850' title='bbox 1879 5720 2037 5773; x_wconf 87' lang='lat' dir='ltr'><strong><em>qttem</em></strong></span> <span class='ocrx_word' id='word_1_851' title='bbox 2064 5702 2383 5774; x_wconf 3' lang='lat' dir='ltr'><strong><em>ipsequi-mir.</em></strong></span> <span class='ocrx_word' id='word_1_852' title='bbox 2433 5701 2639 5770; x_wconf 90' lang='lat' dir='ltr'><strong><em>lperius</em></strong></span> <span class='ocrx_word' id='word_1_853' title='bbox 2663 5701 2700 5766; x_wconf 28' lang='lat'><strong><em>,’</em></strong></span> <span class='ocrx_word' id='word_1_854' title='bbox 2736 5705 2788 5756; x_wconf 90' lang='lat' dir='ltr'><strong><em>in</em></strong></span> <span class='ocrx_word' id='word_1_855' title='bbox 2827 5705 3086 5760; x_wconf 87' lang='lat' dir='ltr'><strong><em>chronico</em></strong></span> <span class='ocrx_word' id='word_1_856' title='bbox 3123 5701 3472 5774; x_wconf 80' lang='lat' dir='ltr'><strong><em>Bertiniano,</em></strong></span> 
     </span>
    </p>
   </div>
   <div class='ocr_carea' id='block_1_125' title="bbox 1882 5771 3473 5844">
    <p class='ocr_par' dir='ltr' id='par_1_125' title="bbox 1882 5771 3473 5844">
     <span class='ocr_line' id='line_1_125' title="bbox 1882 5771 3473 5844; baseline 0.003 -15"><span class='ocrx_word' id='word_1_857' title='bbox 1882 5771 2023 5844; x_wconf 81' lang='lat' dir='ltr'><strong><em>apud</em></strong></span> <span class='ocrx_word' id='word_1_858' title='bbox 2056 5773 2279 5844; x_wconf 78' lang='lat' dir='ltr'><strong><em>Marten.</em></strong></span> <span class='ocrx_word' id='word_1_859' title='bbox 2305 5771 2466 5826; x_wconf 84' lang='lat' dir='ltr'><strong><em>Thes.</em></strong></span> <span class='ocrx_word' id='word_1_860' title='bbox 2502 5775 2690 5827; x_wconf 84' lang='lat' dir='ltr'><strong><em>anccd.</em></strong></span> <span class='ocrx_word' id='word_1_861' title='bbox 2725 5785 2761 5828; x_wconf 92' lang='lat' dir='ltr'><strong><em>t.</em></strong></span> <span class='ocrx_word' id='word_1_862' title='bbox 2791 5774 2878 5842; x_wconf 85' lang='lat' dir='ltr'><strong><em>ill,</em></strong></span> <span class='ocrx_word' id='word_1_863' title='bbox 2911 5794 3030 5844; x_wconf 65' lang='lat' dir='ltr'><strong><em>pag.</em></strong></span> <span class='ocrx_word' id='word_1_864' title='bbox 3064 5776 3186 5841; x_wconf 62' lang='lat'><strong><em>«18:2,</em></strong></span> <span class='ocrx_word' id='word_1_865' title='bbox 3201 5771 3473 5834; x_wconf 74' lang='lat' dir='ltr'><strong><em>memorat</em></strong></span> 
     </span>
    </p>
   </div>
   <div class='ocr_carea' id='block_1_126' title="bbox 1883 5843 3473 5914">
    <p class='ocr_par' dir='ltr' id='par_1_126' title="bbox 1883 5843 3473 5914">
     <span class='ocr_line' id='line_1_126' title="bbox 1883 5843 3473 5914; baseline 0.004 -14"><span class='ocrx_word' id='word_1_866' title='bbox 1883 5843 1984 5901; x_wconf 88' lang='lat' dir='ltr'><strong><em>hoc</em></strong></span> <span class='ocrx_word' id='word_1_867' title='bbox 2024 5843 2358 5914; x_wconf 87' lang='lat' dir='ltr'><strong><em>privilegium</em></strong></span> <span class='ocrx_word' id='word_1_868' title='bbox 2419 5847 2680 5900; x_wconf 84' lang='lat' dir='ltr'><strong><em>libertatis</em></strong></span> <span class='ocrx_word' id='word_1_869' title='bbox 2709 5856 2764 5900; x_wconf 90' lang='lat' dir='ltr'><strong><em>et</em></strong></span> <span class='ocrx_word' id='word_1_870' title='bbox 2813 5843 3238 5903; x_wconf 87' lang='lat' dir='ltr'><strong><em>conﬁrmationis</em></strong></span> <span class='ocrx_word' id='word_1_871' title='bbox 3285 5850 3473 5906; x_wconf 90' lang='lat' dir='ltr'><strong><em>abbati</em></strong></span> 
     </span>
    </p>
   </div>
   <div class='ocr_carea' id='block_1_127' title="bbox 1881 5914 3468 5987">
    <p class='ocr_par' dir='ltr' id='par_1_127' title="bbox 1881 5914 3468 5987">
     <span class='ocr_line' id='line_1_127' title="bbox 1881 5914 3468 5987; baseline 0.003 -15"><span class='ocrx_word' id='word_1_872' title='bbox 1881 5916 2138 5972; x_wconf 90' lang='lat' dir='ltr'><strong><em>Sithiensi</em></strong></span> <span class='ocrx_word' id='word_1_873' title='bbox 2184 5931 2522 5987; x_wconf 55' lang='lat' dir='ltr'><strong><em>concessum.</em></strong></span> <span class='ocrx_word' id='word_1_874' title='bbox 2581 5914 2661 5970; x_wconf 72' lang='lat' dir='ltr'><strong><em>Cl&quot;.</em></strong></span> <span class='ocrx_word' id='word_1_875' title='bbox 2697 5916 3092 5972; x_wconf 85' lang='lat' dir='ltr'><strong><em>Chartularium</em></strong></span> <span class='ocrx_word' id='word_1_876' title='bbox 3157 5919 3468 5987; x_wconf 84' lang='lat' dir='ltr'><strong><em>Sithiense,</em></strong></span> 
     </span>
    </p>
   </div>
   <div class='ocr_carea' id='block_1_128' title="bbox 1883 5985 3470 6060">
    <p class='ocr_par' dir='ltr' id='par_1_128' title="bbox 1883 5985 3470 6060">
     <span class='ocr_line' id='line_1_128' title="bbox 1883 5985 3470 6060; baseline 0.003 -17"><span class='ocrx_word' id='word_1_877' title='bbox 1883 6003 2001 6060; x_wconf 85' lang='lat' dir='ltr'><strong><em>pag.</em></strong></span> <span class='ocrx_word' id='word_1_878' title='bbox 2028 5987 2114 6050; x_wconf 69' lang='grc'><strong><em>44,</em></strong></span> <span class='ocrx_word' id='word_1_879' title='bbox 2147 6003 2272 6042; x_wconf 89' lang='lat' dir='ltr'><strong><em>anu.</em></strong></span> <span class='ocrx_word' id='word_1_880' title='bbox 2307 5985 2435 6040; x_wconf 64' lang='lat'><strong><em>1841</em></strong></span> <span class='ocrx_word' id='word_1_881' title='bbox 2472 5987 2670 6043; x_wconf 85' lang='lat' dir='ltr'><strong><em>editum</em></strong></span> <span class='ocrx_word' id='word_1_882' title='bbox 2721 6006 2748 6041; x_wconf 69' lang='grc' dir='ltr'><strong><em>ει</em></strong></span> <span class='ocrx_word' id='word_1_883' title='bbox 2781 6005 2920 6059; x_wconf 65' lang='lat' dir='ltr'><strong><em>sa-pe</em></strong></span> <span class='ocrx_word' id='word_1_884' title='bbox 2948 5989 3165 6044; x_wconf 82' lang='lat' dir='ltr'><strong><em>laudato</em></strong></span> <span class='ocrx_word' id='word_1_885' title='bbox 3203 5985 3470 6050; x_wconf 66' lang='lat' dir='ltr'><strong><em>Guérard.</em></strong></span> 
     </span>
    </p>
   </div>
   <div class='ocr_carea' id='block_1_129' title="bbox 3068 6087 3146 6142">
    <p class='ocr_par' dir='ltr' id='par_1_129' title="bbox 3068 6087 3146 6142">
     <span class='ocr_line' id='line_1_129' title="bbox 3068 6087 3146 6142; baseline 0 0"><span class='ocrx_word' id='word_1_886' title='bbox 3068 6087 3146 6142; x_wconf 74' lang='lat'><strong><em>36</em></strong></span> 
     </span>
    </p>
   </div>
  </div>
