4206 6534
231 365 364 420 ΗΞιῖ

993 354 1230 412 REGE)!
1271 353 1507 411 PRIMA?
1549 353 1812 409 STlBl‘lS
1851 346 2280 405 FRANCORUM
2325 345 2739 403 bll’LOMATA.

3371 361 3515 416 “53

220 491 387 537 terra
416 495 517 534 nec
549 479 684 532 ullas
712 475 1013 530 functiones
1065 473 1306 542 publicas
1361 471 1532 525 eidem
1583 469 1654 522 ob
1706 468 1814 522 hoc
1845 469 1890 528 Α
1921 465 2075 519 leﬁus
2124 462 2412 535 requiescit
2466 463 2517 516 in
2567 467 2986 536 corpore,quod
3039 480 3262 530 estsua:
3289 479 3433 535 sedis
3464 493 3521 537 ei

219 576 445 640 exigere
475 581 568 624 aut
590 580 842 624 exactore
864 567 948 620 vel
979 565 1255 635 requirere
1274 579 1379 617 non
1402 563 1642 616 deberet.
1670 559 1822 614 Unde

217 678 278 726 et
305 669 481 739 ipsam
504 665 923 736 praeceptionem
947 660 1189 729 jamdicti
1224 657 1402 712 tritavi
1432 654 1600 711 nostri
1634 669 1691 710 se
1715 670 1823 724 pra:

217 759 475 814 manibus
503 757 706 812 habere
727 769 795 809 ex
825 753 926 808 hoc
955 751 1263 814 al‘iirm'ivit,
1300 757 1355 803 et
1387 749 1543 803 nobis
1590 747 1643 800 in
1687 762 1824 816 pne-

215 853 398 911 sentia
424 849 664 906 ostendit
691 847 757 902 ad
780 845 1087 915 legendum,
1111 853 1165 899 et
1214 844 1328 912 ipsa
1379 840 1636 897 beneﬁcia
1688 855 1813 894 con-

216 961 376 1002 cessa
402 944 468 999 de
492 958 558 998 eo
580 951 826 1010 tempore
848 951 1020 1007 usque
1064 952 1205 991 nunc
1253 935 1482 989 asseruit
1522 947 1645 988 esse
1683 947 1820 987 con-

211 1044 436 1092 servata
480 1053 493 1090 :
543 1034 638 1090 sed
669 1047 766 1102 pro
795 1029 1061 1084 ﬁrmitatis
1087 1029 1323 1082 studium
1357 1027 1509 1097 petiit
1545 1023 1824 1082 celsitudi—

213 1144 344 1182 nem
377 1136 644 1193 nestram,
677 1133 734 1178 ut
787 1123 889 1177 hoc
923 1121 1066 1175 circa
1117 1121 1290 1189 ipsum
1339 1119 1516 1174 locum
1574 1127 1820 1174 sanctum

212 1236 320 1291 pro
353 1221 509 1274 nobis
535 1219 856 1272 deberemus
885 1212 1209 1270 continuare
1230 1212 1464 1268 oraculis
1493 1210 1672 1280 :quod
1705 1225 1820 1274 nos,

212 1323 448 1386 propter
475 1326 673 1366 nomen
707 1311 943 1378 Domini,
976 1318 1031 1363 et
1074 1307 1373 1363 reverentia
1427 1306 1594 1375 ipsius
1644 1305 1820 1358 san-ti

212 1405 348 1470 loci,
379 1405 614 1475 gratanti
651 1404 833 1458 animo
867 1404 939 1456 ita
995 1401 1310 1470 praestitisse
1359 1405 1417 1453 et
1468 1398 1519 1451 iu
1574 1398 1823 1452 omnibus

213 1499 577 1555 conﬁrmasse
608 1497 945 1566 cognoscite.
974 1495 1358 1562 Prmcipieutes
1387 1494 1528 1547 enim
1562 1503 1638 1556 ut,
1672 1493 1820 1560 quic-

210 1593 348 1661 quid
373 1600 587 1645 con~tat
615 1593 1038 1658 suprascribtum
1073 1588 1324 1640 tritavum
1357 1597 1600 1642 nostrum
1647 1585 1822 1639 Theo-

211 1683 487 1748 dericum,
518 1683 792 1751 quondam
843 1696 1054 1749 regem,
1087 1679 1152 1732 de
1210 1681 1324 1750 ipso
1374 1680 1657 1742 beneﬁcio,
1683 1678 1822 1733 sicut

210 1779 470 1846 snperius
501 1786 582 1830 est
613 1777 1094 1847 ei-mipreheostnn,
1126 1776 1346 1846 przclato
1375 1775 1595 1829 Bertino
1621 1775 1704 1828 vel
1755 1776 1818 1828 ad

1929 561 2115 613 matris
2131 560 2397 624 ecclesiar,
2423 559 2546 629 jure
2575 573 2774 618 sanctae
2795 564 2976 621 Marizc
3004 576 3060 621 et
3089 575 3259 625 sancti
3293 574 3435 632 Petri
3458 593 3520 634 et

1927 651 2100 706 sancti
2134 650 2381 707 Gervasii
2428 663 2484 709 et.
2517 653 2747 709 Protasii
2799 665 3210 733 martyrum,in
3259 669 3522 736 regimine

1930 743 2131 798 habere
2158 743 2388 808 videtur,
2426 747 2578 800 nobis
2606 746 2876 814 subgessit
2904 765 2969 805 eo
3015 757 3158 822 quod
3204 769 3520 816 antecesso-

1927 848 2014 888 res
2043 834 2147 898 sui,
2170 835 2238 889 ab
2262 836 2534 890 anteriore
2564 851 2692 906 rege
2717 851 2941 910 parente
2969 858 3175 914 nostro,
3194 854 3521 910 amonitates

1926 925 1993 980 de
2016 927 2268 981 omnibus
2293 927 2455 982 rebus
2472 943 2658 984 eorum
2689 933 2773 987 vel
2804 935 3048 992 ecclesia:
3076 944 3244 996 sancti
3275 943 3519 1003 Gervasii

1927 1026 1982 1070 et
2007 1015 2234 1072 Prolasii
2263 1029 2561 1090 martyrum
2585 1026 3027 1093 pronteruissent,
3054 1041 3107 1085 et
3155 1042 3342 1101 postea
3392 1040 3519 1110 ipsa:

1926 1111 2249 1167 ennznitates
2277 1128 2305 1165 a
2337 1114 2495 1168 malis
2543 1115 2849 1172 hominibus
2880 1117 3103 1177 fuissent
3143 1123 3356 1184 furtiue.
3395 1131 3519 1188 Ideo

1925 1205 2158 1262 doumus
2184 1215 2240 1260 et
2269 1208 2550 1275 praecelsus
2573 1220 2888 1268 antecessor
2913 1226 3102 1273 noster
3121 1219 3517 1296 Childebertus,

1926 1297 2198 1367 quondam
2223 1313 2339 1362 rex,
2366 1313 2574 1353 necnon
2597 1311 2653 1355 et
2677 1304 2892 1370 genitor
2939 1318 3127 1365 noster
3165 1310 3516 1382 Dagobertus,

1925 1387 2197 1456 quondam
2224 1404 2351 1454 rex,
2374 1397 2429 1444 et
2450 1390 2692 1460 inpostea
2725 1410 2920 1462 parens
2951 1410 3136 1456 noster
3161 1403 3516 1478 Chilperious,

1927 1480 2195 1546 quondam
2227 1495 2342 1546 rex,
2377 1481 2614 1550 integras
2637 1488 2962 1544 emunitatt-s
3002 1492 3069 1548 de
3094 1499 3351 1554 omnibus
3383 1504 3524 1560 villis

1926 1573 2010 1624 vel
2042 1571 2208 1625 cartis
2230 1574 2474 1628 ecclesia:
2505 1590 2613 1629 sua:
2661 1575 2846 1633 Sancti
2889 1580 3126 1641 Gervasii
3183 1599 3238 1643 et
3291 1590 3524 1649 Protesii

1927 1673 2252 1732 martyrum,
2282 1666 2332 1718 iu
2362 1668 2689 1735 quibuslibet
2721 1672 2869 1740 pagis
2903 1684 3067 1746 atque
3099 1681 3382 1740 territoriis
3429 1688 3523 1742 lia-

1924 1756 2054 1811 bere
2086 1758 2357 1825 videntur,
2389 1762 2549 1816 etiam
2579 1773 2633 1818 et
2656 1771 2984 1824 monasteria
3025 1789 3145 1838 sua,
3178 1791 3294 1844 qua
3324 1780 3436 1848 ipsc
3468 1784 3523 1837 in

209 1870 642 1938 soprascribtum
673 1872 848 1924 locum
880 1880 1157 1928 sanctum.
1195 1885 1292 1937 pro
1340 1877 1626 1922 auemento
1677 1883 1814 1921 mer-

1926 1851 2187 1915 regimiue
2212 1853 2395 1922 habet,
2429 1872 2545 1923 (nuc
2581 1860 2712 1912 :nl'ra
2740 1861 2908 1929 ipsam
2942 1867 3128 1922 urbem
3158 1869 3522 1930 Cenomanui-

210 1967 368 2020 cedis
397 1982 506 2018 sua:
537 1967 890 2027 Concessisse,
927 1973 979 2017 et
1010 1967 1076 2017 de
1105 1981 1169 2016 co
1202 1974 1448 2033 tempore
1481 1979 1648 2030 usque
1679 1978 1820 2015 nunc

206 2067 370 2111 recto
395 2059 608 2111 tramite
641 2058 737 2110 l'uit
761 2067 1160 2117 conservatum,
1195 2057 1265 2109 ita
1291 2065 1344 2109 et
1372 2057 1584 2108 inantca
1641 2057 1820 2124 inspe-

208 2158 302 2202 cta
355 2149 468 2217 ipsa
518 2150 880 2218 praeceptione
937 2150 1178 2217 praedicti
1235 2148 1514 2216 principis,
1544 2151 1682 2199 sicut
1729 2161 1824 2214 per

207 2243 409 2294 eadem
437 2240 763 2301 declaratur,
795 2241 863 2292 ita
897 2251 950 2292 et
987 2245 1203 2294 inautea
1253 2256 1349 2308 per
1405 2248 1646 2293 hostium
1689 2256 1822 2308 pra:-

205 2343 459 2402 ceptum,
493 2333 700 2402 plenius
729 2334 780 2386 in
816 2333 904 2386 Dei
939 2334 1155 2386 nomine
1184 2333 1252 2385 sit
1285 2333 1684 2397 conﬁrmatum,
1719 2332 1820 2386 sub

206 2438 281 2479 eo
313 2423 502 2476 ordine
531 2425 673 2477 circa
705 2424 877 2492 ipsmu
911 2423 1308 2477 lii-Lcmbodum
1346 2425 1593 2477 abbatem
1639 2425 1720 2478 vel
1753 2425 1820 2477 ad

208 2519 393 2588 ipsum
425 2519 810 2572 monasterium
835 2535 989 2571 suum
1021 2518 1216 2583 Sitdiu,
1250 2521 1395 2571 omni
1431 2529 1675 2586 tempore
1709 2519 1818 2586 ipsa

205 2610 480 2664 beneﬁcia
503 2614 611 2664 sitit
644 2625 922 2673 concessa,
953 2619 1080 2662 etin
1129 2610 1378 2663 otnuibus
1428 2611 1647 2663 valeant
1702 2627 1819 2665 esse

207 2711 657 2766 conservata,et
707 2703 909 2754 nullam
969 2703 1410 2768 relragationem,
1463 2717 1563 2755 nec
1613 2701 1815 2754 nullum

208 2794 661 2864 impedimentum
693 2810 720 2847 a
748 2793 1020 2861 judicibus
1050 2795 1276 2864 publicis
1317 2793 1510 2846 exinde
1541 2808 1813 2860 quoquam

205 2897 462 2954 tempore
515 2887 715 2940 habere
765 2904 870 2939 non
926 2887 1346 2953 pertimescant;
1406 2885 1548 2939 unde
1591 2895 1646 2938 et
1702 2886 1814 2953 ipsa

205 2980 571 3049 congregatio
601 2994 697 3049 pro
730 2979 1021 3033 stabilitate
1052 2981 1197 3046 regni
1233 2981 1422 3040 nostri,
1453 2979 1532 3031 vel
1577 2993 1674 3045 pro
1727 2993 1814 3029 sa—

205 3073 328 3127 lute
359 3074 576 3142 patriae,
610 3071 820 3124 Domini
873 3071 1298 3124 misericordiam
1346 3071 1548 3138 iugiter
1589 3085 1818 3123 eXoraie

1930 1958 2046 1995 cam
2078 1954 2203 1996 sunt
2225 1957 2562 2015 constructa,
2592 1961 2682 2004 aut
2711 1959 2878 2008 curtis
2919 1972 3131 2028 eorum,
3157 1963 3240 2015 vel
3287 1965 3441 2020 villas
3475 1969 3524 2022 in

1928 2037 2258 2130 quibtislibct
2284 2041 2431 2108 pagis
2457 2043 2540 2095 vel
2574 2047 2883 2115 Ierrituriis,
2916 2052 2999 2104 vel
3046 2071 3166 2122 qua:
3211 2074 3306 2126 per
3353 2063 3522 2130 ipsum

1931 2123 2226 2180 Ecclesium
2259 2145 2476 2198 sperat-:2
2509 2134 2780 2202 \itlentur,
2815 2123 3225 2202 concessi~sent
3247 2160 3300 2202 ut
3349 2123 3526 2208 nullus

1925 2219 2094 2288 judcx
2145 2223 2409 2292 publzcus,
2441 2242 2539 2281 nec
2589 2229 2653 2283 ad
2705 2247 2894 2287 causas
2945 2237 3262 2304 audiendas,
3299 2259 3400 2300 nec
3456 2247 3524 2302 ad

1929 2312 2073 2367 lrcda
2099 2317 2381 2386 exigenda,
2419 2335 2515 2374 nec
2540 2324 2846 2380 mansiones
2877 2338 2968 2382 aut
2991 2343 3204 2399 paratas
3232 2334 3522 2404 faciendas,

1931 2423 2028 2459 nec
2059 2419 2244 2475 pa-tus
2273 2427 2372 2465 nec
2405 2413 2540 2467 ullas
2585 2415 2977 2474 reddibitiones
3027 2426 3399 2494 requirendus,
3426 2447 3525 2484 nec

1930 2500 2280 2565 exactandas,
2324 2517 2539 2572 quoque
2591 2515 2834 2576 tempore
2883 2511 3086 2578 ingredi
3134 2515 3391 2585 deberet,
3425 2523 3524 2576 nisi

1930 2605 2051 2643 cum
2082 2593 2257 2646 omnis
2287 2592 2458 2648 lretus
2489 2611 2624 2650 conc
2665 2614 2783 2652 ssus
2812 2610 2974 2669 atque
3019 2605 3258 2663 indultus
3302 2613 3524 2668 deberet

1929 2684 2238 2752 possidere;
2269 2694 2408 2738 uude
2440 2697 2494 2742 et
2527 2689 2695 2758 ipsam
2729 2698 3144 2763 prmceptitmetn
3162 2701 3261 2755 sibi
3295 2720 3388 2773 per
3411 2725 3524 2761 ina-

1923 2791 2020 2828 nus
2050 2777 2249 2831 habere
2279 2777 2530 2844 afﬁrmat,
2551 2791 2605 2835 et
2635 2784 2748 2851 ipse
2777 2785 3072 2846 beneﬁcius
3094 2792 3160 2847 de
3183 2809 3247 2847 eo
3285 2805 3526 2869 tempore

1920 2867 2110 2920 luisset
2139 2880 2527 2938 conservatus;
2561 2877 2715 2943 petiit
2755 2879 3057 2936 celsitudiui
3100 2898 3298 2943 nostra:
3333 2867 3524 2948 utihoc

1920 2957 2063 3011 circa
2094 2959 2282 3013 eodem
2317 2962 2368 3014 in
2405 2963 2453 3016 id
2486 2964 2601 3031 ipso
2629 2969 2952 3025 conﬁrmare
2982 2974 3321 3035 deberemus.
3357 2983 3523 3052 Cujus

1923 3049 2238 3116 petitionem
2269 3069 2373 3106 non
2407 3055 2724 3122 denegasse,
2760 3062 2855 3114 sed
2888 3063 2938 3116 iu
2967 3071 3220 3124 omnbus
3270 3073 3342 3125 ita
3389 3049 3522 3143 pne—

204 3166 465 3222 delectet.
499 3165 586 3230 Et,
615 3175 673 3218 ut
705 3164 768 3217 lia
789 3180 819 3218 c
849 3165 1143 3218 auctoritas
1175 3164 1376 3216 ﬁrmior
1409 3165 1698 3225 ltaiicaltlt‘,
1732 3164 1811 3213 vel

1922 3141 2124 3195 stitissc
2157 3144 2236 3195 vel
2279 3145 2628 3201 conﬁrmasse
2657 3155 2993 3219 cognoscite.
3047 3159 3170 3213 Ideo
3197 3141 3522 3232 praesentem

203 3265 528 3337 perenniter
573 3262 624 3314 iit
673 3261 921 3314 omnibus
967 3268 1338 3320 conservetur,
1381 3274 1569 3311 manus
1619 3267 1814 3310 nostr;c

1924 3248 2067 3301 price
2106 3236 2346 3302 ptionem
2396 3238 2740 3295 decernimus
2798 3255 2962 3314 atque
3013 3250 3286 3318 jubetnus,
3314 3259 3426 3313 sive
3471 3261 3524 3315 in

203 3357 701 3413 attbscribtiouibus
731 3371 850 3410 eam
888 3357 1074 3408 subter
1113 3354 1451 3408 decrevimus
1507 3367 1535 3402 a
1561 3352 1811 3401 ιΙίιιιιίὶιυ.

284 3449 508 3516 Signum
558 3449 780 3515 glorlosi
829 3447 1013 3500 domui
1057 3445 1398 3499 Theoderici.
1437 3444 1624 3496 Datum
1673 3442 1814 3511 (ικαὶ

206 3544 343 3598 facit
387 3542 644 3595 Novemb.
682 3540 798 3594 dies
840 3541 1047 3602 decem,
1081 3555 1222 3590 anno
1254 3538 1424 3605 primo
1451 3536 1596 3601 regni
1622 3535 1811 3597 tio-tri,

208 3636 551 3692 Co:~t'clciitis
577 3644 774 3690 castro.
804 3631 914 3700 Ego
938 3632 1218 3685 Cotlradus
1243 3631 1420 3698 jussus
1450 3627 1735 3696 tectiguovi
1761 3635 1816 3679 et

240 3732 527 3786 tiliscribsi.

757 3862 982 3916 CAPUT
1031 3859 1274 3915 XXXIX.

210 4000 471 4066 Diploma
507 3997 808 4050 Theoderici
842 3995 866 4047 1
883 3995 946 4060 γ,
979 3997 1112 4062 regis
1150 3998 1166 4044 ἰ
1200 4011 1607 4062 ι-(ιηιονέςηι,ψιο
1639 3993 1816 4045 immu-

283 4065 478 4121 nitates
530 4070 806 4135 con/irata!
847 4083 1115 4120 concessus
1166 4067 1322 4116 .luiso
1349 4066 1456 4135 ensi
1501 4065 1813 4135 monasterio

283 4132 663 4194 CcisoutauenSi
689 4136 939 4191 Ecrlesiw
960 4137 1184 4205 subjecto
1213 4157 1232 4166 --
1266 4149 1410 4199 mnu.
1447 4132 1594 4188 72:23.

286 4276 683 4336 'l’hcodoricus,
728 4290 821 4327 rex
868 4272 1233 4334 Francorum,
1261 4272 1339 4325 vir
1373 4272 1612 4325 iu‘uster.
1663 4270 1811 4325 'l‘uur

203 4371 412 4439 regulis
441 4369 702 4424 celsitudo
730 4367 1074 4420 fundlnieuta
1119 4367 1200 4420 sui
1251 4365 1500 4419 culminis
1548 4365 1812 4418 (ΖῖλΙῚΟδυ-

204 4476 320 4524 rat,
354 4460 569 4527 quando
601 4459 948 4529 petitionibus
979 4458 1319 4512 sacerdotum
1352 4464 1444 4509 aut
1473 4455 1806 4523 pontiﬁcum,

1923 3335 2241 3394 perpetuum
2275 3328 2519 3384 volumus
2543 3347 2658 3387 esse
2684 3351 3016 3397 mansurum.
3055 3355 3111 3396 ut.
3141 3346 3381 3417 inspecta
3409 3353 3523 3422 ipsa

1923 3421 2249 3474 ati‘eriorcm
2283 3425 2722 3495 pra-ceptionem,
2747 3430 3106 3502 nullusjutlerx
3134 3441 3400 3510 μυιιιίρυε,
3429 3421 3524 3500 ne-

1923 3525 2029 3611 que
2050 3527 2174 3611 ivos,
2198 3528 2372 3579 neque
2398 3517 2641 3581 juniorcs
2662 3529 2754 3573 aut
2780 3537 3121 3583 succeSsores
3145 3534 3326 3599 vestri,
3347 3551 3525 3608 neque

1922 3603 2176 3670 quislibet
2231 3621 2296 3660 ex
2321 3607 2606 3676 judiciaria
2658 3623 2947 3683 potestate,
2982 3621 3033 3674 in
3066 3623 3207 3679 villis
3236 3638 3330 3682 aut
3358 3603 3525 3688 curtis

1922 3695 2092 3766 ipsius
2118 3699 2359 3754 ecclesia:
2377 3718 2486 3757 sua:
2514 3708 2685 3760 sancti
2708 3706 2952 3766 Gervasii
2984 3723 3038 3768 et
3056 3715 3286 3775 Protasii
3321 3734 3524 3796 marty-

1925 3805 2064 3853 rum,
2089 3792 2172 3844 v:-|
2218 3798 2546 3851 monasteria
2579 3816 2676 3854 sua
2723 3813 2818 3858 aut
2856 3809 3024 3864 curtis
3073 3813 3156 3866 vel
3188 3816 3343 3872 villas
3373 3792 3522 3890 ipso-

1926 3897 2065 3948 rum,
2097 3894 2188 3982 aut
2215 3902 2334 3955 qua:
2362 3904 2459 3957 per
2489 3891 2655 3959 ipsum
2679 3897 2965 3953 ecclesiam
2989 3918 3211 3971 sperare
3251 3910 3520 3982 videntur,

1923 3977 2116 4071 necan
2148 3994 2337 4034 causas
2365 3983 2689 4052 audiendas,
2717 4005 2815 4045 nec
2837 3995 2902 4046 ad
2932 3994 3081 4051 freda
3107 4000 3392 4071 exigenda,
3419 3977 3521 4064 nec

1923 4068 1991 4163 ad
2024 4069 2366 4139 lidejussores
2406 4077 2690 4146 tollendas,
2727 4099 2824 4139 nec
2855 4087 2918 4140 ad
2954 4089 3088 4154 ullas
3123 4068 3523 4163 inquietudines

1925 4162 2216 4230 faciendas,
2249 4184 2348 4223 nec
2399 4173 2702 4229 mansitues
2756 4187 2850 4233 aut
2902 4192 3106 4250 pastus,
3141 4162 3243 4243 nec
3299 4201 3520 4260 paratas

1924 4258 2188 4326 faciendo,
2212 4277 2312 4317 nec
2362 4263 2496 4318 ultas
2543 4267 2928 4326 redhibitioncs
2986 4275 3266 4349 faciendo,
3298 4258 3442 4350 quod
3491 4303 3520 4340 a

1923 4350 2052 4405 ﬁsco
2076 4362 2262 4407 nostro
2291 4367 2541 4425 speratur
2563 4362 2975 4428 requirendum,
3009 4383 3111 4423 nec
3160 4374 3516 4440 exactandas,

1917 4443 2204 4512 judiciaria
2227 4455 2467 4516 potestas
2499 4449 2623 4503 inibi
2653 4466 2870 4524 quoque
2898 4466 3140 4527 tempore
3172 4463 3376 4531 ingredi
3408 4486 3515 4525 nou

200 4556 359 4628 quod
386 4571 481 4624 pro
505 4554 908 4622 opportunitate
958 4551 1312 4616 ecclesiarum
1356 4551 1609 4618 pertinet,
1645 4550 1809 4603 obau-

1924 4549 2296 4607 pracsumatur,
2330 4540 2428 4595 nisi
2451 4542 2549 4611 ipsi
2575 4541 3167 4618 Berariusautagenles
3191 4557 3274 4612 sui
3292 4540 3380 4614 Vill.
3409 4563 3509 4618 sol.

200 4652 359 4704 ditur
381 4657 434 4700 ct
462 4647 524 4698 ad
554 4644 801 4700 elfectum
835 4644 884 4695 in
909 4641 1002 4696 Dei
1029 4645 1245 4694 nomine
1271 4642 1626 4710 mancipatur.
1661 4641 1810 4694 ideo-

201 4757 320 4810 que
348 4736 679 4806 apostolicus
711 4735 790 4788 vir
827 4733 1057 4788 domnus
1089 4734 1362 4796 Bcrarius,
1399 4747 1409 4781 t
1439 4736 1812 4787 euomanuiccc

203 4834 362 4887 urbis
393 4831 678 4900 episcopus
699 4871 713 4896 ,
747 4829 837 4896 qui
879 4836 1103 4882 matrem
1133 4826 1416 4880 ecclesiam
1451 4828 1809 4880 Cenomanni-

201 4941 357 4988 cam,
399 4933 453 4978 et
481 4921 869 4977 monasterium
899 4919 1150 4976 Anisolzn,
1180 4919 1231 4972 in
1262 4933 1371 4988 quo
1398 4918 1626 4973 doumus
1654 4917 1809 4970 Cari-

341 5100 553 5153 Editum
585 5101 725 5153 inter
764 5099 893 5152 Arta
918 5098 1292 5166 episcoporum
1318 5095 1808 5166 Cenomanensmm

203 5191 236 5227 a
277 5171 588 5225 Mabillonio
617 5171 852 5239 vulgata,
884 5165 1127 5223 Aualect.
1159 5182 1278 5239 pag.
1309 5165 1444 5231 274;
1479 5167 1804 5239 recu5tuu__in

204 5242 549 5300 Collectione
591 5235 914 5311 scriptorum
971 5255 1148 5293 rerum
1199 5237 1618 5311 Francicariun,
1649 5244 1686 5288 ι.
1720 5235 1805 5299 lV,

203 5328 340 5387 pag.
377 5312 497 5366 700.
525 5309 907 5387 Dauni—estex
938 5310 1305 5387 instruineutis
1335 5309 1658 5387 ab_rcclesia
1709 5314 1806 5387 te:

207 5378 534 5440 iioinaneusi
586 5385 635 5436 in
672 5383 875 5451 judicio
918 5381 1158 5452 prolatis,
1187 5381 1454 5452 damnatis
1487 5389 1556 5452 et
1598 5378 1805 5452 aboleri

201 5456 398 5526 jussis,
424 5454 490 5508 de
511 5448 704 5522 quibus
727 5471 831 5506 non
855 5448 1019 5526 semel
1045 5453 1292 5526 dixunus.
1323 5448 1456 5502 Hinc
1485 5450 1634 5526 illud,
1667 5450 1806 5526 sicut

205 5520 320 5582 iulia
343 5520 581 5593 ejusdem
619 5525 849 5586 labricze,
866 5525 1151 5578 conﬁt-tum
1177 5523 1520 5593 arbitrauuir,
1539 5531 1590 5573 ut
1609 5520 1728 5587 jura
1753 5520 1803 5593 in

206 5592 536 5654 Anisoleuse
569 5597 950 5650 tttonasleriunt
997 5605 1366 5648 asserercntur
1409 5592 1803 5645 (chmnauensi

208 5670 481 5724 coeli-site.
507 5668 658 5720 l’lura
687 5669 736 5720 in
770 5683 833 5720 eo
854 5668 1042 5720 l'alsum
1067 5673 1313 5728 prec-unt.
1351 5662 1422 5715 lbi
1447 5678 1587 5716 eum
1608 5661 1804 5715 dicitur

212 5755 345 5792 tttttc
373 5739 652 5792 Beiarium
697 5753 923 5806 praeesse
964 5739 1199 5790 ecclesiae
1237 5737 1629 5795 Cettoaianicw,
1660 5735 1802 5801 quod

210 5823 462 5878 tempora
496 5809 819 5864 Theoderici
842 5808 904 5861 lll
937 5810 1202 5878 indigital,
1238 5807 1386 5878 cujus
1420 5821 1588 5858 annos
1611 5820 1800 5878 secuuf

214 5883 317 5936 dus
337 5876 636 5935 concordat
660 5897 778 5933 cum
812 5896 950 5934 anno
981 5876 1175 5932 Cti'rzsti
1209 5876 1342 5934 6H;
1399 5891 1484 5929 re\
1536 5891 1660 5929 vero
1711 5877 1799 5942 qui

1921 4654 1980 4692 cc
2004 4638 2371 4708 inferendalis,
2404 4652 2459 4696 et
2488 4643 2610 4702 illos
2632 4647 2767 4699 alios
2798 4663 2859 4700 cc
2903 4665 3038 4703 auro
3068 4659 3335 4722 'pagcns.,
3369 4661 3514 4725 quod

1917 4747 1946 4786 a
1975 4733 2104 4788 ﬁsco
2129 4751 2313 4790 nos:ro
2340 4737 2407 4791 de
2436 4738 2567 4806 ipsis
2593 4739 2813 4806 villulis,
2841 4743 2925 4796 vel
2951 4745 3018 4800 de
3051 4747 3176 4815 ipsis
3191 4752 3358 4805 curtis
3378 4755 3512 4816 suis,

1917 4831 1998 4882 vel
2030 4830 2274 4885 ecclesia:
2302 4847 2411 4886 sum
2435 4843 2528 4886 aut
2560 4837 2885 4890 monasteria
2921 4855 3034 4904 sua,
3071 4841 3151 4895 vel
3201 4845 3292 4910 qui
3339 4847 3509 4914 ipsam

1915 4923 2201 4977 ecclesiam
2231 4940 2452 4994 sperare
2483 4926 2754 4992 videntur,
2787 4930 3131 4992 reddebatur.
3151 4944 3205 4989 et
3227 4936 3278 4990 in
3304 4940 3509 4996 sacello

1913 5101 2144 5182 diploma
2179 5103 2281 5155 hoc
2301 5103 2829 5182 _er_n_isit,.genitor_em
2859 5122 3015 5182 suum
3047 5112 3282 5179 appellat
3329 5113 3504 5182 Dago-

1912 5171 2145 5242 bertum,
2171 5176 2309 5241 quod
2339 5171 2678 5228 Theoderico
2699 5174 2763 5228 IV
2791 5181 3062 5242 convenit,
3081 5171 3298 5236 itiinznue
3325 5171 3504 5240 autvem

1912 5241 2251 5297 Theoderico
2279 5243 2362 5296 Ill.
2394 5243 2581 5298 Annus
2613 5247 2879 5300 secundus
2908 5241 3227 5306 Theudorii
3269 5254 3332 5308 IV
3369 5258 3503 5313 inci-

1912 5313 1987 5366 dit
2020 5316 2069 5366 in
2100 5331 2296 5368 annum
2319 5315 2513 5368 Chiisti
2547 5314 2665 5380 ΗΞ,
2699 5317 2784 5370 cui
2823 5335 2966 5374 anno
3005 5322 3324 5380 collectores
3373 5329 3506 5382 seri-

1912 5393 2126 5451 ptorum
2152 5401 2330 5439 rerum
2367 5389 2744 5440 l‘i-attricarum
2774 5389 2878 5444 hoc
2929 5393 3354 5450 instrumentum
3404 5401 3502 5451 tri-

1912 5455 2141 5536 buteiunt
2164 5475 2186 5536 ;_
2213 5458 2316 5536 sed.
2339 5456 2386 5508 id
2419 5459 2757 5536 concordare
2788 5464 2974 5529 nequit
2996 5478 3115 5516 cum
3171 5469 3504 5536 temporibus

1912 5524 2065 5604 _Bcr:n
2085 5528 2115 5578 ii
2141 5529 2368 5604 abbatis,
2399 5528 2485 5582 cui
2510 5528 2845 5604 Aiglihertus
2868 5524 3066 5587 succos
3090 5534 3148 5587 it.
3183 5524 3500 5604 Erg'o,'cum

1913 5597 2026 5678 hare
2053 5599 2231 5649 omnia
2263 5599 2404 5651 inter
2425 5615 2481 5651 sc
2508 5611 2764 5678 pugnent,
2799 5603 3032 5672 diploma
3083 5606 3180 5660 hoc
3211 5597 3503 5677 suppositi-

1911 5669 1998 5720 liis
2023 5684 2383 5749 antttnnerure
2409 5685 2522 5749 non
2558 5667 2898 5749 atubigimos,
2923 5678 3063 5728 sicut
3091 5685 3147 5730 et
3193 5667 3326 5732 alia.
3346 5676 3501 5746 plura

1908 5755 2024 5818 qua
2071 5741 2351 5818 inliisdent
2403 5742 2891 5800 Cenounauensium
2943 5749 3319 5818 episcoporum
3350 5741 3501 5808 Iactis

1911 5811 2119 5864 iutrusa
2139 5811 2374 5864 [un-int.
2547 5835 2551 5840 -
