4206 6606
816 508 955 565 MSS

1588 501 1855 556 SA'ICUL.
1901 500 1988 555 VII
2033 502 2117 556 ΕΤ
2160 503 2274 556 VIII
2319 502 2859 563 ECCLESIASTICA
2902 506 3353 564 MONUMENTA.

3955 511 4068 567 H36

808 619 1024 693 publico
1044 616 1148 671 fuit
1171 612 1507 670 consuetudo
1538 613 1825 681 reddendi,
1859 614 1959 683 ipsi
1989 623 2083 669 aut
2121 630 2403 672 successo-
2429 622 2477 677 Α
2506 617 2611 673 hoc
2633 619 2697 673 ad
2728 620 3010 676 luminaria
3035 620 3201 692 ipsius
3228 621 3469 678 ecclesiae
3509 621 3936 688 Cenomannies,
3963 639 4064 694 qua

806 728 895 770 res
924 711 1009 768 sui
1038 710 1300 782 promissa
1341 707 1439 762 sub
1469 706 1573 762 hoc
1629 706 1927 763 debuerant
1973 706 2199 763 reddere
2241 719 2402 778 atque

806 804 1178 861 traussolvere
1204 820 1219 864 ;
1247 811 1323 868 et,
1349 809 1407 854 ut
1436 799 1691 864 diximus,
1722 815 1789 853 ex
1818 807 2001 855 nostra
2058 799 2398 869 indulgencia

803 898 1127 969 saepedictus
1158 893 1411 951 Berarius
1441 902 1532 946 aut
1591 906 1748 961 pares
1776 893 2018 948 ecclesia:
2065 908 2177 948 sua:
2222 895 2398 947 Ceno-

810 990 1093 1053 mannicze,
1121 986 1210 1042 vel
1239 983 1565 1042 monasteria
1598 998 1719 1050 sua,
1747 983 1814 1038 de
1845 984 2093 1039 omnibus
2132 984 2270 1038 villis
2312 984 2398 1038 vel

802 1079 973 1135 curtis
1030 1077 1295 1143 suis,vel
1349 1074 1440 1146 qui
1498 1091 1595 1145 per
1654 1076 1821 1144 ipsam
1852 1074 2136 1130 ecclesiam
2177 1089 2399 1145 Spcrare

798 1173 1074 1240 videntur,
1092 1186 1213 1227 cum
1237 1184 1429 1225 omnes
1454 1170 1656 1223 fructus
1685 1182 1994 1232 concessus,
2029 1169 2130 1222 sub
2180 1172 2395 1224 emuni-

799 1266 926 1319 tatis
949 1261 1349 1329 nomine,omni
1384 1270 1628 1330 tempore
1649 1258 1754 1314 hoc
1775 1258 2010 1315 debeam
2032 1261 2312 1330 possidere
2337 1272 2391 1315 et

795 1359 1079 1415 dominare
1107 1374 1121 1421 ;
1148 1364 1205 1411 et
1232 1357 1405 1410 nullas
1426 1353 1811 1424 requisitiones
1837 1370 2014 1425 neque
2039 1357 2397 1425 impctliwen-

797 1460 912 1507 tum
968 1467 999 1506 a
1045 1450 1319 1519 judicibus
1370 1446 1602 1516 publicis
1628 1462 1847 1517 quoque
1879 1456 2123 1517 tempore
2168 1455 2272 1503 hoc
2297 1448 2391 1504 de-

795 1543 963 1601 beant
992 1539 1287 1612 possidere,
1321 1547 1430 1593 tam
1461 1539 1579 1608 ipse
1602 1537 1869 1600 llerarius,
1898 1553 2059 1609 quam
2090 1547 2144 1593 et
2174 1554 2393 1594 succes-

794 1651 950 1692 sores
979 1632 1063 1691 sui
1093 1633 1295 1688 habere
1343 1648 1453 1687 non
1502 1630 1908 1700 pertimescant,
1945 1631 2046 1686 nisi
2097 1633 2294 1687 nostris
2340 1642 2395 1689 et

794 1726 989 1784 futuris
1012 1725 1125 1781 Deo
1153 1724 1453 1780 auxiliante
1486 1722 1822 1792 temporibus
1868 1722 2050 1778 valeat
2099 1742 2219 1779 esse
2265 1742 2395 1780 con-

790 1827 1092 1884 servatum,
1109 1825 1165 1873 et
1193 1817 1261 1873 ad
1283 1817 1396 1886 ipsa
1417 1824 1607 1871 sancta
1629 1816 1749 1871 loca
1772 1816 2085 1886 perenniter
2108 1816 2393 1885 proﬁciant

789 1910 848 1967 in
872 1910 1197 1979 augmentis.
1230 1906 1320 1973 Et,
1352 1915 1411 1961 ut
1448 1908 1565 1962 hazc
1597 1907 1893 1977 pneceptio
1944 1907 2151 1960 ﬁrmior
2182 1908 2389 1962 habea-

2504 717 2589 764 est
2616 710 2666 764 iu
2701 712 2910 768 honore
2954 713 3126 769 sancti
3175 712 3419 769 Gervasi
3462 722 3517 769 et
3557 712 3793 770 Protasii
3844 717 4067 787 martyris

2505 802 2746 869 patronis
2771 805 2943 860 nostri
2987 813 3315 869 constructa,
3344 807 3566 862 deberet
3611 822 3732 862 csse
3774 822 4065 863 concessum

2504 901 2667 961 atque
2699 891 2986 948 indultum.
3035 893 3188 950 Unde
3228 903 3283 950 et
3333 896 3479 965 ipsas
3534 898 3920 967 prmceptiones
3966 897 4067 967 ipse

2503 982 2751 1039 Carivius
2778 1000 2836 1041 se
2864 1001 2972 1055 pra:
2998 988 3247 1043 manibus
3272 988 3474 1043 habere
3502 989 3754 1055 afﬁrmat,
3788 997 3843 1045 et
3878 990 3941 1045 de
3978 1005 4060 1046 eo-

2500 1076 2623 1129 dem
2658 1086 2904 1146 tempore
2939 1092 3109 1147 usque
3136 1095 3279 1134 nunc
3306 1079 3481 1150 ipsum
3526 1080 3851 1136 beneﬁcium
3895 1082 4067 1136 asserit

2501 1182 2621 1241 esse
2643 1181 3046 1241 conservatum,
3080 1170 3173 1227 sed
3230 1188 3327 1241 pro
3379 1174 3585 1243 integra
3634 1174 3884 1231 ﬁrmitate
3928 1176 4067 1246 petiit

2502 1260 2881 1317 celsitudinem
2909 1254 3151 1319 nostram
3179 1274 3236 1319 ut
3285 1266 3388 1322 hoc
3427 1266 3624 1333 denuo,
3657 1283 3757 1338 per
3794 1268 4067 1324 auctorita-

2501 1358 2609 1405 tem
2636 1360 2901 1421 nostram,
2925 1352 3027 1424 ipsi
3054 1352 3271 1410 Carivio
3301 1365 3465 1427 atque
3492 1357 3595 1427 ipsi
3630 1359 3868 1413 ecclesia:
3910 1360 4067 1413 sancti

2500 1440 2742 1496 Gervasii
2772 1451 2828 1497 et
2871 1442 3099 1499 Protasii
3156 1456 3449 1520 martyrum
3506 1447 3827 1505 conﬁrmare
3869 1451 4075 1506 debere-

2498 1550 2637 1602 mus,
2667 1537 2821 1606 cujus
2847 1539 3161 1608 petitionem
3192 1556 3299 1595 non
3329 1540 3661 1610 denegasse;
3710 1544 3804 1598 sed
3859 1545 3911 1598 in
3960 1561 4071 1598 om-

2499 1626 2657 1682 nibus
2686 1628 2759 1682 ita
2792 1630 3105 1698 praestitisse
3134 1640 3188 1687 et
3216 1632 3568 1690 conﬁrmasse
3596 1635 3925 1703 cognoscite.
3941 1636 4075 1691 Prm-

2500 1719 2762 1787 cipientes
2811 1722 2957 1777 enim
3008 1733 3085 1790 ut,
3121 1725 3260 1782 sicut
3312 1734 3523 1780 constat
3569 1726 3684 1796 ipse
3728 1742 3858 1782 avus
3902 1737 4076 1782 noster

2501 1811 2880 1868 Childebertus
2907 1813 2996 1868 vel
3028 1816 3243 1882 genitor
3272 1826 3459 1872 uoster
3510 1817 3866 1886 Dagobcrtus,
3890 1834 3983 1874 seu
4029 1829 4074 1874 ct

2499 1900 2744 1970 inpostea
2802 1918 2998 1972 parens
3054 1913 3241 1960 noster
3296 1906 3661 1976 Chilpericus,
3718 1918 4079 1966 antecessmes

792 2014 899 2070 tur,
918 2014 974 2061 et
994 2020 1089 2075 per
1106 2014 1354 2073 tempora
1369 2004 1562 2057 melius
1578 2010 1949 2065 conservetur,
1969 2010 2388 2055 mamisuo.~;.‘ras
2425 1993 2466 2053 Β
2495 2004 2674 2059 r6888,
2704 1993 2941 2061 integras
2970 1996 3294 2052 emunitatcs
3324 1996 3391 2052 de
3422 1998 3533 2068 ipsa
3581 1999 3709 2053 villa
3755 2000 3977 2058 Antqu
4028 2015 4080 2058 et

790 2098 977 2153 subter
999 2110 1124 2151 eam
1147 2094 1491 2150 decrevimus
1512 2094 1795 2149 roborare.

859 2189 1086 2259 Signum
1118 2188 1357 2258 glorioso
1402 2184 1606 2240 donmo
1637 2183 1980 2240 Theodorico
2010 2199 2157 2254 rege.
2182 2184 2386 2238 (iiuna--

790 2289 934 2343 tinus
959 2288 1140 2357 jussus
1164 2284 1365 2340 obtulit
1394 2292 1450 2338 et
1472 2282 1809 2351 subscripsit.

864 2383 1055 2436 Datum
1086 2379 1235 2449 quod
1263 2378 1389 2433 lccit
1425 2376 1651 2432 Martius
1699 2377 1817 2432 dies
1871 2376 1931 2446 ij,
1956 2392 2101 2433 anno
2146 2379 2181 2446 ij
2239 2377 2386 2447 regni

790 2482 999 2540 nostro,
1030 2472 1303 2528 Carisiaco
1326 2470 1576 2525 leliciter.

1521 2630 1633 2686 XL.

785 2753 1032 2824 Diploma
1062 2749 1370 2805 Theudorici
1396 2745 1685 2825 VLregis.
1720 2744 2068 2825 Francorum,
2099 2761 2198 2825 quo
2256 2761 2379 2825 con-

855 2816 1030 2878 cessas
1069 2820 1432 2876 cenomancnsi
1481 2816 1734 2873 Ecclesia
1759 2832 1853 2881 pro
1884 2816 2007 2869 rilla
2037 2817 2072 2867 .1
2084 2816 2251 2868 rduno
2279 2816 2378 2867 imo

853 2897 1129 2950 munitam
1160 2892 1437 2962 conﬁrmat
1470 2904 1490 2924 ιι
1522 2890 1671 2962 (amt.
1706 2885 1854 2957 722).

853 3027 1245 3093 Theudoricus,
1275 3040 1372 3080 rex
1398 3021 1757 3087 Francorum,
1780 3019 1862 3075 vir
1893 3019 2119 3074 illuster.
2150 3018 2207 3071 Si
2239 3018 2377 3070 l'acta

777 3130 1064 3194 parentum
1081 3128 1396 3175 nostrorum
1421 3129 1835 3199 conservamtts,
1848 3121 2033 3168 ηοειηι
2062 3111 2379 3180 perenniter

776 3214 992 3274 stabilia
1018 3227 1140 3269 esse
1169 3208 1510 3266 conﬁdimus.
1542 3205 1672 3263 Ideo
1713 3202 1909 3269 ﬁdelis,
1953 3204 2066 3258 Deo
2116 3203 2374 3272 prepitio,

2495 2080 2663 2149 ipsam
2688 2082 2979 2139 ecclesiam
3033 2088 3305 2150 fecerunt,
3343 2088 3417 2142 ita
3471 2098 3527 2144 et
3576 2089 3791 2145 inantea
3841 2106 3938 2146 nos
3991 2109 4082 2162 per

2496 2185 2743 2231 nostram
2773 2177 3157 2232 auctoritatem
3187 2180 3533 2237 concedimus
3581 2190 3637 2237 et
3683 2184 4080 2246 conﬁrmamus,

2496 2276 2556 2321 ut
2575 2268 2725 2322 nullo
2749 2283 3001 2338 umquam
3034 2278 3277 2340 tempore
3308 2271 3634 2341 nllusjudex
3688 2275 3743 2328 in
3793 2275 3905 2344 ipsa
3962 2275 4081 2330 villa

2497 2370 2789 2430 pra-sumat
2815 2376 2914 2417 nec
2940 2377 3131 2419 causas
3178 2363 3384 2432 audire,
3432 2380 3533 2421 nec
3585 2366 3946 2435 ﬁdejussores,
3990 2384 4083 2424 nec

2499 2454 2638 2509 ullas
2662 2462 2902 2524 paratas,
2931 2469 3033 2511 nec
3087 2456 3255 2522 lreda,
3285 2473 3387 2513 nec
3431 2458 3828 2529 qualecumque
3870 2475 4084 2516 censum

2495 2556 2588 2601 aut
2614 2547 2824 2603 lucrum
2861 2557 3157 2616 terrenum,
3183 2550 3328 2620 quod
3354 2550 3419 2605 ad
3466 2551 3654 2606 ﬁscum
3711 2565 3953 2609 nostrum
3995 2572 4085 2625 po-

2494 2638 2659 2692 tuerit
2713 2653 2961 2707 sperare,
3012 2640 3161 2696 nullo
3207 2656 3459 2712 umquam
3518 2653 3763 2713 tempore
3804 2657 4085 2715 prmsumat

2492 2731 2771 2800 requirere
2794 2746 2895 2786 nec
2910 2741 3185 2797 exactare,
3219 2734 3322 2788 nisi
3353 2735 3614 2804 inspectis
3641 2736 3773 2806 ipsis
3803 2740 4085 2794 anteriori-

2490 2820 2590 2876 bus
2616 2820 3069 2892 praeceptionibus
3098 2821 3443 2891 antiquorum
3472 2824 3775 2897 principum
3803 2838 4086 2898 parentum

2494 2929 2807 2973 nostrorum
2886 2918 2942 2973 in
3000 2918 3355 2975 luminaribus
3420 2919 3801 2990 suprascripta:
3855 2920 4087 2977 basilica:

2494 3013 2672 3066 sancti
2702 3009 2949 3066 Gervasii
2971 3020 3026 3065 et
3063 3010 3295 3066 Protasii
3344 3022 3642 3082 martyrum
3696 3014 4089 3083 perpetualiter

2492 3106 2691 3163 debeat
2719 3122 2837 3163 esse
2865 3121 3184 3163 concessum
3215 3115 3378 3178 atque
3404 3108 3696 3164 indultum.
3734 3108 3835 3177 Et,
3867 3119 3929 3166 ut
3979 3113 4089 3168 haec

2497 3200 2796 3255 auctoritas
2826 3198 3035 3255 ﬁrmior
3061 3199 3325 3255 habeatur
3347 3209 3404 3256 et
3423 3214 3523 3271 per
3566 3208 3818 3273 tempora
3869 3220 4090 3261 conser-

774 3318 966 3367 noster
987 3308 1072 3365 vir
1098 3305 1429 3377 apostolicus
1452 3301 1583 3358 etin
1606 3299 1822 3355 Christo
1846 3306 2003 3368 pater
2028 3305 2214 3351 noster
2245 3294 2378 3350 Her-
2404 3312 2452 3378 ρ
2492 3303 2665 3356 vetur,
2700 3310 2891 3350 manus
2943 3301 3141 3349 nostrae
3190 3292 3676 3364 subscriptionibus
3723 3296 3919 3353 subter
3974 3315 4089 3354 eam

775 3400 1066 3459 lemundus
1087 3400 1399 3471 episcopus,
1427 3396 1639 3450 illuster
1665 3393 1749 3447 vir
1796 3390 2101 3455 Charivius,
2132 3389 2223 3458 qui
2260 3403 2374 3443 ma-

779 3505 922 3553 trem
952 3492 1198 3552 ecclesiae
1237 3486 1658 3547 Cenomanuicte
1686 3483 1863 3539 sancti
1893 3481 2135 3537 Gervasii
2164 3491 2219 3536 et
2247 3478 2378 3535 Pro-

778 3588 907 3646 tasii
957 3585 1213 3657 martyris
1269 3583 1322 3637 in
1379 3577 1647 3648 regimine
1703 3575 1907 3631 habere
1957 3573 2192 3638 videtur,
2221 3572 2377 3627 nobis

773 3678 1064 3750 suggessit,
1094 3690 1161 3732 eo
1201 3672 1351 3744 quod
1404 3679 1778 3726 antecessores
1825 3665 1909 3721 sui
1960 3664 2027 3719 ab
2077 3662 2372 3718 anteriores

779 3786 937 3841 reges
964 3767 1286 3840 parentibus
1307 3763 1531 3831 nostris,
1555 3763 1659 3819 hoc
1687 3770 1772 3817 est
1798 3774 1902 3815 avo
1931 3766 2121 3815 nostro
2152 3755 2373 3813 Childe;

773 3863 936 3920 berto
966 3870 1024 3917 et
1050 3859 1301 3930 genitore
1344 3864 1534 3912 nostro
1568 3852 1877 3922 Dagoberto
1905 3866 2001 3906 seu
2047 3858 2103 3904 et
2149 3855 2375 3919 parente

776 3961 967 4010 nostro
995 3949 1304 4021 Chilperico
1324 3945 1376 4014 δ,
1394 3945 1667 4016 quondam
1696 3957 1844 4012 rege,
1865 3941 2045 3997 taliter
2068 3956 2165 4011 per
2184 3954 2372 3994 eorum

772 4042 1195 4117 praeceptionem
1241 4037 1635 4096 concessissent
1687 4042 1749 4089 ut
1801 4032 2056 4104 quicquid
2117 4030 2186 4087 de
2246 4028 2372 4084 villa

772 4136 945 4207 ipsius
972 4133 1216 4191 ecclesiae
1258 4127 1679 4187 Cenomannicaa
1732 4134 2077 4195 nuncupante
2127 4122 2368 4187 Arduno,

771 4230 829 4285 in
879 4240 1019 4300 pago
1066 4223 1312 4289 Pictavo,
1338 4222 1406 4277 ad
1458 4221 1647 4277 ﬁscum
1686 4218 2038 4290 sperabatur,
2086 4224 2145 4270 ut
2190 4216 2371 4270 nullus

769 4323 959 4392 iudex,
990 4334 1169 4390 neque
1189 4318 1447 4389 quislibet
1476 4324 1731 4372 exactare
1757 4312 2001 4379 deberet,
2036 4326 2138 4367 nec
2178 4311 2231 4365 in
2254 4311 2370 4381 ipsa

772 4420 904 4474 villa
931 4415 1247 4473 mansiones
1277 4412 1481 4478 facere,
1505 4425 1608 4466 nec
1632 4408 1786 4463 lreda
1814 4416 2088 4474 exactare,
2116 4422 2218 4462 nec
2247 4421 2369 4461 cau-

770 4531 858 4572 sas
879 4514 1091 4584 audire,
1115 4526 1217 4568 nec
1240 4510 1586 4579 ﬁdejusseres
1615 4504 1829 4575 tollere,
1859 4520 1961 4561 nec
1991 4505 2125 4559 ullas
2154 4502 2368 4573 inquie-

769 4610 984 4665 tudines
1014 4606 1283 4665 faciendo.
1308 4619 1410 4660 nec
1429 4604 1565 4659 ullas
1591 4608 1947 4672 paratas,nec
1970 4598 2134 4654 ullum
2158 4597 2364 4652 lucrum

2487 3385 2825 3442 decrevimus
2863 3386 3145 3442 roborare.
3173 3386 3399 3456 Signum
3415 3386 3656 3458 glorioso
3678 3389 3892 3445 domno
3914 3391 4091 3446 Theo-

2483 3479 2669 3535 derico
2695 3493 2844 3549 rege.
2874 3479 3142 3536 Conﬁsius
3163 3481 3344 3550 jussus
3367 3479 3580 3548 obtulit,
3618 3483 3845 3554 scripsit
3890 3492 3952 3541 et
3973 3485 4091 3541 sub-

2482 3571 2714 3640 scripsit.

2555 3660 2748 3716 Datum
2778 3661 2926 3730 quod
2963 3661 3091 3715 fecit
3119 3665 3322 3718 mensis
3344 3662 3566 3720 Martius
3608 3664 3729 3723 dies
3773 3682 3832 3737 ν,
3866 3683 4014 3725 anno
4052 3668 4083 3737 ij

2481 3754 2634 3825 regni
2660 3753 2850 3821 nostri,
2875 3753 3155 3813 Carisiaco
3176 3746 3416 3815 feliciter.

3210 3917 3338 3974 XLI.

2481 4028 2726 4101 Diploma
2763 4030 3131 4113 Theoderici!
3144 4032 3374 4113 VLregis
3397 4108 3403 4113 _
3415 4034 3782 4113 Francorum,
3806 4057 3911 4113 quo
3966 4059 4086 4097 cou—

2556 4118 2697 4242 cc(ssa
2727 4105 3044 4244 mgggjterio
3077 4104 3141 4160 δ.
3184 4103 3426 4177 Dionysii
3476 4103 3775 4180 priuilegia
3811 4103 4089 4183 conﬁrmat

2556 4186 2575 4210 υ
2625 4191 2748 4227 (nui.
2919 4213 2932 4226 .

2555 4186 2575 4210 τ
2604 4186 2748 4227 (αητι.
2781 4186 2932 4227 ἹΖΟ).

2549 4330 2941 4399 Theudoricus,
2963 4347 3058 4387 rex
3088 4332 3125 4386 F
3129 4348 3438 4400 raucorum,
3462 4335 3548 4389 vir
3567 4335 3826 4394 inluster.
3859 4345 4088 4412 Oportet

2476 4424 2760 4480 climencia
2814 4411 3097 4495 principali
3147 4424 3286 4479 inter
3336 4435 3545 4482 ceteras
3589 4411 3927 4498 peticiones,
3960 4432 4086 4487 illud

2476 4514 2621 4587 quod
2668 4531 2768 4587 pro
2788 4516 2962 4572 salute
2993 4517 3337 4585 adscribitur,
3368 4519 3453 4574 vel
3481 4535 3582 4591 pro
3611 4522 3818 4579 divinis
3848 4526 4089 4580 nominis

2479 4610 2803 4680 postulatur,
2838 4609 3088 4680 plagahili
3133 4610 3316 4667 auditu
3357 4614 3675 4685 percipere,
3713 4616 3784 4671 ad
3814 4618 4085 4675 arﬂ‘ectum

770 4713 1047 4758 terrenum
1076 4699 1359 4771 requirere
1396 4712 1499 4752 nec
1525 4704 1780 4753 exactare
1808 4692 2230 4765 prmsumpserit,
2256 4691 2361 4748 nisi
2388 4699 2442 4760 Ι)
2472 4702 2779 4773 ρθι-άυοίῑθ,
2807 4710 2863 4759 ut
2922 4701 3008 4757 ﬁat
3060 4703 3113 4759 in
3165 4705 3480 4771 mercidem,
3503 4705 3629 4761 dum
3681 4724 3784 4779 pro
3837 4712 4084 4780 quietem

844 4872 865 4895 ιι
909 4861 1170 4914 Insertum
1204 4858 1256 4911 in
1279 4857 1425 4912 Actis
1446 4858 1825 4928 episcoporum
1845 4855 2363 4928 Cenomanensinm;

767 4931 909 5003 apud
940 4930 1139 5003 Maliill.
1179 4928 1459 4991 Analecta,
1482 4926 1605 4998 pag.
1634 4927 1771 5003 2§5;
1801 4942 2051 5003 recusuwi
2094 4927 2147 4980 in
2184 4926 2363 5003 Colle-

767 4997 949 5059 ciivne
1017 5001 1345 5067 scriptorum
1412 5014 1591 5053 rerum
1669 4998 2088 5063 Francicarum,
2151 5008 2189 5051 t.
2249 4997 2358 5062 IV,

805 5088 891 5141 ag.
926 5071 1052 5125 701.
1095 5070 1291 5124 Iisdem
1329 5070 1508 5141 verbis
1554 5079 1872 5139 conceptum
1922 5069 2044 5141 alilii
2097 5068 2361 5123 edidimus

805 5091 891 5141 ag.
936 5091 1052 5125 ιυι.
1095 5091 1291 5124 llSUf'lll
1330 5091 1508 5123 VCI'DIS
1554 5091 1872 5139 ευηεεριιιιιι
1922 5091 2044 5122 aum
2097 5091 2361 5123 CUIUIIIIIIS

767 5091 1061 5211 Bagoberti
1095 5142 1236 5195 tertii
1281 5140 1535 5211 diploma,
1568 5142 1711 5210 quod
1752 5157 1850 5195 suo
1904 5140 2202 5207 diplomate
2228 5155 2361 5194 con-

767 5209 946 5270 ﬁrmat
978 5211 1349 5266 Theodericus
1377 5209 1465 5265 IV.
1502 5209 1917 5267 lnstrumentum
1945 5226 2076 5263 vero
2108 5211 2206 5263 sub
2259 5211 2358 5263 Da-

769 5285 980 5356 goberti
1033 5280 1102 5335 Ill
1163 5282 1380 5356 nomine
1438 5282 1688 5356 editum,
1745 5282 2355 5356 comtnentititmn_pro-

768 5352 901 5409 dunt
953 5363 1097 5408 nota:
1150 5352 1564 5421 chronologicm,
1596 5362 1655 5409 ut
1713 5370 1813 5408 suo
1848 5354 1967 5406 loco
2027 5353 2356 5407 monuimus.

770 5427 907 5480 llinc
932 5426 1145 5479 videtur
1175 5423 1408 5492 diploma
1440 5423 1762 5480 Theoderici
1795 5424 1859 5477 IV
1892 5423 2037 5490 quod
2069 5423 2152 5476 hic
2200 5423 2357 5477 exhi-

770 5498 959 5552 bemus
987 5494 1262 5550 conditum
1294 5496 1453 5549 fuisse
1484 5504 1605 5563 post
1636 5495 2034 5564 supposilitium
2072 5494 2355 5561 Dagohcrti

769 5566 1028 5635 diploma,
1083 5565 1238 5635 cujus
1296 5566 1457 5619 verba
1511 5567 1626 5635 ipsa
1681 5567 1909 5621 ﬁdeliter
1951 5566 2238 5627 exscribit;
2292 5580 2356 5618 ac

771 5635 994 5708 proinde
1020 5637 1191 5708 ipsum
1222 5637 1575 5705 supposititiis
1622 5653 1838 5708 quoque
1889 5636 2353 5708 annumeraudum

771 5705 908 5762 esse.
930 5706 1215 5762 Charivius
1241 5716 1439 5772 autem,
1470 5708 1537 5760 ad
1580 5705 1763 5775 quem
1793 5708 1933 5762 sicut
1976 5715 2029 5760 et
2060 5707 2124 5760 ad
2173 5705 2354 5759 Herle-

774 5779 1028 5833 mundum
1055 5777 1207 5832 Theo
1228 5778 1426 5832 Eoricus
1453 5778 1669 5832 videtur
1698 5780 1905 5833 litteras
1934 5793 2059 5831 suas
2098 5776 2348 5845 dirigere.

774 5846 1014 5902 llutharii
1047 5847 1261 5917 comitis
1303 5848 1438 5900 lilius
1472 5851 1589 5912 l'uit,
1622 5850 1710 5917 qui
1743 5867 1862 5903 cem
1915 5857 2067 5917 patre
2119 5863 2216 5902 suo
2265 5863 2352 5902 res

774 5920 1116 5989 episcopatus
1143 5916 1567 5973 Cenomanensis
1587 5916 1866 5989 tyrannica
1898 5916 2164 5987 potestate
2185 5935 2350 5972 occu-

773 5988 1012 6057 paverat,
1046 5990 1091 6046 si
1113 5990 1246 6046 actis
1274 5988 1651 6060 episc0pur‘uui
1694 5990 2180 6048 Cenomanensinm
2232 6006 2343 6045 creo

2469 4859 3041 4935 dimus,qu_zevidesis
3062 4860 3202 4935 apud
3232 4860 3620 4935 Mabillonium,
3656 4865 3746 4919 ubi
3778 4882 3985 4935 supra.

2538 4933 2570 5056 1;
2587 4932 3046 5058 C[ichhild‘eherti
3067 4931 3363 5001 diplomate
3382 4933 3505 4989 vide
3526 4950 3713 5005 supra,
3731 4931 3956 4993 nullum
3988 4954 4081 4993 ex-

2538 5024 2543 5058 l
2651 5019 2685 5056 Il
2712 5018 2900 5058 DCI‘IUI.

2464 5011 2570 5059 stat
2587 5011 2900 5059 Chilncrtci.

2537 5019 3139 5147 Igiiiitcrgliibillonius
3159 5115 3173 5140 ,
3209 5075 3283 5147 de
3314 5073 3393 5130 Re
3418 5074 3643 5147 diplom.
3675 5092 3803 5147 pag.
3836 5077 3980 5141 £88,
4015 5096 4076 5133 es

2463 5145 2681 5216 archivo
2710 5144 3164 5216 Sandionysiano.
3192 5143 3551 5216 iRecuderu—nt
3572 5145 3642 5216 ad
3667 5143 3837 5204 lidém
3870 5149 4075 5203 Matrit-

2463 5215 2590 5270 lonii
2622 5213 3228 5285 Ruinartius,‘Append.
3257 5216 3323 5271 ad
3351 5214 3513 5285 Greg.
3559 5215 3689 5272 Tur.
3737 5220 3851 5274 col.
3904 5220 4081 5284 i583,

2461 5295 2515 5341 et
2540 5286 2869 5340 Collectores
2900 5289 3224 5354 scriptorum
3254 5301 3436 5343 rerum
3464 5285 3881 5355 Francicarum,
3912 5300 3957 5344 t.
3983 5290 4078 5355 ιν,

2460 5371 2580 5426 pag.
2611 5357 2734 5410 702.
2761 5356 2956 5426 [Hujus
2987 5355 3297 5426 diplomatis
3317 5357 3708 5427 autographum
3743 5359 3796 5413 in
3830 5362 4079 5416 archivo

2459 5429 2631 5496 regni,
2665 5428 2805 5481 inter
2829 5437 3026 5482 cmtera
3066 5427 3481 5499 sandionysiani
3500 5430 3831 5499 monasterii
3861 5432 4079 5486 instru-

2460 5510 2649 5571 menta
2663 5514 2770 5552 non
2803 5506 3012 5571 exstat;
3040 5497 3137 5571 sed
3164 5497 3272 5554 duo
3302 5497 3629 5571 exemplaria
3653 5508 3898 5565 tantum,
3934 5517 4081 5571 quo.

2461 5585 2575 5644 rum
2605 5569 2834 5623 alterum
2865 5568 3153 5644 admodum
3204 5583 3415 5644 recens,
3444 5570 3673 5644 alterum
3723 5568 4081 5644 bombycina

2457 5640 2640 5695 charta
2670 5648 2864 5708 quarto
2886 5639 3120 5705 decimo,
3150 5646 3210 5693 ut
3236 5639 3468 5702 videtur,
3493 5640 3695 5696 szeculo
3724 5639 4081 5707 exaraiuni;

2457 5710 2684 5778 hujusce
2734 5710 3047 5775 lectionem,
3072 5709 3361 5765 collatione
3405 5711 3472 5765 ah
3522 5710 3586 5763 A.
3631 5711 3829 5768 Teulet
3892 5715 4079 5779 facta,

2457 5791 2676 5836 sctzulus
2700 5796 2820 5835 sum
2851 5790 2905 5836 et
2927 5795 3046 5834 eam
3070 5781 3183 5851 ipse
3211 5791 3427 5836 secutus
3475 5779 3640 5837 fuisse
3668 5783 3805 5837 mihi
3838 5785 4078 5839 videtur

2458 5852 2818 5916 Mahiltunius,
2849 5866 3014 5920 quum
3046 5852 3387 5907 eaunrelera:
3430 5851 3783 5921 ipsissimam.
3820 5855 4078 5910 nullam—

2455 5937 2560 5990 que
2591 5922 2909 5993 autographi
2940 5921 3103 5976 faciat
3122 5922 3653 5993 mentionem,quod
3678 5924 3910 5993 quidem
3950 5925 4082 5979 lon-

2457 5995 2667 6063 ginquis
2701 5992 2896 6049 abhinc
2926 5993 3078 6049 annis
3097 5992 3211 6064 jam
3244 6003 3354 6050 tum
3378 5992 3736 6063 probabiliter
3764 5995 4081 6066 petieram
