4206 6536
181 429 323 485 H3?

949 423 1183 478 lllitiliM
1231 419 1466 475 PRIMIE
1509 414 1777 471 STIBPIS
1819 409 2250 468 FRAMJORUM
2293 405 2689 462 Dll’LOllA'l‘A

3336 405 3479 460 1158

173 558 466 598 servorum
509 541 601 594 Dei
658 542 740 594 Vel
791 543 1143 603 «τιιιιμνιιριιιιει
1202 541 1334 591 locis
1385 532 1777 587 vettcrabilibus
1809 536 1850 593 Α
1884 529 2175 591 ﬁrmatum,
2205 542 2304 596 pro
2357 523 2660 579 reverentia
2719 521 2960 591 ipsorqu
2994 518 3362 590 marthyrum,
3395 519 3479 574 vel

174 637 498 709 impertitur
521 635 730 706 petitio.
762 635 939 700 Aergo
970 631 1097 685 dum
1147 641 1199 685 et
1245 631 1586 696 omnipotens
1617 623 1776 678 Pater

171 732 268 800 qui
301 729 440 784 dixit
468 728 535 783 de
560 725 798 782 tenebris
829 725 1011 778 lumen
1042 720 1438 793 expendiscire,
1471 733 1569 787 per
1596 715 1774 770 lncar-

173 821 421 876 nationis
449 820 756 891 mystheriae
786 817 1049 886 unigeniti
1079 815 1170 868 ﬁlii
1199 815 1280 869 sui
1339 812 1547 866 Domini
1607 808 1774 865 nostri

171 909 563 975 Jesu-Christi,
589 909 672 964 vel
703 907 1083 962 inlustratione
1108 904 1550 975 Spiritus—Sancti
1584 903 1777 957 inluxit

171 1007 228 1060 in
253 1005 424 1060 corda
455 1013 767 1058 sanctorum
793 1001 1244 1062 Christianorum,
1280 1013 1376 1067 pro
1407 997 1559 1065 cujus
1591 1009 1777 1048 amore

168 1107 229 1154 et
257 1097 592 1152 desiderium
623 1096 762 1148 inter
791 1093 992 1147 citerus
1019 1092 1284 1160 gloriosus
1311 1091 1613 1159 triumphus
1644 1103 1778 1142 mar-

173 1199 360 1259 tyrum
395 1189 583 1240 beatus
615 1185 886 1240 Dionisius
929 1200 1050 1239 cum
1081 1184 1246 1238 sociis
1275 1182 1387 1238 suis
1448 1182 1666 1236 Rustico
1723 1188 1780 1233 et

172 1281 515 1347 Eleotherio,
546 1281 636 1349 qui
679 1280 834 1350 primi
865 1288 985 1349 post
1016 1279 1291 1346 apostolos
1313 1277 1411 1330 sub
1439 1276 1781 1330 ordinatione

169 1377 322 1428 beati
373 1374 648 1436 Climenti,
701 1374 844 1428 l’etri
899 1373 1128 1442 apostoli
1160 1372 1512 1434 successoris,
1559 1372 1608 1423 in
1643 1371 1782 1422 hanc

168 1466 475 1519 Galliarum
511 1465 838 1532 provinciam
873 1464 1238 1523 advenerunt,
1270 1461 1449 1528 ibique
1482 1460 1780 1529 praedican-

171 1567 258 1609 tes
292 1558 618 1626 baptismum
641 1555 964 1625 pa'nitentitc
995 1564 1050 1608 ct
1095 1555 1467 1608 remissionem
1525 1561 1781 1620 peccato-

179 1667 326 1713 rum,
354 1649 482 1702 dum
516 1649 567 1702 in
612 1650 755 1703 hunc
785 1649 946 1702 modo
998 1649 1400 1708 concertahant,
1437 1646 1618 1713 ibique
1670 1658 1783 1697 me-

167 1752 410 1796 Juerunt
467 1741 699 1810 palmam
752 1743 1057 1812 marthyrim
1119 1752 1173 1793 ct
1218 1754 1450 1790 coronas
1505 1737 1783 1804 percipere

170 1832 470 1900 gloriosas,
501 1834 587 1886 ubi
622 1849 716 1903 per
738 1835 903 1887 multa
938 1845 1182 1903 tempora
1214 1844 1268 1886 et
1323 1846 1492 1900 usque
1540 1845 1680 1884 nunc
1729 1831 1782 1884 in

1887 628 2070 672 nostra
2099 612 2464 671 conﬁrmanda
2493 611 2726 668 mercide
2751 611 3136 677 conccdemus,
3159 609 3262 680 ipsi
3291 620 3479 666 sancto

1885 714 2036 767 locus
2066 718 2121 764 et
2151 724 2179 762 a
2212 722 2354 761 novo
2381 705 2765 760 conﬁrmamus
2799 720 2812 758 :
2847 714 2907 758 ut
2951 703 2995 758 si
3026 717 3133 772 qua
3187 701 3252 756 ad
3304 702 3478 770 ipsum

1881 810 2130 859 sanctum
2166 799 2343 853 locum
2402 805 2512 850 tam
2563 798 2614 849 in
2659 797 2909 862 villabus,
2952 793 3256 863 mancipiis,
3291 792 3377 846 vel
3427 793 3481 846 in

1882 899 2186 968 quibusque
2210 893 2373 948 rebus
2405 891 2583 958 adque
2609 890 2952 960 corporibus,
2984 904 3013 941 a
3057 887 3249 956 priscis
3278 885 3481 956 princi-

1882 991 2038 1061 pibus
2068 1003 2162 1042 seu
2197 1003 2226 1040 a
2257 982 2594 1054 genitoribus
2627 981 2844 1044 nostris,
2869 983 2955 1036 vel
2985 980 3050 1034 ad
3087 981 3196 1032 Deo
3223 978 3480 1032 timente-

1885 1083 1985 1137 bus
2010 1081 2338 1144 hominibus,
2368 1087 2592 1150 propter
2616 1090 2859 1132 amorem
2889 1073 2982 1127 Dei
3017 1073 3214 1127 ibidem
3256 1071 3356 1123 fuit
3386 1069 3482 1123 de-

1886 1175 2110 1244 ligatum
2164 1179 2257 1224 aut
2300 1170 2558 1236 deinceps
2607 1167 2768 1220 fuerit
2813 1163 3090 1230 addetum,
3118 1163 3246 1215 dum
3303 1168 3360 1214 et
3412 1175 3484 1216 ex

1884 1267 2254 1323 munitiz-cntia
2283 1271 2567 1335 parentum
2615 1272 2948 1323 nostrorum,
2983 1269 3043 1312 ut
3071 1256 3343 1321 dixemus,
3375 1249 3483 1320 ipsi

1885 1372 2100 1420 sanctus
2132 1361 2284 1414 locus
2310 1356 2524 1411 vcditur
2545 1370 2663 1408 esse
2686 1355 2889 1408 ditatus
2917 1351 3003 1405 vel
3036 1349 3288 1404 conditus
3322 1363 3336 1400 :
3369 1345 3485 1399 nul-

1885 1455 1968 1508 lus
1998 1457 2404 1523 episcoporum,
2431 1462 2532 1501 nec
2563 1446 2842 1515 praesentis
2881 1458 3056 1512 neque
3089 1440 3252 1496 futuri
3287 1437 3485 1492 fuerint

1885 1545 2261 1610 successoris,
2307 1550 2400 1596 aut
2459 1555 2647 1595 eorum
2705 1536 3050 1599 ordinatoris,
3084 1534 3168 1586 vel
3227 1529 3484 1599 quislibet

1887 1655 2139 1710 persona,
2172 1652 2279 1690 non
2324 1634 2493 1704 possit
2520 1644 2736 1701 quoque
2765 1627 2956 1683 ordine
2985 1626 3052 1679 de
3084 1626 3200 1693 ipso
3227 1623 3348 1676 loco
3381 1618 3484 1672 ali-

1887 1731 2012 1804 quid
2033 1729 2267 1792 aail'erre,
2295 1736 2387 1780 aut
2417 1741 2515 1794 per
2538 1723 2772 1791 aliquam
2796 1726 3122 1789 potestatein
3153 1714 3253 1767 sibi
3284 1713 3335 1765 in
3367 1712 3484 1780 ipso

1888 1821 2244 1878 nionasthirio
2277 1831 2560 1886 usurpare,
2589 1814 2671 1868 vel
2703 1811 2904 1880 aliquid
2935 1809 3085 1878 quasi
3114 1820 3210 1876 per
3243 1819 3483 1857 comnm-

168 1942 368 1977 mrnm
419 1926 734 1994 basilecam,
767 1928 818 1980 in
869 1943 973 1996 qua
1025 1927 1258 1996 pretiosa
1310 1943 1497 1981 eorum
1553 1941 1784 1995 corpora
1815 1927 1861 1983 Β
1895 1916 2114 1968 talionis
2147 1910 2382 1976 litolum,
2407 1909 2612 1974 absque
2639 1901 2906 1959 voluntati
2951 1900 3118 1971 ipsius
3168 1895 3352 1950 abbati
3400 1891 3488 1976 vel

170 2022 513 2088 rcquiescire
536 2023 824 2087 vedentur,
856 2039 961 2077 non
995 2023 1215 2076 minima
1269 2021 1524 2076 miracola
1581 2023 1779 2075 virtute

170 2115 380 2166 tlhristi
414 2117 680 2184 peripsus
711 2116 1036 2183 dignabatur
1091 2117 1322 2185 operari,
1360 2119 1410 2168 in
1463 2131 1572 2183 quo
1615 2115 1778 2168 etiam

168 2206 304 2259 loco
360 2207 584 2272 gloriosi
639 2209 878 2277 parentis
934 2209 1123 2271 nostri,
1157 2209 1242 2260 vel
1296 2207 1451 2261 bona}
1507 2207 1780 2260 memoria:

173 2303 478 2364 proatavus
507 2307 692 2350 noster
722 2297 1115 2365 Dagobertlius,
1144 2298 1413 2367 quondam
1445 2313 1560 2358 rex,
1592 2296 1778 2349 viden-

173 2395 270 2439 tur
292 2386 625 2454 requiescire
654 2408 663 2439 :
695 2390 897 2442 utinam
926 2400 984 2442 ut
1011 2401 1064 2443 et
1091 2405 1192 2443 nus
1216 2405 1312 2458 per
1338 2390 1780 2443 intercessionem

171 2489 497 2532 sanctorum
530 2481 790 2548 ipsorum,
819 2484 868 2535 in
919 2484 1147 2537 caelestia
1201 2485 1352 2551 rigna
1387 2500 1507 2537 cum
1537 2484 1788 2537 omnibus

171 2570 386 2624 sanctis
418 2571 699 2625 tiziriainur
732 2575 1146 2642 pm'ticipare,et
1179 2577 1340 2627 vitam
1373 2585 1629 2628 :eternam
1665 2589 1786 2641 per-

172 2662 386 2729 cipere.
423 2661 588 2729 Igitur
609 2667 934 2720 venerabilis
963 2667 1040 2720 vir
1071 2667 1240 2721 lidelis
1272 2677 1474 2731 noster,
1501 2668 1613 2719 Deo
1655 2683 1780 2735 pro-

174 2755 337 2822 pitio,
367 2754 729 2813 Berthoaldus
759 2768 781 2792 ει
815 2759 973 2824 abba,
1007 2761 1074 2814 de
1107 2764 1217 2828 ipsa
1250 2762 1466 2815 basilica
1497 2761 1784 2828 peculiaris

173 2847 428 2914 patronis
456 2850 623 2902 nostri
667 2851 849 2905 domni
897 2853 1138 2916 Dionisii,
1166 2856 1328 2908 missa
1379 2854 1637 2922 petitione
1683 2869 1780 2921 per

174 2937 380 2992 illustri
402 2940 518 2993 viro
540 2942 700 2996 Cario
723 2944 1212 3010 majorem-domus
1242 2955 1450 3007 nostro,
1479 2945 1781 3000 clementia:

175 3030 339 3098 regni
362 3033 531 3085 nostri
557 3034 929 3099 reddedit-unt,
948 3046 1298 3102 soggerentes
1321 3053 1386 3090 co
1405 3036 1548 3105 quorl
1575 3052 1601 3088 a
1619 3037 1782 3104 longo

178 3134 435 3193 tempore
466 3142 495 3178 a
545 3128 901 3195 pontelicibus
954 3128 1277 3183 Parisiorum
1339 3129 1483 3181 urbis
1540 3129 1781 3194 intcgrus

178 3218 501 3284 privilegius
524 3221 587 3270 ad
616 3219 727 3288 ipsa
755 3220 988 3273 baselit-a
1041 3221 1222 3273 domui
1278 3219 1502 3272 llionisii
1558 3221 1782 3272 fuissent

175 3324 497 3372 concessus,
522 3320 576 3364 et
605 3312 670 3365 ad
702 3314 993 3366 anterioris
1023 3315 1164 3380 regis
1193 3313 1432 3382 parentis
1475 3321 1693 3366 nostrus
1720 3312 1786 3367 de

174 3416 248 3456 eu
279 3411 529 3472 tcmpure
558 3419 727 3472 usque
759 3421 900 3458 nunc
932 3406 1302 3469 conﬁrmatus,
1328 3408 1416 3478 qui
1449 3417 1501 3459 et
1533 3408 1648 3474 ipso
1673 3407 1784 3474 pri-

176 3492 383 3560 vilegio
408 3510 502 3547 seu
537 3504 590 3547 et
622 3496 764 3564 ipsas
793 3499 1185 3566 prtecepliones
1218 3499 1300 3553 vel
1341 3499 1785 3553 conlirmationes

177 3599 241 3635 se
272 3599 386 3651 prre
420 3585 668 3639 manibus
711 3587 862 3642 abire
915 3589 1202 3642 adlirmant
1236 3607 1247 3640 :
1279 3589 1372 3643 sed
1429 3605 1526 3657 pro
1577 3590 1783 3656 integra

178 3677 460 3730 tirmetate
492 3677 592 3745 ipsi
627 3678 783 3746 petiit
814 3679 898 3732 vir
923 3678 1115 3733 Carius
1146 3680 1230 3734 vel
1268 3680 1367 3749 ipsi
1399 3680 1537 3734 abba
1561 3681 1783 3736 celsitu-

173 3770 363 3822 dinem
389 3778 594 3833 nostra,
622 3779 678 3822 ut
708 3779 885 3825 etnus
935 3772 1142 3827 iteratis
1198 3789 1292 3842 per
1347 3784 1530 3829 nostra
1580 3791 1784 3844 praece-

177 3863 375 3931 ptione
404 3862 507 3914 hoc
537 3862 846 3917 deberimus
875 3865 1164 3919 adﬁrmare
1190 3883 1204 3930 ;
1236 3881 1466 3935 quorum
1500 3876 1608 3919 tam
1659 3867 1784 3921 reli-

173 3955 339 4021 giosa
365 3955 628 4022 petitione
661 3955 1002 4010 libentissimi
1034 3959 1357 4027 suscepisse,
1375 3967 1429 4012 et
1452 3959 1501 4012 in
1534 3961 1784 4015 omnibus

172 4043 536 4099 conﬁrmasse
572 4055 746 4098 vestra
778 4048 1074 4115 comperiat
1117 4049 1451 4114 magnitudo.
1505 4050 1612 4102 Sed
1657 4051 1780 4118 quia

171 4152 205 4188 a
240 4137 634 4206 suprasmiptis
664 4138 1018 4207 principibus,
1043 4140 1127 4192 Vcl
1161 4156 1188 4192 a
1221 4142 1418 4194 ceteris
1460 4142 1646 4209 priscis
1693 4158 1780 4198 re-

169 4229 361 4297 gibus,
395 4229 556 4281 etiam
587 4238 640 4282 et
671 4231 736 4282 ad
763 4230 873 4283 Deo
909 4230 1220 4284 timentibus
1251 4230 1557 4285 christianis
1604 4234 1779 4287 omni-

169 4323 300 4386 bus,
335 4323 435 4390 ipsi
461 4323 692 4391 templus
715 4323 797 4377 vel
819 4323 916 4392 ipsi
941 4333 1159 4378 sanctus
1186 4324 1339 4378 locus
1372 4334 1593 4394 propter
1623 4341 1779 4381 amo-

175 4436 299 4474 rem
336 4419 427 4472 l-)ei
461 4427 514 4472 et
547 4418 711 4471 vitam
768 4427 1023 4471 aeternam
1078 4419 1130 4471 in
1177 4420 1340 4470 rebus
1399 4417 1612 4471 videtur
1660 4435 1778 4474 esse

171 4513 445 4574 dithatus,
481 4518 665 4563 nostra
696 4511 901 4574 ἱιιὶφηιοιι
933 4509 1150 4562 devotio
1182 4517 1286 4573 est,
1319 4517 1375 4561 ut
1404 4509 1682 4578 privilegio
1711 4510 1777 4563 ad

1889 2010 2057 2078 ipsius
2104 2001 2543 2073 congregationis
2593 2006 2687 2051 aut
2733 2004 2977 2050 nostrum
3027 1993 3366 2062 permissum,
3393 2001 3488 2041 ne-

1890 2117 1998 2174 que
2044 2100 2278 2164 calices,
2339 2108 2514 2162 neque
2569 2104 2808 2153 crocces,
2837 2103 2933 2142 seu
2987 2085 3301 2140 indumenta
3347 2080 3487 2133 alta-

1890 2195 2052 2258 rium,
2077 2189 2163 2245 vel
2189 2202 2379 2256 sagrus
2410 2185 2646 2247 codices,
2678 2191 2775 2236 aut
2803 2194 2992 2234 aurum
3042 2185 3134 2230 aut
3180 2183 3486 2242 argentum,

1889 2287 1976 2340 vel
2007 2284 2389 2351 qualicumque
2409 2277 2678 2347 especiem
2707 2274 2774 2328 de
2800 2288 2909 2342 quo
2960 2269 3161 2324 ibidem
3211 2266 3489 2322 conlatum

1893 2379 2053 2434 fuerit
2083 2388 2176 2432 aut
2208 2375 2412 2430 inantia
2439 2372 2785 2431 dedicatum,
2819 2365 3018 2421 auferri
3074 2371 3165 2416 aut
3219 2361 3486 2424 minuare,

1893 2487 1990 2524 nec
2022 2471 2085 2522 ad
2131 2469 2407 2522 civitatem
2438 2463 2636 2518 del'erii
2675 2459 2890 2529 penitus
2920 2457 2997 2510 eis
3031 2471 3137 2509 non
3189 2452 3354 2515 lieiat,
3390 2466 3490 2505 nec

1893 2563 2072 2617 facere
2124 2566 2493 2629 przesumant;
2547 2554 2640 2609 sed
2693 2553 2851 2607 liceat
2899 2550 2998 2619 ipsi
3029 2548 3200 2603 sancti
3251 2546 3356 2599 loci
3403 2543 3490 2601 vel

1893 2657 2062 2725 ipsius
2091 2651 2523 2720 congregationi,
2549 2647 2695 2716 quod
2725 2647 2803 2698 eis
2832 2659 2930 2713 per
2953 2653 3154 2696 reetam
3188 2637 3490 2704 delegatio-

1893 2766 2016 2805 nem
2047 2749 2320 2803 conlatum
2351 2754 2457 2809 est,
2484 2741 2752 2812 perpetim
2787 2737 3085 2807 possidere.
3119 2733 3185 2787 Et
3227 2733 3344 2786 illul
3374 2731 3490 2783 viro

1894 2845 1944 2895 in
1972 2844 2116 2896 hunc
2145 2839 2430 2909 privilegio
2479 2844 2679 2890 nostrae
2733 2831 3045 2886 serenitatis
3091 2825 3297 2898 placuit
3347 2825 3490 2877 inse-

1892 2934 2136 2998 rendi,ut
2167 2948 2286 2986 cum
2315 2931 2482 2984 abbas
2516 2929 2582 2982 de
2614 2927 2726 2995 ipsa
2753 2939 2878 2979 casa
2912 2924 3003 2976 Dei
3028 2924 3094 2972 de.
3127 2922 3267 2973 hunc
3292 2915 3490 2971 stcculo

1892 3037 2024 3085 nuto
2055 3028 2236 3082 divino
2266 3024 2423 3078 fuerit
2447 3029 2729 3090 evogatus,
2758 3019 2950 3072 licccat
2973 3016 3138 3084 ipsius
3165 3013 3336 3068 sancti
3361 3026 3490 3065 con-

1891 3121 2189 3191 gregationi
2220 3119 2286 3172 de
2319 3119 2433 3187 ipso
2454 3113 2816 3170 monasthirio
2838 3127 2906 3165 ex
2929 3107 3236 3176 semetipsis
3263 3105 3488 3169 elegire,

1893 3223 1946 3265 et
1977 3228 2138 3279 quem
2183 3212 2384 3262 bonum
2416 3217 2468 3262 et
2498 3206 2822 3272 condignum
2858 3202 3187 3263 invenirent,
3219 3196 3310 3266 qui
3342 3197 3488 3250 hon-

1894 3323 1995 3359 nus
2024 3303 2235 3358 abbatis
2262 3300 2556 3357 secundum
2605 3297 2796 3352 urdinc
2837 3304 3029 3350 sancto
3077 3292 3250 3362 possit
3298 3302 3491 3358 regere

1892 3398 1979 3451 vel
2003 3391 2324 3464 gobernare,
2352 3402 2408 3447 et
2429 3390 2756 3445 unanimiter
2784 3387 3182 3450 consenserint,
3209 3383 3331 3437 data
3361 3398 3489 3435 aue-

1895 3491 2115 3544 toritate
2147 3506 2175 3540 a
2219 3485 2376 3540 nobis
2405 3485 2491 3538 vel
2536 3497 2565 3536 a
2601 3479 3004 3537 successoribus
3033 3478 3253 3542 nostris,
3288 3474 3484 3528 ibidem

1895 3585 1944 3638 in
1974 3583 2087 3653 ipsa
2111 3595 2232 3633 casa
2268 3577 2358 3632 Dei
2391 3577 2703 3630 instituatur
2732 3573 2897 3636 abba,
2931 3581 2988 3624 et
3031 3586 3129 3640 pro
3159 3567 3489 3622 estabilitate

1891 3677 2027 3746 rigni
2051 3673 2246 3738 nostri,
2275 3671 2360 3725 vel
2383 3685 2482 3740 pro
2511 3669 2720 3723 cunctis
2751 3667 2924 3721 leodis
2952 3664 3154 3720 nostris
3183 3678 3278 3716 seu
3323 3659 3486 3714 saluti

1891 3768 2100 3838 patriar,
2133 3762 2345 3817 Domini
2371 3759 2796 3815 misericordiam
2826 3758 3047 3813 valeant
3085 3769 3335 3810 exorare.
3367 3751 3486 3818 Qua

1892 3866 2226 3930 Optematum
2259 3851 2564 3907 inlustrium
2588 3852 2824 3904 virorum
2857 3857 3164 3902 nostrorum
3195 3857 3486 3915 procerum

1890 3954 2208 4023 gratisseinr)
2240 3948 2421 4001 animo
2450 3954 2506 4001 et
2542 3947 2744 4012 integra
2785 3943 3076 3997 devotione
3124 3941 3222 3996 visi
3273 3939 3487 3994 luemus

1889 4043 2187 4113 prestitisse
2214 4040 2296 4093 vel
2323 4037 2653 4092 concessisse
2675 4035 2723 4100 ι),
2754 4050 2820 4089 eo
2847 4050 2913 4088 ex
2945 4035 3153 4090 scilicet
3173 4032 3400 4093 urdene,
3428 4037 3486 4084 ut.

1887 4135 2028 4189 sicut
2059 4132 2403 4202 temporebus
2437 4129 2770 4182 anteriorum
2817 4141 3004 4195 regum
3053 4133 3338 4195 parentum
3387 4139 3485 4177 no-

1887 4236 2143 4286 strorum,
2175 4224 2371 4276 ibidem
2419 4223 2470 4274 in
2504 4221 2616 4290 ipsa
2666 4229 2851 4273 sancta
2888 4218 3122 4272 baselica
3168 4218 3484 4286 psallentius

1887 4333 1982 4388 per
2022 4327 2222 4372 turmas
2252 4315 2351 4370 fuit
2386 4315 2676 4378 institutus,
2702 4314 2842 4367 sicut
2871 4312 3006 4366 ordo
3036 4321 3255 4366 sanctus
3283 4312 3480 4374 cdocit,

1884 4411 1970 4465 die
2001 4419 2271 4478 noctuque
2302 4407 2614 4478 perenniter
2642 4406 2693 4459 in
2719 4405 2837 4474 ipso
2862 4405 2982 4458 loco
3018 4412 3209 4458 sancto
3241 4404 3484 4458 celebre—

1889 4512 1991 4556 tur.
2032 4501 2202 4567 Quam
2258 4499 2629 4554 urdeuationis
2681 4497 3062 4553 auctoritatem
3119 4496 3477 4561 decrivemus,

168 4605 355 4673 ipsum
387 4610 633 4655 sanetum
669 4601 848 4656 locum
892 4600 1072 4654 abbati
1125 4600 1206 4655 vel
1257 4599 1527 4656 fratrebus
1577 4601 1773 4656 ibidem
1805 4621 1856 4680 υ
1883 4594 2156 4648 Christum
2190 4595 2240 4646 in
2270 4592 2520 4647 omnibus
2548 4591 2705 4646 nobis
2725 4591 3092 4658 sofraganteni
3118 4588 3474 4653 conﬁdemus,

166 4694 600 4751 consistentibus
626 4693 801 4747 facere
824 4695 906 4748 vel
927 4695 1250 4747 conﬁrmare
1275 4709 1373 4762 pro
1395 4695 1560 4763 quieti
1585 4694 1776 4749 futurae

165 4789 496 4854 diherimus,
530 4787 824 4842 utfacilius
854 4804 883 4842 a
924 4789 1348 4856 congregatione
1396 4790 1564 4857 ipsius
1613 4788 1775 4842 liceat

167 4897 278 4953 pro
310 4880 640 4936 estabilitate
665 4881 816 4946 regni
850 4881 1049 4939 nostri,
1085 4881 1151 4931 ad
1184 4880 1379 4934 limena
1429 4881 1510 4934 Vel
1563 4881 1627 4934 ad
1690 4895 1776 4934 se-

167 4969 366 5040 pulcra
419 4969 660 5038 ipsorum
712 4968 1300 5039 marthyrum,jugitcr
1349 4984 1598 5023 exorare.
1665 4969 1774 5024 Nus

164 5077 310 5133 ergo
337 5077 434 5130 per
463 5061 601 5116 hanc
625 5062 821 5115 seriem
846 5061 1187 5114 auctoritatis
1229 5062 1418 5126 nostri,
1446 5062 1598 5128 juxta
1628 5061 1773 5130 quod

164 5170 274 5225 per
287 5153 647 5222 supradictum
666 5161 748 5207 est
765 5153 1105 5222 privilegium
1123 5169 1151 5207 a
1167 5155 1524 5223 pontetieibus
1547 5157 1769 5219 factum,

165 5243 261 5300 vel
290 5243 358 5298 ab
382 5245 819 5300 antecessoribus
839 5245 1053 5313 regibus
1075 5245 1389 5314 parentibus
1416 5247 1615 5300 nostris
1639 5261 1768 5301 con-

244 5431 278 5462 α
318 5423 691 5490 Berthoaldus,
719 5425 788 5478 ad
838 5426 992 5494 cujus
1044 5428 1356 5494 petitionem
1415 5429 1516 5481 hoc
1568 5428 1764 5482 instru-

165 5507 417 5555 mentum
449 5496 702 5551 emissuni
731 5496 848 5560 fuit,
881 5512 986 5548 non
1017 5497 1232 5552 aliunde
1256 5508 1416 5553 notus
1440 5509 1539 5552 est.

244 5568 272 5606 δ
312 5566 369 5621 ln
397 5567 516 5621 a'liis
549 5566 867 5622 Tlieodorici
921 5567 1006 5629 iV,
1041 5583 1214 5636 neque
1268 5570 1409 5636 quod
1464 5570 1653 5629 sciam,
1710 5571 1760 5624 in

164 5648 493 5697 cznterorum
527 5653 711 5705 regum
736 5639 1138 5707 diplomatibus,
1176 5639 1315 5693 nulla
1353 5643 1405 5692 lit
1457 5642 1763 5707 optimatum

165 5725 216 5768 et
241 5727 514 5780 prorerum
545 5710 825 5763 devotionis
849 5710 1070 5762 mentio.

247 5795 268 5820 ε
315 5783 410 5835 llic
448 5783 711 5834 habemus
740 5781 1042 5850 exemplum
1096 5782 1564 5849 imprecationuin,
1601 5783 1652 5835 in
1679 5783 1760 5836 di-

167 5857 410 5927 plomate
467 5853 856 5927 ife..'gi_ti,_eoiiti_‘a
905 5851 1212 5927 diplomatis
1276 5852 1590 5920 violatores,
1615 5854 1759 5922 quod

164 5923 266 5981 sub
296 5923 680 5990 illerovingicis
711 5923 923 5987 regibus
955 5923 1228 5980 rarissime
1245 5933 1558 5986 usurpatum
1591 5925 1757 5979 fuisse

1880 4690 1969 4758 qui
1985 4689 2202 4758 adjuvet
2222 4688 2327 4743 illis
2342 4687 3082 4756 conservantem,etdessipit
3106 4687 3208 4740 illis
3224 4687 3478 4740 distroir"

1879 4785 2143 4854 capientis
2164 4795 2206 4837 ο.
2233 4782 2330 4849 Et,
2357 4792 2416 4837 ut
2441 4783 2731 4836 ﬁrmiorem
2756 4781 2999 4834 obtineat
3019 4781 3280 4848 vigorem,
3303 4789 3358 4833 et
3380 4795 3450 4832 no

1878 4878 2001 4932 stris
2023 4885 2078 4931 et
2109 4877 2320 4942 tuturis,
2341 4876 2449 4930 Deo
2469 4874 2784 4938 auxiliante,
2801 4873 3149 4942 temporebus
3177 4873 3355 4925 inlaesa
3381 4887 3447 4925 cu

1875 4971 2138 5024 stodiatur
2181 4981 2237 5024 et
2279 4985 2374 5040 per
2401 4979 2644 5038 tempora
2670 4967 3030 5033 conservitur,
3054 4981 3244 5020 manus
3276 4975 3474 5018 nostra:

1876 5064 1884 5131 Ι
1911 5059 2439 5132 subscriptionebus]
2471 5061 2658 5115 subter
2686 5075 2802 5112 eam
2827 5057 3166 5111 decrevimus
3191 5057 3468 5110 roborare.

1946 5157 2076 5211 Data
2109 5157 2224 5227 ipsa
2255 5156 2342 5210 die
2374 5155 2478 5209 kal.
2507 5155 2747 5221 Martias,
2790 5169 2932 5208 anno
2970 5153 3024 5221 iij
3067 5155 3200 5222 rigui
3253 5152 3420 5207 nostri
3453 5191 3471 5219 ,

1876 5247 2234 5314 Valencianis,
2269 5249 2320 5300 in
2356 5245 2451 5302 Dei
2483 5248 2698 5302 nomine
2729 5246 2973 5300 feliciter.
3017 5245 3300 5299 Amen.....
3331 5246 3355 5280 ιι

1871 5431 2213 5486 Mabillonius
2241 5427 2434 5491 docet,
2467 5429 2534 5482 de
2563 5427 2641 5481 lle
2671 5426 2803 5494 dipl.
2837 5443 2961 5496 pag.
2993 5424 3112 5478 102.
3163 5424 3302 5497 |Jam
3352 5426 3465 5482 fere

1868 5503 2095 5558 similem
2121 5502 2566 5571 imprecationeni
2599 5495 2860 5571 exhibent
2898 5495 3196 5571 diplomata
3244 5495 3462 5571 thlpef

1870 5575 1984 5634 rici,
2016 5567 2361 5637 Gunlramui,
2392 5570 2682 5624 Cliilderici
2720 5589 2729 5622 :
2765 5569 2921 5622 adest
2947 5568 3075 5630 alia,
3123 5567 3462 5635 exquisitiori

1866 5653 2127 5714 apparatu
2157 5641 2830 5714 concepta,in_diplomate
2860 5639 3101 5708 ejusdem
3135 5637 3461 5694 Theoderici

1868 5711 1954 5776 IV,
1983 5715 2115 5770 infra
2152 5713 2285 5784 (Col.
2319 5711 2528 5782 1146).]

1933 5786 1959 5826 ἀ
1999 5787 2076 5841 Ad
2104 5779 2305 5840 calcem
2337 5779 2676 5839 instrumenti
2705 5792 2903 5854 puncta
2935 5782 3114 5838 addita
3145 5779 3459 5839 deﬁcientes

1862 5859 2280 5927 subscriptiones
2311 5856 2568 5909 indicant.
