4206 6600
797 532 801 537 λ
890 508 1031 566 ΗΔΒ

885 630 1120 684 domnus
1148 628 1203 682 in
1233 642 1464 700 corpore
1483 630 1793 700 requiescit,
1821 638 1876 684 et
1900 629 2233 685 venerabelis
2256 628 2339 684 vir
2363 628 2471 684 Go-
2496 632 2547 692 Α
2573 628 2883 692 comitibus,
2916 628 2999 685 vel
3039 629 3290 686 omnibus
3329 629 3631 699 agentibus,
3665 639 3777 686 tam
3818 637 4093 702 presentibts

0 22 489 75 -ῌ--.ο-ὴ-Ξ

0 48 31 57 ι..
68 54 81 59 ___
142 56 217 65 ﬁ_
320 42 331 51 ο

882 721 1150 779 dobaldus
1173 722 1310 777 abba
1344 736 1572 791 praeesse
1590 721 1821 787 videtur,
1846 722 2100 776 adversus
2123 721 2330 777 inlustri
2353 723 2468 778 viro

883 811 1178 869 Ermenteo
1225 814 1600 884 suggerebant,
1632 813 1758 869 dum
1790 813 2015 868 dicerint
2057 828 2124 870 eo
2156 815 2298 884 quod
2343 816 2467 870 villa

882 922 982 962 sua
1012 914 1354 977 nuncopante
1383 906 1678 974 Battdrino,
1708 921 1868 975 super
1896 906 2112 963 ﬂuvium
2142 906 2371 978 Hyssera
2397 908 2467 962 si-

884 1009 997 1055 tam
1026 1000 1079 1056 in
1116 1014 1254 1070 pago
1281 998 1690 1066 Cameliacinse,
1720 1016 1882 1072 quam
1928 1002 1995 1056 de
2026 1011 2178 1072 parte
2208 1011 2467 1070 genetore

881 1107 983 1148 suo
1008 1092 1366 1159 Nordeberto,
1395 1101 1449 1148 et
1475 1107 1732 1163 germano
1766 1108 1866 1149 suo
1897 1092 2316 1160 Guntbechario,
2350 1089 2464 1149 a'm-

881 1183 1057 1240 bobus
1084 1185 1353 1255 quondam
1399 1187 1465 1240 ad
1498 1187 1616 1256 ipso
1645 1187 1881 1257 legitetni
1916 1186 2142 1251 obvinit,
2171 1188 2464 1242 venerabili

881 1276 1002 1332 viro
1031 1276 1348 1334 Godobaldo
1378 1279 1559 1334 abbati
1589 1281 1655 1333 ad
1696 1291 1852 1351 parte
1880 1279 2100 1334 basileci
2132 1279 2312 1336 domni
2342 1281 2439 1336 Dio

881 1370 1023 1440 nysii
1053 1386 1152 1440 pro
1195 1370 1512 1426 vindicionis
1543 1373 1755 1426 titolum
1785 1372 2047 1441 delegasit
2075 1372 2161 1427 vel
2205 1374 2463 1441 firmasit,

880 1463 973 1533 qui
1000 1472 1057 1517 et
1077 1463 1191 1533 ipsa
1220 1464 1579 1519 vindicatione
1606 1465 1656 1518 in
1682 1474 1947 1533 prmsente
1974 1466 2037 1519 ad
2067 1465 2354 1532 relegenda
2377 1480 2465 1519 re-

882 1554 1050 1621 iecta,
1076 1557 1322 1626 ipsasque
1351 1550 1475 1610 dum
1520 1556 1620 1625 ipsi
1650 1556 1970 1611 Ermeuteus
1995 1558 2047 1610 in
2081 1565 2343 1626 praesente
2369 1556 2467 1611 ad-

880 1659 1034 1714 erat;
1061 1650 1444 1715 interrogatum
1469 1649 1519 1703 ei
1542 1649 1640 1705 fuit
1663 1666 1691 1703 a
1715 1650 2038 1719 procercbus
2057 1650 2253 1705 nostris
2273 1665 2330 1705 se
2353 1651 2467 1722 ipsa

884 1741 1004 1793 villa
1056 1740 1355 1794 Baudriuus
1403 1740 1568 1810 ipsius
1617 1740 1928 1795 Godobaliio
1977 1740 2157 1795 abbati
2204 1741 2268 1796 ad
2317 1751 2469 1812 parte

881 1831 1068 1885 domui
1100 1831 1338 1904 Dionysii
1368 1831 1669 1897 vindedisit,
1701 1841 1796 1885 aut
1821 1849 1880 1887 se
1905 1834 2135 1903 pretium
2158 1833 2355 1889 exinde
2378 1849 2466 1887 ac-

845 2001 847 2004 ,
881 1923 1080 1991 t-ipisit,
1115 1935 1207 1977 aut
1234 1940 1291 1978 se
1316 1932 1501 1978 auctor
1526 1925 1573 1977 ei
1608 1925 1803 1979 exinde
1842 1926 2066 1989 aderat;
2100 1924 2191 1978 sed
2233 1926 2334 1994 ipsi
2368 1923 2466 1979 Er-
2498 1958 2547 2020 Β

845 2085 849 2094 ι
880 2028 1132 2073 menti-us
1161 2019 1213 2072 in
1244 2029 1510 2088 praesente
1533 2020 1708 2074 taliter
1738 2022 1835 2074 fuit
1859 2022 2153 2090 professus,
2178 2021 2320 2092 quod
2352 2023 2468 2092 ipsa

880 2113 1007 2166 villa
1043 2116 1093 2166 in
1124 2113 1492 2182 snprascripto
1525 2113 1645 2167 loco
1674 2111 1945 2167 Baudrino
1972 2114 2023 2166 in
2046 2113 2307 2181 jamdicto
2330 2127 2466 2184 pago

883 2206 1287 2271 Cameliacinse,
1329 2208 1496 2278 ipsius
1524 2206 1841 2263 Godobaldo
1881 2208 2063 2262 abbati
2094 2208 2159 2262 ad
2190 2218 2342 2280 parte
2372 2210 2467 2264 ba-

883 2299 1032 2353 silcci
1062 2301 1143 2353 sui
1174 2300 1355 2356 domui
1388 2302 1626 2374 Dionysii
1652 2298 1952 2372 vindedisit,
1978 2306 2199 2376 etjuxta
2222 2306 2302 2360 sui
2327 2306 2472 2375 apri-

884 2393 1139 2449 ﬁcatione
1169 2396 1351 2465 precio
1379 2398 1573 2453 exinde
1615 2401 1888 2469 reccpisit.
1922 2410 1977 2455 et
2024 2402 2138 2470 ipsa
2164 2400 2471 2457 vindicione

883 2486 999 2540 fieri
1028 2496 1083 2540 et
1126 2485 1344 2542 firmare
1389 2491 1614 2558 rogasit,
1643 2503 1699 2545 et
1732 2502 1921 2547 auctor
1948 2492 2144 2548 exinde
2178 2494 2385 2561 aderat,
2416 2503 2472 2549 et

881 2578 1102 2631 inantea
1133 2579 1322 2633 adesse
1355 2580 1603 2635 vellebat.
1632 2580 1865 2637 Proinde
1889 2598 1992 2639 nos
2018 2584 2198 2639 taliter
2218 2601 2323 2639 una
2348 2601 2470 2641 cum

884 2671 1084 2725 nostris
1114 2673 1440 2741 procercbus
1468 2676 1725 2729 constetit
1753 2674 2084 2744 decrevisse,
2116 2687 2172 2731 ttt
2217 2679 2340 2732 dum
2387 2679 2469 2732 in-

884 2765 1057 2821 luster
1086 2767 1167 2820 vir
1195 2765 1683 2835 Cttmrodobaldus,
1718 2786 1901 2825 comes
1930 2774 2090 2839 palati
2134 2774 2325 2836 nostri,
2361 2781 2472 2827 tes-

884 2860 1218 2915 teimeniavit
1248 2862 1391 2930 quod
1424 2862 1602 2917 taliter
1630 2878 1693 2918 ac
1718 2879 1878 2918 causa
1920 2873 2038 2920 acta
2085 2866 2168 2920 vel
2218 2866 2469 2934 inquisita

879 2952 1029 3006 fuisit
1073 2953 1416 3019 denoscetur,
1453 2954 1688 3024 jobimus
1734 2964 1794 3011 ut
1841 2959 2125 3012 memorati
2151 2959 2358 3027 agentis
2403 2961 2471 3014 ad

880 3052 1036 3114 parte
1066 3044 1232 3112 ipsius
1259 3046 1571 3100 venerabeli
1590 3048 1708 3101 viro
1727 3047 2047 3103 Codobaldo
2071 3049 2248 3103 abbati
2273 3052 2355 3105 vel
2377 3052 2471 3106 ba-

881 3136 1031 3191 sileci
1065 3137 1149 3190 sui
1176 3136 1358 3191 domui
1390 3137 1630 3207 Dionysii
1660 3139 1911 3207 iamdicta
1937 3141 2063 3193 villa
2090 3140 2389 3196 Baudrinus
2417 3143 2473 3198 in

880 3229 1282 3298 superescripto
1324 3243 1462 3298 pago
1502 3229 1926 3294 Cameliacinse,
1981 3247 2082 3285 una
2125 3247 2245 3287 cum
2292 3227 2468 3300 terris,

881 3319 1165 3383 domebus,
1191 3321 1545 3389 superpositis
1569 3320 1827 3389 aediliciis,
1849 3322 2125 3390 acolabus,
2151 3324 2464 3394 mancepiis,
2491 3331 2541 3395 ο

881 3410 1064 3476 viniis,
1114 3410 1282 3475 silvis,
1333 3414 1565 3482 campis,
1598 3415 1785 3484 pratis,
1822 3418 2056 3485 pascuis,
2100 3417 2252 3485 aquis
2299 3432 2469 3486 aqua-

881 3521 1072 3561 rumve
1099 3507 1447 3570 decursebus,
1481 3510 1778 3564 movilebus
1800 3519 1854 3565 et
1885 3512 2282 3578 immovilebus,
2306 3526 2472 3581 pecu-

881 3599 988 3666 liis,
1039 3598 1342 3668 ptacsideis,
1397 3599 1695 3666 farinariis,
1749 3603 1925 3670 gregis
1980 3619 2103 3658 cum
2162 3604 2471 3674 pastoribus

884 3692 1170 3761 utriusque
1193 3693 1405 3761 generis
1444 3709 1629 3760 sexus,
1661 3709 1764 3749 una
1797 3710 1918 3751 cum
1957 3710 2118 3751 omne
2146 3698 2470 3762 adjecenciis

882 3786 971 3841 vel
998 3783 1332 3856 appendiciis
1362 3786 1428 3840 ad
1455 3801 1514 3841 se
1550 3787 1870 3856 pertinentis
1910 3788 1993 3843 vel
2040 3788 2373 3858 aspicientis,
2402 3788 2469 3843 ad

884 3876 1154 3946 integrum
1210 3876 1391 3930 omnia
1445 3887 1500 3930 et
1548 3892 1616 3931 ex
1660 3879 1942 3945 omnebus,
1990 3879 2233 3950 inspecta
2280 3895 2469 3936 eorum

883 3975 1210 4030 strumenta,
1241 3984 1402 4023 omne
1422 3976 1669 4038 tempore
1694 3969 1929 4024 habeant
1951 3971 2267 4040 evindegata
2297 3972 2471 4042 adque

885 4057 1139 4113 elediata.
1172 4056 1259 4125 Et,
1306 4074 1368 4114 se
1398 4060 1692 4115 necessitas
1734 4060 1901 4130 ipsius
1929 4060 2248 4117 Godobaldo
2287 4063 2469 4119 abbati

886 4148 974 4203 vei
1017 4147 1233 4202 basileci
1273 4150 1352 4202 sui
1407 4149 1589 4203 domui
1639 4150 1872 4223 Dionysii
1924 4164 2016 4207 aut
2051 4155 2469 4212 successorebus

885 4241 998 4296 suis
1029 4241 1245 4296 inautea
1280 4241 1459 4306 fuerit,
1494 4253 1824 4300 memoratus
1851 4243 2173 4301 Ertuenteus
2200 4247 2286 4301 vel
2312 4247 2469 4304 here-

886 4334 971 4388 dis
998 4334 1084 4389 sui
1112 4349 1207 4389 eos
1249 4336 1305 4389 in
1342 4336 1639 4391 auctoricio
1665 4346 1855 4393 contra
1881 4340 2191 4409 quemlebet
2218 4340 2473 4397 studeant

887 4424 1175 4480 definsare.
1209 4425 1557 4486 Gairebaldus
1584 4429 1650 4483 ad
1678 4430 1796 4485 vice
1840 4430 2088 4487 Eonardo
2131 4433 2466 4502 recognovit.

960 4516 1265 4572 .ludicatum
1295 4519 1439 4588 quod
1475 4519 1588 4575 ficit
1618 4521 1806 4576 minsis
1835 4521 2067 4579 Marcius
2105 4522 2221 4578 dies
2260 4523 2338 4593 iij,
2368 4540 2467 4580 an-

888 4625 1019 4664 num
1044 4609 1092 4679 vj
1124 4612 1275 4681 regni
1304 4612 1493 4676 nostri,
1528 4611 1842 4683 Pontegune
1870 4615 1923 4670 in
1954 4615 2158 4687 palatio
2186 4625 2394 4674 nostro.

1607 4730 1768 4786 XLV.

890 4797 1137 4868 Diploma
1170 4798 1475 4879 Theoderici
1513 4733 1799 4879 [fo-Jezis
1830 4803 2172 4872 Francorum,
2207 4825 2304 4879 quo
2334 4809 2473 4863 dona

963 4874 1273 4925 monasterio
1304 4872 1645 4945 dlorbacensi
1676 4872 1864 4929 collata
1908 4888 1996 4930 aut
2038 4872 2374 4945 conferenda,
2426 4890 2477 4933 et

964 4958 1201 4996 concessa
1230 4944 1497 5015 privilegia
1528 4948 1799 5014 conﬁrmat
1822 4957 1844 4981 “
1879 4950 2029 5018 (ann.
2056 4944 2204 5015 727).

967 5035 1350 5102 Theodericus,
1384 5053 1481 5094 rex
1508 5037 1858 5104 Francorum,
1885 5042 2013 5097 viris
2034 5044 2345 5113 apostolicis
2376 5046 2476 5101 Pa-

894 5128 1071 5184 tribus
1112 5129 1399 5200 episc0pis,
1436 5146 1647 5186 necnon
1690 5131 2003 5188 inlustribus
2045 5134 2192 5201 viris,
2234 5138 2475 5206 patricis.

965 5294 991 5320 ι
1018 5282 1209 5337 Exstat
1256 5284 1420 5353 tumvis
1450 5284 1686 5353 plenum.
1724 5285 1861 5350 apud
1902 5285 2296 5351 Mabilloniuut,
2331 5290 2470 5345 Ann.

893 5366 935 5407 t.
963 5354 1031 5421 ll,
1059 5352 1297 5426 appetiti.
1332 5367 1453 5426 pag.
1489 5356 1623 5420 700;
1658 5357 1845 5424 Litnig,
1867 5357 2055 5426 Spicil.
2088 5359 2285 5413 eccles.
2320 5372 2357 5413 ι.
2385 5360 2474 5426 IV,

892 5423 1174 5495 pagsﬁﬁ,
1200 5432 1323 5495 etut.
1362 5424 1421 5485 V,
1452 5440 1574 5493 pag.
1607 5425 1730 5489 95l,
1760 5423 1815 5480 et
1856 5423 1921 5481 iu'
1940 5430 2089 5483 Actis
2122 5428 2219 5484 SS.
2255 5423 2473 5486 nullan;

892 5492 1091 5559 diariis,
1114 5505 1165 5565 ﬁt.
1195 5494 1215 5547 Ι
1246 5492 1465 5565 Octob.,
1498 5492 1617 5565 pag.
1643 5495 1776 5557 4454;
1804 5498 1979 5551 minus
2004 5500 2311 5553 inaccurate
2332 5503 2473 5565 apud

898 5567 974 5619 La
1007 5564 1203 5626 Cutlle,
1249 5564 1385 5617 Hist.
1420 5566 1587 5617 Alsat.
1623 5570 1774 5634 prob.
1820 5583 1940 5636 pag.
1975 5568 2061 5632 13,
2098 5581 2151 5623 et
2180 5571 2232 5624 in
2265 5564 2474 5626 Collec-

896 5637 1047 5688 tione
1083 5637 1663 5709 _sc_riptotuturerum
1716 5638 2133 5704 Francicarum,
2188 5651 2317 5694 tom.
2384 5643 2469 5709 IV,

901 5718 1025 5774 pag.
1061 5704 1626 5779 _7Uti.__S_cbtnplli.nus,
1677 5709 1809 5762 llist.
1860 5710 2028 5762 Alsat.
2064 5712 2283 5779 diplom.
2339 5721 2375 5765 t.
2433 5704 2470 5776 I,

904 5773 1029 5851 pag.
1061 5773 1113 5837 7,
1147 5773 1313 5851 edidit
1339 5775 1404 5851 ad
1449 5781 1604 5829 Iidem
1628 5781 1954 5851 autograplti
1996 5791 2049 5834 et
2080 5773 2471 5851 at'tlograpbum

902 5846 1099 5916 ipsum_
1121 5845 1212 5897 teri
1246 5845 1469 5916 incisum
1514 5848 1706 5913 publici
1736 5845 1877 5916 juris
1913 5852 2055 5904 fecit.
2087 5845 2247 5904 Junii
2279 5845 2471 5907 lectio-

906 5930 1029 5967 nem
1071 5914 1381 5984 Schtepllini
1414 5914 2061 5983 recuditnusﬁPerminus,
2111 5922 2242 5975 alias
2281 5923 2471 5978 i’irtui-

905 5999 1044 6046 tuus,
1075 5999 1105 6037 e
1134 5986 1462 6041 monasterio
1483 6002 1581 6041 suo
1611 5989 1664 6042 in
1696 5991 1862 6057 Augia
1894 5992 2097 6059 pulsus.
2127 5992 2177 6044 in
2210 5994 2467 6048 Alsatiam

1678 512 1948 571 διΕϐΰι.
1996 514 2080 569 VII
2124 513 2212 569 ET
2250 513 2363 569 VIII
2406 513 2946 573 ECCLESIASTICA
2989 514 3438 575 MONUMENTA.

3996 528 4092 585 ll“

2578 735 2738 791 quam
2781 720 2994 777 futuris.
3037 722 3093 777 Si
3137 721 3487 793 petitionibus
3530 723 3875 781 sacerdotum
3915 729 4027 796 quod
4048 732 4093 788 ad

2579 815 2966 885 proprietatem
3018 814 3366 870 ecclesiarum
3416 816 3687 885 pertinet,
3737 817 3928 872 devota
3966 831 4097 878 mente

2578 915 2902 976 prestamus,
2924 907 3305 962 retributorem
3330 906 3567 963 omnium
3589 910 3857 963 bonorum
3876 909 4094 968 Dominum

2573 995 2794 1053 Jhesum
2819 997 3091 1052 Christum
3121 1013 3187 1052 ex
3215 998 3318 1054 hoc
3345 1015 3442 1053 nos
3465 999 3666 1056 habere
3688 999 4004 1056 contiduuus.
4023 1003 4097 1073 lgi-

2576 1099 2664 1146 tur
2691 1092 2818 1146 dum
2840 1100 2895 1146 et
2923 1092 3249 1146 venerabilis
3269 1093 3352 1146 vir
3379 1091 3679 1159 l’erminus,
3704 1096 3875 1162 gratia
3899 1094 3976 1150 Dei
3993 1098 4096 1166 epis-

2570 1196 2739 1250 copus
2760 1182 2808 1248 δ,
2844 1183 3043 1237 nostris
3074 1184 3406 1252 temporibus
3427 1201 3549 1238 cuin
3581 1187 3861 1241 monachis
3882 1187 3996 1255 suis,
4022 1189 4098 1244 Deo

2572 1275 2889 1345 inspirante,
2915 1293 3013 1347 pro
3042 1275 3330 1347 Evangelio
3352 1278 3548 1334 ChriSti
3578 1281 3994 1351 peregrinatione
4016 1299 4099 1338 sus.

2570 1375 2750 1439 cepta,
2777 1368 3106 1422 monasterio
3135 1372 3371 1425 viroruut
3397 1372 3450 1424 itt
3474 1369 3681 1427 heremi
3705 1385 3879 1439 vasta,
3907 1390 4007 1444 qua:
4024 1374 4101 1428 Vo-

2572 1476 2732 1530 sagus
2758 1462 3084 1531 appellatur,
3114 1461 3167 1516 in
3199 1478 3338 1532 pago
3370 1462 3669 1529 Alsacinse,
3704 1466 3757 1520 in
3788 1466 3907 1521 loco
3932 1467 4007 1536 qui
4028 1482 4099 1521 vo-

2573 1561 2728 1607 catur
2770 1552 3481 1625 Vivarius-peregrinorum,
3526 1557 3617 1626 qui
3657 1567 3816 1611 antea
3859 1560 4103 1628 appellatus

2574 1652 2658 1698 est
2680 1643 3001 1712 Muorbach,
3032 1646 3085 1699 in
3116 1646 3277 1700 alodo
3310 1646 3464 1701 fidele
3507 1661 3694 1704 nostro
3723 1648 4013 1705 Eborbartlo
4036 1670 4102 1705 Cli-

2573 1736 2721 1801 mite,
2759 1751 2882 1790 cum
2932 1738 3097 1804 ipsius
3146 1738 3436 1806 adiutorio,
3473 1738 3584 1794 Deo
3628 1740 3886 1807 donante,
3927 1752 4106 1805 conatus

2573 1837 2655 1882 est
2682 1829 3031 1893 constituere,
3055 1832 3140 1885 vel
3169 1834 3420 1887 coenobio
3445 1842 3634 1889 sancto
3659 1835 3856 1889 ibidem
3878 1836 4105 1892 instituere

2575 1919 2627 1973 in
2682 1920 2889 1975 honore
2945 1921 3039 1975 Dei
3092 1929 3148 1976 et
3196 1924 3481 1991 genetricis
3536 1925 3745 1979 Domini
3774 1928 3941 1981 nostri
3985 1926 4106 1981 .lesu-

2573 2009 2796 2079 Christi,
2832 2028 3048 2084 semper
3079 2014 3313 2082 Virginis
3338 2014 3537 2079 Mat-iac,
3566 2031 3662 2070 seu
3691 2018 3867 2071 sancti
3893 2018 4107 2073 Michahe-

2572 2105 2638 2159 lis
2664 2108 2999 2177 archangeli,
3029 2108 3117 2163 vel
3146 2110 3315 2163 sancti
3346 2108 3491 2164 Pctri
3520 2119 3575 2164 et
3607 2109 3756 2164 Pauli
3795 2111 3962 2166 beatis
3985 2128 4069 2181 apo
4092 2140 4109 2151 -

2571 2197 2747 2260 stolis,
2776 2207 2831 2252 et
2869 2198 3042 2252 sancti
3076 2197 3403 2266 Leudegaris
3432 2201 3668 2256 tuartiris
3692 2218 3816 2256 cutn
3858 2204 4004 2257 sociis
4036 2218 4109 2257 eo-

2571 2306 2714 2354 rum,
2738 2290 2825 2344 ubi
2850 2290 2951 2359 ipsi
2981 2290 3167 2345 famuli
3198 2292 3288 2344 Dei
3311 2292 3410 2345 sub
3433 2302 3620 2347 sancta
3648 2295 3838 2364 regula
3863 2297 4112 2350 solitariam

2572 2386 2737 2438 vitam
2774 2386 3019 2439 fruantur
3042 2401 3056 2437 :
3085 2385 3239 2454 petiit
3261 2385 3376 2455 ipse
3404 2387 3487 2445 vir
3513 2385 3605 2441 Dei
3637 2386 3920 2445 Perminus
3941 2391 4111 2459 episco-

2571 2492 2672 2546 pus
2703 2476 2982 2532 serenitati
3010 2485 3215 2539 nostre,
3248 2492 3369 2533 cum
3402 2480 3520 2548 ipso
3546 2479 3659 2548 jam
3688 2483 3965 2537 nominato
3991 2483 4113 2536 fidele
4204 2472 4206 2487 ¹

2574 2577 2763 2625 nostro
2809 2565 3161 2621 Ebrochardo
3191 2569 3411 2630 comite,
3453 2570 3615 2624 talem
3654 2573 3725 2626 ob
3763 2573 3870 2628 hoc
3914 2583 4112 2628 nostrum

2573 2673 2826 2713 emanare
2873 2668 3190 2729 preceptum
3239 2660 3307 2714 de
3353 2662 3497 2715 omni
3531 2679 3758 2732 corpore
3807 2666 4116 2735 possessionis

2575 2753 2743 2822 ipsius
2784 2756 3119 2818 monasterii,
3159 2755 3411 2825 quicquid
3460 2765 3515 2810 at
3560 2773 3799 2827 praesens
3845 2771 4013 2815 tenere
4051 2758 4113 2811 vel

2574 2842 2778 2896 donare
2807 2844 3038 2908 videtur,
3068 2852 3164 2898 aut
3188 2845 3333 2913 quod
3367 2846 3581 2901 inautea
3606 2864 3637 2901 a
3659 2862 4011 2918 quocumque,
4030 2847 4115 2902 Deo

2575 2933 2894 3003 inspirante,
2927 2935 3124 2990 ibidem
3155 2944 3306 2992 recte
3337 2937 3497 2992 fuerit
3521 2939 3797 2994 conlatum
3829 2942 3913 2995 vel
3938 2941 4113 3007 delega-

2575 3036 2708 3094 tum,
2739 3043 2835 3097 per
2864 3037 3111 3084 nostrum
3141 3038 3457 3099 preceptum
3488 3030 3816 3086 deberemus
3845 3034 3899 3086 itt
3932 3033 4014 3086 Dei
4038 3046 4114 3084 no-

2573 3133 2698 3173 men
2745 3120 2956 3189 plenius
3008 3121 3349 3177 conlirmare.
3395 3121 3551 3188 Quod
3602 3138 3703 3177 nos
3756 3139 3862 3194 pro
3906 3121 4116 3177 mercede

2575 3222 2759 3267 nostra
2794 3215 2845 3268 in
2878 3215 3124 3268 omnibus
3155 3216 3348 3270 fecisse
3389 3217 3703 3284 cognoscite
3737 3235 3749 3268 :
3786 3226 3845 3269 et
3871 3215 3935 3269 ad
3962 3212 4115 3281 pndi-

2573 3304 2678 3358 ctis
2702 3305 2917 3360 famulis
2950 3306 3040 3360 Dei
3077 3307 3238 3361 talem
3268 3308 3546 3361 emisimus
3573 3309 3875 3376 decretum,
3908 3308 4116 3363 utnullos

2581 3394 2980 3465 episcoporum,
3011 3412 3112 3453 nec
3140 3399 3424 3470 presentis,
3468 3416 3568 3457 nec
3600 3402 3689 3470 qui
3719 3404 3920 3457 fuerint
3945 3418 4118 3457 succes-

2577 3502 2750 3551 sores,
2800 3503 2897 3544 nec
2947 3504 3132 3545 eorum
3185 3493 3543 3558 ordiuatores,
3594 3504 3688 3549 aut
3731 3496 4117 3564 quibuscumque

2573 3577 2855 3646 iudiciaria
2899 3591 3141 3653 potestas
3184 3600 3282 3654 pro
3325 3601 3665 3656 quacumque
3696 3588 3919 3657 ingenio
3955 3588 4118 3658 possint

2575 3688 2916 3743 quocumque
2965 3677 3155 3731 ordine
3185 3677 3250 3730 de
3280 3677 3400 3731 loco
3433 3679 3547 3747 ipso
3575 3679 3777 3748 aliquid
3822 3681 4019 3734 auferri:
4054 3688 4118 3730 aut

2575 3764 2921 3831 abstrahere;
2953 3775 3013 3820 ut
3039 3766 3246 3825 facilius
3269 3767 3430 3823 liccat
3458 3769 3571 3838 ipsa
3597 3772 3796 3825 familia
3821 3771 4024 3833 Christi,
4042 3784 4119 3839 que

2577 3857 2776 3911 ibidem
2825 3858 2877 3911 in
2929 3859 3021 3912 Dei
3060 3852 3288 3915 nomine
3327 3860 3567 3916 adunare
3605 3861 3945 3929 desiderant,
3973 3878 4119 3917 eorum

2578 3965 2789 4010 rectam
2812 3953 3211 4024 delegationem
3241 3954 3420 4024 quiete
3446 3971 3543 4026 per
3572 3965 3827 4027 tempora
3852 3957 4119 4029 possedere,

2577 4059 2633 4104 et
2654 4058 2839 4105 sancta
2866 4050 3051 4118 regula
3074 4060 3458 4107 conservantes
3480 4052 3699 4121 proprio
3730 4052 4024 4121 privilegio,
4046 4062 4121 4116 que

2577 4140 2732 4195 nobis
2779 4155 2875 4209 pre
2919 4140 3168 4195 manibus
3215 4140 3586 4208 ostenderunt,
3636 4142 3749 4197 Deo
3778 4144 4015 4213 iubente,
4050 4140 4121 4194 sub

2577 4231 2967 4299 tranquillitate
3000 4232 3210 4301 possint
3250 4247 3568 4304 permanere
3597 4250 3610 4287 :
3648 4235 3778 4303 quia
3813 4235 3943 4289 nihil
3967 4235 4026 4287 de
4056 4244 4121 4284 ca-

2578 4322 2771 4377 nonica
2822 4323 3146 4379 auctoritate
3197 4324 3539 4389 convellitur,
3595 4326 3859 4396 quicquid
3904 4334 3957 4381 at
3998 4322 4122 4378 talem

2578 4412 2832 4467 familiam
2860 4413 3057 4468 Christi
3085 4413 3150 4467 ad
3182 4413 3394 4469 laudem
3423 4416 3516 4470 Dei
3543 4416 3631 4472 die
3660 4427 3942 4484 noctuque
3964 4429 4121 4471 cauea-

2579 4504 2701 4557 dam
2730 4504 3060 4559 conceditur.
3112 4505 3318 4561 Idcirco
3362 4522 3462 4576 pro
3507 4508 3710 4562 caelesti
3762 4510 3960 4565 intuitu
3998 4506 4122 4560 talem

2580 4595 2736 4649 nobis
2781 4595 3093 4650 benefitium
3137 4597 3447 4664 prestetisse
3489 4601 3831 4667 cognoscite,
3867 4611 3928 4654 ut
3955 4603 4125 4653 utaueat

2498 4692 2551 4751 ι)
2579 4684 2829 4755 quiequid
2854 4685 3078 4740 antefati
3101 4685 3201 4739 viri
3230 4686 3321 4741 Dei
3342 4686 3408 4741 ad
3431 4688 3549 4757 ipso
3572 4691 3912 4744 monasterio
3934 4700 4124 4755 conque-

2581 4776 2804 4830 sieveriut
2830 4775 2916 4830 vel
2945 4776 3330 4843 laboraverint,
3365 4785 3421 4833 et
3457 4778 3603 4847 quod
3632 4780 3749 4848 jatn
3797 4782 3974 4836 dictus
3997 4777 4125 4830 fidelis

2583 4874 2770 4921 noster
2798 4864 3145 4921 Ebrehardus
3177 4884 3272 4937 per
3300 4884 3396 4923 sua
3439 4879 3742 4926 struntenta
3787 4874 3982 4927 ibidem
4006 4869 4123 4923 adfir-

2581 4956 2764 5023 mavit,
2794 4956 2879 5010 vel
2906 4973 2936 5010 a
2961 4959 3169 5012 caneris
3198 4958 3409 5013 conlata
3437 4957 3535 5014 fuit
3571 4970 3663 5015 aut
3703 4963 3900 5029 fuerit,
3927 4962 4017 5018 sub
4056 4974 4126 5011 uu-

2579 5054 2693 5102 stra
2714 5048 3011 5102 emunitate
3038 5049 3156 5118 ejus
3179 5051 3509 5120 temporibus
3536 5052 3747 5121 absque
3772 5054 3939 5110 ullius
3960 5052 4126 5123 inquie-

2580 5139 2785 5205 tudine,
2836 5139 2946 5194 Deo
2976 5140 3291 5204 auxiliante,
3324 5150 3514 5197 cuncta
3556 5142 3634 5197 eis
3673 5146 3966 5213 prolitiant
3990 5148 4034 5200 in
4059 5162 4126 5197 au-

2578 5299 2744 5361 venit,
2764 5306 2900 5352 teste
2918 5298 3207 5353 ilcrmanni
3234 5301 3508 5355 Contracti
3527 5302 3732 5357 Chron.
3755 5307 3828 5360 ad
3851 5322 4038 5362 annum
4052 5303 4126 5357 727

2578 5366 2740 5487 Kapud
2771 5370 2828 5421 D.
2860 5368 3123 5438 Bouquet,
3153 5377 3190 5424 t.
3219 5368 3305 5433 Ill,
3331 5384 3451 5439 pag.
3485 5371 3632 5442 550],
3662 5375 3755 5427 tibi
3782 5376 4125 5430 nmnasteriwn

2579 5438 2927 5487 ilnrbacensc
2973 5439 3229 5487 condidit-
3273 5440 3541 5487 inmensas
3581 5446 3976 5487 simnmlitnnm
4004 5451 4125 5487 mir.

2579 5438 2927 5512 Morbacense
2973 5439 3230 5512 condidit,
3273 5440 3541 5512 impensas
3581 5438 3976 5512 suppeditante
4003 5451 4127 5498 inter.

2580 5508 2747 5583 hard.»
2778 5509 3194 5583 comite,_gcirca_
3225 5508 3423 5583 aint“qu
3463 5511 3584 5583 7f27,
3634 5508 3747 5583 tino
3798 5518 3918 5583 ipso
3948 5534 4070 5570 anno
4091 5516 4125 5565 in

2579 5580 3037 5658 novimonasterii
3062 5581 3287 5647 gratiam
3317 5580 3690 5638 Theodericus
3716 5580 3908 5641 emisit
3932 5590 4124 5658 diploma

2578 5650 2719 5717 quod
2748 5650 3082 5703 exhibemus.

2648 5719 2673 5756 ι’
2724 5718 3553 5793 tlltorcpiscopuurPerminum
3611 5736 3781 5781 vocat
3835 5728 4129 5784 Hermannus

2575 5790 2797 5868 Contrztt
2817 5798 2919 5848 tus,
2948 5790 3283 5868 ittCltl‘UlliJO
3309 5792 3433 5868 ;_bic
3465 5790 3591 5868 vero
3610 5795 3915 5868 episcopus
3931 5800 4129 5863 absolue

2575 5860 2788 5911 diritur.
2816 5865 2893 5912 Au
2925 5863 3206 5928 episcopus
3229 5878 3266 5913 ι’.
3288 5863 3448 5928 giona
3462 5865 3570 5916 rius
3593 5868 3616 5917 ἲ
3640 5860 3908 5924 υἰῖιίηξπε
3932 5860 4130 5923 Mobili-

2575 5930 2693 5982 nizts
2723 5945 2827 5982 non
2857 5930 3039 6008 audet,
3077 5931 3341 6008 An_nal_._t.
3377 5932 3441 5997 ll,
3483 5947 3606 6001 pag.
3763 5939 4128 6008 [Choreutscopl

2577 6016 2769 6052 nomen
2799 6016 2905 6053 non
2938 6000 3127 6064 legitur
3156 6003 3207 6054 itt
3246 6000 3573 6057 i'iermantto.
3606 6005 3692 6058 ubi
3728 6000 3948 6080 sbpra.]
