4206 6542
223 429 363 485 1145

995 428 1236 484 REGUM
1279 425 1518 484 PRIMA]
1560 426 1822 483 STIRPIS
1861 425 2282 484 FBANCORUM
2325 427 2739 484 DIPLOMATA.

3355 429 3491 486 “th

215 546 469 616 gmeutis.
490 545 714 600 Additur
738 553 937 610 tamen,
958 545 1061 599 etsi
1084 543 1247 599 abbas
1263 543 1696 611 congregationis
1724 543 1803 611 ip-
1834 547 1881 606 Α
1908 553 2140 599 severet.
2188 545 2272 609 Et,
2304 556 2365 599 ut
2393 545 2509 601 hate
2538 544 2829 615 praeceptio
2857 558 2982 616 erga
3012 546 3132 617 ipso
3160 550 3487 605 monasterio

216 638 331 691 sius
362 637 631 708 episcopis
662 638 819 690 fuerit
848 636 1169 706 posmlatus,
1205 648 1263 691 ut
1291 638 1340 692 ei
1367 638 1698 705 presbiteros
1723 637 1803 689 vel

214 729 480 784 diaconos
508 746 606 799 pro
648 730 840 784 missas
881 729 1265 785 celebrandum
1294 730 1491 785 debeat
1530 730 1801 793 ordinare,

215 822 423 889 absque
450 822 721 876 commodi
750 822 1067 891 acceptione
1110 822 1389 887 instituat;
1426 830 1479 877 et
1508 822 1553 877 si
1579 832 1804 892 rogatus

212 915 489 970 conditam
538 916 843 981 ecclesiam,
877 917 1096 983 crisma,
1128 916 1357 977 tabulas.
1390 918 1588 985 grados
1631 918 1804 972 eccle-

213 1004 329 1071 sia-,
354 1008 556 1077 absque
577 1008 845 1062 commodi
874 1009 1191 1079 acceptione
1224 1009 1383 1064 faciat
1409 1028 1421 1063 :
1451 1008 1596 1079 quod
1623 1009 1666 1065 si
1692 1010 1803 1078 ipse

210 1098 474 1161 renuerit,
509 1097 678 1152 altero
708 1090 1005 1168 quemlibet
1030 1100 1359 1169 pontificem,
1385 1100 1474 1169 qui
1499 1102 1664 1170 gratis
1687 1103 1801 1155 hate

210 1192 435 1257 tribuat,
484 1192 697 1247 licentia
744 1192 941 1247 habeat
985 1194 1312 1265 supplicare,
1358 1203 1415 1248 et
1446 1194 1535 1249 ille
1578 1195 1681 1250 hoc
1724 1194 1803 1247 fa-

208 1300 371 1344 cere;
421 1293 476 1339 et
519 1284 665 1339 nullo
717 1301 951 1355 unquam
995 1295 1239 1357 tempore
1285 1285 1582 1356 parrochia:
1633 1286 1798 1355 ipsius

208 1376 506 1444 pontificis.
539 1376 591 1429 in
623 1377 777 1445 cujus
816 1378 1032 1432 diocese
1062 1379 1223 1433 situm
1258 1387 1338 1433 est
1382 1380 1485 1434 hoc
1528 1387 1800 1432 monaste-

206 1468 373 1532 rium,
432 1476 753 1536 potestatetn
798 1468 997 1521 nullam
1038 1467 1237 1522 habeat
1284 1469 1638 1538 inquietandi,
1691 1485 1797 1524 non

205 1558 347 1624 ipse,
395 1575 501 1611 non
547 1558 973 1624 archidiaconus,
1022 1575 1126 1614 non
1158 1559 1411 1614 Ecclesiae
1432 1560 1663 1628 judit-es,
1699 1576 1797 1615 nec

203 1664 432 1703 censum
465 1651 699 1715 mittere,
747 1667 922 1721 neque
953 1664 1184 1721 pastum,
1231 1668 1407 1723 neque
1451 1654 1797 1715 honoremin

203 1743 373 1796 rebus
403 1746 717 1797 monasterii
759 1746 1040 1813 requirere
1071 1761 1176 1801 non
1206 1747 1455 1801 audeant.
1492 1748 1558 1801 Et
1585 1750 1626 1803 si
1660 1750 1797 1803 abba

200 1835 378 1904 ipsius
424 1838 859 1905 congregationis
910 1838 977 1893 de
1029 1841 1128 1894 hac
1179 1841 1301 1895 luce
1352 1851 1575 1895 vocatus
1615 1836 1825 1907 fuerit,’

1909 638 2115 692 firmius
2136 637 2416 703 habeatur,
2436 654 2627 693 manus
2643 646 2841 694 nostra:
2860 638 3343 709 subscriptionibus
3364 640 3487 695 sub-

1905 738 1989 785 ter
2013 730 2349 784 decrevimus
2370 730 2633 785 roborari.

1976 821 2367 885 Theodericus,
2420 837 2514 876 rex
2574 822 2924 878 Francorum.
2976 822 3107 877 Data
3155 822 3301 893 quod
3359 822 3489 877 fecit

1903 923 2089 963 mense
2133 908 2277 965 Julio
2325 910 2412 963 die
2462 910 2557 979 xij,
2611 925 2752 966 anno
2785 912 2852 980 vij
2899 911 3051 981 regni
3091 912 3291 978 nostri;
3333 910 3485 966 Gutt-

1902 1002 2184 1057 dulli-villa
2210 1012 2261 1070 ο,
2290 1003 2344 1057 in
2369 1002 2461 1058 Dei
2494 1004 2731 1068 nomine,
2767 1006 3011 1061 feliciter.
3044 1006 3236 1060 Amen.
3260 1004 3485 1061 Gerbalv

1904 1094 2001 1148 dus
2031 1094 2245 1149 obtulit.

2603 1188 2783 1244 XLVI.

1902 1280 2148 1349 Diploma
2192 1278 2494 1334 Theudorici
2528 1281 2633 1347 IV,
2666 1284 2799 1352 regis
2833 1282 2877 1334 1Γ
2884 1299 3179 1343 raucorum.
3213 1300 3308 1349 quo
3344 1285 3478 1338 dona

1972 1352 2202 1405 ecclesia:
2230 1352 2401 1404 sancti
2444 1353 2692 1405 l't'ncentii
2732 1354 3040 1407 Parisiensis
3084 1372 3115 1407 α
3146 1353 3379 1407 Galterio
3428 1368 3476 1408 et

1974 1422 2119 1476 Goda
2149 1422 2368 1492 conjuge
2394 1422 2506 1493 ejus
2532 1424 2721 1477 collata
2744 1426 3015 1494 conﬁrmat
3036 1423 3061 1462 δ
3096 1426 3247 1496 (ann.
3277 1427 3421 1495 7.30).

1973 1556 2357 1621 Theodericus,
2392 1556 2486 1611 Dei
2514 1557 2709 1624 gratia,
2738 1573 2837 1612 rex
2864 1558 3213 1614 Francorum.
3247 1559 3301 1613 Si
3341 1560 3483 1630 peti-

1900 1651 2147 1705 cionibus
2176 1664 2455 1704 servorum
2488 1649 2570 1703 vel
2613 1649 2931 1705 ancillarum
2979 1651 3093 1717 Dei,
3130 1652 3179 1705 in
3211 1653 3313 1707 hoc
3342 1651 3487 1721 quod

1901 1741 1967 1795 ad
1999 1743 2115 1797 loca
2144 1750 2454 1796 sanctorum
2481 1756 2543 1795 ac
2576 1742 2739 1796 Deum
2766 1743 3067 1797 timentium
3092 1743 3366 1797 hominum
3390 1744 3487 1796 ad-

1901 1834 2037 1888 tinet
2067 1849 2344 1890 assensum
2376 1834 2782 1904 pmbuerimus,
2816 1836 2920 1889 hoc
2965 1835 3030 1889 ad
3059 1836 3362 1891 mercedem
3407 1836 3488 1889 fu-

202 1927 392 1981 nullus
435 1928 632 1982 ibidem
674 1930 741 1985 de
771 1931 877 1985 alio
924 1933 1279 1997 monasterio,
1315 1948 1413 1986 nec
1461 1932 1527 1986 de
1556 1934 1795 1999 civitate,
1833 1924 1877 1983 Β
1905 1936 2101 1993 turam,
2136 1936 2189 1981 et
2218 1925 2570 1981 stabilitatem
2600 1935 2654 1981 et
2698 1926 2981 1981 tuitionem
3026 1928 3177 1997 resni
3209 1929 3398 1994 nostri.
3434 1929 3487 1983 in

199 2035 309 2074 nec
336 2036 434 2090 pro
465 2022 759 2089 parentela.
793 2037 893 2076 nec
916 2026 983 2076 ab
1005 2023 1263 2092 episcopo
1287 2024 1587 2089 ordinatus,
1620 2040 1792 2093 neque

200 2132 305 2185 per
336 2124 684 2185 potestatem,
734 2132 911 2186 neque
942 2132 1040 2187 per
1080 2118 1377 2187 praemium,
1430 2129 1520 2171 aut
1550 2119 1797 2186 quolibet

200 2207 445 2273 ingenio,
480 2208 781 2277 cuicunque
806 2207 971 2277 judici
1001 2208 1179 2264 nullus
1207 2218 1492 2277 prtesumat
1525 2210 1577 2261 in
1601 2208 1795 2262 ibidem

200 2300 460 2354 abbatem
508 2301 790 2366 ordinare;
851 2316 950 2355 nec
1001 2301 1447 2370 quandocumth
1503 2301 1796 2357 necessitas

198 2393 469 2455 evenerit,
503 2392 753 2446 abbatem
782 2393 1082 2456 instituere,
1117 2394 1219 2447 nisi
1244 2408 1403 2462 quem
1430 2395 1539 2462 ipsa
1565 2410 1795 2464 congre-

201 2484 357 2551 gatio
388 2493 442 2539 et
473 2484 664 2537 melior
691 2499 816 2552 pars
846 2485 1095 2552 elegerit,
1127 2485 1423 2538 secundum
1446 2486 1589 2553 quod
1617 2486 1798 2552 regula

201 2585 264 2629 et
310 2576 619 2645 privilegius
669 2576 908 2646 ipsorum
957 2579 1233 2645 continet,
1286 2578 1386 2647 ipsi
1434 2578 1533 2632 sibi
1582 2579 1797 2647 dignum

199 2670 543 2723 constituant
571 2679 865 2738 pastorem.
902 2670 970 2723 Et
1005 2669 1133 2723 illud
1166 2671 1320 2723 nobis
1350 2670 1677 2738 placuitpro
1720 2671 1799 2724 in-

200 2771 546 2830 tegramente
572 2761 657 2815 vel
687 2762 982 2815 stabilitate
1021 2762 1173 2829 regni
1206 2762 1375 2815 nostri
1408 2763 1706 2826 innectere,
1740 2771 1798 2816 ut

201 2855 323 2922 ipse
367 2853 726 2907 monasterius
772 2854 872 2907 sub
912 2852 1225 2907 defensione
1268 2862 1323 2906 et
1365 2854 1592 2907 tuitione
1624 2854 1717 2908 Dei
1747 2862 1802 2907 et

204 2953 399 3000 nostra
443 2944 613 3014 stirpe
656 2945 803 3014 regia
833 2960 930 3015 per
959 2944 1303 2999 succedentia
1346 2953 1586 3014 tempora
1618 2944 1801 2999 valeat

204 3038 511 3093 consistere
558 3038 957 3107 inconvulsum,
1002 3047 1059 3091 et
1090 3037 1233 3091 nulla
1268 3037 1478 3106 publica
1519 3038 1797 3105 jmlitiaria

203 3138 468 3200 potestas,
501 3144 601 3185 nec
624 3139 908 3199 pnesente,
930 3143 1030 3184 nec
1054 3129 1235 3182 futuro
1264 3135 1533 3197 tempore,
1555 3129 1608 3181 in
1632 3130 1798 3183 curtis

201 3221 295 3275 vel
331 3220 619 3275 territuriis
650 3221 973 3289 ubicumque
1004 3219 1172 3287 ipsius
1203 3218 1539 3282 monasterii,
1573 3220 1636 3270 ad
1670 3233 1793 3271 cau-
1826 3234 1869 3294 η

201 3329 299 3370 sas
347 3312 690 3379 audiendum,
734 3313 819 3368 vel
869 3311 1017 3366 freda
1045 3312 1277 3379 undique
1320 3311 1660 3378 exigendum,
1690 3327 1794 3365 non

202 3415 501 3477 praesumat
521 3405 828 3474 ingredere,
844 3419 947 3459 nec
968 3403 1313 3473 fideiussores
1335 3404 1545 3465 tollere,
1572 3415 1625 3457 et
1647 3404 1796 3472 quic-

200 3498 337 3567 quid
371 3507 477 3550 tam
528 3498 594 3551 de
642 3496 886 3564 ingenuis
915 3508 1076 3563 quam
1117 3494 1185 3548 de
1234 3493 1588 3550 servientibus
1634 3509 1796 3563 super

202 3588 499 3644 tcrrituriis
544 3588 712 3657 ipsius
762 3586 1075 3641 monasterii
1108 3586 1253 3639 omni
1302 3586 1789 3650 commanentibus,

208 3684 347 3735 lisco
372 3680 439 3733 de
470 3678 619 3734 freda
646 3687 737 3732 aut
763 3677 1126 3743 harebannus,
1159 3677 1300 3730 unde
1328 3684 1543 3746 poterat
1575 3691 1794 3745 sperare

201 3772 277 3827 ad
326 3771 677 3827 luminaribus
704 3772 787 3826 vel
828 3768 1112 3840 stipendiis
1158 3770 1535 3840 superscriptis
1584 3769 1796 3827 famulis

207 3868 307 3923 Dei
337 3876 395 3921 et
441 3873 626 3921 nostra
659 3863 986 3933 indulgentia
1019 3863 1085 3917 ad
1126 3863 1391 3932 integrum
1422 3865 1795 3934 mancipentur

203 3958 448 4023 effectui,
480 3967 538 4013 et
568 3957 721 4013 nobis
750 3955 1121 4025 regnantibus,
1164 3964 1258 4009 aut
1286 3956 1626 4025 postmodum
1660 3966 1796 4013 tem-

205 4069 345 4125 pora
378 4051 779 4107 succedentium
810 4063 1019 4118 regum,
1053 4049 1195 4118 quod
1228 4063 1326 4103 nos
1356 4065 1454 4119 pro
1489 4050 1579 4103 Dei
1610 4065 1795 4105 amore

202 4157 262 4203 et
294 4146 490 4200 timore
517 4142 855 4206 indulsimus,
883 4155 1206 4209 quemquam
1238 4140 1342 4195 hoc
1371 4155 1477 4195 non
1509 4149 1794 4210 praesumat

202 4235 553 4299 convellere;
602 4241 686 4287 set
731 4246 893 4287 omne
923 4232 1107 4299 quiete
1149 4238 1203 4284 et
1246 4230 1453 4298 integra
1498 4230 1794 4285 emunitate

205 4331 319 4385 hoc
340 4327 485 4400 quod
508 4326 848 4383 decrevimus
876 4323 1197 4380 inviolabilis
1220 4323 1513 4379 auxiliante
1540 4324 1649 4380 Deo
1670 4339 1793 4394 per-

283 4516 311 4542 ι
336 4503 586 4561 Gundulﬁ
614 4504 797 4576 villam
829 4505 992 4573 regiis
1026 4505 1169 4559 villis
1205 4513 1529 4560 annumerat
1560 4506 1791 4576 Schmp-

200 4581 390 4643 tlinus,
423 4578 512 4630 ubi
543 4590 706 4643 supra
746 4575 800 4631 in
842 4584 981 4640 not.,
1022 4584 1170 4630 recte
1214 4576 1463 4644 quidem;
1497 4576 1590 4629 sed
1619 4575 1789 4644 ipsam

199 4650 468 4705 omissam
492 4648 736 4715 queritur
757 4663 785 4700 a
818 4648 876 4699 lt.
901 4644 1157 4715 Germain
1187 4646 1237 4699 in
1271 4646 1532 4715 opusculo
1558 4646 1623 4701 de
1648 4647 1787 4702 villis

199 4720 391 4789 regiis,
430 4719 481 4771 in
512 4714 622 4784 quo
655 4717 910 4789 miramur
932 4714 1323 4789 Sclicepflinum
1350 4717 1688 4789 caecutiisse;
1721 4719 1789 4773 de

200 4786 313 4846 hac
342 4790 486 4842 enim
519 4791 633 4841 fuse
661 4787 875 4840 disserit
912 4788 1145 4842 domnus
1166 4786 1419 4841 Germain
1454 4788 1506 4840 in
1538 4788 1641 4842 hoc
1674 4791 1791 4856 ipso

199 4860 496 4929 opusculo,
520 4857 662 4923 apud
694 4856 916 4929 Mabill..
938 4857 1005 4929 de
1029 4856 1106 4911 Re
1132 4858 1260 4926 dipl.
1288 4872 1413 4926 pag.
1438 4856 1541 4912 285
1569 4867 1623 4913 et
1647 4874 1789 4927 seq.,

199 4927 300 4987 ubi
337 4930 414 4982 ait
455 4930 655 4983 trullam
689 4927 847 4995 hujus
878 4928 1035 4994 regite
1064 4929 1200 4981 vili-.e
1230 4930 1561 4983 mentionem
1603 4930 1791 4985 haberi

200 5000 576 5066 antiquiorem
603 5014 761 5066 quam
788 5000 838 5051 in
866 4998 1160 5065 diplomate
1182 5001 1249 5053 de
1274 5013 1383 5066 quo
1409 5000 1635 5062 agimus.

284 5071 309 5108 δ
334 5067 526 5124 Exstat
548 5068 688 5136 apud
724 5067 1073 5127 Bulliardnnt,
1122 5068 1257 5122 Hist.
1290 5070 1412 5122 abb.
1448 5068 1503 5123 S.
1531 5070 1787 5126 German.

201 5160 235 5197 a
264 5140 465 5207 Pratis,
488 5140 646 5209 prob.
679 5152 799 5208 pag.
830 5139 884 5200 8,
912 5140 1001 5204 qui
1036 5140 1162 5209 illud
1186 5142 1521 5209 deprompsit
1543 5155 1609 5193 ex
1635 5142 1792 5194 char-

204 5211 409 5267 tulario
441 5208 682 5278 ejusdem
706 5209 1040 5262 monasterii.
1069 5208 1427 5272 Mabillonius,
1455 5212 1648 5264 Annal.
1682 5219 1722 5264 t.
1750 5211 1789 5276 Ι,

202 5298 336 5355 pag.
358 5281 609 5355 magno
633 5280 870 5348 diploma
896 5280 1101 5355 tribuit
1126 5280 1553 5355 llteodo_ricolll,
1572 5282 1788 5355 etcirca

204 5349 419 5408 annum
443 5350 547 5404 678
576 5349 757 5403 datum
786 5359 990 5413 censet,
1016 5352 1137 5417 quia
1166 5359 1291 5402 tunc
1314 5350 1371 5403 S.
1401 5351 1663 5405 Vincentii
1693 5351 1790 5404 Pa-

204 5424 453 5480 risiensis
486 5418 1790 5494 |sanctwqueprucis.Apostet'ioriliustemporibus

205 5438 453 5480 rtstensts
486 5438 1563 5495 |sancu13queurucrs.pustcrtortuuslem
1606 5438 1790 5476 ormns

205 5503 269 5550 et
302 5509 473 5563 usque
494 5493 561 5545 ad
583 5500 790 5563 nostra,
811 5489 991 5563 Sancti
1010 5488 1283 5563 {Germani
1316 5507 1343 5542 a
1384 5438 1790 5563 Pratisrmona-

205 5561 642 5633 sterio'praserat
669 5561 977 5633 Autharius,
1024 5562 1134 5630 qui,
1172 5572 1227 5613 ut
1270 5564 1462 5633 asserit
1492 5561 1614 5631 pag.
1663 5561 1788 5629 (5M,

207 5653 321 5692 non
349 5631 486 5689 ultra
514 5649 711 5688 annum
742 5631 844 5685 697
880 5632 1038 5685 vitam
1070 5634 1339 5701 produxit.
1371 5631 1477 5686 Sed
1506 5642 1655 5687 recte
1686 5647 1787 5686 no-

206 5716 291 5761 tat
316 5705 638 5771 llulliardus,
666 5704 755 5757 ubi
778 5719 963 5773 supra,
985 5717 1106 5772 pag.
1135 5704 1220 5763 17.
1246 5704 1313 5757 de
1334 5705 1504 5757 altero
1529 5704 1789 5759 Aulbario

209 5778 297 5845 agi
332 5778 384 5831 in
412 5777 707 5839 diplomate
732 5775 877 5842 quod
900 5774 1268 5843 expendimus,
1293 5789 1453 5842 quem
1485 5776 1584 5828 sub
1611 5775 1787 5829 Theo-

208 5849 400 5902 dorico
445 5846 533 5915 IV,
561 5846 735 5902 eidem
767 5846 1095 5899 monasterio
1126 5847 1403 5915 praefuisse
1451 5845 1785 5915 credendum

208 5930 317 5973 est.
352 5914 671 5974 Autharium
705 5916 843 5973 hunc
873 5916 1101 5970 alterum
1130 5914 1408 5982 ’Sigel'rido
1448 5916 1628 5969 Sancti
1658 5914 1790 5970 Ger-

1908 2017 2003 2071 Dei
2048 2017 2265 2071 nomine
2312 2015 2571 2085 prodesse
2623 2014 2963 2081 confidimus,
3012 2026 3069 2070 ut
3116 2026 3338 2087 propter
3388 2018 3490 2072 hoc

1907 2109 2119 2163 inantea
2170 2123 2384 2178 semper
2425 2109 2475 2162 iit
2524 2107 2718 2163 melius
2761 2109 3095 2164 delectentur
3121 2123 3246 2178 erga
3275 2109 3488 2165 culmen

1906 2202 2091 2271 regale
2132 2202 2293 2257 fidem
2340 2218 2577 2267 servare,
2611 2211 2666 2256 et
2696 2218 2791 2272 pro
2820 2202 3114 2257 stabilitate
3141 2206 3287 2272 regni
3320 2205 3488 2258 nostri

1908 2294 2193 2349 Dominum
2243 2292 2440 2349 cotidie
2498 2293 2810 2363 deprecare.
2863 2292 3101 2364 Ideoque
3149 2294 3489 2350 notiticamus

1904 2393 2112 2446 cunctis
2137 2392 2337 2445 nostris
2362 2390 2608 2446 fidelibus
2630 2390 2773 2457 quod
2800 2392 3014 2460 quidam
3038 2401 3349 2447 nostrorum
3370 2406 3489 2462 pro-

1904 2500 2109 2547 cerum,
2162 2484 2382 2539 nomine
2426 2481 2721 2550 Galterius,
2757 2483 2984 2555 ejusque
3028 2483 3225 2552 eonjux
3274 2485 3491 2539 nomine

1905 2576 2080 2642 Goda,
2132 2576 2381 2630 adierunt
2427 2585 2667 2630 nostrain
2716 2578 3093 2644 clementiam,
3142 2587 3492 2648 suggerentes

1905 2669 2159 2737 quatinus
2188 2668 2389 2722 donum
2422 2669 2569 2737 quod
2601 2686 2666 2724 ex
2694 2672 2804 2725 suis
2836 2672 2999 2726 rebus
3036 2673 3087 2726 in
3115 2686 3253 2742 pago
3282 2672 3485 2727 Bituri-

1905 2759 2051 2813 censi
2082 2760 2269 2829 positis
2311 2759 2576 2815 faciebant
2606 2762 2671 2815 ad
2717 2764 3003 2819 ecclesiam
3051 2764 3263 2821 Sancta:
3293 2766 3482 2823 Crucis

1909 2850 2199 2918 Sanctique
2228 2851 2493 2906 Vincentii
2520 2854 2572 2907 in
2602 2854 2860 2911 suburbio
2895 2855 3169 2913 Parisiaco
3191 2858 3372 2923 sitam,
3401 2860 3488 2914 ubi

1906 2944 2181 3013 preciosus
2223 2946 2503 3000 confessor
2544 2948 2775 3003 domnus
2805 2948 3104 3005 Germanus
3154 2950 3207 3005 in
3256 2967 3487 3021 corpore

1904 3036 2221 3102 requiescit,
2249 3044 2434 3089 nostra
2465 3040 2790 3093 auctoritate
2834 3041 3195 3095 lirmaremus.
3226 3039 3363 3096 Sunt
3392 3058 3487 3096 au-

1905 3131 2011 3178 tem
2057 3124 2169 3178 haec
2199 3124 2315 3178 loca
2347 3124 2711 3189 denominata,
2745 3126 3036 3181 Fraxinum
3067 3144 3189 3183 cum
3220 3130 3484 3193 ecclesiis,

1904 3216 2205 3269 Caltlunum
2241 3232 2360 3270 cum
2402 3217 2633 3271 ecclesia
2669 3219 2851 3273 domui
2885 3222 3133 3275 monialis
3161 3221 3487 3279 confessoris

1901 3322 2063 3375 super
2091 3306 2351 3360 Chrosam
2398 3306 2639 3371 fluvium,
2688 3308 3052 3378 Gratgilidum
3084 3328 3208 3367 cum
3255 3314 3486 3369 ecclesia

1900 3397 2083 3451 donmi
2134 3396 2423 3465 Germani,
2476 3403 2840 3469 Argentonem
2895 3418 3015 3457 cum
3065 3403 3335 3467 ecclesia,
3406 3404 3489 3459 vel

1899 3490 2155 3558 quicquid
2205 3491 2344 3545 ultra
2398 3492 2628 3560 Ligerim
2676 3494 2955 3563 possidere
2995 3496 3339 3563 videbantur,
3382 3514 3485 3553 una

1898 3598 2021 3636 cum
2073 3582 2339 3646 domibus,
2391 3582 2649 3644 aediliciis.
2685 3584 2899 3650 accolis,
2954 3587 3260 3658 mancipiis,
3292 3589 3488 3657 vineis,

1897 3677 2064 3741 silvis,
2115 3677 2339 3746 campis,
2382 3678 2569 3745 pratis,
2602 3678 2846 3743 decimis,
2879 3692 3069 3747 greges
3095 3696 3219 3736 cum
3253 3682 3486 3749 pastori-

1897 3768 2017 3835 bus,
2044 3770 2213 3823 servis
2240 3780 2293 3824 et
2323 3771 2550 3834 ancillis,
2579 3772 2732 3840 aquis
2754 3786 3127 3843 aquarumque
3149 3775 3485 3840 decursibus,

1899 3868 1955 3916 et
1980 3860 2198 3930 insuper
2227 3862 2405 3915 omnia
2443 3860 2509 3916 ad
2539 3863 2807 3930 integrum
2856 3864 3113 3936 quicquid
3145 3866 3212 3922 ad
3242 3869 3487 3936 supradi-

1899 3962 2015 4008 ctas
2045 3954 2315 4023 pertinent
2345 3956 2738 4023 possessiones.
2761 3958 2836 4011 lta
2867 3958 3117 4013 videlicet
3146 3970 3202 4013 ut
3234 3969 3355 4030 post
3384 3961 3484 4015 ob—

1897 4047 2027 4102 itum
2056 4046 2301 4111 Galterii,
2327 4048 2370 4101 si
2401 4047 2554 4102 Goda
2586 4049 2702 4117 ejus
2730 4051 2929 4119 conjux
2949 4061 3225 4121 superstes
3251 4062 3397 4108 esset
3430 4055 3482 4109 in

1895 4154 2149 4209 corpore,
2179 4139 2290 4193 Deo
2314 4150 2524 4195 sacrata
2555 4139 2717 4207 foret,
2742 4149 2798 4196 et
2820 4141 2874 4196 in
2902 4143 3129 4197 ecclesia
3153 4144 3333 4198 domui
3366 4162 3483 4199 mo-

1896 4230 2071 4296 nialis,
2125 4246 2247 4285 cum
2281 4231 2473 4299 puellis
2512 4230 2623 4287 Deo
2671 4234 2901 4287 sacratis
2940 4234 3349 4305 quampluribus
3379 4237 3480 4291 sibi

1899 4322 2200 4389 associatis,
2232 4324 2341 4377 Deo
2369 4324 2637 4391 serviret;
2683 4326 2969 4396 ipsumque
3014 4327 3192 4383 locum
3224 4345 3327 4384 una
3359 4346 3482 4386 cum

1897 4500 2041 4555 mani
2058 4499 2237 4554 abbati
2264 4500 2551 4557 suffectum
2566 4518 2685 4558 esse
2703 4505 3035 4560 arbitrantur
3055 4515 3303 4562 auctores
3314 4505 3478 4562 Nova:

1899 4569 2085 4625 Gallice
2116 4572 2439 4633 christianze,
2487 4583 2528 4626 t.
2564 4572 2671 4640 Vll,
2700 4575 2806 4629 col.
2841 4574 2966 4640 422,
3011 4587 3065 4630 et
3106 4578 3175 4629 ab
3202 4594 3344 4632 anno
3373 4578 3477 4632 750

1898 4641 1967 4695 ad
2012 4657 2211 4697 annum
2253 4641 2359 4695 755
2412 4644 2549 4698 hanc
2592 4646 2864 4700 abbatiam
2910 4650 3133 4702 rexisse.
3184 4647 3345 4711 Certe
3391 4650 3477 4703 di-

1897 4712 2074 4787 ploma
2100 4712 2580 4787 quodexhibemus
2601 4717 2854 4769 emissum
2885 4727 2967 4771 est
2994 4734 3022 4771 a
3055 4733 3181 4785 rege
3206 4720 3359 4786 cujus
3384 4735 3476 4787 pa-

1899 4793 1978 4857 t_er
2022 4784 2220 4857 dicitur
2251 4785 2606 4857 Dagoltertus,
2651 4796 2841 4839 atat‘us
2891 4784 3294 4853 Childebertus;
3328 4784 3475 4857 quod

1896 4852 2234 4927 Theodorico
2254 4856 2450 4927 lllnun
2463 4858 2739 4927 convenit,
2760 4859 2850 4925 qui
2877 4868 3083 4927 patrem
3104 4852 3478 4914 Chlodoveum

1894 4924 2237 4997 habuitinec
2263 4925 2430 4979 ullum
2460 4926 2602 4981 inter
2632 4924 2889 4997 majores
2914 4931 3129 4983 nomine
3158 4930 3476 4985 Childeber-

1897 5006 2030 5049 tum.
2062 4993 2387 5068 Theodoriui
2418 5011 2543 5051 vero
2575 4997 2637 5051 IV
2672 4993 2886 5065 genitor
2916 4999 3013 5053 fuit
3042 5000 3397 5068 Dagobertus,
3424 5010 3481 5054 et

1894 5080 2025 5118 avus
2054 5064 2468 5140 lJltildebertus,
2500 5068 2593 5137 qui
2641 5064 2827 5122 atavus
2857 5085 2954 5139 pro
2983 5085 3105 5136 avo,
3127 5064 3289 5140 'lapsu
3332 5070 3478 5125 facili

1894 5138 2258 5209 amanuensis,
2292 5137 2472 5191 vocari
2503 5142 2707 5206 potuit;
2740 5137 2980 5195 illlOVneC
3011 5137 3332 5209 quemquam
3358 5158 3477 5195 tuo-

1894 5206 2211 5281 vebitquod
2242 5223 2346 5261 vox
2377 5220 2585 5281 atavus,
2615 5209 2696 5262 his
2730 5206 3086 5281 temporibus,
3119 5206 3217 5278 pro
3234 5212 3477 5281 quolibet

1893 5292 1934 5353 e_
1952 5276 2248 5353 majoribus
2278 5286 2531 5353 usurpata
2558 5278 2737 5353 fuerit.
2780 5276 3087 5353 [Dubitandi
3119 5276 3302 5335 ansam
3340 5298 3478 5353 pra:-

1893 5347 2187 5420 ripuissent
2214 5357 2356 5420 nota:
2386 5347 3139 5420 chronologicas'diplomatis,
3165 5352 3207 5406 si
3234 5347 3477 5420 quaedam

1893 5418 2227 5472 exstitissent
2257 5419 2308 5471 in
2338 5418 2671 5476 cbartulario
2715 5422 2852 5476 unde
2874 5418 3019 5474 illud
3050 5418 3352 5477 Bultiardus
3382 5438 3480 5478 ex-

1893 5486 2137 5559 pressit.]
2188 5488 2568 5545 Deficientibus
2615 5493 2754 5545 notis
2791 5492 3209 5560 chronologieis,
3256 5494 3358 5548 hoc
3390 5494 3476 5547 in-

1892 5568 2251 5615 strumentum
2274 5562 2375 5613 sub
2393 5575 2537 5615 anno
2557 5560 2658 5617 750
2685 5578 2808 5617 cum
2833 5561 3105 5616 Bulliardo
3123 5564 3477 5620 collocamus.

1895 5627 2029 5699 [Hoc
2058 5628 2352 5698 diplomate
2384 5645 2477 5684 rex
2505 5633 2748 5687 ecclesia:
2779 5633 2836 5688 S.
2876 5634 3136 5687 Vincentii
3167 5642 3222 5689 et
3249 5634 3304 5690 S.
3340 5634 3475 5689 Cru-

1892 5701 1968 5753 cis
2008 5700 2293 5754 conlirmat
2319 5700 2545 5769 plurima
2588 5703 2703 5757 loca
2735 5705 2907 5757 eidem
2954 5718 2983 5757 a
3016 5706 3275 5770 Galterio,
3305 5722 3413 5760 uno
3444 5722 3476 5761 e

1894 5770 2236 5844 proceribus,
2257 5782 2311 5825 et
2339 5786 2513 5827 uxore
2542 5774 2655 5842 ejus
2678 5775 2853 5841 Goda,
2885 5776 2986 5830 sub
3008 5776 3330 5844 quibusdam
3354 5794 3477 5832 con-

1892 5841 2187 5897 ditionibus
2226 5842 2496 5911 impertita
2534 5841 2745 5913 :quod
2798 5847 2937 5901 circa
2988 5841 3087 5903 has
3137 5849 3476 5904 conditiones

1894 5912 2152 5977 evenerit,
2182 5914 2442 5969 memoria
2475 5915 2616 5968 nulla
2649 5918 2771 5969 est!l
