4206 6604
781 503 917 557 1147

1531 510 1800 568 ΞᾸΞΟυιη
1846 510 1927 563 VII
1972 509 2062 564 ΕΤ
2107 508 2213 563 VIII
2258 507 2785 563 ECOLESIAS'I'ICA
2825 504 3273 564 MONUMENTA.

3928 511 4049 566 IMR

780 622 1103 692 supradictis
1122 626 1575 695 possessionibus,
1606 628 1670 680 ad
1700 627 1983 682 ecclesiam
2015 636 2214 680 saneta-
2238 628 2366 679 Cru—
2389 625 2443 686 Α
2471 622 2658 677 liscum
2692 621 3031 689 sperabatur,
3062 628 3167 676 hoc
3195 620 3375 677 nullus
3399 619 3568 691 judex
3597 636 3781 691 neque
3810 624 4050 691 qui-libet

775 717 857 773 cis
888 718 1171 789 sanctique
1202 717 1469 774 Vincentii
1511 721 1684 774 levitze
1715 728 1771 773 et
1797 722 2073 792 martyris,
2117 721 2205 773 ubi
2236 736 2360 789 pre-

776 812 956 865 ciosus
990 812 1267 865 confessor
1292 813 1593 867 Germanus
1625 814 1675 865 in
1708 829 1939 883 corpore
1970 814 2280 882 requiescit,
2310 814 2363 868 in

776 901 1034 955 suburbio
1061 900 1347 959 Parisiaca:
1379 905 1541 967 urbis,
1573 905 1730 959 sicuti
1757 906 1835 959 vir
1864 922 1993 959 suus
2017 906 2288 959 Galterius
2310 913 2365 958 et

777 996 889 1063 ipsa
911 993 1082 1060 Goda,
1110 996 1222 1065 pari
1246 1004 1299 1049 et
1328 999 1598 1050 communi
1626 1014 1872 1061 assensu,
1900 1010 2081 1052 nostra
2114 998 2364 1053 lirmante

774 1092 1125 1150 auctoritate.
1160 1090 1540 1157 decreverant,
1572 1098 1671 1147 sub
1694 1094 2065 1149 dominatione
2096 1105 2150 1150 et
2178 1099 2361 1167 provi-

774 1181 953 1236 dentia
980 1183 1222 1236 Autharii
1248 1186 1495 1239 ecclesia:
1527 1194 1722 1239 sancta:
1744 1185 1901 1241 Cruci
1954 1188 2360 1257 prasdictorum-

773 1292 879 1343 que
924 1285 1229 1331 szrnctormn
1276 1280 1489 1343 abbate,
1524 1278 1873 1347 legaverunt;
1927 1299 1989 1336 ea
2036 1286 2241 1337 scilicet
2273 1300 2360 1338 ra-

775 1368 942 1431 tione,
988 1380 1046 1423 ut
1076 1371 1362 1439 praedictus
1406 1374 1594 1436 abbas,
1632 1384 1755 1444 post
1786 1376 2182 1445 depositionem
2216 1393 2355 1448 prm-

772 1458 929 1514 dictw
972 1462 1154 1525 Gozlae,
1207 1465 1539 1519 abbatissam
1584 1468 1780 1521 ibidem
1828 1468 2041 1534 debeat,
2094 1479 2186 1524 aut
2235 1483 2357 1540 post

772 1555 975 1607 o‘vilum
1008 1555 1125 1621 ejus
1162 1556 1328 1609 abbas
1356 1559 1445 1628 qui
1490 1560 1589 1612 sibi
1621 1563 1960 1623 successerit,
1999 1563 2083 1616 vel
2115 1577 2358 1621 rectores

771 1647 859 1714 qui
890 1647 989 1699 sibi
1020 1662 1117 1716 per
1148 1650 1323 1703 futura
1348 1653 1524 1705 secula
1552 1656 1930 1720 successi-rint,
1968 1655 2017 1709 in
2049 1674 2190 1727 szepe
2216 1661 2355 1714 dicta

769 1746 970 1792 saneta:
998 1739 1188 1796 Crucis
1235 1756 1655 1814 sanctorumque
1692 1748 1959 1803 dictorum
1997 1754 2223 1807 erclrsia
2255 1756 2354 1808 clis

768 1844 898 1897 gere
919 1843 972 1886 et
1000 1836 1332 1891 cmrstituere
1358 1840 1701 1907 provideant.
1732 1848 1902 1907 Quam
1930 1852 2237 1904 testamenti
2264 1867 2354 1919 pa-

767 1929 977 1994 ginam.
1014 1932 1107 1987 Dei
1140 1949 1202 1985 ac
1250 1935 1628 2003 prmdiclorum
1678 1950 1990 1994 Sanctorum
2022 1958 2105 1994 am
2150 1960 2226 2005 re,
2260 1961 2355 1998 seu
2385 1945 2434 2005 B

768 2023 1007 2076 rezneilio
1051 2025 1221 2078 nostri
1252 2041 1317 2079 ac
1350 2028 1593 2096 eonjugis
1640 2046 1736 2084 seu
1770 2032 1998 2087 liiiorum
2046 2051 2351 2090 nostrorum

767 2115 851 2167 vel
878 2116 1139 2182 genitoris
1176 2117 1462 2186 Dagoberti
1487 2137 1652 2175 serun
1678 2125 1707 2176 Ii
1740 2125 1818 2178 vel
1846 2129 1988 2180 atavi
2015 2129 2181 2182 nostri
2209 2131 2350 2183 (lbil-

765 2203 996 2273 deberti,
1033 2210 1359 2265 l‘rancorum
1392 2228 1598 2281 regum,
1631 2216 1803 2270 salute
1846 2234 1910 2273 ac
1952 2223 2159 2289 requie,
2192 2239 2350 2275 manu

766 2308 822 2352 et
886 2303 1210 2357 auctoritate
1264 2306 1521 2373 sign-lculi
1582 2309 1753 2361 nostri
1803 2310 2151 2366 lirmavimus.
2212 2315 2351 2379 Quin

765 2391 948 2455 etiam,
978 2393 1131 2460 juxta
1164 2410 1376 2464 preci-in
1419 2397 1588 2452 lidelis
1616 2401 1785 2452 nostri
1818 2401 2042 2456 iialterii
2076 2421 2136 2457 ac
2171 2406 2350 2459 uxoris

763 2482 879 2549 ejus
907 2480 1072 2537 Godte
1103 2486 1205 2539 hoc
1237 2488 1401 2541 etiam
1437 2489 1761 2554 addidimus,
1797 2493 1939 2559 quod
1971 2494 2035 2559 si,
2078 2511 2146 2561 qtt
2173 2495 2220 2548 'd
2252 2500 2346 2548 ab-

763 2572 833 2624 sit
882 2574 964 2627 vel
1016 2575 1157 2641 quod
1209 2578 1431 2633 minime
1474 2580 1798 2637 credidimus
1841 2584 1975 2649 lieri,
2019 2587 2155 2641 hanc
2188 2596 2349 2643 testa-

766 2666 930 2718 menti
960 2667 1206 2735 paginam
1240 2670 1537 2725 reclamare
1566 2674 1646 2727 vel
1678 2675 1885 2729 violare
1915 2688 2142 2731 conatus
2169 2680 2346 2743 fuerit,

763 2754 843 2807 vel
870 2771 900 2808 a
932 2758 1305 2813 dominatione
1336 2763 1580 2816 ecclesia:
1609 2768 1817 2820 Sancta:
1845 2768 2031 2822 Crucis
2059 2768 2351 2840 Sanetique

766 2846 1031 2902 VIIICI‘IIlli
1067 2851 1241 2904 levita.
1281 2863 1335 2906 et
1376 2856 1630 2925 martyris
1660 2872 1761 2911 nec
1794 2874 1900 2914 non
1929 2861 2112 2915 domui
2146 2863 2347 2916 beatis-

761 2937 991 3008 sinuque
1031 2939 1285 2996 Germani
1339 2945 1424 2998 vel
1470 2956 1763 3009 rectorum,
1798 2950 1914 3003 sive
1956 2954 2345 3008 monachorum

761 3029 998 3095 ersdem
1025 3032 1172 3085 rccle
1207 3036 1267 3086 ia:
1292 3080 1295 3083 ,
1319 3036 1659 3091 ubtrahcudo
1683 3038 1895 3093 aulerre
1919 3051 2145 3095 conatus-
2168 3044 2345 3112 fuerit,

760 3120 812 3174 in
847 3122 1027 3189 prioris
1061 3124 1193 3177 iram
1230 3126 1320 3179 llei
1361 3126 1624 3194 incurrat,
1659 3140 1712 3182 et
1744 3146 1867 3184 cum
1896 3129 2031 3185 Ju.la
2063 3136 2344 3200 traditore,

762 3213 1031 3285 simulque
1063 3218 1267 3271 ttalbau
1299 3228 1353 3272 ct
1382 3220 1606 3286 Abiron,
1637 3222 1754 3276 sine
1785 3224 1887 3277 line
1920 3240 2086 3291 penas
2110 3227 2344 3281 inl'erna-

2464 724 2713 769 exaetare
2741 715 2985 781 deberet,
3020 728 3119 767 nec
3151 714 3204 767 in
3233 714 3345 783 ipsa
3372 714 3495 768 villa
3519 715 3839 771 mansiones
3861 715 4049 784 facere,

2464 824 2563 861 nec
2597 808 2742 860 t'reda
2774 818 3048 871 exactare,
3083 823 3186 863 nec
3211 823 3402 863 causas
3431 809 3637 876 audire,
3670 825 3774 865 nec
3803 810 3940 865 ul.as
3964 829 4050 880 pa-

2466 909 2631 963 ratas,
2666 914 2766 953 nec
2796 900 2962 954 ullum
3008 900 3218 955 lucrum
3261 910 3536 958 terrenum
3577 906 3912 972 requireret,
3962 922 4053 962 nec

2466 1003 2720 1047 exactare
2760 995 3182 1062 pnesutnpserit,
3215 995 3317 1049 nisi
3346 994 3451 1048 hoc
3481 996 3534 1049 in
3580 996 3940 1051 Iuminaribus
3978 999 4050 1066 ip-

2466 1089 2577 1141 sius
2592 1087 2837 1139 ecclesia'
2862 1087 3292 1152 Cenomanuicze,
3318 1103 3434 1159 qua!
3462 1100 3546 1143 est
3571 1093 3622 1144 in
3649 1091 3863 1144 honore
3889 1092 4050 1145 sancti

2465 1176 2708 1229 Gervasii
2760 1185 2814 1229 et
2864 1177 3091 1233 Protasii
3142 1182 3395 1249 martyris
3440 1182 3682 1251 patronis
3730 1186 3904 1236 nostri
3938 1199 4050 1237 ron-

2464 1278 2690 1336 structa,
2720 1270 2943 1324 deberet
2985 1286 3103 1325 esse
3130 1286 3488 1337 concessum;
3529 1283 3584 1327 et
3627 1285 3820 1343 postea
3867 1274 4048 1330 Herie-

2464 1361 2664 1415 nmndo
2703 1362 2978 1431 episcopo.
3013 1364 3104 1432 qui
3149 1373 3270 1434 post
3317 1366 3688 1422 Aehilbertum
3737 1370 4048 1438 ενίδωνυιιι

2466 1455 2660 1508 ιιιίοιθιιι
2712 1456 2829 1519 fuit,
2882 1458 3132 1513 similiter
3178 1462 3568 1529 concessisset,
3626 1464 3770 1518 unde
3813 1474 3872 1518 et
3917 1469 4049 1534 ipsas

2463 1548 2858 1616 praeceptiones
2900 1550 3014 1619 ipse
3058 1552 3300 1620 pontifex
3331 1569 3390 1608 se
3419 1571 3527 1623 pra:
3563 1557 3817 1610 manibus
3859 1558 4048 1610 habere

2462 1638 2712 1701 al'tirmat,
2745 1648 2800 1693 et
2845 1639 2912 1694 de
2942 1640 3132 1695 eodem
3174 1650 3417 1710 tempore
3466 1661 3635 1715 usque
3685 1663 3834 1701 nunc
3884 1650 4046 1716 ipsum

2461 1732 2781 1785 beneliriutn
2813 1736 3006 1789 asserit
3027 1751 3148 1790 esse
3170 1745 3568 1804 conservatum,
3599 1740 3695 1793 sed
3722 1756 3820 1809 pro
3850 1742 4045 1810 integra

2463 1828 2714 1880 lirmitate
2752 1828 2907 1896 petiit
2943 1829 3249 1883 celsdudini
3279 1841 3475 1885 nostra:
3507 1841 3564 1885 ut
3609 1833 3716 1886 hoc
3745 1832 3930 1889 denuo
3960 1852 4047 1904 per

2463 1929 2705 1973 nostrain
2750 1922 3126 1974 auctoritatem
3160 1922 3257 1989 ipsi
3289 1922 3624 1978 Gauzioletto
3654 1926 3941 1992 episcomr,
3967 1926 4046 1981 vel

2460 2013 2525 2063 ad
2554 2013 2724 2079 ipsam
2757 2014 3045 2066 ecclesiam
3078 2015 3246 2068 sancti
3279 2014 3519 2069 Gervasii
3550 2024 3603 2069 et
3638 2015 3871 2072 Protasii
3911 2035 4043 2073 mar-

2457 2105 2588 2173 tyris
2619 2104 2941 2158 conlirmare
2963 2105 3286 2161 deberemus
3311 2125 3322 2158 :
3353 2108 3440 2161 cui
3463 2124 3562 2162 nos
3584 2124 3693 2163 non
3725 2109 4041 2179 denegasse,

2454 2198 2549 2251 sed
2575 2198 2626 2250 in
2649 2199 2897 2252 omnibus
2923 2199 2996 2252 ita
3026 2201 3338 2267 praestitisse
3381 2210 3436 2256 et
3460 2204 3816 2259 ccutirmasse
3845 2221 4042 2276 cogno-

2453 2291 2606 2345 scite.
2641 2290 3019 2359 t’ra-cipientes
3047 2292 3187 2346 enim
3215 2300 3293 2357 ut,
3315 2294 3455 2347 sicut
3482 2305 3698 2350 constat
3727 2298 3846 2366 ipse
3872 2300 4039 2353 sobri-

2454 2397 2554 2435 nus
2580 2391 2763 2435 noster
2791 2382 3143 2450 tragobertus,
3175 2386 3451 2453 quondam
3477 2402 3597 2455 rex,
3624 2389 3710 2443 Vel
3737 2392 3829 2444 alii
3853 2408 4039 2462 paren-

2454 2481 2536 2526 tes
2583 2476 2753 2527 nostri
2800 2485 3176 2533 antecessores
3215 2495 3391 2549 reges,
3443 2481 3681 2550 integras
3711 2488 4038 2543 emunitates

2453 2566 2515 2617 d-~
2535 2565 2565 2630 i,
2587 2581 2642 2619 sa
2668 2567 2792 2620 villa
2823 2568 3041 2623 Arduno
3062 2570 3127 2623 ad
3159 2571 3328 2641 ipsam
3359 2575 3644 2630 ecclesiam
3662 2578 3929 2643 fecerunt,
3948 2580 4033 2645 ita,

2453 2667 2506 2710 et
2534 2658 2749 2712 inantea
2767 2675 2866 2713 nos
2890 2676 2987 2729 per
3004 2672 3243 2717 nostram
3265 2668 3647 2722 auctoritatem
3669 2672 4036 2735 concedimus.

2453 2756 2507 2799 et
2554 2748 2956 2815 ronlirmamus,
3010 2762 3069 2806 ut
3113 2753 3262 2809 nullo
3297 2770 3553 2826 umquam
3604 2768 3859 2830 tempore
3906 2763 4038 2818 ullus

2447 2839 2610 2908 jutlex
2649 2842 2700 2894 iu
2749 2842 2862 2909 ipsa
2895 2842 3021 2897 villa
3054 2859 3343 2913 praesumat
3367 2859 3461 2902 aut
3489 2864 3683 2905 causas
3711 2854 3920 2919 audire,
3951 2865 4039 2909 aut

2453 2931 2557 2983 ulla
2589 2939 2794 3000 parata,
2831 2941 2925 2986 aut
2959 2936 3128 3000 l’reda,
3174 2947 3266 2991 aut
3301 2941 3755 3012 qualemcumque
3798 2962 4033 3011 censum,

2452 3030 2543 3073 aut
2572 3022 2778 3077 lucrum
2802 3033 3074 3080 terrenum
3098 3029 3242 3095 quod
3268 3030 3336 3083 ad
3362 3034 3547 3086 ﬁscum
3576 3044 3827 3089 nostrum
3854 3049 4037 3106 potue-

2451 3118 2521 3170 rit
2559 3133 2801 3185 s'per..re,
2833 3121 2940 3175 ullo
2981 3137 3235 3191 umquam
3269 3134 3512 3195 tempore
3540 3140 3831 3198 praesumat
3869 3136 4036 3203 requi-

2450 3223 2571 3262 rere
2601 3226 2697 3264 nec
2728 3222 3002 3274 exactare,
3038 3215 3160 3277 nisi,
3195 3217 3452 3286 inspectis
3485 3220 3618 3288 ipsis
3657 3228 4036 3293 praeceptioni-

762 3305 842 3360 les
871 3309 1082 3376 subeat,
1132 3309 1294 3363 immo
1337 3312 1499 3364 etiam
1550 3322 1822 3368 trecentas
1867 3317 1982 3369 auri
2015 3316 2177 3371 libras
2212 3321 2374 3372 lisco'

2451 3302 2548 3355 bus
2597 3308 2943 3372 antiquorum
2996 3319 3280 3376 parentqu
3336 3323 3642 3368 nosuorum
3693 3317 3777 3369 vel
3835 3318 4034 3371 sobrini

761 3409 949 3455 nOstro
980 3404 1294 3473 persolvere
1324 3416 1550 3475 cogatur
1618 3416 1675 3463 et
1718 3409 1864 3478 quod
1896 3409 2097 3480 repetit
2125 3411 2345 3466 minime

760 3503 1096 3562 assequatur.

1451 3588 1654 3647 XLVII.

763 3676 1006 3746 Dig/amr
1045 3677 1320 3755 (Ilrigperici
1351 3682 1652 3755 (ti/tilderici
1699 3682 1844 3752 ΙΙΙ),
1874 3702 1991 3755 quo,
2039 3688 2108 3739 ad
2144 3691 2343 3751 petitio:

834 3768 944 3799 .rn:
990 3752 1315 3817 !.;:u:ioleni,
1358 3754 1759 3826 Ceitomuncusis
1790 3752 2035 3823 episcopi.
2069 3762 2342 3826 conﬁrmat

830 3822 1179 3873 immunita?“
1209 3823 1344 3875 villa:
1374 3824 1586 3877 Arduuo
1608 3822 1880 3881 comesses
1904 3838 1929 3865 ⁸
1959 3844 2105 3896 tunu.
2141 3822 2289 3898 7⁷45).

830 3950 1184 4020 Chilpericus.
1218 3969 1314 4009 rex
1344 3955 1693 4021 Francorum,
1731 3959 1810 4012 vir
1838 3959 2065 4015 iltust:-r.
2099 3962 2153 4015 Si
2202 3963 2342 4018 facta

761 4051 1052 4111 parentum“
1096 4054 1407 4100 nostrorum
1435 4063 1841 4112 conservamus,
1881 4068 1950 4105 no
1972 4061 2065 4105 tia
2094 4056 2342 4122 perenni-

763 4143 845 4186 ter
871 4135 1084 4188 stabilia
1118 4151 1236 4191 esse
1274 4139 1610 4192 conlltlimus.
1643 4139 1877 4210 Ideoque
1902 4144 2233 4212 apostolicus
2262 4146 2344 4200 vir

764 4234 808 4291 p‘
836 4233 918 4279 ter
948 4237 1134 4280 noster
1164 4228 1213 4280 in
1259 4227 1473 4283 Christo
1504 4228 1884 4295 Gauziolenus,
1929 4235 2343 4289 (lenomannicm

762 4317 909 4371 urbis
952 4318 1260 4387 episcopus,
1310 4319 1464 4373 nobis
1509 4331 1774 4390 suggessut
1820 4338 1885 4377 eo
1916 4324 2061 4395 quod
2092 4326 2343 4380 sobrinus

762 4418 949 4463 noster
982 4412 1332 4479 tiagobertus,
1366 4414 1635 4481 quondam
1667 4432 1783 4482 rex,
1815 4432 1912 4486 per
1956 4433 2107 4473 suam
2141 4434 2340 4488 prace-

764 4504 1003 4570 ptioueni
1031 4505 1209 4558 taliter
1234 4506 1432 4561 domno
1464 4506 1685 4563 Berario
1704 4512 1974 4577 quondam
2006 4513 2261 4582 episeopo
2287 4525 2343 4570 et

762 4597 1077 4652 Acbilberto
1104 4599 1362 4667 episcopo
1395 4616 1494 4654 nec
1525 4616 1632 4655 non
1662 4612 1717 4656 et
1744 4603 1944 4658 domno
1977 4605 2341 4662 Ilerlemundo

2450 3396 2619 3448 nostri
2655 3395 2943 3464 Dagoberti
2982 3400 3143 3468 regis,
3179 3400 3231 3454 in
3271 3402 3626 3460 luminaribus
3655 3411 4035 3479 suprascripta:

2448 3488 2678 3542 basilica:
2720 3492 2905 3544 Sancti
2938 3488 3181 3547 Gervasit
3212 3503 3268 3548 et
3307 3494 3536 3551 Protasii
3567 3504 3827 3571 martyris
3858 3518 4035 3572 perpe-

2449 3582 2667 3634 tualiter
2709 3582 2908 3637 debeat
2950 3598 3070 3638 esse
3094 3601 3415 3641 emices-um
3439 3600 3603 3658 atque
3631 3593 3928 3648 indultum.
3953 3593 4029 3661 Et,

2445 3684 2500 3726 ut
2534 3674 2646 3729 haec
2680 3678 2978 3732 auctoritas
3023 3679 3225 3734 tirmior
3254 3680 3518 3736 habeatur
3544 3684 3628 3739 vel
3658 3701 3762 3755 per
3790 3695 4030 3757 tempora

2445 3780 2820 3833 conservetur,
2862 3784 3051 3824 tttuttus
3085 3782 3285 3827 nostra:
3321 3775 3820 3846 subscriptionibus
3852 3784 4031 3837 subter

2444 3873 2563 3909 ram
2617 3858 2957 3915 decrevimus
3011 3863 3290 3918 roborare.
3342 3865 3687 3936 Cbilpericos
3734 3886 3836 3927 rex
3887 3878 4026 3930 subs.

2445 3947 2577 4000 Data
2607 3950 2750 4016 quod
2784 3951 2910 4006 l'ecit
2934 3955 3132 4006 tuensis
3163 3954 3383 4010 Martius
3425 3958 3542 4013 dies
3575 3961 3631 4027 ij,
3666 3977 3816 4018 anno
3864 3967 4028 4037 primo

2444 4038 2592 4106 regui
2621 4042 2811 4103 nostri,
2835 4040 3172 4113 Compendio
3204 4046 3451 4102 feliciter.

3119 4198 3319 4255 XLVIII

2442 4305 2686 4393 Diptorna
2713 4308 2985 4393 Ulrilderici
3012 4310 3143 4393 Ill;
3158 4318 3297 4393 regis
3327 4314 3675 4393 raucorum,
3707 4342 3811 4393 quo
3833 4329 3990 4380 immu
4006 4360 4025 4368 -

2512 4379 2704 4460 uitales
2734 4383 3006 4460 confirmat
3031 4401 3061 4460 ᾳ
3103 4379 3239 4460 Ἡιεό
3263 4390 3419 4460 .orico
3455 4406 3576 4460 rege
3614 4379 3899 4450 concessas

2513 4452 2739 4502 nastcrio
2767 4450 3016 4505 Silliiensi
3042 4453 3066 4491 δ
3099 4456 3245 4522 (amt.
3278 4456 3425 4527 745).

2512 4588 2835 4655 Hildericus,
2866 4606 2958 4659 rex
2988 4592 3339 4658 Francorum,
3372 4599 3499 4652 viris
3546 4600 3871 4659 inlustribus
3899 4606 4027 4661 Gra-

763 4690 1024 4759 ερίεεονο
1066 4691 1445 4755 ρθηρθεείδςρι’
1480 4702 1538 4746 ,ιι
1579 4693 1836 4763 quidquid
1878 4696 1945 4750 de
1998 4698 2123 4752 νίιι³
2171 4698 2336 4767 ipsius
2373 4683 2714 4757 Dvionibus,
2755 4695 2918 4755 atque
2946 4687 3193 4742 omnibus
3235 4691 3538 4757 agentibus,
3583 4696 3667 4747 vel
3718 4699 4022 4762 junioribus

761 4783 1028 4848 ecclesiae,
1075 4795 1416 4854 nuncupaute
1461 4785 1699 4849 Arduno,
1730 4787 1780 4839 in
1814 4802 1950 4857 pago
1994 4790 2236 4851 l‘icttvo.
2271 4793 2340 4845 ad

834 4949 858 4977 ⁸
886 4939 999 4995 Non
1030 4940 1246 4995 aliunde
1277 4943 1377 4996 hoc
1407 4944 1819 4997 instrumentum
1847 4945 2112 5005 novimus.
2143 4947 2239 5001 nisi
2270 4964 2337 5003 ex

763 5011 914 5066 Actis
960 5011 1450 5067 Cenomanensiuni
1507 5014 1882 5082 episcoporum
1910 5057 1922 5075 .
1960 5015 2010 5067 in
2061 5016 2337 5074 Illabillon.

763 5082 1007 5153 Analect.
1042 5096 1159 5150 pg.
1192 5083 1317 5137 287.
1347 5082 1479 5135 Iluit-
1508 5100 1788 5152 perperam
1822 5087 2094 5153 praeﬁxum
2136 5096 2217 5140 est
2241 5104 2339 5142 no-

760 5168 883 5207 men
910 5152 1187 5219 tlbilpcrici
1213 5172 1308 5222 pro
1333 5153 1621 5207 Cuilderici
1654 5152 1956 5218 nomine,ut
1992 5167 2136 5211 recte
2157 5169 2341 5212 monet

763 5223 1102 5276 Mabillonius
1125 5225 1330 5293 IAnnal.
1365 5233 1401 5276 t.
1438 5225 1495 5287 il,
1519 5240 1641 5294 pag.
1683 5225 1991 5293 l:2,nequc
2021 5229 2336 5291 enim,tem-

763 5294 896 5361 poni
925 5310 983 5345 us
1006 5294 1080 5365 Ch
1109 5294 1172 5360 lp.
1195 5296 1288 5349 rici
1319 5296 1477 5361 regis,
1510 5298 1901 5349 tjenoinanensi
1935 5298 2173 5350 ecclesir
2202 5316 2338 5365 pra--

767 5366 859 5416 l'ui'.
901 5363 1279 5429 Gauziolenus,
1315 5370 1403 5434 qui
1455 5370 1711 5420 sin-cessit
1756 5365 2141 5430 llerlemumlo,
2185 5363 2337 5423 cuius

761 5433 998 5488 chartam
1028 5435 1308 5501 edidimus,
1340 5450 1457 5503 pag.
1496 5436 1632 5496 550,
1666 5436 1843 5490 datam
1877 5452 2020 5489 anno
2065 5438 2184 5492 7‘21.
2238 5438 2338 5492 Er-

764 5518 938 5557 roretn
969 5522 1313 5561 censeremus
1356 5508 1696 5560 amanuensis
1743 5509 2042 5561 oscitanti-.1:
2096 5511 2339 5563 tribuen-

764 5575 912 5635 dam,
945 5576 984 5626 si
1016 5592 1113 5642 pro
1145 5578 1378 5638 le;.~ituna
1421 5578 1603 5631 haberi
1637 5588 1815 5645 posset
1849 5579 2031 5631 charta
2069 5580 2215 5643 luer;
2244 5582 2334 5633 sed

764 5647 865 5699 alia
901 5647 1091 5698 indicia
1135 5648 1531 5715 supposititium
1562 5650 1724 5702 fetum
1750 5649 2001 5718 produnt,
2032 5652 2172 5703 unde
2205 5668 2335 5703 cou-

767 5717 928 5779 iit'me
958 5718 1078 5788 licet
1106 5718 1375 5771 falsarium
1399 5734 1465 5771 ex
1522 5719 1726 5772 inst-ilia
1754 5717 2009 5779 errasse,
2037 5720 2161 5772 dum
2210 5737 2331 5788 spu-

768 5787 807 5841 ri
848 5804 895 5838 ιιι
950 5786 1191 5841 chartam
1245 5790 1560 5851 l'abritaret,
1608 5789 1674 5842 ad
1722 5789 1881 5842 tidem
1942 5786 2332 5843 roncdiandam

768 5858 966 5911 chartae
994 5860 1147 5912 alteri
1179 5872 1343 5925 quam
1396 5858 1500 5911 alio
1555 5860 1676 5913 loco
1717 5861 2061 5914 exhibuimus
2107 5871 2160 5913 et
2203 5878 2327 5929 spu-

769 5929 901 5982 riatn
933 5929 1365 5981 monstravimus.
1409 5931 1496 5980 liae
1525 5939 1700 5982 autem
1750 5932 1947 5985 rliartu‘
1980 5934 2116 5985 inter
2143 5947 2200 5985 se
2235 5932 2331 5983 mi-

768 6000 916 6055 nime
960 5999 1293 6056 concordant
1333 6017 1346 6053 :
1389 5999 1573 6055 charta
1604 6002 1743 6054 enim
1786 6000 1853 6056 de
1900 6017 2003 6071 qua
2034 6017 2174 6055 nunc
2219 6003 2328 6071 agi-

1013 6589 1465 6601 —“b

2445 4791 2631 4831 eorum
2660 4787 2767 4831 tam
2794 4780 3145 4849 praesentibus
3169 4797 3329 4851 quam
3356 4782 3569 4850 futuris,
3596 4785 3648 4839 iu
3670 4789 4027 4862 quiscumque

2444 4950 2562 4988 mus
2584 4936 2950 4990 immunitates
2978 4937 3263 4991 continuat
3290 4951 3425 5004 quas
3447 4948 3521 4992 ait
3543 4956 3835 4998 concessas
3866 4946 4026 5001 fuisse

2448 5006 2686 5071 lter-ario,
2716 5006 3024 5060 Acbilberto
3048 5018 3102 5060 et
3126 5005 3507 5071 llerlemundo,
3528 5007 4026 5070 Cenomani-usibus

2444 5079 2749 5144 episcopis,
2804 5094 2832 5129 a
2885 5080 3187 5144 liagoberto
3234 5092 3394 5145 rege;
3452 5080 3638 5134 charta
3689 5099 3824 5138 vero
3859 5090 4026 5141 altera

2444 5149 2808 5201 immunitates
2835 5151 3072 5212 casilem,
3096 5148 3205 5215 jam
3235 5150 3439 5217 pridem
3464 5150 3685 5206 Bemrio
3727 5165 3784 5208 et
3846 5159 4026 5210 ,λιι-ΜΙ-

2442 5219 2598 5271 berto
2644 5219 2873 5294 intlulta-
2903 5235 2931 5272 a
2961 5220 3299 5294 (ᾀιιιιιιιιιειίκι2
3326 5222 3536 5294 asserit.
3568 5220 4024 5294 Chronologicam

2444 5299 2625 5340 notam
2655 5290 2731 5340 sie
2777 5291 3213 5355 interpretamur.
3264 5289 3565 5343 Concilium
3623 5289 4027 5350 Suessioiwnse

2440 5368 2686 5412 coactum
2715 5360 2873 5413 l‘uiSse
2894 5368 3106 5413 constat
3140 5378 3165 5409 v
3197 5374 3367 5413 nonas
3386 5359 3624 5425 Martias,
3648 5379 3792 5420 anno
3824 5366 3948 5427 7“,
3976 5367 4023 5420 id

2439 5439 2522 5483 est
2549 5430 2722 5483 Martii
2778 5430 2863 5482 die
2919 5438 3093 5492 lCI‘lln,
3128 5431 3238 5498 jnn
3285 5440 3533 5484 currente
3583 5450 3728 5487 anno
3780 5439 4025 5491 secundo

2439 5503 2588 5565 regni
2618 5502 2922 5553 (.hilderici.
2957 5500 3095 5568 Ergo
3118 5518 3261 5555 anno
3309 5500 3484 5571 Primo
3530 5506 3677 5571 regni
3731 5505 4025 5564 Childrriei

2438 5572 2553 5622 (Iirs
2577 5572 2609 5621 εὶ
2639 5572 2838 5624 mensis
2862 5571 2961 5623 Mat
2980 5573 3036 5624 tii
3054 5571 3262 5624 videtur
3277 5569 3627 5627 adscribeno'a
3654 5591 3796 5629 anno
3823 5578 3921 5630 Cm
3939 5579 4024 5634 isti

2439 5640 2560 5693 745.
2595 5641 2724 5695 Vide
2755 5640 3020 5708 Longum.
3057 5642 3249 5696 Annal.
3285 5639 3336 5693 in
3388 5649 3425 5692 t.
3455 5642 3517 5695 IlI
3543 5643 3771 5699 Collert.
3829 5650 4025 5711 εινίοι.

2437 5726 2542 5765 rer.
2571 5712 2784 5777 Franc.,
2816 5728 2935 5782 pag.
2971 5712 3092 5766 70‘.

2511 5796 2533 5819 ι’
2579 5783 2655 5836 Ex
2710 5786 3040 5837 cltartulario
3089 5783 3333 5852 Folqnini
3360 5787 3498 5839 eruit
3551 5784 3914 5845 Mabillonies.
3955 5789 4027 5841 De

2438 5871 2494 5909 re
2523 5857 2653 5924 dipl.
2685 5869 2805 5924 pag.
2838 5854 2968 5915 (ili);
3031 5858 3241 5909 l'tCU'tIl
3285 5872 3349 5909 ex
3410 5856 3722 5910 Mabillonio
3782 5858 4026 5920 Mimos,

2434 5929 2604 5992 ()pera
2640 5926 2863 5994 diplom.
2895 5935 2932 5977 t.
2959 5924 3021 5990 ll,
3055 5938 3172 5992 pag.
3208 5924 3329 5980 9:29.
3371 5928 3778 5994 liuoqnwciguc
3823 5931 3872 5983 in
3918 5931 4027 5980 hoc

2435 5997 2727 6069 diplomate
2760 6006 2946 6052 notato
2970 5996 3159 6065 digna:
3197 5994 3219 6048 1
3271 5996 3602 6052 Childericus
3628 5998 4029 6054 't‘beodorieum
