4206 6534
206 404 351 461 1149

979 399 1215 456 llEGUM
1257 396 1491 453 Ριὶιδιιε
1532 394 1799 451 STIRI’IS
1836 394 2263 454 FBANCORUM
2309 397 2731 458 Dll’LOMATA.

3354 406 3492 463 1150

195 525 517 583 acciunibns
540 522 925 579 nimiasteriuni
944 520 1119 574 Sithiu
1145 517 1345 573 habere
1362 515 1593 570 videtur.
1618 513 1788 579 Quem
1816 519 1865 574 Α
1892 512 2277 582 Pmcipientes
2292 515 2434 569 enim
2454 514 2796 584 praecipimus
2815 516 3153 586 ut,quicquid
3174 527 3389 575 constat
3405 537 3490 577 su-

193 621 384 676 divina
417 620 590 689 pietas
636 616 893 672 sublimat
932 614 998 668 ad
1038 626 1287 681 regnum,
1334 610 1600 665 condecet
1647 606 1790 662 facta

195 726 539 769 conservare
573 718 884 780 parentum,
919 708 1189 777 przecipue
1218 721 1337 775 quae
1367 705 1594 760 comdiis
1615 703 1790 760 eccle-

193 805 404 860 siarum
450 812 545 857 aut
602 802 735 856 locis
780 810 1096 857 sanctorum
1142 799 1308 867 regali
1356 797 1642 853 clementia
1690 810 1789 866 pro

190 906 403 950 interna
434 893 789 949 retributione
818 894 1078 962 probatur
1106 906 1227 947 esse
1258 890 1546 955 indultum,
1575 896 1791 959 oportet

191 1002 525 1042 comet-vare
555 986 605 1040 in
627 1001 819 1040 aevum.
853 985 1020 1053 Igitur
1040 994 1333 1053 cognoscat
1354 982 1670 1050 magnitudo
1691 996 1787 1037 seu

191 1088 251 1133 et
287 1080 490 1134 utilitas
530 1090 733 1144 vestita,
772 1081 921 1149 quod
963 1078 1288 1134 venerabilis
1329 1078 1413 1132 vir
1460 1075 1788 1139 Waimarus,

190 1170 367 1225 abbas
389 1171 457 1226 de
487 1172 818 1226 monasterio
850 1171 1025 1226 Sitbiu
1044 1211 1061 1237 ,
1104 1171 1405 1226 clementis
1435 1168 1585 1236 regni
1617 1167 1789 1223 nostri

187 1262 392 1318 detulit
420 1264 471 1317 in
504 1264 746 1317 notitiam
771 1263 915 1334 quod
948 1278 1146 1333 parens
1178 1272 1361 1317 noster
1396 1259 1786 1326 Theodericus,

188 1356 469 1425 quondam
498 1372 614 1421 rex,
640 1372 735 1426 per
762 1372 914 1411 suam
938 1356 1357 1425 prmceptionem
1386 1369 1482 1408 sua
1509 1368 1669 1407 manu
1694 1352 1788 1405 tir-

188 1462 419 1513 rnatam,
455 1450 787 1504 antecessori
830 1465 929 1504 suo
971 1446 1317 1502 Erkembodo
1361 1446 1561 1508 abbati,
1596 1444 1679 1498 vel
1720 1443 1788 1498 ad

190 1542 513 1610 praedictum
532 1540 917 1594 monasterium
941 1556 1096 1594 suum
1120 1539 1315 1603 Sithiu,
1343 1537 1449 1591 tale
1469 1538 1785 1591 beneﬁcum

189 1634 581 1699 concessisset,
616 1643 673 1685 ut
719 1631 864 1701 quod
911 1630 1048 1684 infra
1081 1633 1272 1686 liscum
1302 1639 1565 1693 nostrum,
1601 1630 1688 1682 ubi
1735 1634 1791 1680 et

194 1726 308 1785 ubi,
345 1724 396 1776 in
424 1722 999 1790 quibuscumquelibet
1027 1724 1175 1790 pagis
1206 1730 1297 1775 aut
1321 1721 1612 1775 territoriis
1641 1735 1791 1773 com-

1897 605 2248 675 prascribtum
2281 615 2559 675 parentem
2593 615 2835 660 nostrum
2868 605 3485 683 Theodericum,quon—

1893 701 2017 755 dam
2046 714 2249 768 regem,
2268 700 2333 755 de
2353 702 2466 771 ipso
2492 700 2782 765 beneﬁcio,
2806 699 2946 754 sicut
2972 703 3217 773 superius
3240 712 3323 759 est
3337 720 3487 760 com-

1892 791 2243 861 prehensum,
2276 790 2497 860 praefato
2542 790 2883 851 Erkemhodo
2931 792 3110 847 abbati
3160 794 3245 850 vel
3290 810 3485 867 supra-

1891 882 2096 937 scrith
2124 882 2245 937 loco
2266 890 2477 948 sancto,
2496 897 2595 952 pro
2619 890 2907 938 aucmento
2931 884 3193 938 mercedis
3213 900 3323 939 sua:
3344 900 3480 941 con-

1892 975 2071 1037 cessit,
2108 984 2161 1027 et
2200 973 2268 1028 de
2313 990 2379 1029 eo
2414 982 2661 1047 tempore
2694 989 2862 1043 usque
2892 992 3033 1030 nunc
3082 985 3235 1031 recto
3264 978 3480 1032 tramite

1894 1066 1993 1119 l‘uit
2022 1076 2399 1119 conservatum
2427 1084 2438 1118 :
2471 1066 2545 1120 ita
2578 1075 2633 1120 et
2656 1066 2871 1120 inantea
2904 1066 3160 1136 inspectis
3189 1066 3318 1137 ipsis
3346 1082 3481 1137 pra:-

1893 1155 2237 1227 ceptionibus
2268 1156 2506 1225 prtedicti
2534 1158 2814 1229 principis,
2850 1156 2991 1212 sicut
3023 1174 3119 1227 per
3146 1160 3362 1214 easdem
3385 1161 3480 1215 de-

1894 1247 2149 1313 claratur,
2184 1248 2258 1302 ita
2290 1258 2344 1301 et
2375 1248 2586 1304 iuantea
2624 1266 2719 1322 per
2746 1258 2991 1305 nostrum
3019 1262 3343 1321 praeceptum
3367 1253 3479 1321 ple-

1896 1340 2017 1395 nius
2055 1341 2106 1394 in
2140 1341 2233 1394 Dei
2267 1341 2486 1394 nomine
2516 1341 2586 1395 sit
2627 1341 3023 1406 conlirmatum,
3060 1343 3160 1397 sub
3197 1357 3263 1397 eo
3290 1346 3478 1399 ordine

1892 1434 2030 1489 circa
2063 1435 2235 1503 ipsum
2267 1432 2604 1488 Wuimaruni
2635 1433 2906 1497 abbatem,
2941 1436 3024 1490 vel
3055 1436 3121 1490 ad
3152 1436 3327 1506 ipsum
3360 1454 3475 1488 mo-

1894 1528 2187 1581 nasterium
2212 1542 2365 1579 suum
2399 1527 2602 1591 Sithiu,
2633 1526 2779 1579 omni
2806 1536 3048 1595 tempore
3076 1527 3184 1596 ipsa
3217 1526 3479 1581 beneﬁcia

1895 1634 2173 1683 concessa,
2216 1619 2268 1671 in
2312 1618 2563 1671 omnibus
2599 1618 2815 1671 valeant
2864 1632 2987 1672 esse
3036 1618 3380 1685 conﬁrmata,
3426 1625 3480 1671 ct

1895 1712 2095 1766 nullam
2144 1712 2563 1780 refragationem
2612 1728 2711 1765 nec
2742 1712 2908 1764 ullum
2960 1712 3403 1782 impedimentum
3449 1727 3477 1763 a

193 1822 450 1881 paratum
480 1813 731 1876 habebat,
772 1822 866 1866 aut
894 1813 1111 1866 inuntea
1153 1812 1221 1867 ad
1252 1812 1677 1880 comparandum
1708 1810 1786 1863 in-
1821 1828 1863 1887 Β
1887 1800 2162 1869 iudicibus
2196 1803 2427 1871 pultliCiS
2456 1802 2652 1856 υλίειιιῡ
2695 1817 2967 1870 quoquam
3007 1811 3251 1873 lt‘mpore
3280 1803 3481 1857 habere

192 1908 387 1960 venire
418 1916 653 1975 poterat,
684 1907 769 1961 vel
791 1907 935 1976 quod
967 1907 1093 1961 boni
1120 1907 1371 1960 homines
1395 1905 1561 1959 Deum
1593 1905 1786 1958 timen-

190 2009 298 2064 tes,
334 2016 435 2068 pro
466 2000 750 2054 animabus
782 2015 969 2054 eorum
1002 2001 1068 2051 ad
1100 1999 1523 2067 suprasiribtmn
1565 2012 1785 2052 monas-

193 2092 395 2144 terium
423 2090 691 2144 dederunt
711 2100 805 2144 aut
835 2090 1050 2144 iuantca
1080 2090 1349 2153 dederint,
1376 2092 1481 2144 hoc
1509 2090 1789 2143 habuisset

189 2198 560 2247 concessum;
608 2191 663 2237 et
701 2183 847 2251 quod
897 2182 963 2236 de
994 2185 1124 2235 lisco
1174 2192 1363 2237 nostro
1409 2191 1784 2251 comparatum

188 2277 430 2330 habebat
460 2284 555 2329 aut
592 2276 808 2330 inantea
843 2283 1211 2344 comparasset
1260 2282 1452 2343 prmter
1483 2274 1627 2327 illam
1679 2283 1785 2327 ter—

189 2387 309 2426 ram
339 2370 479 2424 unde
504 2385 669 2439 opera
700 2371 937 2425 carrarin
969 2378 1190 2431 exeunt,
1220 2369 1323 2423 hoc
1350 2368 1625 2424 habuisset
1649 2383 1783 2422 con-

189 2478 431 2527 cessum,
468 2470 523 2516 et
572 2462 715 2515 nulla
749 2461 1032 2528 judiciaria
1064 2469 1308 2530 potestas
1339 2461 1516 2514 nullos
1545 2461 1786 2514 redditus

191 2564 355 2608 terra:
384 2568 485 2609 nec
516 2554 690 2607 nullas
722 2553 1029 2607 functiones
1059 2553 1338 2622 pubplicas
1375 2553 1549 2607 eidem
1582 2552 1652 2607 ob
1682 2552 1788 2606 hoc

189 2647 412 2712 exigere
461 2652 554 2698 aut
603 2652 857 2699 exactare
888 2659 987 2698 nec
1032 2644 1309 2712 requirere
1362 2659 1472 2698 non
1524 2644 1782 2697 deberet:

195 2737 346 2791 unde
375 2745 433 2789 et
460 2737 629 2804 ipsam
665 2736 1084 2805 praaceptionem
1120 2737 1285 2805 ipsius
1312 2736 1555 2803 jamdicti
1587 2751 1785 2805 paren-

194 2828 265 2882 tis
297 2830 473 2882 nostri
498 2826 822 2882 Theoderici
846 2827 1120 2896 quondam
1152 2828 1295 2895 regis
1310 2842 1382 2882 .se
1411 2842 1519 2897 pra:
1543 2829 1787 2882 manibus

194 2938 264 2978 ex
318 2924 421 2976 hoc
456 2923 657 2975 habere
688 2921 957 2986 adlirmat,
989 2930 1043 2975 et
1084 2923 1240 2976 nobis
1272 2924 1324 2975 in
1372 2923 1621 2992 praesenti
1666 2939 1784 2977 eam

194 3015 439 3069 Ostendit
478 3014 547 3067 ad
588 3014 958 3082 relegandum,
990 3022 1044 3068 et
1076 3015 1189 3083 ipsa
1234 3015 1498 3069 benelicia
1529 3029 1787 3069 concessa

195 3108 265 3161 de
292 3123 362 3161 eo
398 3118 640 3177 tempore
670 3123 840 3176 usque
880 3124 1023 3163 nunc
1056 3110 1249 3163 asserit
1278 3124 1399 3164 esse
1430 3120 1783 3175 conservata;

194 3201 292 3255 sed
339 3215 437 3269 pro
477 3199 749 3254 ﬁrmitatis
794 3200 1027 3256 studium
1068 3202 1222 3270 petiit
1271 3200 1640 3255 celsitudinem
1688 3218 1786 3255 no-
1816 3193 1861 3254 C

195 3304 371 3350 stram
403 3302 461 3347 ut
490 3294 595 3348 hoc
621 3295 764 3347 circa
794 3293 969 3364 ipsum
999 3294 1171 3346 locum
1203 3301 1449 3347 sanctum
1469 3307 1563 3361 per
1588 3294 1788 3365 nostris

194 3385 524 3438 deberemus
572 3386 897 3437 conﬁrmare
947 3381 1203 3449 oraculis,
1231 3382 1376 3451 quod
1425 3398 1523 3435 nos
1566 3390 1789 3450 propter

195 3494 403 3533 nomen
450 3478 661 3532 Domini
693 3488 753 3533 et
791 3480 1096 3534 reverentia
1128 3479 1294 3548 ipsius
1336 3480 1507 3535 sancti
1560 3481 1664 3535 loci
1712 3482 1786 3535 ita

196 3570 517 3638 przestitisse
560 3581 615 3623 et
662 3571 715 3624 in
762 3570 1016 3625 omnibus
1058 3568 1407 3625 conﬁrmasse
1451 3572 1784 3640 cognoscite.

195 3755 365 3802 vocat
384 3756 647 3812 parentem
669 3760 859 3809 somn;
891 3759 1000 3816 quo
1030 3745 1295 3801 vocabulo
1326 3746 1419 3799 alii
1448 3754 1666 3812 patrem,
1695 3748 1784 3801 alii

196 3826 478 3887 cognatum
527 3816 850 3887 intelliguht.
895 3816 1412 3887 llani-._postrcniain
1468 3818 1787 3886 interpreta-

200 3885 406 3941 tionem
438 3895 616 3939 tuetur
648 3886 1003 3944 Mabillonius.
1038 3885 1104 3939 de
1139 3885 1215 3940 Re
1245 3887 1371 3954 dipl.
1409 3887 1494 3940 tibi
1526 3885 1706 3956 supra,
1733 3899 1787 3943 ct

202 3957 402 4009 Annal.
434 3964 471 4008 t.
509 3957 568 4017 ll,
597 3970 715 4025 pag.
752 3956 980 4012 1‘21.sed
1012 3957 1395 4011 inﬁrmioribus
1419 3960 1745 4024 argumentis
1772 3979 1783 4012 :

200 4028 448 4086 scilicet.
496 4028 817 4081 auctoritate
881 4028 1039 4079 trium
1091 4028 1397 4081 chartarum
1453 4031 1501 4080 in
1560 4031 1781 4095 gratin'n

199 4099 583 4165 episruporum
617 4098 1097 4151 Ceuomanensium
1127 4099 1459 4159 emissarum,
1495 4099 1546 4151 in
1594 4102 1785 4166 quibus

198 4166 541 4220 Lbililericus
607 4167 969 4235 D.:gob~rtum
1033 4169 1310 4221 Subrinum
1369 4184 1523 4221 suum
1576 4180 1783 4235 vocat,

194 4254 360 4304 quem
394 4240 569 4303 potius
597 4254 753 4290 avum
785 4237 1130 4305 appellasset,
1162 4240 1204 4291 si
1230 4248 1435 4307 patrem
1476 4241 1783 4307 agnovisset

197 4308 595 4361 'l‘..eo.loricuin
636 4309 724 4376 qui
774 4308 1057 4375 Dagoberti
1088 4309 1225 4362 Illius
1276 4307 1393 4362 fuit.
1438 4308 1632 4363 Verum
1663 4310 1784 4363 nul-

197 4378 303 4431 lius
348 4378 469 4433 lilci
520 4390 645 4432 sunt
692 4379 889 4432 i-harta:
937 4380 1129 4447 quibus
1176 4378 1511 4433 Mabillonius
1558 4380 1782 4447 nititur,

196 4465 267 4514 qu
291 4465 430 4499 ti'lllll
473 4466 627 4501 uuam
684 4451 918 4517 spuriam
951 4450 1074 4503 alibi
1107 4450 1540 4511 monstravimus,
1572 4460 1625 4503 et
1655 4452 1786 4505 alias

1892 1914 2001 1953 non
2031 1898 2441 1968 pertimescant,
2478 1897 2620 1952 unde
2653 1908 2705 1951 et
2739 1899 2851 1967 ipsa
2877 1898 3226 1967 congregatio
3250 1912 3348 1967 pro
3371 1906 3482 1950 sta-

1894 1989 2103 2043 bilitate
2135 1989 2286 2056 regni
2321 1989 2489 2043 nostri
2520 1989 2604 2043 vel
2634 1990 2805 2042 salute
2837 1991 3046 2057 patrius,
3082 1989 3291 2043 Domini
3319 1988 3481 2042 mise-

1890 2079 2182 2134 ricordiam
2202 2079 2401 2147 jugiter
2423 2079 2658 2133 debeant
2680 2095 2929 2133 exorare.
2957 2079 3044 2143 Et,
3072 2089 3129 2134 ut
3156 2081 3269 2137 hmc
3292 2088 3479 2134 aucto-

1891 2172 2020 2226 ritas
2052 2170 2258 2224 ﬁrmior
2287 2170 2571 2233 habeaiur,
2608 2172 2691 2225 vel
2725 2185 2821 2240 per
2867 2180 3112 2241 tempora
3145 2170 3197 2224 in
3231 2172 3480 2225 omnibus

1890 2272 2266 2327 conservetur,
2320 2277 2508 2315 manus
2563 2271 2761 2315 nostra:
2808 2262 3298 2317 subscriotionitius
3358 2277 3476 2317 enin

1889 2355 2073 2409 subter
2102 2354 2441 2409 decrevimus
2470 2353 2780 2408 adﬁrmare.

1960 2447 2183 2515 Signum
2210 2446 2431 2515 gloriOsi
2460 2448 2603 2515 regis
2636 2446 2908 2502 llilderici.

1966 2536 2158 2590 Datum
2190 2538 2409 2606 quando
2442 2537 2571 2591 fecit
2603 2537 2799 2605 Aprilis
2822 2537 2937 2591 dies
2964 2536 3111 2606 xxiij,
3138 2549 3280 2590 anno
3302 2536 3476 2606 primo

1890 2628 2042 2696 regni
2086 2628 2278 2692 nostri,
2312 2626 2587 2684 Crisciaco
2620 2630 2844 2700 palatio,
2882 2630 2932 2683 in
2966 2629 3058 2685 Dei
3087 2631 3326 2697 nomine,
3360 2631 3476 2686 Ieli-

1890 2723 2043 2778 citer.
2073 2722 2261 2778 Anien.

2592 2815 2777 2871 XLIX.

1892 2907 2136 2977 Diploma
2188 2909 2459 2982 (.‘liildcriiji
2505 2908 2624 2973 III,
2671 2911 2805 2979 regis
2863 2922 3205 2971 iwancorum,
3234 2929 3333 2982 quo
3382 2914 3478 2967 ἔτη·

1966 2996 2013 3031 m
2055 2982 2242 3032 uitales
2268 2981 2557 3033 [lnisolensi
2587 2983 2901 3035 monasterio
2944 2998 2976 3033 it
3016 2981 3478 3048 pra’decessoribus

1961 3053 2067 3104 suis
2096 3066 2384 3109 convenas.
2418 3051 2487 3103 ad
2506 3068 2681 3118 preces
2710 3052 2823 3103 (inn
2859 3053 3035 3113 ioleui,
3068 3056 3294 3123 episcopi
3323 3056 3479 3108 (Leno-

1963 3124 2225 3173 maneusis
2256 3162 2269 3179 .
2311 3124 2587 3190 rou/irmat
2613 3162 2627 3183 ,
2652 3123 2801 3175 simu:
2852 3134 2900 3176 et
2941 3139 2967 3175 c
3000 3141 3149 3181 nsum
3205 3142 3432 3178 amnium
3462 3170 3474 3190 ,

1962 3209 2111 3262 quem
2168 3191 2497 3267 (tibus__tlicli
2567 3194 2867 3267 monasterii
2931 3194 3155 3249 solvebat
3225 3198 3477 3267 episcops

1963 3262 2431 3316 Lcnomaneusibus
2466 3274 2487 3297 ίι
2523 3267 2671 3333 (ann.
2708 3262 2856 3331 745.)

1959 3375 2321 3443 Childericus,
2353 3391 2448 3431 rex
2492 3376 2847 3445 Francorum,
2881 3380 2962 3434 vir
2992 3382 3218 3438 illuster.
3252 3382 3308 3438 Si
3338 3383 3478 3439 facta

1891 3480 2172 3539 parentum
2204 3476 2509 3521 nostrorum
2554 3485 2963 3533 conservan'ius,
2993 3483 3178 3528 nostra
3226 3477 3479 3545 perenni-

1890 3570 1971 3615 ter
1992 3560 2206 3614 stabilia
2235 3575 2354 3614 esse
2381 3559 2721 3617 conﬁdimus.
2755 3561 2993 3634 Ideoque
3021 3568 3348 3635 apostolicus
3374 3569 3477 3638 vir,

1890 3743 2164 3819 nologicas
2192 3741 2502 3819 diplomatis
2531 3740 2816 3819 Cbilderici
2868 3745 3236 3819 expendamus
3265 3750 3475 3819 paucis.

1889 3813 2109 3868 Ctlnsla!
2145 3812 2433 3867 concilium
2456 3810 2849 3868 Suessionense
2872 3810 3119 3870 coactum
3140 3810 3303 3874 fuisse
3334 3810 3478 3877 anno

1890 3884 2041 3948 regni
2069 3899 2187 3950 ejus
2212 3886 2469 3945 secundo,
2504 3884 2591 3937 die
2616 3899 2647 3937 v
2685 3899 2857 3939 nonas
2904 3885 3118 3943 Martias
3164 3891 3290 3944 anni
3346 3892 3473 3947 ειη.

1891 3953 2013 4029 744.
2043 3952 2183 4029 Ergo
2200 3953 2401 4029 mensis
2418 3953 2641 4029 _Aprilis.
2662 3969 2805 4029 anno
2828 3955 3010 4029 primo
3025 3961 3177 4029 regni
3208 3961 3474 4029 ejusdem,

1888 4026 2102 4078 videtur
2131 4023 2385 4079 incidisse
2416 4023 2693 4077 manuum
2740 4025 2936 4080 Christi
2980 4023 3121 4093 7-15“;
3175 4023 3319 4086 unde
3370 4023 3476 4089 hoc

1890 4094 2125 4172 diploma
2154 4096 2252 4149 sub
2274 4110 2415 4172 anno
2441 4094 2470 4146 7
2488 4094 2541 4172 i5
2564 4104 2711 4172 recte
2737 4096 3009 4172 collocant
3038 4100 3472 4172 chronograpbi;

1888 4165 2023 4238 vide
2042 4165 2542 4238 Longu.-r._Atinal._
2570 4167 2621 4218 in
2654 4165 2881 4221 Collect.
2909 4172 3096 4238 Script.
3126 4186 3231 4227 rer.
3249 4165 3472 4229 'Franc.

1891 4246 1929 4291 t.
1968 4236 2049 4315 Ill,
2084 4233 2202 4305 pag,
2245 4233 2882 4315 :94.'Cf._cbartularium
3094 4258 3206 4309 use,
3233 4257 3353 4313 pag.
3379 4243 3471 4315 51,

1889 4322 1917 4361 a
1944 4303 2097 4360 claro
2120 4321 2235 4359 vu'o
2262 4303 2503 4360 Guérard
2525 4306 2724 4360 editum
2756 4322 2879 4360 ann.
2910 4307 3069 4364 1841.

1960 4387 1986 4414 ι
2018 4376 2337 4448 Spuriorum
2385 4376 2864 4431 instrumentorum
2896 4382 3076 4448 spuria
3119 4382 3235 4439 hinc
3267 4389 3471 4442 contir-

1890 4449 2055 4501 matio
2079 4446 2441 4517 exstatiuter
2490 4448 2620 4500 Acta
2661 4446 3041 4517 episcoporum
3091 4452 3471 4513 Ceuomauen-

196 4522 307 4610 ῖυὶς
367 4520 496 4573 locis
525 4516 949 4600 exhibebimus,
979 4536 1083 4573 non
1144 4520 1379 4599 melioris
1438 4528 1596 4597 nota}.
1641 4519 1781 4610 Ergo
1814 4550 1862 4610 υ
1888 4516 2220 4610 sium,taplud
2249 4516 2462 4610 .Mabill.
2495 4516 3003 4610 Annal.pag{586,
3038 4537 3197 4610 quam
3240 4528 3463 4605 recude-

196 4591 390 4647 Ιιδιιιιι]
416 4590 721 4642 testimonio
773 4592 990 4642 minime
1034 4590 1292 4642 evertitur
1339 4591 1601 4642 sententia
1648 4591 1777 4643 Mal-

193 4660 407 4725 branci,
463 4660 534 4713 De
565 4658 807 4722 Morinis,
834 4660 925 4713 lib.
960 4660 1043 4722 IV,
1068 4675 1190 4729 Cap.
1223 4674 1384 4724 uni;
1419 4659 1637 4723 Cointii,
1672 4664 1778 4714 Au-

193 4733 301 4780 ual.
342 4740 379 4781 t.
411 4731 471 4791 V,
502 4745 621 4797 pag.
656 4730 779 4793 108,
813 4739 868 4782 et
899 4730 1124 4783 aliorum
1156 4730 1408 4798 plurium,
1441 4732 1552 4797 qui,
1585 4748 1649 4784 ex
1699 4733 1777 4783 di-

193 4803 437 4867 plomate
475 4801 541 4852 de
588 4815 693 4866 qu'e
743 4801 987 4867 agimus,
1031 4801 1290 4866 colligunt
1334 4800 1654 4855 Theodorici
1713 4803 1773 4853 Η

196 4869 365 4925 ﬁliuni
394 4871 553 4923 fuisse
581 4869 937 4925 Childerlcum
973 4870 1053 4923 III.
1088 4869 1141 4921 Id
1175 4886 1304 4923 vero
1332 4876 1589 4936 majorem
1621 4872 1776 4925 dubi-

194 4944 455 4993 tationem
480 4942 635 5007 pnrit,
653 4942 792 5008 quod
821 4950 969 4993 notat
994 4942 1347 5004 Mabillouius,
1370 4942 1435 4994 de
1456 4940 1531 4993 [te
1552 4941 1771 5009 diplom.

193 5023 315 5078 pag.
355 5009 477 5074 610,
514 5019 654 5073 not.,
701 5010 987 5064 (Jliilderiri
1041 5019 1218 5073 mlate,
1274 5022 1478 5080 patrem
1530 5014 1775 5080 gcm’turis

191 5081 479 5143 vocabulo,
514 5095 940 5149 cimsaugmncos
968 5090 1240 5150 parentum
1268 5084 1482 5135 nomine
1521 5084 1775 5150 designa-

194 5163 278 5203 tos
301 5153 483 5203 fuisse.
517 5152 652 5215 Quin
677 5162 731 5204 et
760 5154 809 5204 in
843 5153 945 5204 hoc
977 5154 1092 5220 ipso
1114 5152 1407 5205 L‘hilderici
1459 5152 1772 5221 diplomate,

194 5236 294 5273 vos
325 5238 593 5287 parentum
623 5222 732 5275 lato
774 5238 931 5275 sensu
974 5231 1183 5290 sumpta
1240 5222 1449 5288 legitur,
1481 5237 1578 5290 pro
1625 5234 1778 5276 ante-

194 5296 501 5344 cessorihus
555 5294 1002 5360 quibuscumque;
1064 5292 1120 5343 2"
1198 5292 1439 5357 Diploma
1492 5294 1773 5348 tiliilderici

196 5361 381 5413 datum
407 5362 600 5415 dicitur
633 5366 682 5415 iu
717 5364 973 5415 tristiora
1005 5364 1219 5431 palatio.
1257 5361 1389 5416 Ilinc
1414 5373 1569 5417 acute
1600 5365 1775 5429 arguit

198 5431 471 5497 Coiutius,
500 5432 639 5485 Ann.
676 5444 712 5485 ι.
752 5433 787 5484 ν
811 5474 824 5494 ,
852 5448 901 5501 p.
940 5432 1073 5496 108,
1109 5434 1466 5487 Cllildericum
1507 5436 1559 5487 in
1612 5436 1773 5500 regiis

195 5504 401 5557 aedibus
427 5506 653 5571 «legisse,
672 5520 767 5557 uec
790 5503 929 5570 apud
956 5502 1257 5557 Mamaccas
1280 5504 1459 5556 villam
1475 5505 1769 5569 delituisse,

201 5584 254 5627 ut
284 5575 488 5642 posteri
513 5577 799 5627 tinxerunt.
836 5573 991 5627 Nulla
1016 5576 1172 5641 hujus
1208 5574 1520 5642 'diplomatis
1573 5576 1771 5627 menti.»

197 5654 277 5698 est
300 5654 439 5713 apud
473 5644 699 5713 Iperium
746 5645 795 5696 iu
826 5644 1097 5697 Chronico
1139 5646 1309 5697 sancti
1336 5643 1554 5707 Bertini,
1584 5657 1639 5697 ut
1688 5646 1767 5698 vi-

199 5717 324 5767 dc-re
350 5715 510 5769 estin
534 5713 793 5767 Thesaur.
826 5720 1013 5783 auecd.
1043 5713 1266 5767 Marten.
1304 5724 1339 5766 t.
1374 5714 1457 5777 Ill,
1491 5729 1610 5783 pag.
1643 5714 1766 5769 482.

201 5785 441 5851 Diploma
482 5785 802 5838 Theudorici
847 5782 911 5837 IV
969 5799 998 5837 a
1045 5786 1348 5839 Cbilderico
1395 5782 1770 5840 conﬁrmatum

200 5856 319 5912 loco
347 5872 443 5911 suo
468 5856 752 5921 edidimus,
787 5871 904 5927 pag.
931 5853 1053 5909 330.
1092 5854 1277 5913 Restat
1310 5865 1366 5910 ut
1414 5865 1571 5912 notas
1608 5858 1768 5913 chro-

1889 4598 2015 4664 ru_n_t
2060 4586 2394 4664 Gallectores
2418 4586 2799 4664 “scriptoruin‘
2833 4606 3010 4645 rerum
3056 4586 3466 4664 Francicarum,

1888 4669 1923 4712 t.
1952 4658 2040 4723 IV,
2086 4671 2206 4727 pag.
2247 4656 2366 4730 709.
2418 4656 2658 4730 Diploma
2707 4658 2889 4714 itidem
2941 4664 3182 4730 spuzimn
3214 4681 3313 4719 suo
3347 4656 3467 4723 loco

1881 4730 2166 4801 edidimus,
2199 4728 2342 4796 quod
2375 4742 2404 4780 a
2447 4727 2750 4801 Dagoberto
2806 4727 3062 4785 emissum
3120 4736 3356 4801 tingitur,
3406 4749 3465 4793 et

1881 4799 2023 4853 aliud
2075 4814 2183 4866 quo
2239 4813 2433 4854 census
2480 4802 2547 4850 ab
2603 4799 2799 4853 abbate
2854 4803 3158 4859 Auisalensi
3189 4799 3459 4863 Cenoma-

1881 4870 2031 4946 nensi
2073 4870 2331 4946 episcopo
2374 4866 2667 4922 solvendus
2711 4874 2988 4946 asseriuis.
3014 4875 3279 4946 [Diploma
3312 4877 3457 4933 Chil-

1880 4941 2087 4994 dcberti
2140 4938 2223 5001 ΙΙΙ,
2251 4942 2315 4992 de
2347 4954 2458 5007 quo
2501 4954 2568 4991 nu
2613 4958 2642 4992 e
2691 4951 2891 5010 agitur,
2936 4938 3030 4996 has
3070 4938 3281 5001 lilatitias
3325 4963 3460 5004 con-

1880 5012 2151 5081 cessiongs
2172 5010 2769 5081 coulirmat,mentione
2798 5012 3060 5081 imprimis
3091 5017 3232 5071 laeta
3262 5033 3457 5075 census

1879 5081 2061 5155 annui,
2085 5079 2337 5155 Ecclesiae
2354 5081 2775 5155 μειιιριηξιιιθηξί,
2824 5079 2886 5135 in’
2920 5088 3130 5153 signum
3160 5087 3453 5155 subjectio-

1882 5152 1985 5219 nis,
2018 5148 2308 5227 solvendi]
2340 5147 2536 5227 _0muia
2569 5152 2681 5227 hate
2718 5147 3074 5227 instrumenta
3105 5147 3461 5227 supposititiis

1880 5219 2305 5295 annumeranda:
2322 5219 2483 5295 docet
2536 5221 2777 5295 solemne
2815 5223 3075 5290 judicium
3106 5219 3371 5295 qu'o'haec,
3406 5230 3459 5284 in

1876 5291 1969 5344 lite
1996 5290 2228 5366 p;olata_,
2261 5291 2329 5344 de
2371 5292 2505 5366 falso
2530 5293 2780 5366 damnata
2810 5306 2937 5366 sunt
2966 5306 3020 5349 et
3053 5290 3257 5351 aliIileri
3288 5290 3459 5366 jussa,

1876 5362 2369 5437 HOIIQAS‘JKIuIOLUL
2412 5361 2601 5437 videre
2624 5370 2707 5437 est
2734 5364 2790 5437 _i_u
2822 5363 3023 5420 Bnluzii
3050 5368 3264 5421 .‘llisccll.
3289 5361 3340 5424 vt.
3374 5361 3456 5437 Ill,

1877 5446 1928 5500 p.
1962 5429 2084 5495 128,
2118 5441 2219 5485 art.
2253 5431 2338 5491 18,
2371 5439 2425 5484 et
2462 5431 2605 5499 apud
2649 5430 2873 5487 Collect.
2903 5441 3084 5500 script.
3123 5453 3228 5491 rer.
3261 5437 3399 5493 Frau
3424 5429 3455 5497 ί

1878 5511 1914 5554 t.
1953 5502 2063 5564 VII,
2097 5516 2217 5571 pug.
2250 5501 2373 5555 297.
2395 5501 2478 5571 De
2531 5502 2614 5555 his
2646 5518 2751 5555 non
2784 5514 2953 5559 semet
2990 5501 3249 5562 diximus.
3281 5512 3455 5565 (λιιι-υ.

1876 5568 2138 5640 nologicie
2174 5568 2333 5643 nota:
2373 5568 2635 5625 deﬁciunt
2684 5574 2735 5627 iu
2781 5576 3138 5631 instrumento
3170 5583 3311 5643 quod
3371 5582 3457 5638 hic

1875 5643 2207 5697 exhibemus.
2242 5640 2315 5693 Eo
2348 5646 2542 5695 ordine
2587 5644 2717 5696 illud
2749 5647 3123 5701 collocandum
3151 5640 3458 5709 stndu.tnus

1873 5715 1963 5781 qui
1995 5729 2119 5766 cuni
2164 5726 2330 5779 regno
2360 5710 2648 5765 Chitderici
2679 5713 2741 5766 Ill
2768 5724 2823 5769 et
2853 5733 2976 5770 cum
3011 5716 3323 5776 Gauzioleui
3354 5726 3457 5778 tle-

1873 5782 2222 5838 nomanensis
2250 5784 2489 5853 episcopi
2512 5784 2805 5851 praesulatu
2826 5788 3116 5843 convenire
3138 5803 3347 5860 posset.
