4206 6574
748 426 879 482 1151

1497 423 1765 483 SECUL.
1814 425 1899 480 VII
1940 425 2026 481 ET
2073 425 2181 482 VIII
2222 426 2761 485 ECCLESIASTICA
2797 428 3243 489 MONUMENTA.

3890 444 4020 499 "59

747 555 900 616 pater
924 544 981 600 in
1018 543 1236 600 Christo
1282 550 1468 599 noster
1500 540 1880 606 Gauziolenus,
1923 539 2331 599 Cenomannictc
2359 549 2405 605 Α
2437 543 2822 616 praedictorum
2848 558 3037 615 regum
3062 550 3475 619 praeceptiones,
3500 562 3559 608 et
3578 563 3890 611 sanctorum
3913 575 4020 615 sua:

745 638 898 694 urbis
940 639 1246 709 episcopus,
1278 637 1436 692 nobis
1472 637 1738 706 suggessit
1769 651 1835 691 eo
1863 636 2005 706 quod
2045 637 2112 691 de
2142 653 2328 692 mona-

746 731 971 787 steriolo
992 746 1100 786 sua;
1140 730 1287 787 sedis
1330 731 1588 795 ecclesiae,
1621 728 1766 798 quod
1819 740 2047 786 vocatur
2076 731 2330 796 Anisolte,

747 824 804 878 in
825 838 932 894 quo
955 821 1186 877 domnus
1216 822 1479 877 Karilefus
1498 821 1860 892 corporaliter
1892 821 2054 889 jacet,
2085 822 2332 877 sobrinus

747 924 936 971 noster
982 914 1336 985 Dagobertns,
1368 914 1640 985 quondam
1692 930 1810 983 rex,
1854 923 1909 969 et
1961 924 2332 971 antecessores

746 1010 852 1078 sui,
879 1025 1036 1081 reges
1082 1010 1287 1066 scilicet
1309 1010 1658 1076 Francorum,
1697 1010 1813 1078 ejus
1844 1008 2332 1078 praedecessoribus

745 1102 949 1159 domno
977 1102 1244 1157 Domnolo
1271 1103 1544 1171 episcopo,
1577 1109 1633 1154 et
1656 1100 1941 1154 Hadoindo
1969 1102 2250 1171 episcopo,
2278 1109 2334 1157 et

746 1195 948 1250 domno
984 1194 1271 1250 Bercbario
1302 1192 1573 1262 quondam
1616 1193 1896 1263 episcopo,
1951 1201 2004 1247 et
2036 1192 2333 1260 Aigliberto

746 1288 1002 1359 episcopo
1031 1303 1134 1343 nec
1186 1303 1294 1341 non
1341 1295 1397 1341 et
1435 1286 1637 1342 domno
1682 1284 2046 1342 llerlemundo
2076 1286 2334 1357 episcopo

746 1392 1015 1454 prrecepta
1047 1382 1322 1446 fecissent,
1354 1389 1411 1435 et
1439 1380 1766 1436 emnnitates
1786 1366 1931 1435 sedis
1952 1380 2197 1434 ecclesiae
2220 1394 2331 1435 sua:

745 1475 979 1546 propriis
1009 1474 1257 1529 manibus
1287 1474 1402 1530 Deo
1448 1474 1877 1540 conﬁrmassent,
1914 1473 2147 1542 qualiter
2176 1489 2206 1527 a
2231 1490 2334 1530 suo

747 1568 903 1623 titulo
927 1576 981 1621 et
1004 1582 1035 1620 a
1065 1581 1162 1621 sua
1192 1566 1420 1621 ecclesia
1444 1573 1499 1619 et
1535 1564 1756 1619 civitate
1786 1580 2079 1634 numquam
2121 1565 2329 1620 aliena-

747 1669 855 1713 tum
885 1666 981 1713 aut
1004 1660 1338 1714 subtractum
1363 1657 1523 1711 etiam
1565 1657 1649 1712 vel
1682 1658 1733 1712 in
1774 1657 1957 1712 futuro
1982 1658 2152 1723 licret,
2186 1659 2333 1715 unde

742 1751 956 1820 etipsas
995 1751 1383 1821 pra-ceptiones
1413 1750 1528 1818 ipse
1574 1750 1815 1819 pontifex
1845 1765 1905 1804 se
1930 1767 2038 1819 pra:
2086 1753 2332 1807 manibus

744 1844 944 1897 habere
984 1840 1235 1908 afﬁrmat,
1268 1847 1324 1894 et
1367 1840 1435 1894 de
1463 1839 1654 1894 eodem
1687 1848 1931 1909 tempore
1963 1856 2136 1909 usque
2166 1858 2329 1906 nunc,

2437 636 2673 691 civitatis
2702 636 3080 706 episcOporum
3104 639 3377 707 precarias
3398 642 3557 697 nobis
3587 643 3655 697 ad
3674 645 4020 713 relegendnm

2436 728 2691 789 ostendit,
2721 742 2842 796 qua:
2880 728 3064 783 omnia
3105 739 3232 785 ante
3274 746 3373 788 nos
3402 735 3625 790 recitari
3669 736 3939 794 fecimus:
3970 741 4020 794 in

2436 820 2632 888 quibus
2672 820 2934 875 insertum
2980 821 3306 890 invenimus,
3337 827 3572 895 qualiter
3606 844 3833 884 censum
3861 831 4022 886 abba-

2438 922 2519 968 tes
2543 913 2779 983 przedicti
2810 917 3180 972 monasterioli
3214 918 3476 987 Anisolm,
3510 923 3863 991 pontiﬁcibus
3890 926 4024 994 ejus-

2435 1003 2554 1057 dem
2589 1004 2824 1060 civitatis
2874 1008 3247 1074 persolverent
3301 1018 3356 1064 et
3394 1012 3595 1067 seniori
3647 1015 3916 1078 ecclesizc,
3955 1016 4022 1071 de

2434 1110 2555 1149 cera
2580 1095 2670 1150 lib.
2704 1097 2778 1165 vj,
2801 1106 2855 1152 et
2875 1098 2939 1151 ad
2973 1114 3109 1168 opus
3136 1099 3359 1157 fratrum
3382 1105 3773 1160 canonicorum
3806 1109 3860 1162 in
3891 1124 4024 1178 prae-

2434 1187 2576 1242 dicta
2639 1191 2868 1244 ecclesia
2920 1191 3030 1246 Deo
3081 1193 3435 1251 militantibus
3485 1198 3537 1252 in
3586 1198 3755 1253 C(ena
3808 1199 4023 1256 Domini

2436 1285 2650 1356 plenum
2690 1286 2931 1342 modium
2960 1289 3028 1344 de
3058 1291 3197 1357 ovis,
3230 1299 3282 1345 et
3324 1292 3458 1346 duas
3487 1293 3755 1349 buticulas
3786 1284 4014 1365 paratas,

2435 1380 2501 1434 de
2544 1381 2752 1449 optimo
2793 1382 2921 1436 vino
2960 1383 3181 1452 plenas;
3238 1393 3293 1440 et
3340 1387 3405 1440 ad
3462 1402 3597 1456 opus
3641 1391 4022 1461 episcOporum

2436 1473 2675 1541 ejusdem
2728 1476 2980 1545 civitatis,
3035 1480 3367 1534 cambuttam
3425 1497 3585 1535 unam
3633 1485 3923 1551 Optimam,
3973 1496 4025 1540 et

2435 1566 2569 1620 duos
2625 1568 2928 1623 subtalares
2984 1570 3191 1625 obtime
3240 1580 3481 1639 paratos,
3517 1583 3574 1627 et
3617 1575 3720 1628 alia
3776 1577 3920 1629 dona
3972 1586 4026 1630 et

2436 1675 2599 1728 opera
2632 1661 2837 1714 multa:
2868 1676 2975 1728 que
3002 1663 3184 1715 omnia
3217 1662 3283 1716 ad
3318 1663 3575 1731 liquidum
3604 1676 4025 1736 cognoscentes,

2436 1751 2573 1805 hanc
2598 1751 2937 1806 auctoritatis
2966 1762 3167 1807 nostra:
3190 1757 3635 1824 praeceptionem,
3663 1757 3804 1811 sicut
3834 1760 4026 1825 depre-

2438 1853 2593 1897 catus
2642 1852 2743 1908 est,
2794 1844 2907 1898 ﬁeri
2959 1844 3239 1914 jussimus,
3291 1862 3388 1915 per
3439 1863 3602 1915 quam
3648 1850 4026 1918 praecipientes

744 1935 918 2003 ipsum
957 1930 1409 1987 monasteriolum
1438 1944 1549 1985 suae
1568 1930 1839 1985 cathedra:
1866 1931 2109 1985 ecclesia:
2135 1933 2329 1987 asserit
2357 1921 2404 1979 Β
2430 1933 2682 2002 jubemus
2708 1945 2785 2001 ut,
2817 1938 2942 1990 dum
2964 1938 3229 1991 advixerit
3259 1938 3544 2007 pradictus
3566 1941 3831 2007 pontifex,
3858 1942 4026 1997 abbas

739 2043 861 2082 esse
889 2034 1310 2092 conservatum;
1358 2025 1454 2082 sed
1497 2041 1596 2096 pro
1626 2026 1835 2097 integra
1875 2027 2131 2081 lirmitate
2177 2028 2331 2097 petiit

740 2123 1119 2179 celsitudinem
1171 2130 1431 2188 nostram,
1475 2130 1533 2176 ut
1569 2123 1673 2176 hoc
1716 2121 1896 2175 denuo
1946 2138 2041 2191 per
2090 2131 2329 2177 nostram

741 2218 1116 2279 auctoritatem
1166 2216 1269 2286 ipsi
1312 2215 1428 2270 viro
1458 2214 1658 2270 domno
1687 2212 2023 2270 Ganzioleno
2073 2216 2331 2286 episcopo

738 2308 824 2364 vel
853 2324 963 2363 sua:
1016 2308 1250 2363 civitatis
1300 2305 1542 2361 ecclesia:
1587 2305 1913 2361 conlirmare
1963 2306 2325 2360 deberemus:

738 2404 891 2472 cujus
919 2417 1020 2457 nos
1049 2417 1157 2457 non
1185 2400 1503 2472 denegasse,
1531 2401 1625 2455 sed
1657 2402 1708 2454 in
1739 2399 1987 2454 omnibus
2013 2400 2327 2469 pncstitisse

739 2505 794 2553 et
815 2496 1161 2552 conlirmasse
1189 2495 1520 2563 cognoscite.
1539 2493 1923 2565 Prmcipientes
1944 2494 2086 2548 enim
2112 2502 2188 2554 ut,
2215 2494 2321 2548 sic-

740 2599 799 2647 ut
850 2598 1063 2645 constat
1104 2590 1219 2659 ipse
1257 2588 1508 2643 sobrinus
1554 2596 1740 2643 noster
1772 2587 2128 2656 Dagobertus,
2154 2602 2327 2656 quon-

736 2682 858 2736 dam
888 2697 1007 2745 rex,
1037 2680 1121 2735 vel
1143 2680 1232 2734 alii
1261 2690 1513 2750 parentes
1545 2681 1717 2735 nostri
1744 2689 2118 2735 antecessores
2144 2693 2318 2749 reges,

737 2777 947 2843 integra
976 2775 1270 2833 emunitate
1290 2774 1359 2830 de
1387 2774 1505 2844 ipso
1525 2774 1915 2829 monasteriolo
1938 2773 2005 2827 ad
2036 2774 2323 2829 ecclesiam

738 2868 996 2933 fecerunt,
1020 2867 1093 2920 ita
1108 2877 1165 2921 et
1192 2867 1410 2922 inantea
1440 2881 1539 2920 nos
1566 2880 1663 2936 per
1677 2874 1919 2921 nostram
1942 2867 2320 2921 auctoritatem

734 2955 1103 3020 concedimus,
1135 2965 1190 3011 et
1209 2955 1615 3021 conlirmamus,
1640 2964 1702 3009 ut
1728 2956 1875 3011 nullo
1902 2972 2154 3026 umquam
2182 2967 2322 3012 tem-

739 3065 873 3118 pore
904 3048 1081 3103 nullus
1116 3048 1283 3115 judex
1316 3050 1369 3103 in
1410 3050 1528 3118 ipso
1576 3049 1967 3103 monasteriolo
1998 3057 2055 3103 et
2083 3050 2196 3103 suis
2226 3065 2323 3118 ap-

735 3139 994 3210 pendiciis
1016 3156 1121 3195 non
1159 3149 1451 3211 prtesumat
1480 3156 1673 3195 causas
1715 3140 1902 3194 audire
1949 3155 2050 3193 nec
2084 3141 2185 3193 ulla
2218 3156 2313 3209 pa-

733 3243 871 3301 t'alu,
912 3248 1012 3287 nec
1061 3231 1230 3298 freda,
1284 3247 1387 3286 nec
1441 3232 1889 3301 qualemcumque
1937 3246 2176 3295 censum,
2227 3239 2392 3319 autc

732 3324 941 3378 lucrum
974 3333 1247 3378 terrenum
1279 3322 1425 3392 quod
1465 3323 1532 3377 ad
1571 3323 1760 3378 iiscum
1790 3332 2035 3378 nostrum
2082 3324 2322 3393 potuerit

731 3431 975 3486 Sperare,
990 3416 1139 3470 nullo
1164 3431 1415 3486 umquam
1439 3424 1685 3486 tempore
1705 3432 1810 3470 non
1831 3425 2119 3486 praesumat
2140 3416 2320 3484 requi-

735 3526 853 3565 rere
883 3527 983 3565 nec
1010 3519 1290 3575 exactore,
1322 3510 1425 3564 nisi
1455 3511 1725 3579 inspectas
1757 3510 1901 3579 ipsas
1930 3509 2321 3578 prmceptiones

729 3600 1079 3670 antiquorum
1139 3599 1440 3669 principum
1506 3610 1789 3669 parentum
1848 3608 2181 3666 nostrorum,
2234 3599 2321 3653 vel

730 3693 1040 3749 consobrini
1062 3694 1231 3748 nostri
1263 3693 1570 3761 Dagoberti,
1600 3693 1873 3764 quondam
1901 3707 2046 3762 rege,
2080 3693 2131 3746 in
2163 3692 2320 3746 lumi-

730 3787 954 3841 naribus
981 3785 1346 3855 suprascripta
1382 3796 1554 3840 matre
1583 3794 1640 3842 et
1683 3786 1902 3840 civitate
1932 3785 2166 3839 basiliczr
2198 3800 2318 3854 per-

730 3878 1021 3951 petualiter
1046 3878 1255 3935 debeat‘
1284 3894 1405 3935 esse
1452 3894 1770 3935 concessum
1818 3888 1981 3946 atque
2029 3878 2316 3933 indultum.

732 3973 953 4044 Insuper
982 3973 1275 4045 postulavit
1301 3981 1631 4029 memoratus
1657 3972 2003 4029 Gausiolinus
2033 3973 2319 4044 episcopus

731 4074 793 4119 ut
845 4081 1009 4138 super
1063 4067 1384 4135 precariam,
1446 4080 1604 4135 quam
1639 4068 1763 4121 fecit
1814 4067 1880 4121 de
1930 4067 2318 4122 monasteriolo

702 4157 966 4213 »Anisol:e
1004 4158 1215 4213 cuidam
1249 4159 1451 4222 abbati,
1496 4159 1716 4212 nomine
1752 4158 1959 4213 Didono
1993 4169 2034 4212 λι.
2073 4168 2317 4214 nostrum

733 4249 1046 4306 fecissemus
1088 4261 1440 4320 praeceptum,
1468 4251 1615 4306 sicut
1638 4261 2012 4307 antecessores
2041 4260 2097 4304 et
2118 4266 2317 4320 paren-

733 4351 815 4397 tes
856 4343 1026 4396 nostri
1069 4343 1357 4397 memorati
1400 4357 1574 4411 reges,
1632 4343 1743 4399 suis
1782 4341 2218 4399 antecessoribus
2263 4350 2319 4396 et

733 4436 1019 4492 abbatibus
1060 4438 1304 4507 przedicti
1352 4437 1727 4494 monasterioli
1768 4438 2013 4493 fecerunt
2037 4434 2234 4502 ;‘unde
2261 4442 2318 4489 et

806 4584 832 4614 ι
865 4576 1025 4630 Forte
1055 4576 1339 4645 legendum
1377 4574 1622 4628 lbbolcna
1661 4590 1755 4640 pro
1787 4573 2013 4627 Didone.
2044 4570 2315 4645 Habemus

2430 2043 2527 2097 per
2575 2029 2876 2097 precariam
2928 2039 2983 2083 ct
3035 2031 3353 2087 beneﬁcium
3402 2032 3648 2100 jamdicti
3702 2033 4025 2091 Gauzioleni

2431 2136 2758 2190 suorumque
2808 2136 3204 2187 successorum,
3236 2124 3548 2193 przedictum
3590 2134 3776 2179 teneat
3830 2143 4025 2181 mena-

2430 2213 2744 2275 steriolnm;
2781 2221 2836 2266 et
2881 2222 3241 2268 memoratum
3284 2230 3531 2282 censum,
3563 2218 3707 2270 sicut
3745 2219 3800 2271 in
3830 2234 4021 2273 eorum

2431 2305 2703 2372 precarias
2730 2305 3062 2369 continetur,
3096 2307 3300 2375 absque
3346 2308 3452 2361 ulla
3480 2308 3743 2365 dilatione
3791 2326 3893 2379 per
3914 2313 4023 2366 εἰη.

2430 2397 2584 2465 gulos
2612 2413 2783 2453 annos
2825 2400 3122 2468 persolvat,
3161 2409 3217 2454 et
3256 2401 3305 2454 ei
3350 2401 3613 2457 obedieus
3662 2404 3714 2456 in
3766 2405 4024 2460 omnibus

2430 2505 2644 2559 semper
2664 2491 2890 2557 existat;
2923 2502 3047 2563 post
3073 2493 3188 2561 ejus
3208 2508 3339 2548 vero
3369 2509 3673 2557 excessum,
3701 2497 3876 2566 ipsum
3906 2513 4025 2552 ino-

2432 2582 2784 2636 nasteriolum
2816 2584 2881 2637 ad
2913 2596 3266 2639 memoratam
3296 2594 3526 2639 matrem
3562 2588 3851 2641 ecclesiam
3882 2598 3938 2641 et
3969 2591 4022 2643 in

2426 2675 2514 2739 jus
2544 2682 2597 2728 et
2646 2683 2970 2745 potestatem
3002 2676 3122 2743 ejus
3169 2686 3223 2731 et
3265 2678 3644 2748 episcoporum
3683 2680 3799 2733 sive
3835 2690 4021 2736 recto-

2431 2781 2572 2830 rum,
2608 2783 2730 2821 cum
2761 2769 2906 2821 omni
2936 2769 3248 2837 integritate
3269 2778 3469 2824 etcum
3494 2772 3640 2825 omni
3671 2776 4023 2842 superposito

2429 2860 2866 2925 imuwlioratum,
2893 2863 3095 2929 absque
3113 2862 3272 2916 ullius
3297 2863 3707 2931 consignatione
3723 2876 3817 2918 aut
3835 2866 4022 2934 prohi-

2428 2952 2632 3005 bitione
2660 2959 2982 3016 revertatur,
3015 2960 3073 3005 ut
3099 2953 3349 3021 quicquid
3387 2953 3643 3021 deinceps
3671 2955 3917 3024 episcopi
3967 2964 4024 3009 et

2427 3054 2668 3099 rectores
2691 3045 2931 3112 ejusdem
2959 3054 3155 3099 sanctae
3204 3046 3445 3100 ecclesia:
3471 3049 3733 3102 canonice
3763 3058 3821 3101 et
3841 3051 4021 3103 ratio-

2428 3136 2679 3190 nabiliter
2698 3138 2873 3191 facere
2899 3137 3287 3206 disposuerint,
3304 3140 3526 3192 libermn
3550 3141 3601 3193 in
3623 3142 3878 3194 omnibus
3894 3158 4021 3210 per-

2427 3229 2672 3282 fruantur
2710 3229 3007 3282 arbitrium.
3036 3229 3199 3292 Et,ut
3230 3231 3344 3283 lucc
3380 3232 3697 3297 auctoritas,
3731 3241 3842 3284 tam
3882 3248 4020 3301 pite-

2424 3322 2670 3375 sentibns
2698 3336 2856 3389 quam
2887 3332 2941 3376 et
2982 3320 3175 3376 futuris
3206 3324 3557 3391 temporibus.
3591 3324 3684 3377 Dei
3717 3324 4016 3393 adjutorio,

2426 3414 2575 3467 lirma
2605 3413 2896 3468 stabilitate
2924 3413 3118 3469 debeat
3146 3415 3460 3484 perdurave,
3488 3416 3675 3471 subter
3695 3431 3818 3472 eam
3838 3418 4019 3486 signa-

2422 3508 2555 3561 culis
2578 3508 2794 3576 propria
2818 3523 2977 3561 manu
3004 3507 3339 3564 decrevimus
3368 3509 3647 3564 roborare.

3188 3621 3247 3676 L.

2423 3716 2667 3791 Diploma
2689 3716 2967 3791 Cliilderici
3005 3715 3119 3780 III,
3153 3719 3295 3791 regis
3320 3716 3665 3791 Francorum,
3695 3737 3795 3791 quo
3826 3723 4018 3775 immt-

2492 3789 2678 3839 nitnles
2699 3789 2973 3854 conﬁrmat
2999 3790 3328 3841 monasteriis
3356 3787 3653 3843 Slabttlensi
3675 3787 4015 3845 etMalnutn-

2493 3858 2718 3912 dariensi
2748 3874 3019 3911 concessas
3051 3858 3078 3896 δ
3110 3864 3258 3925 (ann.
3296 3858 3444 3928 ΤΗ).

2493 3969 2782 4035 Hildricns,
2799 3987 2894 4026 rex
2919 3971 3268 4027 Francorum.
3291 3973 3408 4026 viro
3433 3974 3619 4029 inclito
3640 3975 4013 4033 iiarlomanno

2421 4063 2875 4131 majore-domus,
2908 4065 3105 4118 rectori
3151 4065 3352 4134 palatio
3385 4074 3596 4128 nostro,
3646 4069 3739 4138 qui
3774 4068 3934 4124 nobis
3958 4070 4013 4125 in

2420 4155 2615 4210 solium
2645 4157 2796 4223 regni
2841 4155 3092 4221 instituit,
3126 4157 3251 4211 viris
3291 4158 3603 4227 apostolicis
3630 4160 3879 4228 patribus
3907 4177 4009 4216 no-

2419 4247 2566 4314 stris,
2623 4263 2870 4302 necnon
2917 4256 2973 4302 et
3025 4249 3441 4316 imperatoribus
3494 4262 3514 4287 ο
3572 4251 3720 4312 viris,
3756 4254 4013 4309 omnibus

2420 4340 2708 4398 comitibus
2756 4341 2842 4396 vel
2895 4341 3143 4397 omnibus
3172 4343 3475 4411 agentibus,
3506 4352 3616 4398 tam
3654 4348 4014 4415 prmsentibus

2419 4448 2583 4504 quam
2632 4432 2847 4490 futuris.
2900 4432 3129 4505 Oportet
3175 4435 3318 4489 enim
3366 4435 3654 4493 clementia
3710 4440 4016 4510 principale

2419 4584 2524 4636 est,
2555 4581 2614 4626 nt
2642 4572 2997 4626 instrumenta
3026 4587 3147 4627 cum
3172 4572 3383 4627 mendis
3409 4572 3518 4627 suis
3543 4574 3772 4628 lideliter
3802 4578 4012 4632 exscri-

733 4647 970 4711 enim,et
993 4622 1446 4702 alibi’recudimus
1466 4622 1706 4699 chartain
1729 4643 2310 4712 precariamlbholeni,
2343 4622 2391 4680 Β
2424 4622 2632 4697 bamus.
2673 4644 2860 4696 l-lelicit
2902 4644 3027 4697 anni
3072 4651 3234 4708 nota;
3265 4660 3464 4697 annum
3517 4654 3699 4698 autem
3732 4644 3839 4697 7H
3886 4622 4011 4702 cuin

733 4718 942 4770 abbatis
970 4718 1321 4782 Anisolensis,
1346 4719 1584 4786 spuriam
1606 4717 1852 4784 quidem,
1881 4714 1975 4766 sed
2004 4731 2122 4781 qua:
2153 4715 2314 4767 simul

732 4806 797 4842 tu
811 4806 852 4838 ,η
870 4789 1168 4858 diplomate
1188 4788 1476 4843 Childerici
1509 4789 1649 4840 inter
1668 4787 1804 4858 Acta
1822 4786 2314 4858 Cenomanensium

732 4855 1110 4928 episcoporum
1138 4859 1335 4912 inserta
1369 4867 1469 4921 est,
1498 4873 1604 4926 qua
1629 4857 1919 4912 lbbolenus
1944 4855 2111 4908 abbas
2137 4857 2316 4911 decla-

734 4937 816 4981 rat
842 4946 899 4982 re
927 4929 993 4982 ab
1025 4929 1255 4984 ecclesia
1297 4930 1659 4983 Cenomanica
1689 4930 1789 4983 sub
1826 4941 1995 4982 censu
2024 4940 2208 4980 annuo
2235 4937 2316 4982 te-

735 5014 867 5052 nere
896 5001 1211 5053 Anisolcnse
1243 5001 1652 5054 tuonasterium.

806 5070 832 5107 ⁸³
869 5069 1113 5136 Vulgavit
1135 5070 1447 5135 Marteuius,
1481 5070 1735 5138 Ampliss.
1771 5070 1896 5125 coll.
1931 5079 1968 5124 t.
1996 5070 2060 5131 Il,
2083 5070 2189 5123 col.
2223 5070 2312 5133 17,

733 5155 800 5194 ex
827 5142 1045 5194 archivo
1072 5142 1374 5194 Stabulensi
1397 5142 1809 5207 depromptuu‘t;
1838 5144 2045 5195 recudit
2064 5141 2128 5193 ad
2156 5140 2311 5193 Iidem

738 5210 981 5264 Martenii
1007 5210 1369 5275 Bertholetus,
1396 5211 1595 5265 Histor.
1629 5212 1896 5266 Luxemb.
1932 5220 1969 5264 t.
1997 5213 2061 5271 ll,
2096 5212 2307 5279 probat.

739 5294 855 5349 pag.
890 5280 979 5336 56.
1027 5281 1189 5336 Fcede
1237 5283 1590 5351 depravatum
1645 5285 1937 5337 emendare
1979 5283 2158 5336 conati
2188 5290 2314 5335 sunt

737 5352 1068 5407 Collectores
1113 5353 1435 5419 scriptorum
1464 5368 1643 5407 rerum
1692 5353 2094 5415 Fraucicartun,
2131 5362 2167 5403 t.
2222 5352 2308 5416 IV,

739 5434 857 5492 pag.
888 5420 1133 5492 7II,ope
1149 5425 1309 5477 unius
1338 5440 1366 5476 e
1392 5425 1633 5477 formulis
1662 5423 1921 5482 Marculli.
1952 5425 2048 5478 lib.
2079 5440 2114 5486 ι,
2149 5424 2309 5476 form.

737 5491 791 5563 2,
841 5509 960 5563 quae
1009 5491 1139 5548 satis
1194 5509 1315 5547 cum
1367 5497 1683 5549 lectionibus
1740 5495 1984 5549 Martenii
2024 5494 2307 5548 εοιινυηίι.

738 5562 988 5618 Fortitula
1024 5573 1201 5618 tamen
1242 5564 1443 5617 addidit
1469 5578 1713 5634 quzcdam
1742 5581 1860 5634 quze
1892 5567 1942 5619 in
1979 5566 2309 5619 instrumen-

739 5644 848 5688 tum
880 5636 1086 5689 editnm
1142 5650 1172 5687 a
1222 5635 1484 5689 Martenio
1531 5639 1879 5703 intruseruut,
1927 5636 2170 5704 quaedam
2204 5649 2310 5687 non

740 5708 956 5759 exhibet
999 5721 1118 5774 quae
1161 5718 1553 5772 expunxerunt.
1608 5710 1678 5759 ita
1710 5718 1765 5759 ut
1805 5711 2089 5760 formulam
2137 5707 2312 5770 potius

741 5792 899 5846 quam
944 5778 1113 5846 ipsuin
1154 5776 1437 5831 Childerici
1466 5780 1698 5846 diploma
1741 5780 1969 5831 edidisse
1999 5778 2307 5830 videantur.

741 5845 849 5901 Nos
884 5845 1176 5917 ipsissimas
1202 5847 1447 5902 Marte::ii
1481 5845 1735 5903 lectiones
1764 5851 1935 5903 secuti
1968 5864 2175 5909 sumus,
2209 5848 2311 5903 etsi

740 5927 1020 5988 corruptas
1048 5918 1453 5985 agnoveriinns:
1492 5920 1542 5976 id
1569 5920 1713 5973 enim
1743 5934 1812 5973 ex
1842 5921 2089 5975 instituto
2123 5928 2309 5975 nostro

2421 4713 2733 4766 Burllttilwlt)
2765 4714 3109 4783 praebuimus,
3154 4715 3254 4767 etsi
3309 4712 3577 4768 fateamur
3629 4716 3759 4769 nihil
3788 4720 4013 4773 obstare

2416 4786 2709 4851 quominus
2739 4786 2836 4837 sub
2871 4784 3037 4839 initiis
3063 4785 3214 4850 regni
3241 4784 3528 4839 Chiiderici
3560 4788 3817 4840 emissum
3846 4789 4009 4841 alica-

2419 4865 2505 4910 tur
2534 4857 2639 4909 hoc
2662 4854 2922 4925 diploma.
2956 4854 3013 4908 Id
3041 4864 3190 4909 certe
3218 4871 3339 4908 cum
3368 4854 3590 4923 Cointii,
3616 4857 3816 4921 Annal,
3844 4868 3887 4910 t.
3917 4858 4010 4923 IV,

2419 4940 2539 4993 pag.
2592 4924 2697 4981 109
2753 4936 2808 4981 et
2862 4925 2984 4989 166,
3040 4925 3296 4994 opinione
3354 4927 3675 4992 concordat,
3708 4930 3804 4996 qui
3864 4945 4011 4993 mare

2418 4998 2671 5051 concedit
2714 4997 3001 5063 Anglinnm
3033 4996 3377 5050 monasteriis
3416 4996 3724 5051 Stabulensi
3768 5008 3823 5050 et
3876 5000 4010 5053 Mal-

2418 5069 2779 5122 mundariensi
2815 5069 2987 5120 adhuc
3040 5068 3312 5133 praefuisse
3364 5082 3488 5121 cum
3538 5068 3883 5122 Childericus
3941 5071 4008 5123 ad

2418 5154 2640 5199 regnum
2704 5149 2927 5192 vocatus
2967 5140 3096 5200 fit;
3159 5136 3391 5204 Anglino
3453 5138 3598 5191 enim
3661 5148 4010 5193 successerit

2416 5211 2750 5278 Agilulplms,
2797 5210 2886 5277 qui
2933 5209 3281 5262 (lolonienses
3330 5206 3522 5261 infulas
3566 5208 3678 5275 jam
3710 5226 3859 5261 anno
3906 5209 4009 5262 746

2416 5282 2642 5349 adeptus
2665 5280 2859 5333 fuerat.
2895 5280 3031 5333 Nunt
3064 5294 3192 5349 vero
3227 5279 3483 5349 Anglinus
3526 5279 3664 5331 idem
3699 5282 4009 5334 censendus

2414 5347 2686 5417 qui'alias
2740 5352 3053 5418 Agilnlphns
3086 5357 3106 5401 ’ξ
3144 5347 3277 5403 Cum
3310 5350 3359 5401 in
3416 5348 3882 5417 depravatissimis
3929 5352 4010 5405 iu-

2415 5432 2480 5474 stt
2498 5423 2728 5475 umentis
2759 5423 2967 5489 legatur
2998 5436 3190 5474 nomen
3235 5418 3469 5488 Anglini,
3506 5436 3602 5473 nec
3644 5421 3869 5475 aliunde
3904 5424 4009 5475 An-

2415 5492 2589 5559 glious
2616 5501 2774 5545 notus
2808 5499 2895 5553 sit,
2928 5490 2979 5544 id
3008 5492 3144 5544 forte
3173 5489 3252 5545 fas
3282 5503 3362 5543 est
3392 5490 3687 5558 conjicere.
3724 5491 4011 5561 [Quamvis

2419 5566 2530 5617 lucc
2581 5564 2651 5617 sit
2706 5563 2901 5617 Coiutii
2943 5562 3280 5627 conjectura,
3332 5570 3582 5615 auctores
3635 5561 3803 5616 Nova:
3864 5562 4007 5618 Call.

2416 5633 2605 5686 christ.
2649 5644 2686 5686 t.
2721 5632 2807 5697 lll,
2840 5633 2946 5687 col.
3001 5632 3129 5695 941,
3171 5630 3440 5685 Cointimn
3493 5647 3523 5684 a
3576 5633 3852 5687 sententia
3914 5650 4013 5690 sua

2417 5704 2449 5756 d
2488 5707 2642 5757 siisse
2672 5702 2965 5774 asserunt.]
2997 5702 3103 5757 Sed
3157 5701 3224 5757 de
3276 5703 3595 5774 bishiterutn
3630 5703 3720 5757 ubi
3755 5706 3809 5758 in
3852 5707 4014 5759 char-

2418 5776 2484 5829 tis
2515 5776 2634 5829 aliis
2663 5775 2874 5829 duabus
2912 5772 2979 5829 de
3009 5775 3201 5829 eodem
3239 5772 3466 5840 Angliuo
3489 5773 3690 5841 agitur.

2491 5860 2509 5884 ε
2546 5847 2782 5914 ltectius,
2812 5854 2869 5900 ut
2895 5844 3127 5902 inform.
3161 5843 3419 5909 Marculll,
3452 5844 3783 5899 inlustribus.
