4206 6534
178 370 322 425 1155

942 366 1181 425 REGUM
1227 369 1466 427 PRIMJS
1507 369 1774 427 STIRPIS
1813 370 2243 428 FRANCORUM
2287 368 2710 429 DlPLOMATA.

3333 377 3473 437 1154

176 486 321 541 inter
360 486 602 536 ceterum
658 479 950 550 petitiones
996 482 1373 538 sacerdotibus
1408 564 1412 569 Δ
1441 483 1771 555 quibuslibet
1798 489 1850 552 Α
1877 483 2007 541 dum
2050 484 2485 555 delegationibus
2516 488 2761 555 vitatam,
2793 486 2878 543 vel
2915 487 3075 557 hujus
3105 492 3247 547 serie
3285 504 3444 551 aucto

177 575 470 643 benignum
501 574 917 628 accommodare
939 574 1203 639 auditum,
1227 584 1283 630 et
1303 590 1423 643 quae
1450 591 1545 644 pro
1579 576 1773 632 timore

175 665 271 720 Dei
299 675 354 721 et
384 680 483 737 pro
514 666 709 721 timore
739 664 977 720 nominis
1004 663 1206 721 Christi
1239 666 1565 736 postulatur,
1598 683 1771 738 pona-

174 768 263 813 tur
289 759 481 830 procul
519 757 683 814 dubio
736 758 803 812 ad
832 756 1109 824 effectum,
1139 766 1197 812 ut
1227 759 1319 812 ﬁat
1358 758 1412 813 in
1463 759 1771 815 mercedem

172 854 511 924 eonjunctio,
552 854 677 909 dum
723 868 824 924 pro
854 854 1037 924 quiete
1078 869 1361 909 servorum
1394 853 1489 909 Dei
1529 869 1769 924 congrua

170 946 486 1018 impertitur
532 945 743 1017 petitio,
785 962 891 1017 qua
932 946 1068 1001 ﬁdus
1113 948 1376 1017 propheta
1418 963 1527 1003 non
1560 947 1772 1003 dubitat

169 1040 237 1095 ad
291 1040 552 1094 Altissimi
602 1040 831 1109 gratiam
906 1040 1213 1111 pervenire,
1267 1040 1412 1111 quod
1476 1042 1771 1097 secundum

170 1146 331 1187 sacro
376 1132 596 1201 eloquio
644 1132 914 1203 principue
964 1147 994 1189 a
1028 1131 1339 1187 domesticis
1395 1132 1518 1187 lidei
1573 1133 1770 1188 devota

170 1235 357 1281 mente
390 1224 735 1297 impenditur,
767 1226 895 1293 quia
936 1226 1198 1296 scriptum
1235 1234 1351 1281 est:
1390 1225 1542 1279 Beati
1573 1242 1772 1296 paupe-

169 1338 254 1374 res
299 1322 511 1391 spiritu,
554 1320 799 1390 quoniam
846 1322 1079 1391 ipsorum
1128 1330 1204 1375 est
1240 1336 1457 1391 regnum
1503 1320 1769 1372 ca'lorum.

170 1412 317 1482 Ergo
346 1414 474 1469 dum
505 1424 558 1470 et
604 1415 867 1484 Anglinus
915 1415 1074 1478 abba,
1105 1413 1198 1483 qui
1247 1413 1412 1469 etiam
1442 1412 1771 1468 monasteria

170 1506 467 1561 Stabulaus
495 1516 551 1562 et
575 1506 987 1574 Malmundario,
1014 1522 1135 1578 qua:
1181 1517 1456 1577 ponuntur
1483 1507 1540 1560 in
1570 1507 1773 1561 foresta

170 1608 364 1653 nostro
411 1600 723 1667 Arduenna,
754 1599 840 1655 vel
895 1614 1059 1668 super
1110 1600 1241 1653 ﬁsco
1286 1613 1472 1654 nostro
1521 1598 1773 1652 videntur

172 1708 297 1750 esse
319 1703 655 1761 constructa,
692 1702 747 1748 et
774 1691 1233 1763 nostropromisso
1250 1694 1431 1761 jussus
1453 1701 1538 1748 est
1560 1706 1769 1761 regere,

171 1788 258 1841 vel
292 1789 533 1857 ipsorum
584 1788 995 1851 monachorum,
1030 1788 1121 1842 ubi
1177 1787 1428 1842 basilicas
1470 1788 1523 1840 in
1566 1786 1773 1840 honore

1876 575 2024 631 ritati
2052 576 2120 630 ad
2153 577 2265 647 ipsa
2311 579 2639 634 monasteria
2674 580 2879 649 absque
2923 580 3065 636 illius
3098 581 3472 652 inquietudine

1846 667 2079 724 ‘ibidem
2119 680 2315 725 cuncta
2347 672 2639 741 proﬁciant
2669 671 2721 725 in
2764 675 3091 742 augmentis.
3128 676 3472 736 Addicientes

1875 774 2006 830 ergo
2035 770 2093 816 ut
2122 761 2285 816 etiam
2319 764 2371 816 in
2403 765 2520 834 ipso
2559 764 2844 839 privilegio
2874 766 2940 821 de
2965 769 3164 825 abbate
3194 770 3471 841 ingressus

1876 855 1990 925 ipsa
2019 859 2140 911 loca
2172 857 2523 927 congregatio
2551 866 2674 927 post
2716 860 2855 915 alius
2886 860 3155 929 migravit,
3187 880 3217 920 e
3240 866 3473 922 semeti-

1874 949 1985 1019 psis
2015 949 2339 1019 regulariter
2366 950 2618 1020 eligerint
2645 951 2975 1006 instituendo
3004 954 3187 1009 abbati
3224 966 3468 1026 potesta-

1875 1052 1985 1099 tem
2014 1044 2255 1100 habeant
2282 1047 2669 1111 commitendo,
2703 1055 2758 1102 et
2787 1047 3056 1102 licentiam
3094 1046 3327 1102 habeant
3356 1058 3465 1105 ter-

1876 1136 1950 1190 ris
1981 1136 2179 1191 liscalis
2224 1138 2575 1210 comparandi
2612 1138 2698 1194 vel
2730 1140 3130 1206 commutandi;
3179 1140 3471 1198 adicientes

1882 1238 1940 1284 ut
1990 1230 2123 1285 nulli
2172 1232 2388 1301 penitus
2423 1232 2663 1302 judieum
2716 1232 2802 1288 vel
2852 1233 3139 1302 cujuslibet
3188 1236 3471 1292 hominum

1878 1324 2093 1379 licentia
2138 1326 2208 1379 sit
2246 1325 2313 1381 de
2356 1327 2512 1381 rebus
2561 1329 2797 1398 praefatis
2852 1327 3219 1391 monasteria,
3266 1329 3469 1398 absque

1878 1416 2157 1470 voluntate
2206 1416 2447 1487 ipsorum
2498 1432 2775 1473 servorum
2829 1418 2944 1485 Dei,
2980 1418 3238 1488 iuiquiter
3286 1418 3338 1473 in
3370 1421 3471 1474 ali-

1878 1521 1986 1576 quo
2014 1506 2359 1575 defraudare,
2391 1517 2483 1561 aut
2529 1508 2596 1563 de
2636 1513 2964 1566 monasterio
2992 1527 3090 1582 pro
3136 1512 3248 1568 suis
3286 1514 3473 1568 usibus

1880 1616 2139 1670 usurpare
2169 1618 2182 1663 ;
2215 1615 2335 1668 nec,
2359 1603 2503 1670 quod
2532 1602 2779 1671 primitus
2809 1611 2985 1667 est,et
3005 1604 3097 1658 Dei
3127 1605 3260 1658 iram
3286 1605 3439 1660 incur
3460 1636 3472 1645 η

1878 1704 1962 1749 rat
1994 1702 2048 1747 et
2081 1701 2321 1747 nostram
2344 1693 2626 1760 offensam,
2654 1695 2738 1749 vel
2764 1697 2894 1751 lisco
2913 1695 3063 1765 gravi
3090 1696 3289 1752 damno
3318 1706 3471 1753 SUSll-

1881 1796 2029 1841 neat.
2093 1786 2225 1841 illud
2298 1787 2451 1841 nobis
2499 1787 2769 1857 pratcipue
2824 1787 3088 1857 integram
3149 1791 3468 1844 memoriam

172 1882 502 1938 domitorum
534 1893 845 1939 sanctorum
890 1882 1033 1937 Petri
1066 1891 1120 1935 et
1156 1882 1308 1936 Pauli
1340 1890 1396 1935 et
1423 1878 1594 1934 sancti
1630 1876 1772 1931 Mar-
1800 1866 1849 1927 B
1880 1891 2122 1936 nostram
2178 1880 2378 1950 placuit
2424 1880 2695 1949 addendo,
2731 1890 2787 1936 ut
2844 1889 2951 1935 tam
2996 1879 3144 1952 quod
3174 1896 3242 1937 ex
3285 1891 3470 1939 nostra

168 1974 262 2026 tini
308 1974 561 2028 videntur
606 1990 726 2030 esse
775 1981 1134 2036 constructas,
1188 1972 1275 2026 vel
1328 1971 1489 2025 turba
1541 1968 1771 2039 plurima

172 2067 567 2122 monachorum
623 2066 690 2120 ad
747 2066 1011 2120 unitatem
1059 2071 1401 2129 noscuntur,
1474 2061 1773 2117 clementia:

171 2167 373 2212 nostrae
399 2174 497 2227 pro
527 2158 712 2226 quiete
742 2158 984 2227 ipsorum
1014 2172 1297 2212 servorum
1329 2156 1421 2210 Dei
1467 2148 1774 2225 perceptio-

166 2266 292 2304 nem
322 2250 525 2318 vigoris
568 2251 749 2305 nostri
784 2250 988 2319 placuit
1025 2250 1336 2320 propalare,
1368 2249 1467 2303 sub
1493 2264 1602 2317 quo
1626 2255 1773 2300 tran-

174 2342 467 2410 quillitatis
501 2342 713 2409 ordine,
753 2344 983 2399 Domino
1015 2352 1354 2413 protegente,
1388 2342 1487 2412 ipsi
1520 2340 1771 2395 monachi

164 2430 323 2497 juxta
366 2432 647 2500 religionis
678 2448 923 2488 normam
955 2433 1222 2502 perpetim
1256 2434 1473 2486 valeant
1512 2431 1768 2494 residere,

164 2532 222 2576 ut
250 2523 385 2579 huic
409 2525 579 2579 series
600 2525 814 2595 planius
834 2525 1163 2591 declaretur,
1197 2526 1322 2595 quia
1346 2524 1478 2579 nihil
1508 2524 1575 2579 de
1598 2540 1771 2579 cano-

166 2617 290 2671 nica
323 2617 668 2673 institutione
692 2619 953 2681 convelli;
988 2628 1043 2673 et
1091 2618 1353 2699 quicquid
1399 2634 1429 2671 a
1461 2617 1773 2673 domesticis

163 2727 267 2780 pro
317 2712 711 2779 tranquillitate
742 2712 894 2782 pacis
946 2712 1297 2767 conceditur:
1329 2727 1430 2766 nec
1485 2713 1641 2767 nobis
1672 2712 1772 2765 ali-

164 2801 287 2869 quis
328 2800 720 2857 detrahendum
749 2804 983 2858 aestimet
1015 2812 1177 2873 atque
1226 2804 1423 2859 innova
1455 2804 1770 2859 decernitur

161 2893 386 2959 merito,
422 2893 553 2947 dum
602 2894 668 2949 ab
711 2896 972 2965 antiquis,
1002 2895 1155 2964 juxta
1192 2896 1509 2965 pontiﬁcum
1553 2896 1766 2951 institu-

164 2984 401 3053 tionem,
427 3000 526 3055 pro
554 2986 739 3053 regale
787 2989 1128 3042 correctione
1171 2989 1502 3042 monasteria
1550 2997 1770 3043 sancto-

164 3093 286 3131 rum
314 3086 371 3132 et
398 3076 692 3134 Stabulaus
721 3088 777 3134 et
818 3078 1272 3134 Malmundarium
1305 3080 1570 3135 libertatis
1598 3080 1767 3150 privi-

158 3168 309 3239 legio
342 3170 599 3226 videntur
629 3171 950 3228 consistere.
997 3170 1141 3241 Ergo
1190 3172 1235 3227 si
1278 3188 1382 3242 qua
1441 3172 1572 3226 inibi
1622 3173 1766 3226 illius

1878 1973 2152 2041 largitate,
2200 1987 2362 2041 quam
2408 1972 2801 2027 deliberatione
2846 1971 3014 2042 ipsius
3046 1972 3133 2026 vel
3162 1981 3470 2028 ceterorum

1877 2074 1970 2120 aut
1999 2064 2307 2134 cujuslibet,
2332 2073 2424 2118 aut
2453 2065 2616 2119 fuerit
2642 2065 2895 2119 devoluta
2924 2066 3218 2135 possessio,
3248 2081 3468 2137 quoquo

1879 2166 2124 2227 tempore
2176 2157 2321 2211 nulla
2350 2157 2636 2225 judiciaria
2679 2165 2940 2229 potestas,
2986 2163 3080 2212 aut
3136 2158 3468 2226 succidente,

1877 2248 1944 2301 ad
1974 2262 2167 2303 causas
2193 2248 2508 2311 audiendas,
2540 2255 2632 2301 aut
2673 2247 2875 2317 aliquid
2918 2248 3224 2303 exactando
3264 2248 3466 2305 ibidem

1877 2357 1982 2395 non
2032 2349 2318 2411 pnnsumat
2347 2340 2570 2410 ingredi,
2620 2340 2715 2394 sed
2756 2355 2918 2395 omne
2971 2340 3312 2395 immunitate
3366 2342 3455 2398 hic

1878 2432 2049 2502 ipsum
2080 2432 2409 2487 monasteria
2438 2431 2530 2501 qui
2554 2432 2608 2484 in
2640 2431 2905 2487 Dionante
2933 2440 3114 2486 castro
3136 2439 3192 2486 et
3217 2431 3270 2485 in
3293 2429 3467 2500 Hogio

1876 2524 2200 2578 commorari
2217 2522 2487 2586 videntur,
2513 2522 2663 2577 nullo
2687 2521 2943 2576 theloneo
2967 2520 3037 2575 ad
3062 2536 3190 2577 usus
3211 2529 3469 2577 exactare

1877 2615 2092 2686 penitus
2122 2631 2229 2669 non
2280 2616 2617 2684 praesumatis
2649 2633 2662 2680 ;
2697 2623 2752 2669 et
2778 2614 3039 2684 quidquid
3084 2614 3281 2670 exinde
3312 2616 3469 2671 fiscus

1876 2719 2061 2762 nostro
2113 2706 2339 2761 forsitan
2388 2706 2455 2762 de
2485 2721 2672 2762 eorum
2717 2706 3049 2774 hominibus,
3081 2716 3175 2761 aut
3217 2707 3285 2762 de
3314 2708 3469 2777 inge-

1876 2816 2033 2866 nuos,
2065 2809 2158 2854 aut
2181 2800 2247 2855 de
2276 2798 2657 2863 servientibus,
2696 2813 2816 2869 qua-
2844 2797 2912 2852 ad
2943 2797 3093 2869 ipsos
3139 2812 3298 2853 casus
3332 2799 3467 2868 legi-

1875 2896 2007 2950 timo
2040 2895 2292 2949 redibunt
2336 2894 2512 2958 initio,
2549 2904 2572 2927 ίι
2606 2902 2660 2947 et
2705 2908 2892 2947 earum
2943 2906 3102 2962 agros
3130 2894 3467 2950 commanire

1874 2986 2147 3051 videntur,
2172 2987 2257 3042 vel
2290 2986 2432 3041 unde
2459 2986 2585 3056 quid
2618 2986 2817 3055 poterit
2836 3000 3060 3055 sperare
3085 3000 3155 3041 ex
3181 2985 3467 3054 indulgen-

1880 3083 2006 3134 tiam
2051 3090 2289 3134 nostram
2324 3080 2374 3132 in
2434 3077 2788 3133 luminaribus
2818 3077 2986 3149 ipsius
3036 3079 3209 3133 sancti
3248 3077 3357 3133 loci
3384 3078 3469 3134 vel

1876 3171 2147 3240 stipendia
2187 3179 2502 3225 sanctorum
2536 3169 2650 3235 Dei,
2674 3178 2851 3223 tamen
2872 3169 3030 3225 nobis
3058 3169 3108 3222 in
3140 3168 3233 3224 Dei
3250 3170 3469 3225 nomine

160 3263 350 3318 abbati
381 3272 467 3318 est
493 3263 827 3333 delegatum,
859 3273 953 3320 aut
1000 3264 1259 3334 deinceps
1292 3264 1453 3319 fuerit
1498 3263 1764 3329 additum,
1799 3254 1845 3318 C
1876 3264 2207 3329 viventibus,
2256 3273 2364 3316 tam
2422 3278 2521 3333 pro
2573 3273 2822 3332 tempore
2877 3260 3318 3331 succedentibus,
3374 3278 3472 3332 pro

156 3357 314 3425 juxta
347 3356 495 3423 quod
543 3357 611 3411 ab
645 3358 876 3426 Anglino
923 3357 1121 3411 abbate
1170 3356 1257 3411 vel
1302 3356 1501 3411 ceteris
1549 3355 1765 3411 domuis

160 3448 455 3503 abbatibus
494 3448 562 3503 ad
608 3449 831 3519 prmfata
877 3453 1213 3507 monasteria
1244 3450 1331 3506 vel
1375 3451 1765 3508 monachorum

165 3540 373 3594 ibidem
415 3538 813 3611 deservientes,
857 3540 1013 3612 juxta
1065 3545 1210 3613 quod
1267 3562 1455 3603 eorum
1489 3546 1769 3603 continent

155 3632 473 3701 privilegia,
508 3647 627 3702 quae
648 3634 809 3691 nobis
834 3636 1092 3707 prtefatus
1123 3639 1385 3709 Anglinus
1414 3640 1555 3695 abba
1576 3647 1763 3711 protu-

154 3726 218 3781 lit
238 3726 663 3793 recensendum,
681 3730 948 3785 sancitum
961 3746 1081 3787 esse
1095 3733 1456 3802 cognovimus
1471 3742 1525 3788 et
1542 3732 1762 3798 scimus,

155 3818 339 3874 nullus
367 3818 774 3889 episcoporum,
806 3828 864 3875 ut
895 3820 1156 3888 diximus,
1186 3838 1287 3878 nec
1312 3839 1570 3893 prmsens,
1590 3838 1757 3893 neqm

155 3912 251 3981 qui
295 3910 467 3965 fuerit
497 3912 832 3967 successoris
888 3912 1027 3982 ejus,
1058 3929 1154 3968 seu
1198 3915 1636 3981 archidiaconus,
1669 3929 1766 3969 seu

156 4020 358 4061 eorum
381 4005 743 4075 ordinatores,
757 4006 843 4061 vel
859 4007 1112 4076 quaelibet
1136 4022 1391 4078 persona,
1409 4016 1533 4079 post
1551 4022 1769 4078 quoque

159 4096 362 4153 ordine
393 4095 594 4152 aﬁ‘erre
616 4096 686 4152 de
714 4097 838 4154 loco
861 4099 1007 4169 ipso,
1035 4108 1129 4154 aut
1151 4100 1333 4171 aliqua
1362 4109 1639 4170 potestate
1665 4099 1765 4154 sibi

153 4192 277 4262 ipsa
308 4192 650 4247 monasteria
688 4200 878 4263 petere
898 4194 1043 4262 quod
1069 4194 1331 4264 scriptum
1360 4203 1445 4250 est
1473 4196 1759 4264 adaptare,

153 4289 238 4345 vel
264 4288 474 4359 aliquid
502 4289 663 4359 quasi
693 4304 795 4360 pro
822 4290 1267 4346 commutationis
1289 4290 1446 4344 titulo
1477 4289 1762 4354 minorari,

150 4392 247 4439 aut
295 4383 369 4438 de
410 4383 746 4438 monasteria
813 4383 963 4440 illata
1010 4383 1331 4453 abstollere,
1388 4398 1487 4439 nec
1534 4384 1601 4439 ad
1642 4384 1758 4454 ipsa

1879 3355 2144 3412 mercedis
2168 3354 2549 3426 compendium
2587 3354 2825 3410 debeant
2870 3364 3064 3411 cuncta
3095 3355 3377 3424 prolicere,
3410 3364 3473 3412 ut

1880 3464 1978 3519 pro
2015 3456 2221 3505 aeterna
2276 3448 2451 3503 salute
2496 3446 2583 3501 vel
2627 3434 2875 3501 felicitati
2922 3447 3112 3517 patrna
3172 3462 3269 3502 seu
3316 3447 3471 3518 regni

1889 3545 2273 3608 constantiam,
2325 3544 2555 3599 delectet
2598 3544 2765 3614 ipsius
2817 3544 3097 3600 monachis
3148 3544 3472 3600 immensam

1886 3637 2096 3693 Domini
2128 3638 2382 3706 pietatem
2404 3635 2716 3705 implorare.
2742 3634 2912 3702 Quem
2936 3644 3261 3706 praeceptum
3286 3636 3475 3693 decre-

1881 3738 1969 3787 tus
1995 3738 2184 3787 noster
2212 3731 2263 3785 in
2295 3730 2546 3785 omnibus
2576 3727 2917 3799 suﬁraganti,
2949 3739 3024 3797 et,
3049 3738 3109 3784 ut
3138 3730 3344 3787 ﬁrmior
3367 3731 3469 3787 ha-

1882 3826 2075 3880 beatur
2122 3833 2178 3878 et
2222 3823 2572 3894 perhenniter
2624 3830 2977 3878 conservetur
3003 3864 3019 3892 ,
3069 3822 3472 3880 subscribtione

1883 3934 2073 3975 manus
2122 3928 2323 3974 nostra:
2352 3917 2688 3973 estuduimus
2716 3931 2998 3988 peragere.
3057 3915 3470 3974 Cadecissama-

1885 4026 1986 4066 nus
2014 4011 2351 4081 recognovit.
2402 4008 2628 4080 Signum
2658 4009 2968 4066 Cbilderico
2996 4008 3199 4068 domno
3224 4010 3468 4080 glorioso

1880 4117 2031 4174 rege.

1954 4197 2218 4253 Emunata
2269 4199 2336 4253 de
2360 4198 2693 4255 monasterio
2722 4197 2973 4255 Estabula
3002 4214 3099 4256 seu
3128 4198 3465 4257 lalmuada-

1883 4289 1986 4356 rio,
2027 4297 2087 4342 ut
2135 4304 2242 4343 non
2277 4288 2473 4343 debeat
2502 4289 2639 4345 alter
2685 4290 2855 4345 abbas
2883 4305 3029 4360 esse,
3061 4292 3161 4347 nisi
3203 4308 3341 4362 quos
3369 4293 3470 4363 ipsi

1884 4381 2135 4437 monachi
2170 4380 2443 4436 voluerint
2481 4380 2703 4451 eligere,
2736 4390 2797 4436 ut
2847 4382 2943 4438 Dei
2985 4382 3239 4438 voluntas
3284 4381 3468 4439 fuerit.

136 4476 491 4531 monasteria
518 4473 603 4529 vel
633 4474 843 4531 cellulis
872 4476 1013 4547 ejus.
1037 4476 1183 4547 quod
1214 4476 1429 4531 facilius
1456 4485 1539 4532 est
1568 4490 1761 4532 secun-
1792 4466 1841 4526 Ι)
1884 4475 2016 4529 Data
2055 4473 2201 4545 quod
2230 4472 2359 4529 fecit
2388 4474 2588 4530 mensis
2618 4473 2809 4530 Julius.

224 4648 252 4676 ι
294 4639 405 4694 Pro
428 4639 599 4707 initio,
632 4640 775 4711 quod
804 4639 1121 4695 Martenium
1152 4648 1207 4693 et
1236 4638 1633 4711 Bertholetumh
1656 4652 1746 4694 se~

150 4712 281 4776 cuti,
315 4709 663 4780 scripserunt
684 4712 894 4780 pristini
928 4712 1194 4776 editores,
1252 4718 1479 4779 excepto
1514 4709 1574 4763 D.
1606 4709 1748 4763 Bou-

150 4792 314 4851 quet,
346 4779 440 4849 qui
464 4784 627 4837 habet
653 4779 819 4837 mitia.
856 4780 1005 4837 Hanc
1035 4783 1205 4852 ipsam
1238 4797 1426 4837 vocem
1460 4779 1745 4852 praeferen-

150 4850 273 4924 dam
300 4858 531 4924 opinor;
565 4854 765 4924 quippe
796 4853 989 4921 legitur
1020 4850 1072 4908 in
1122 4853 1326 4907 chartis
1368 4868 1495 4924 ann.
1537 4850 1661 4924 775:9:
1697 4860 1749 4905 et

152 4923 257 4993 760
288 4925 318 4977 ἐι
342 4920 628 4979 ίΜθτιθηὶο
663 4920 1131 4993 ὲίΙίιίδζΑιηρΙίεε.
1157 4924 1281 4977 coll.
1309 4932 1346 4976 t.
1392 4922 1431 4985 Ι,
1464 4923 1568 4976 col.
1598 4920 1665 4974 9.6
1695 4930 1750 4975 et

150 4992 238 5058 27,
275 4995 632 5064 formulisque
664 5010 755 5050 xm
777 5006 831 5050 et
860 5012 967 5061 xw,
984 4992 1087 5050 lib.
1117 4994 1137 5049 ι
1162 4993 1421 5048 Marculli.
1456 4994 1592 5060 Quid
1618 5008 1747 5049 vero

150 5066 220 5118 sit
247 5066 454 5119 mitium
478 5082 583 5120 non
614 5069 836 5121 omnino
864 5073 1098 5129 constat,
1117 5080 1239 5121 cum
1273 5068 1371 5120 hac
1400 5080 1530 5119 voce
1548 5064 1745 5133 Digno-

152 5136 275 5191 nius
324 5137 601 5191 censuerit
642 5137 931 5205 signiﬁcari
987 5140 1196 5203 missus,
1240 5152 1448 5206 egoque
1480 5136 1594 5205 ipse
1643 5136 1749 5206 pri-

152 5221 300 5264 mum
333 5208 388 5264 itt
441 5206 579 5264 hanc
626 5208 783 5264 ierim
810 5210 1155 5267 sententiam.
1210 5208 1289 5263 lle
1338 5218 1518 5263 tamen
1562 5216 1742 5264 atten-

1884 4609 1991 4665 tius
2038 4625 2324 4680 perpensa,
2354 4612 2613 4679 suspicor,
2647 4609 2697 4664 in
2747 4610 2948 4666 chartis
2978 4620 3124 4667 certe
3165 4621 3221 4668 et
3260 4613 3313 4668 in
3358 4612 3473 4668 for-

1885 4682 2042 4755 mulis
2072 4680 2322 4755 laudatis,
2356 4684 2550 4735 mitium
2581 4681 2979 4755 intelligendum
3022 4698 3143 4739 esse
3170 4682 3247 4755 de
3275 4683 3475 4755 placito

1893 4752 2243 4808 immanitatis
2272 4768 2377 4821 quo
2421 4753 2710 4807 convenire
2739 4753 3006 4808 debebant
3034 4752 3291 4809 homines
3336 4755 3474 4809 infra

1887 4823 2218 4877 territorium
2250 4824 2600 4879 immunitatis
2628 4832 3049 4881 commanentes.
3081 4826 3264 4894 Neque
3290 4826 3475 4893 inepte

1893 4894 2124 4965 fortasse
2153 4894 2413 4961 originem
2464 4896 2613 4951 vocis
2672 4895 2872 4949 mitium
2928 4896 3150 4951 duceret
3196 4895 3392 4965 aliquis
3442 4910 3473 4950 a

1895 4964 2060 5019 verbo
2084 4964 2355 5020 Saxonico
2384 4976 2553 5020 meum
2584 4967 2942 5034 (occurrere),
2985 4966 3127 5021 unde
3157 4977 3261 5020 mot
3284 4964 3339 5019 et
3387 4982 3473 5036 ge-

1888 5036 2377 5117 motfconcilium),
2397 5047 2471 5103 et,
2494 5037 2636 5106 quod
2658 5036 2853 5103 adhuc,
2877 5037 3017 5108 apud
3043 5037 3263 5108 Anglos,
3279 5036 3475 5093 dicitur

1882 5114 2123 5178 meeting.
