4206 6546
171 428 312 486 “57

940 541 1001 597 ll.

174 657 369 712 (.‘lmrta
399 675 497 727 qua
527 658 882 739 Blidfgisillus
922 664 1095 739 omn’n
1126 678 1240 731 qua:
1268 680 1299 716 (ι
1331 664 1620 739 (ΪΙιΙριιουεο
1648 684 1767 739 rege

246 747 409 798 accep.
431 741 542 794 rat,
593 731 661 781 ad
713 732 1109 785 construendum
1155 737 1521 790 monasterium
1568 731 1760 793 Ιδοδδῖιο

246 806 620 940 zrnse,6r1$at
674 803 789 854 huic
846 805 1157 858 ηιοηιιιιρνὶο
1202 822 1235 857 a
1283 821 1339 859 ac
1388 820 1680 864 constructo
1741 812 1765 841 ⁸

268 891 396 926 ann.
568 913 577 924 .

268 891 396 926 ann.
431 891 577 926 0W).

241 1009 301 1063 ln
332 1008 554 1063 nomine
592 1018 799 1063 sanctae
844 1010 1140 1073 Trinitatis,
1188 1009 1543 1082 Blidegisillus
1580 1015 1769 1070 diaco-

169 1117 297 1167 nus,
323 1117 511 1156 servus
538 1116 819 1157 servorum
855 1104 969 1159 Dei.
1008 1104 1110 1171 Qui
1139 1112 1355 1161 aeternae
1394 1110 1515 1163 vitae
1546 1109 1771 1165 haeredi-

169 1202 345 1249 tatem
376 1210 497 1250 cum
527 1196 728 1250 sanctis
757 1194 810 1250 in
842 1197 1027 1252 futuro
1070 1199 1255 1254 seculo
1298 1200 1569 1255 desiderat
1598 1204 1773 1272 possi-

167 1288 325 1353 dere,
360 1298 574 1360 oportet
621 1291 767 1346 illum
802 1291 854 1346 in
883 1296 1133 1362 praesenti
1181 1298 1366 1352 seculo
1396 1313 1768 1368 compensare,

169 1384 319 1439 unde
350 1384 496 1439 illam
544 1386 683 1456 apud
719 1387 1017 1458 piissimum
1065 1389 1350 1445 Dominum
1387 1391 1567 1447 valeat
1598 1394 1771 1465 impe-

169 1485 343 1531 trare.
398 1477 661 1534 Omnibus
712 1479 874 1548 igitur
930 1480 1247 1549 ordinibus,
1298 1482 1510 1539 clericis
1557 1500 1774 1554 quoque

168 1584 388 1624 necnon
411 1581 465 1625 et
487 1569 658 1638 laicis,
685 1572 1001 1640 cunctisque
1024 1586 1223 1628 sanctae
1247 1574 1338 1629 Dei
1364 1573 1614 1630 Ecclesia:
1646 1576 1775 1631 lide~

169 1665 339 1729 libus,
368 1674 476 1719 tam
510 1666 867 1735 praesentibus
912 1681 1074 1735 quam
1108 1669 1321 1733 futuris,
1353 1670 1627 1738 cognitum
1662 1669 1776 1725 ﬁeri

168 1754 442 1819 volumus,
492 1754 616 1824 quia
658 1755 931 1823 quandam
981 1764 1179 1812 terram
1232 1758 1285 1811 in
1332 1773 1470 1827 pago
1500 1758 1777 1813 Parisiaco

167 1845 355 1909 sitam,
388 1862 549 1915 quam
573 1846 806 1902 domnus
837 1862 931 1903 rex
964 1847 1305 1904 Chlodoveus
1328 1851 1772 1919 gloriosissimus,

927 425 1360 486 DONATIONES
1402 431 1488 484 At}
1531 428 1993 488 TESTAMENTA
2035 430 2246 489 EPISC.
2313 434 2490 492 ABB..
2529 435 2683 494 ETC.

3325 441 3468 502 1158

1800 561 1837 611 Λ
1870 550 1955 604 die
1987 564 2155 619 usque
2184 550 2249 605 ad
2273 551 2512 607 ultimam
2544 552 2703 620 hujus
2722 554 2887 607 seculi
2929 553 3118 609 horam
3152 562 3363 614 teneant
3395 578 3461 618 ac
3532 622 3541 634 .

1868 643 2256 712 perpetualiter
2285 646 2618 714 possideant.
2670 643 2737 698 Et
2765 648 2905 701 sicut
2946 648 3013 702 de
3044 648 3209 716 regali
3243 666 3463 709 munere

1868 735 1973 791 hoc
2003 736 2425 805 promeruimus,
2472 738 2546 793 ita
2592 741 2659 794 de
2682 738 2807 810 jure
2857 752 3052 797 nostrae
3096 745 3461 814 proprietatis,

1869 841 1991 881 cum
2020 837 2290 898 praecepto
2320 836 2376 881 et
2406 830 2552 883 omni
2581 830 2958 897 inStrumento,
2983 834 3094 887 sive
3123 837 3269 891 omni
3295 838 3465 895 dona-

1870 917 2017 972 tione
2058 934 2217 987 quam
2272 932 2769 990 supramemoratns
2819 940 2914 979 rex
2960 924 3190 981 domnus
3227 929 3465 987 Chlo-zlo-

1870 1023 2103 1075 veus,ac
2132 1012 2327 1082 inclyta
2360 1012 2479 1082 ejus
2506 1015 2740 1082 genitrix
2767 1015 3166 1086 Nandeehildis,
3195 1020 3459 1092 fecerunt,

1872 1108 1926 1154 et
1956 1100 2131 1166 nobis,
2180 1104 2289 1158 lico
2332 1105 2652 1177 inspirante,
2700 1108 3037 1178 placabiliter
3078 1112 3366 1182 dederunt,
3411 1119 3463 1173 in

1872 1205 2059 1247 eorum
2107 1192 2225 1262 ejus
2270 1205 2618 1265 potestatem,
2651 1201 2717 1253 ad
2747 1201 2925 1270 ipsum
2968 1201 3152 1258 locum
3192 1209 3463 1266 sustinen-

1874 1285 2019 1349 dum,
2067 1296 2230 1358 atque
2269 1288 2337 1343 ad
2383 1302 2570 1346 eorum
2617 1308 2848 1365 corpora
2899 1296 2950 1351 in
2994 1296 3087 1353 Dei
3122 1302 3345 1358 servitio
3392 1306 3465 1362 ibi

1875 1378 2212 1443 sustinenda,
2242 1379 2356 1436 Deo
2375 1383 2689 1451 auxiliante,
2725 1392 3127 1457 transponimus
3156 1410 3220 1449 ac
3247 1395 3471 1454 tirmiter

1878 1470 2622 1541 transl‘undimns:quatinus
2664 1475 2762 1543 ipsi
2811 1482 2951 1533 servi
2999 1481 3116 1547 Dei,
3171 1499 3471 1556 omne-que

1876 1576 2216 1617 successores
2259 1579 2468 1631 eorum,
2522 1576 2577 1621 ut
2626 1569 2987 1636 pnediximus,
3024 1576 3220 1630 ibidem
3252 1580 3351 1633 sub
3383 1597 3469 1635 re-

1877 1652 2000 1719 gula
2030 1653 2085 1706 S.
2123 1654 2396 1709 Benedicti
2424 1658 2490 1711 ad
2522 1659 2736 1713 modum
2768 1671 2819 1715 et
2843 1662 3247 1724 similitudinem
3295 1672 3471 1728 Luxo-

1878 1745 2077 1798 viensis
2109 1748 2445 1813 monasterii,
2480 1748 2710 1806 Domino
2740 1754 2956 1811 Christo
2983 1758 3201 1813 valeant
3231 1762 3467 1819 devotis-

1878 1838 2012 1892 sime
2040 1839 2305 1907 famulari,
2333 1844 2461 1897 etin
2485 1846 2733 1901 omnibus
2756 1863 2873 1902 eam
2897 1862 3175 1908 sectentur
3201 1869 3468 1924 normam,

168 1953 237 1990 ac
273 1938 527 2006 praecelsa
572 1940 805 2008 genitrix
851 1941 970 2009 ejus
1017 1940 1395 1996 Nandechildis
1427 1944 1629 2011 regina,
1683 1960 1777 2013 per

1883 1940 1941 1985 nt
1968 1933 2217 1988 omnibus
2250 1938 2564 2006 postpositis
2612 1942 2992 2009 peculiaribus,
3022 1945 3175 2012 juxta
3218 1951 3475 2016 apestoli-

168 2039 505 2099 praeceptum
536 2031 774 2095 illorum,
804 2047 902 2100 pro
931 2032 1180 2087 mercede
1218 2049 1336 2100 sua,
1384 2034 1449 2088 ad
1492 2036 1775 2091 ecclesiam

172 2121 274 2175 Dei
300 2122 430 2175 inibi
448 2122 842 2187 aediﬁcandam,
866 2126 1140 2191 quondam
1172 2126 1328 2179 nobis
1352 2142 1628 2180 concesso:
1647 2136 1776 2181 unt:

170 2213 329 2269 illum
360 2214 613 2270 videlicet
642 2218 1017 2271 castelliouem
1060 2218 1149 2287 qui
1198 2217 1454 2273 Fossatus
1482 2219 1697 2287 dicitur,
1726 2229 1781 2275 et

170 2319 341 2373 quem
380 2307 616 2376 vulgaris
661 2307 840 2377 lingua
889 2307 1135 2363 Castrum
1183 2320 1339 2364 vocat
1380 2310 1775 2383 Bagmdarum,

171 2410 345 2465 super
372 2396 594 2452 ﬂuvium
623 2397 880 2454 Maternae
912 2400 1094 2461 situm,
1128 2399 1419 2456 habentem
1458 2405 1524 2456 ah
1556 2406 1778 2459 introitu

170 2503 278 2542 suo
308 2504 481 2558 usque
507 2490 560 2543 in
592 2490 804 2543 alveum
834 2492 1002 2558 ipsius
1032 2492 1287 2547 Maternae
1318 2494 1559 2548 bninarii
1592 2496 1616 2533 le
1645 2498 1778 2551 titio-

172 2582 379 2648 decim,
413 2597 533 2636 cum
564 2590 675 2635 tota
709 2592 847 2637 terra
880 2585 1143 2638 vocabulo
1178 2586 1445 2650 Varenna,
1475 2605 1593 2657 qum
1624 2600 1705 2645 cst
1729 2590 1781 2643 in

173 2676 616 2743 circuituipsius
645 2675 993 2739 (‘astellionis,
1019 2685 1074 2730 et
1107 2691 1270 2744 quam
1304 2678 1557 2734 Materna:
1589 2681 1780 2739 lluvius

174 2775 356 2836 gyiat,
390 2782 451 2820 ac
482 2767 718 2821 lossatus
748 2782 901 2834 aqua:
931 2767 1230 2837 concludit,
1282 2770 1380 2835 ipsi
1426 2782 1616 2827 sancto
1659 2774 1779 2828 leto

177 2860 231 2911 in
270 2858 478 2911 honore
522 2858 733 2912 Domini
776 2874 839 2913 ac
889 2874 1056 2913 sacrze
1100 2862 1376 2927 genitricis
1420 2862 1537 2929 ejus
1578 2863 1779 2935 Mariae,

180 2966 301 3006 nec!
327 2968 400 3007 on
428 2960 483 3006 et
510 2952 810 3022 principum
852 2955 1221 3022 apostolorum
1270 2955 1413 3011 Petri
1448 2967 1501 3011 et
1532 2957 1705 3025 Pauli,
1751 2975 1782 3014 a

178 3046 339 3098 nobis
369 3054 722 3111 constructo,
758 3048 808 3099 in
858 3060 967 3115 quo
1011 3048 1283 3115 egregium
1324 3050 1518 3116 virum,
1564 3054 1782 3108 nomine

175 3136 539 3201 Babolenum,
574 3137 672 3192 sub
702 3138 759 3192 S.
791 3140 958 3207 patris
1002 3138 1278 3195 Burcditi
1309 3146 1575 3211 exemplo,
1611 3160 1783 3214 nuper

176 3230 563 3285 constituimus
594 3231 863 3297 abbatem,
897 3240 1119 3302 propter
1162 3234 1425 3289 abluenda
1458 3236 1778 3294 delictorum

176 3335 429 3375 ineorum
462 3321 717 3385 facinora,
744 3323 827 3377 vel
851 3321 1049 3378 Christi
1071 3325 1301 3392 gratiam
1329 3330 1777 3397 conquirendam,

175 3413 534 3482 complacuit,
564 3413 777 3468 dediise
809 3414 1074 3471 volumus.
1106 3417 1372 3472 Prmterea
1404 3430 1465 3473 ut
1494 3423 1779 3489 praedictus

178 3503 263 3555 \ir
295 3504 667 3557 sanctissimus
695 3502 1020 3570 Babolenns,
1050 3520 1211 3574 quem
1254 3523 1354 3578 pro
1384 3525 1570 3568 amore
1602 3513 1693 3568 Dei
1726 3516 1777 3569 in

178 3594 405 3661 eodem,
454 3594 593 3649 sicut
636 3593 889 3660 diximus,
940 3597 1061 3651 loco
1105 3599 1353 3655 abbatem
1383 3605 1773 3671 constituimus,

177 3689 380 3756 suique
417 3687 668 3742 monachi
698 3702 792 3741 seu
830 3704 1171 3746 successores
1197 3707 1407 3755 earum,
1441 3711 1584 3765 saepe
1611 3700 1777 3753 l'atum

178 3778 558 3834 castellionem
607 3793 729 3833 cum
770 3778 882 3847 jam
925 3780 1067 3835 dicta
1102 3781 1351 3839 Varenna
1382 3801 1543 3854 quam
1586 3788 1782 3844 ﬂuvius

181 3869 447 3924 Maternae
475 3869 775 3935 circundat,
824 3878 882 3925 et
919 3872 1153 3926 fossatus
1196 3875 1549 3944 castellionis,
1592 3888 1652 3933 ut
1698 3881 1782 3935 di-

182 3973 335 4018 ctum
366 3974 471 4031 est,
516 3965 565 4018 in
612 3965 834 4019 introitu
872 3982 970 4020 suo
995 3966 1062 4022 ab
1088 3983 1227 4037 aqua
1271 3970 1324 4024 in
1364 3986 1556 4039 aquam
1608 3982 1778 4029 totam

184 4068 389 4112 terram
426 4058 718 4125 concludit,
768 4074 874 4113 una
908 4074 1031 4113 cum
1078 4063 1423 4117 manentibus
1461 4064 1565 4119 illis
1591 4068 1679 4133 qui
1710 4066 1783 4121 ibi

184 4149 528 4219 appendnnt,
559 4166 682 4205 cum
712 4153 877 4220 pratis
909 4168 972 4208 ac
1002 4154 1235 4222 pascuis,
1269 4156 1494 4223 garricis
1523 4166 1578 4212 et
1601 4158 1776 4226 ulmis,

184 4258 318 4298 cum
347 4257 484 4311 aqua
511 4259 660 4308 vero,
694 4260 789 4299 seu
821 4247 965 4299 omni
1005 4248 1324 4315 piscatione,
1356 4250 1543 4306 insulis
1566 4267 1781 4322 quoque

186 4350 255 4390 ac
305 4335 651 4402 molendinis,
702 4352 912 4391 necnon
961 4347 1017 4393 et
1068 4340 1403 4410 piscatoriis,
1446 4344 1782 4414 cum/portis

187 4427 357 4481 etiam
402 4428 715 4494 cunctisque
760 4428 927 4497 ipsius
972 4444 1125 4499 aquae
1156 4434 1494 4499 transitoriis,
1533 4435 1619 4491 vel
1660 4452 1781 4491 tum

187 4519 445 4573 omnibus
490 4518 805 4587 adjacentiis
849 4521 1009 4576 cultis
1048 4532 1103 4577 et
1128 4524 1363 4591 incultis,
1404 4528 1472 4581 ab
1522 4530 1778 4585 hodierna

1883 2038 2000 2076 cam
2035 2024 2401 2087 traditionem,
2450 2038 2643 2082 cuncta
2688 2033 2893 2099 possint
2924 2036 3199 2103 possidere
3229 2055 3473 2097 commu-

1884 2115 2008 2181 nia;
2038 2124 2095 2169 ut
2124 2125 2177 2170 et
2205 2118 2303 2171 sibi
2336 2119 2565 2175 salutem
2589 2125 2888 2193 acquirant,
2921 2143 2985 2183 ac
3007 2146 3105 2199 pro
3133 2134 3309 2189 anima
3341 2153 3474 2205 prae-

1883 2208 2068 2276 scripti
2100 2210 2240 2277 regis
2269 2209 2470 2265 domini
2502 2212 2779 2281 Clodovei,
2830 2233 2893 2272 ac
2939 2222 3126 2277 matris
3167 2223 3285 2293 ejus
3332 2226 3476 2282 Nan-

1883 2298 2164 2365 decbildis,
2194 2303 2282 2371 qui
2308 2304 2436 2357 mihi
2460 2304 2584 2371 hoc,
2610 2316 2667 2361 ut
2689 2310 2967 2379 praefatum
2984 2324 3087 2382 est,
3106 2320 3476 2389 contulerunt,

1884 2403 2091 2444 necnon
2123 2402 2179 2446 et
2206 2410 2303 2463 pro
2334 2410 2441 2463 me,
2474 2397 2695 2467 indigno
2723 2417 2785 2455 ac
2818 2406 3121 2462 miserrimo
3148 2408 3476 2479 Blidegisillo

1885 2491 2200 2548 peccatore,
2266 2486 2548 2543 Dominum
2610 2498 2723 2547 toto
2774 2495 2937 2550 corde
3000 2498 3207 2555 lidelius
3250 2518 3477 2562 exorare

1885 2569 2137 2665 delccwt.
2190 2575 2247 2627 Si
2297 2578 2417 2643 quis
2471 2595 2598 2633 vero
2649 2582 2812 2652 (quod
2858 2603 3128 2659 nunquatn
3184 2597 3476 2665 credimus)

1886 2669 2075 2715 contra
2104 2663 2241 2720 hanc
2272 2669 2613 2726 traditionem
2657 2682 2712 2729 et
2752 2687 2947 2732 DOaII‘J)
2992 2682 3345 2753 delegatinnis
3383 2663 3477 2745 de;

1886 2765 2091 2811 cretum
2117 2758 2497 2831 insurrexerit,
2528 2774 2622 2819 aut
2651 2782 2769 2821 eam
2799 2770 3092 2840 infringere
3123 2793 3476 2850 praesumpse-

1885 2844 1973 2909 rit,
2008 2848 2090 2900 vel
2123 2848 2437 2907 abstrahere
2481 2855 2547 2908 ab
2590 2855 2707 2926 ipso
2738 2871 2925 2915 sancto
2966 2844 3247 2932 loco,iscu
3279 2844 3476 2942 de'po-

1887 2944 2085 2993 testate
2113 2954 2301 2995 eorum
2334 2942 2464 2999 inibi
2489 2944 2596 3000 Deo
2619 2952 2988 3020 servientium,
3021 2956 3154 3011 iram
3187 2960 3277 3013 Dei
3307 2965 3474 3017 omni-

1887 3033 2120 3098 potentis
2160 3047 2218 3086 se
2262 3033 2541 3091 incurrere
2573 3041 2934 3108 pertimescat,
2986 3053 3040 3098 et
3080 3047 3132 3099 in
3170 3050 3319 3105 caelis
3347 3069 3475 3107 sati-

1886 3129 2096 3176 ctorum
2126 3124 2441 3180 societatem
2475 3130 2701 3197 perdere
2745 3149 2840 3201 per
2881 3136 3059 3190 omnia
3102 3138 3296 3194 formid
3336 3152 3372 3196 t.
3410 3142 3475 3199 Et

1890 3212 2129 3285 insuper,
2177 3221 2327 3286 juxta
2373 3224 2540 3277 seculi
2584 3240 2815 3293 ptenam,
2848 3230 2964 3283 auri
3008 3230 3171 3286 libras
3214 3236 3475 3306 ψιίιιιμιιι,

1885 3311 2092 3377 argenti
2124 3312 2387 3380 pondera,
2420 3317 2664 3383 partibus
2708 3320 2873 3388 ipsius
2922 3321 3025 3375 loci
3057 3326 3141 3379 vel
3166 3327 3279 3394 jam
3321 3330 3476 3387 dii-tis

1884 3401 2054 3454 servis
2103 3400 2217 3464 Dei,
2271 3415 2500 3471 cogente
2544 3408 2675 3462 lisco
2719 3411 2983 3479 exsolvat,
3030 3426 3083 3469 et
3116 3417 3265 3472 nullo
3312 3424 3473 3477 moio

1886 3496 2137 3565 nulloque
2165 3498 2400 3564 ingenio,
2430 3500 2574 3567 quod
2600 3501 2914 3560 adversatur
2940 3508 3247 3566 evindzcare
3266 3516 3466 3573 videat.

1885 3589 1947 3641 Ut
1981 3599 2161 3642 autem
2192 3592 2305 3645 luce
2334 3593 2561 3660 epistoia
2591 3606 2788 3650 nostra:
2816 3596 3124 3657 donationis
3162 3618 3256 3671 per
3284 3616 3476 3663 cuncta

1882 3678 2063 3732 secula
2100 3689 2282 3735 teneat
2310 3682 2548 3749 vigorem
2577 3693 2633 3739 et
2657 3686 3027 3758 stabilitatem,
3057 3708 3218 3748 manu
3255 3700 3475 3767 propria

1890 3770 2324 3840 subscripsimus,
2348 3775 2695 3844 stipulatione
2714 3779 2961 3848 subnixa,
2988 3791 3044 3837 et
3062 3792 3172 3838 tam
3195 3789 3477 3856 pontdices

1891 3876 2050 3931 quam
2083 3866 2327 3932 abbates,
2356 3878 2690 3940 ceterosque
2729 3874 3041 3942 magniﬁcos
3069 3880 3215 3934 viros
3238 3897 3474 3948 praesen-

1894 3966 1971 4011 tes
2004 3959 2054 4012 in
2081 3962 2331 4030 praesenti
2362 3964 2668 4030 rogavimus
2695 3973 2753 4019 ut
2794 3981 2914 4021 eam
2955 3970 3063 4023 suis
3108 3970 3462 4029 roborationi-

1890 4053 1990 4107 bus
2036 4052 2383 4106 adﬁrmarent
2431 4070 2443 4105 :
2487 4054 2631 4123 quod
2678 4066 2735 4110 et
2782 4057 2953 4125 multi,
3012 4061 3309 4129 opitulante
3340 4064 3469 4130 Deo,

1882 4146 2121 4201 libenter
2144 4144 2412 4201 fecerim.
2446 4144 2635 4202 Actum
2660 4147 2919 4217 Parisius,
2947 4153 3047 4207 sub
3081 4153 3167 4209 die
3211 4171 3472 4211 nonarum

1889 4237 2149 4293 Maiarum
2176 4280 2191 4306 ,
2228 4254 2353 4293 ann.
2417 4256 2472 4294 ιιι
2527 4250 2785 4308 regnante
2842 4243 3116 4299 Clodoveo
3142 4287 3158 4314 ,
3202 4247 3475 4316 gloriosis-

1887 4332 2023 4387 simo
2052 4346 2200 4401 rege.
2232 4330 2452 4400 Signum
2482 4331 2788 4404 Blidegisilli
2820 4336 3051 4401 diaconi,
3081 4339 3171 4411 qui
3195 4340 3338 4396 hanc
3361 4346 3476 4411 epi-

1888 4425 2082 4477 stolam
2111 4425 2421 4479 donationis
2454 4424 2569 4479 lieri
2601 4426 2810 4493 rogavit
2854 4436 2909 4481 et
2952 4429 3269 4499 subscripsit
3296 4444 3340 4486 ο.
3387 4433 3474 4487 Si-

1890 4531 2053 4585 gnum
2081 4515 2394 4581 Audoberti,
2438 4514 2720 4572 Parisiacae
2750 4519 2897 4574 urbis
2926 4521 3187 4593 episc0pi,
3228 4527 3319 4593 qui
3351 4526 3475 4582 huic

188 4654 658 4733 subscriptiones;
690 4656 741 4709 in
774 4658 1086 4733 apograpbo
1109 4672 1311 4725 nostro,
1338 4664 1626 4733 unicuique
1650 4682 1778 4731 prae-

1892 4668 2013 4733 nem
2069 4652 2421 4733 lsuxoviensis
2474 4655 2783 4733 monasterii
2812 4695 2827 4719 ,
2879 4658 2977 4733 sub
3026 4658 3210 4733 regula
3260 4658 3321 4713 S.
3370 4660 3472 4715 Be-

190 4730 317 4780 ηλιιε
348 4740 576 4806 cruces;
628 4728 897 4806 nonnullis
921 4728 1128 4806 additae
1172 4744 1310 4788 notae
1338 4728 1773 4806 chirograpbicze.

197 4802 320 4874 \ox
370 4796 697 4874 sacelinrouis
753 4800 817 4851 ad
856 4798 1167 4874 editoribus
1211 4814 1422 4871 sumpta
1479 4796 1782 4874 pro'unius

193 4867 612 4945 testis'nomine.
634 4868 706 4921 De
724 4871 1119 4945 sace"ar_onibu_s
1136 4867 1346 4945 agimus
1367 4876 1417 4928 in
1445 4867 1775 4945 phrlatione.

273 4934 549 5014 {Vulgata
576 4954 801 5014 primum
846 4954 872 4991 a
918 4934 1254 5014 Breuliofin
1286 4934 1670 5014 Sup.»lenn~nto
1714 4934 1781 5005 ad

193 5008 559 5075 Antiquitates
587 5007 933 5073 Parisienses,
970 5025 1087 5078 pag.
1128 5012 1246 5075 ιη,
1281 5032 1348 5070 ex
1368 5007 1489 5071 ’νὶιι
1523 5017 1580 5072 S.
1610 5018 1781 5073 Balin-

192 5080 416 5158 πῖθι-..ει
459 5092 525 5131 ex
566 5093 631 5131 eo
681 5079 851 5133 relata
894 5084 1037 5158 apud
1083 5083 1372 5158 Cointi_um,
1431 5090 1569 5142 Ann.
1619 5098 1654 5142 t.
1692 5090 1780 5158 Ill,

195 5168 259 5221 p.
295 5147 428 5209 H7;
469 5162 657 5202 recusa
684 5162 869 5272 postea
903 5153 952 5204 in
980 5153 1210 5208 Historia
1242 5147 1490 5211 Ecclesiae
1521 5147 1784 5215 Parisien;

195 5223 301 5272 si“.
340 5231 376 5272 ι.
408 5217 448 5272 Ι.
482 5232 603 5272 082.
653 5219 674 5270 1
723 5220 792 5272 ὅε
826 5221 874 5272 ilt
901 5219 1133 5272 Historia
1171 5226 1401 5272 civitatis
1445 5226 1775 5272 pari\iﬂlrh‘iﬂ,

408 5217 448 5282 Ι,
482 5232 603 5295 pag.
653 5217 792 5295 1733‘;
826 5219 1133 5295 in_Historia
1171 5226 1401 5281 civitatis
1445 5226 1779 5295 Parisiensis,

199 5290 373 5344 Ρυιίιι.
410 5297 450 5341 ι.
481 5288 693 5362 ﬂ,_pag.
726 5290 788 5341 τι
821 5308 834 5355 ;
866 5292 1096 5362 denique
1140 5296 1190 5348 in
1243 5298 1387 5351 "Nova
1433 5296 1602 5353 Gallia
1646 5288 1780 5354 chri;

197 5363 400 5421 διὶιειιιι,
427 5369 463 5412 ι.
498 5360 603 5421 \‘ll,
639 5361 776 5412 inter
803 5360 1046 5414 instram.
1081 5364 1183 5417 col.
1211 5365 1264 5420 5.
1298 5367 1601 5422 LectiOnem
1625 5370 1783 5424 Breu-

203 5433 335 5487 liani
364 5432 719 5507 supplementi
746 5433 915 5507 seculi
947 5434 1299 5507 sumus.Cum
1326 5454 1418 5505 pro
1440 5442 1783 5507 supposititio

200 5502 553 5559 habuerimus
596 5500 890 5554 Chlodovci
940 5502 1171 5565 diploma
1203 5500 1519 5571 exhibitan
1546 5500 1675 5563 hinc
1693 5526 1781 5565 se-

201 5577 388 5645 quitur
416 5574 656 5630 chartam
705 5571 1038 5645 Blidcgirsilli,
1082 5590 1200 5643 quae
1242 5575 1532 5633 Chlodovei
1586 5582 1783 5635 instru-

202 5644 393 5702 mento
443 5645 647 5710 nititur,
699 5644 945 5709 legitimis
1005 5650 1345 5700 annumerari
1402 5664 1432 5702 a
1476 5651 1631 5706 nobis
1674 5665 1783 5705 non

204 5733 385 5787 posse.
421 5717 567 5789 illam
598 5731 625 5767 a
657 5714 964 5789 Habilionio
1002 5732 1109 5771 non
1152 5719 1371 5789 omnino
1408 5722 1668 5774 sincera-ii
1695 5721 1786 5789 ju-

204 5785 437 5842 dicatam
488 5788 649 5841 fuisse
688 5785 800 5860 jam
856 5786 1115 5860 diximus,
1165 5788 1249 5841 ubi
1304 5804 1482 5857 supra.
1534 5785 1782 5860 Spurilm

210 5869 511 5913 monstrant
538 5873 654 5927 quin
686 5858 735 5909 in
766 5871 827 5911 ea
858 5856 1105 5927 teguntur
1131 5876 1139 5906 :
1174 5856 1555 5914 monasterium
1577 5856 1784 5917 sedicet

208 5929 530 5987 Foasatense
555 5925 831 5984 conditum
860 5925 1024 5984 fuisse
1053 5927 1118 5981 ad
1146 5928 1362 5985 modum
1400 5941 1456 5986 et
1480 5931 1782 5988 similitudie

1888 4724 2082 4778 nedicti
2120 4743 2129 4775 :
2162 4724 2276 4777 haec
2326 4726 2469 4779 enim
2523 4725 2663 4778 male
2713 4728 3065 4781 enneordant.
3096 4724 3250 4793 Nam,
3304 4740 3361 4784 ut
3405 4748 3471 4786 ex

1883 4794 2119 4853 Cointio,
2153 4796 2218 4864 ad
2258 4796 2492 4861 diploma
2541 4794 2862 4859 Chloduvei,
2918 4802 3241 4864 notavimus,
3278 4817 3471 4854 mona-

1885 4866 2106 4920 sterium
2150 4863 2487 4919 Luxmiense
2536 4881 2640 4918 non
2685 4869 2787 4921 sub
2820 4872 2876 4922 5.
2911 4868 3209 4935 Benedicti,
3249 4873 3343 4926 sed
3374 4876 3475 4927 sub

1885 4935 1941 4989 S.
2000 4936 2319 4989 Columbaiii
2372 4936 2553 5003 regula
2605 4938 2879 4993 conditum
2926 4938 3042 4992 fuit.
3100 4938 3310 4995 Erroris
3366 4943 3466 4994 [ΑΙ-

1885 5006 2009 5060 sarii
2036 5021 2252 5080 causam
2281 5007 2614 5080 conﬁcimus,
2640 5023 2714 5080 ex
2743 5023 2809 5063 eo
2840 5009 2980 5077 quod
3013 5026 3133 5063 cum
3161 5012 3469 5080 aliquandiu

1885 5080 1984 5131 sub
2025 5080 2081 5132 S.
2110 5076 2447 5131 ‘Columhaoi
2504 5078 2684 5145 regula
2738 5080 3037 5133 exstitisset
3078 5076 3467 5135 niiitiisterititti

1886 5148 2226 5212 Fossatense,
2260 5150 2609 5201 rel'ormatum
2638 5145 2760 5210 fuit,
2792 5157 2847 5202 et
2877 5150 3074 5216 regulae
3103 5149 3163 5206 S.
3194 5149 3471 5207 Benedicti

1886 5220 2249 5284 submi~sum;
2319 5229 2456 5271 unie
2511 5217 2710 5271 «hartae
2757 5221 3063 5282 l'abrzcator,
3116 5223 3228 5276 haec
3283 5223 3471 5279 otmtia

1886 5290 2140 5353 miscens,
2183 5292 2284 5343 sub
2319 5289 2375 5341 S.
2417 5287 2698 5342 Benedicti
2743 5290 2926 5355 regula
2974 5292 3249 5345 conditura
3306 5292 3469 5349 fuisse

1885 5361 2250 5423 exi-limavit;
2330 5368 2492 5425 atque
2537 5358 2667 5412 hinc
2720 5364 2850 5413 satis
2912 5362 3123 5414 videtur
3176 5361 3469 5428 verisimile

1881 5432 2127 5483 chartam
2156 5430 2568 5501 seculodecimo
2595 5431 2757 5483 fuisse
2776 5433 3077 5491 conlictam,
3100 5432 3167 5485 ab
3189 5432 3304 5501 ipso
3328 5433 3467 5487 forte

1884 5501 2148 5569 scriptore
2182 5502 2308 5552 Vllil‘.
2332 5500 2387 5553 S.
2426 5499 2701 5562 Baboleni,
2726 5502 2998 5555 erroribus
3012 5514 3064 5554 et
3086 5499 3281 5557 lanulis
3308 5507 3469 5557 refero

1881 5580 1971 5633 te,
2004 5579 2097 5623 aut
2121 5581 2267 5624 certe
2292 5585 2356 5624 ex
2391 5574 2499 5638 ipsa
2534 5572 2637 5622 vita
2666 5574 3056 5640 depromptum.

1955 5641 1980 5679 δ
2012 5642 2271 5704 Cointius,
2318 5643 2442 5694 loco
2474 5650 2664 5713 citato,
2698 5643 2796 5708 legi
2822 5643 2973 5708 jubet
3012 5641 3290 5709 (iuriam-ia,
3318 5646 3469 5713 quol

1887 5715 1995 5768 inte
2020 5722 2265 5781 pretatur
2320 5711 2608 5787 quamdam
2656 5721 2816 5787 _terr:e
2880 5726 3201 5768 mensuram.
3267 5711 3466 5787 [ticali

1883 5791 2137 5851 (Langium
2170 5798 2288 5837 voc.
2323 5782 2671 5853 Humanum]

1962 5872 1968 5889 ι
2015 5860 2085 5907 με
2112 5854 2589 5923 subscriptioniliu;
2619 5856 2736 5909 haec
2762 5855 3107 5909 notabimus:
3150 5856 3466 5915 Parisiensis

1888 5925 2188 5994 episcopus,
2215 5940 2350 5980 unus
2374 5939 2439 5979 ex
2461 5924 2939 5982 subseribentibus.
2987 5942 3095 5981 non
3129 5930 3467 5986 Audobertua
