4206 6532
189 405 326 461 “6|

947 407 1380 463 DONATIONES
1421 407 1508 462 AC
1545 408 2013 466 'I‘ESTAMENTA
2054 409 2292 476 EPISC.,
2337 407 2516 480 ABB.,
2561 410 2709 468 ETC.

3315 420 3459 479 “6%

184 526 291 582 sibi
330 540 634 595 prreparare
665 526 883 596 prtemia
909 527 1271 597 sempiterna?
1301 528 1465 598 Igitur
1488 544 1588 598 ego
1615 529 1778 585 Alde-
1807 537 1855 594 Α
1880 529 1968 585 vel
1996 529 2214 600 quiquid
2244 530 2438 586 exinde
2476 533 2656 588 facere
2683 532 2973 600 voluerint,
2999 535 3225 593 liberam
3254 539 3308 594 in
3347 559 3467 600 om-

184 617 412 684 gundis,
465 617 736 673 admonita
787 618 965 674 divina
1025 621 1311 677 Vocatione
1343 662 1358 688 ,
1403 632 1472 677 εει
1522 623 1776 678 roborata

185 710 499 777 evangelica
522 726 656 764 voce
680 712 742 765 ad
774 713 994 781 pricmia
1023 723 1223 768 mterna
1248 730 1347 769 nos
1377 715 1454 770 sic
1479 714 1774 772 invitante:

182 802 520 871 Quicumque
541 803 818 874 reliquerit
833 813 1039 875 patrem
1059 820 1151 861 aut
1167 816 1411 877 matrem,
1425 818 1516 864 aut
1530 826 1775 876 uxorem,

181 905 279 949 aut
307 895 443 951 lilios
463 938 476 962 ,
526 906 618 952 aut
643 913 800 968 agros
830 911 1050 970 propter
1077 917 1273 958 nomen
1324 920 1503 960 meum
1524 947 1536 968 ,
1590 912 1777 960 centu-

181 987 332 1058 plum
375 990 624 1058 accipiet,
659 999 712 1045 et
760 994 924 1048 vitam
951 1001 1206 1050 aeternam
1250 997 1583 1066 possidebit;
1636 998 1776 1052 hanc

184 1081 602 1148 promissionem
647 1084 960 1141 desiderans
996 1089 1240 1158 adipisci,
1277 1089 1534 1159 despecto
1563 1091 1777 1160 penitus

182 1175 437 1244 conjugio
470 1177 723 1244 maritali,
755 1182 1125 1248 possessiones
1167 1199 1334 1249 meas,
1367 1199 1502 1252 quas
1531 1199 1596 1240 ex
1622 1193 1779 1255 parte

181 1268 354 1335 patris
381 1278 474 1322 aut
498 1270 684 1324 matris
715 1273 1054 1328 hzereditario
1084 1276 1205 1343 jure
1226 1277 1558 1343 obtinebam,
1582 1278 1776 1334 tradidi

180 1375 408 1417 assensu
439 1364 639 1418 domini
669 1366 888 1421 llildrici
921 1379 965 1433 δ,
1000 1368 1183 1440 inclyti
1208 1373 1550 1440 imperatoris
1577 1415 1591 1437 ,
1648 1374 1776 1442 quin

180 1463 235 1508 et
261 1454 549 1522 Dagoberti
581 1467 636 1513 et
663 1460 965 1528 principum
998 1461 1134 1530 ejus,
1165 1462 1264 1516 sub
1313 1464 1692 1519 testiﬁcatione
1715 1471 1772 1520 et

177 1548 590 1604 conﬁrmatione
641 1553 1065 1622 subsu'iptorum
1120 1556 1508 1610 venerabilium
1553 1557 1769 1626 episco-

178 1653 373 1707 porum
416 1651 471 1695 et
514 1643 808 1710 abbatum,
849 1647 1222 1714 religiosorum
1282 1659 1336 1703 et
1383 1649 1638 1705 nobilium
1692 1651 1772 1706 vi-

176 1745 388 1796 rorum,
416 1743 469 1788 et
496 1747 798 1792 sanctarum
846 1739 1126 1792 mulierum
1151 1781 1168 1806 ,
1202 1743 1255 1796 in
1283 1743 1640 1798 ministerium
1669 1760 1768 1798 an-

1883 623 2042 677 nibus
2069 623 2304 678 habeant
2333 631 2653 693 potestatem
2682 625 2936 695 faciendi,
2967 638 3026 682 ut
3047 646 3224 701 neque
3245 634 3463 706 aliquis,

1881 729 2058 784 neque
2083 730 2149 768 ex
2179 715 2498 780 abbatissis,
2543 732 2720 787 neque
2748 725 2815 775 e‘x
2860 723 3178 780 rectricihus
3219 726 3467 797 ejusdem

1881 808 2215 876 monasterii,
2250 809 2360 864 ullo
2384 809 2566 879 aliquo
2599 819 2841 883 tempore
2868 814 3145 886 quippiam
3178 818 3468 882 immutare

1879 907 1934 954 et
1962 899 2269 956 convellere
2292 941 2308 967 ,
2361 911 2526 973 atque
2551 917 2582 958 a
2612 906 2864 974 praesenti
2905 907 3250 968 ordinatione
3305 930 3466 984 quam

1879 1007 1977 1062 pro
2009 1009 2196 1049 amore
2227 994 2426 1050 Christi
2475 995 2596 1064 feci,
2620 997 2858 1053 alienare
2885 1013 3172 1070 prmsumat
3199 1048 3214 1072 ,
3264 1006 3362 1063 sed
3392 1009 3468 1064 ita

1879 1084 2028 1140 omni
2060 1093 2305 1152 tempore
2327 1084 2537 1142 ﬁrmum
2561 1089 2988 1160 inviolatumque
3010 1105 3343 1162 permaneat.
3374 1099 3463 1165 Et,

1877 1175 1922 1233 si
1950 1175 2111 1230 fuerit
2140 1176 2329 1247 aliquis
2371 1179 2462 1248 qui
2491 1189 2678 1236 contra
2699 1183 2840 1238 hanc
2870 1183 3211 1244 traditionem
3237 1192 3426 1247 venire

1880 1275 1974 1322 aut
2002 1283 2124 1324 eam
2171 1284 2304 1325 ausu
2349 1273 2637 1329 temerario
2670 1276 2871 1332 violare
2917 1282 3248 1350 tentaverit,
3306 1284 3354 1339 si
3407 1300 3468 1342 se

1881 1359 2076 1417 exinde
2105 1377 2212 1417 non
2243 1367 2561 1430 correxerit,
2594 1367 2648 1421 in
2679 1369 2864 1438 primis
2909 1372 3043 1426 iram
3091 1373 3187 1429 Dei
3226 1375 3467 1434 incurrat

1878 1451 2091 1517 offensi,
2123 1461 2176 1509 et
2202 1464 2328 1510 ante
2358 1457 2591 1513 tribunal
2620 1457 2821 1514 Christi
2847 1467 3346 1525 excommunicatus
3376 1486 3468 1542 ap-

1876 1555 2094 1615 pareat,
2127 1555 2181 1602 et
2210 1549 2286 1602 sic
2315 1561 2613 1606 marcescat
2656 1553 2708 1608 in
2735 1552 2868 1610 ﬂore
2895 1565 2952 1611 ut
2996 1575 3290 1631 numquam
3344 1577 3465 1634 ger-

1875 1636 2042 1691 minet
2069 1637 2330 1703 fructum,
2385 1653 2438 1696 et
2479 1642 2695 1712 insuper
2752 1646 2981 1702 inultum
3023 1667 3118 1722 per
3158 1651 3464 1711 districtum

1869 1726 2128 1796 judicium
2175 1742 2500 1804 componat:
2535 1735 2638 1791 hoc
2690 1745 2797 1805 est,
2851 1742 2969 1796 auri
3012 1742 3175 1800 libras
3201 1757 3417 1804 centum
3443 1790 3461 1817 ,

176 1826 428 1882 cillarum
487 1829 581 1884 Dei
639 1835 706 1886 ad
744 1832 875 1886 illud
922 1848 1131 1888 sacrmn
1189 1839 1574 1893 monasterium
1624 1839 1763 1908 quod

1874 1825 2081 1894 argenti
2111 1825 2348 1895 pondera
2382 1827 2441 1882 L.
2475 1828 2537 1887 C.
2567 1828 2628 1884 C.
2657 1827 2684 1868 ει
2708 1841 2926 1892 coactus
2956 1837 3223 1906 exsolvat,
3239 1847 3294 1896 et
3316 1842 3462 1911 quod

176 1928 407 1973 vocatur
435 1921 757 1977 Malbodium
787 1924 842 1990 δ,
877 1926 963 1978 ubi
998 1928 1332 1984 venerabiles
1361 1930 1599 1999 episcopi
1642 1933 1769 1987 Aut-

173 2010 382 2080 bertus,
413 2013 710 2085 Amandus,
733 2017 1032 2085 Audoinus,
1069 2020 1349 2076 Ursmarus
1373 2063 1387 2087 ,
1446 2022 1615 2077 altare
1669 2026 1768 2080 Do-

176 2103 311 2156 mini
365 2105 419 2157 in
451 2106 658 2160 honore
702 2118 900 2162 sancta:
958 2109 1051 2164 Dei
1104 2113 1390 2180 genetricis
1445 2130 1768 2185 semperque

173 2195 397 2265 virginis
447 2197 627 2254 Maria:
674 2210 727 2255 et
778 2214 1084 2259 sanctorum
1132 2207 1497 2275 apostolorum
1550 2211 1766 2265 dedica-

176 2302 395 2358 verunt,
431 2305 624 2365 quarto
669 2297 785 2352 idus
812 2297 979 2367 Junii,
1012 2299 1077 2354 ad
1108 2315 1244 2370 opus
1287 2317 1534 2357 sororum
1567 2304 1765 2360 ibidem

173 2381 286 2437 Deo
309 2395 472 2440 nocte
493 2395 547 2440 et
587 2388 673 2442 die
701 2389 1067 2445 militantium.
1124 2391 1327 2447 Priedia
1379 2411 1509 2450 vero
1562 2411 1680 2451 mea
1711 2407 1765 2453 et

170 2479 545 2546 possessiones
575 2497 684 2536 non
726 2484 985 2550 modicas,
1019 2485 1088 2538 ad
1122 2500 1258 2555 opus
1281 2487 1410 2542 inibi
1441 2489 1654 2544 Christo
1687 2492 1764 2546 fa-

170 2571 512 2638 mulantium,
541 2572 833 2630 donatione
864 2576 1074 2644 publica
1105 2577 1169 2631 ad
1199 2580 1563 2649 supradictum
1593 2583 1763 2638 altare

172 2665 360 2720 tribui.
393 2666 503 2721 Hoc
542 2675 645 2734 est,
678 2668 730 2721 in
761 2669 946 2738 primis
975 2671 1157 2726 villam
1192 2675 1361 2740 ipsam
1411 2675 1465 2728 in
1505 2691 1611 2744 qua
1639 2693 1761 2732 mo-

168 2760 464 2814 nasterium
495 2760 655 2831 situm
684 2771 783 2828 est,
810 2778 931 2818 cum
965 2766 1214 2820 omnibus
1259 2768 1324 2822 ad
1355 2784 1414 2823 se
1443 2771 1760 2839 pertinenti-

166 2852 287 2916 bus,
311 2869 431 2921 qua:
461 2865 800 2924 nuncupatur
819 2857 1164 2924 Malbodimn,
1185 2861 1399 2929 sitaque
1430 2872 1509 2916 cst
1542 2865 1590 2918 in
1621 2881 1758 2933 pago

169 2944 484 3001 llainoensi.
519 2945 785 3012 Quasdam
843 2950 1004 3002 etiam
1035 2950 1188 3005 villas
1235 2968 1461 3022 quarum
1517 2955 1756 3024 subjecta

164 3049 290 3093 sunt
315 3041 556 3107 nomina,
604 3042 672 3095 ad
721 3057 848 3096 usus
893 3053 947 3098 et
999 3044 1264 3112 stipendia
1296 3049 1609 3104 ancillarum
1662 3050 1758 3106 Dei

163 3131 460 3202 delegatus,
487 3134 687 3188 habere
718 3135 955 3202 institui;
1005 3146 1064 3192 ut
1112 3139 1314 3210 absque
1370 3142 1662 3208 indigentia
1702 3152 1758 3198 et

162 3227 392 3294 penuria
439 3226 614 3294 aliqua
655 3226 872 3283 Christo
915 3228 1190 3296 famulari,
1225 3241 1278 3288 et
1309 3235 1510 3289 ordinis
1562 3237 1758 3292 sancti-
1783 3244 1828 3307 ο

162 3323 415 3378 monialis
439 3325 559 3376 vitae
587 3334 958 3392 competenter
981 3326 1316 3382 deservirent
1344 3342 1389 3384 ε.
1418 3332 1568 3385 Dono
1598 3332 1761 3401 igitur

162 3430 264 3483 ego
288 3414 638 3482 Aldegundis,
673 3422 727 3469 et
767 3416 1074 3486 specialiter
1102 3417 1168 3472 ad
1203 3436 1330 3474 usus
1360 3422 1679 3476 ancillarum
1702 3433 1760 3478 et

163 3506 490 3561 famulorum
541 3507 880 3578 inpraedicto
935 3511 1265 3565 monasterio
1313 3511 1655 3581 degentium,
1704 3523 1760 3571 et

166 3598 429 3653 donatum
475 3599 528 3652 in
568 3607 882 3667 perpetuum
921 3614 1041 3656 esse
1089 3601 1248 3667 volo;
1301 3604 1350 3657 in
1397 3620 1460 3660 ea
1493 3622 1621 3663 vero
1665 3623 1756 3664 ra-

164 3692 334 3758 tione,
360 3699 420 3747 ut
449 3706 664 3746 sorores
704 3700 760 3746 et
799 3691 992 3747 fratres
1041 3694 1093 3748 in
1118 3696 1374 3764 praedicto
1423 3703 1755 3758 monasterio

160 3784 417 3852 degentes
436 3783 546 3852 jam
584 3784 755 3838 dictas
784 3785 933 3840 villas
961 3802 1080 3840 cum
1109 3789 1358 3845 omnibus
1386 3791 1454 3846 ad
1482 3793 1603 3849 illas
1635 3811 1755 3864 per-

162 3876 456 3932 tinentibus
500 3874 565 3929 ad
604 3889 730 3932 suos
779 3877 1040 3946 speciales
1071 3895 1198 3936 usus
1225 3881 1426 3940 habere
1478 3884 1752 3957 debeant,

161 4059 351 4114 darum
383 4057 594 4130 copiam
622 4072 920 4112 recusasse.
957 4057 1104 4130 [Haec
1131 4063 1441 4117 suntverba
1463 4064 1749 4120 doctorum

160 4134 399 4184 virorum
441 4147 453 4180 :
498 4147 527 4206 _c
566 4129 607 4181 A
656 4130 833 4206 multis
881 4130 1147 4206 annis_de
1195 4133 1586 4206 abbatissarum
1633 4153 1751 4206 qua:

161 4199 513 4254 Malbodiensi
544 4198 867 4268 prmfuerant
887 4201 1133 4255 caanobio
1157 4203 1384 4257 texenda
1405 4204 1626 4261 historia
1650 4198 1752 4262 sol-

161 4270 290 4326 liciti
317 4270 548 4334 i'uimus;
581 4285 749 4338 eaque
776 4270 842 4324 de
863 4286 1024 4324 causa
1052 4274 1347 4340 sepissime
1377 4276 1624 4331 dominas
1653 4293 1745 4333 ca—

161 4342 385 4397 nooicas
406 4341 778 4417 rogat-irnusut
793 4342 1098 4417 chartarum
1120 4345 1568 4417 inspiciendarum
1590 4350 1749 4417 copia

161 4414 314 4466 nobis
342 4411 578 4483 daretur.
611 4409 714 4464 Sed
747 4411 1013 4478 repulsam
1067 4409 1219 4479 pa~si
1256 4431 1464 4483 sumus,
1512 4419 1613 4474 hac
1661 4409 1748 4474 re-

159 4484 451 4553 Sponsioue
483 4482 659 4534 addita
686 4499 698 4532 :
724 4483 1015 4553 seiuinime
1044 4500 1227 4538 curam
1253 4482 1456 4541 habere,
1481 4497 1539 4542 ut
1569 4505 1656 4545 res
1681 4491 1751 4546 ad

158 4551 313 4607 suum
343 4555 671 4624 pertinentes
700 4551 982 4618 collegium
1027 4555 1240 4623 scriptis
1266 4557 1616 4624 mandentur;
1668 4569 1740 4624 et,

159 4625 202 4678 si
228 4610 386 4678 ser-us
415 4625 584 4684 iieret,
615 4622 677 4697 id_
713 4610 940 4697 ωδε-ξαρ
984 4610 1201 4678 laturas.
1244 4625 1290 4697 ι]
1321 4610 1616 4684 Prudenter
1642 4676 1654 4692 ,
1697 4610 1742 4687 si
1779 4610 1826 4668 ι)

161 4695 416 4760 quasdam
447 4711 509 4745 ex
544 4694 623 4764 his
650 4693 715 4746 de
745 4693 972 4764 falsitate
1001 4693 1591 4764 suspectas'haberent;
1622 4718 1740 4756 mo-

160 4765 330 4824 deste,
363 4765 406 4817 si
438 4765 502 4816 dc
526 4763 838 4841 nobilissimi
869 4766 945 4841 sui
987 4768 1216 4820 cmnobii
1256 4767 1392 4841 fama
1443 4763 1739 4841 spargenda

159 4851 340 4888 curam
404 4835 828 4910 posthabendam
892 4835 1168 4910 ducerent.
1220 4835 1594 4910 Quocunque'
1621 4845 1735 4907 sit,

160 4906 344 4960 charta
376 4920 536 4970 quam
566 4905 879 4960 exhibemus
936 4905 1178 4972 plurimis
1208 4909 1321 4962 ΓλΙεί
1355 4905 1563 4966 indiciis
1617 4905 1738 4969 scaé

162 4984 273 5030 tere
313 4973 553 5038 videtur,
583 4985 663 5051 _et
717 4975 954 5051 conﬂata
978 4991 1043 5051 ex
1077 4977 1191 5051 Vita
1219 4979 1545 5047 Alulegundis
1571 5027 1586 5051 ,
1630 5001 1735 5040 non

161 5046 378 5116 quidem
428 5047 593 5100 veteri
646 5044 1194 5116 quam_Mabillonius
1226 5092 1240 5116 ,
1299 5044 1430 5106 Acta
1463 5044 1583 5108 $5.,
1617 5057 1733 5110 ord.

161 5115 216 5170 S.
251 5117 452 5170 Bened.
489 5132 593 5171 smc
644 5132 701 5177 ll,
731 5124 769 5185 t.
798 5114 857 5176 ll,
890 5131 1010 5183 pag.
1039 5118 1144 5171 775
1170 5162 1183 5179 ,
1210 5114 1395 5185 edidit,
1428 5124 1520 5176 sed
1549 5140 1736 5180 recen-

161 5188 280 5240 tiori
304 5186 718 5268 quam-vulgavit
737 5184 1023 5265 Bollandus
1047 5190 1135 5268 (ad
1159 5189 1422 5268 dieiuxxx
1451 5193 1734 5268 Januarii),

163 5271 302 5309 nono
333 5256 530 5328 seculo
569 5257 786 5325 scripta,
813 5255 968 5328 cujus
1021 5260 1181 5312 verba
1213 5261 1475 5328 ipsissima
1518 5255 1737 5322 exhibet

161 5326 346 5380 charta
374 5326 441 5380 de
471 5342 572 5396 qua
601 5329 822 5392 agimus.
857 5325 1065 5397 Falsum
1091 5325 1268 5397 prodit
1291 5342 1416 5388 uota
1437 5334 1732 5392 chronolo-

163 5399 275 5464 gica
303 5397 372 5451 ab
402 5412 542 5473 anno
569 5397 825 5473 vigesimo
843 5396 1142 5473 .Dagoberti
1191 5402 1355 5465 petitu
1381 5445 1396 5469 ,
1452 5405 1603 5473 cujus
1649 5425 1735 5463 re-

163 5480 322 5536 gnum
372 5467 438 5522 ad
466 5483 662 5520 annum
691 5466 1003 5539 vigesimum
1037 5485 1142 5523 non
1176 5466 1535 5539 protenditur:
1584 5476 1734 5534 Adde

163 5535 433 5591 εοηιίιιιηι
491 5539 653 5618 fuisse
693 5535 1057 5618 Malbpdieuse
1089 5535 1522 5618 _tnonaSIerium,
1578 5548 1732 5618 juxta

163 5606 451 5690 Coiutium,
485 5610 676 5662 Annal.
711 5617 747 5661 t.
784 5607 844 5662 Ill
870 5648 883 5670 ,
929 5624 1054 5690 pag.
1085 5610 1223 5690 513‘)“,
1246 5606 1534 5690 _annu
1570 5606 1596 5682 ,’
1642 5624 1732 5690 qui

161 5679 451 5734 concordat
495 5697 614 5733 cum
644 5695 784 5733 anno
823 5688 978 5732 sexto
1001 5683 1416 5749 regniChlotarii
1466 5679 1731 5747 lll.'lli'nc

163 5752 400 5828 sequitur
429 5750 531 5828 dici
561 5767 667 5804 non
697 5750 963 5814 debuisse,
983 5755 1135 5828 quod
1187 5754 1382 5828 legitur
1412 5757 1462 5810 in
1509 5760 1693 5817 charta
1713 5803 1728 5828 ,

165 5834 278 5875 eam
309 5821 694 5901 fuissefactam
739 5837 948 5901 assensu
973 5820 1268 5901 Chilperici,
1302 5827 1480 5901 inclyti
1508 5820 1730 5901 impera;

165 5892 306 5959 toris,
360 5903 411 5946 et
472 5890 769 5960 Dagoberti.
830 5890 1098 5949 l‘rteterea‘
1143 5897 1325 5952 titulus
1365 5890 1725 5970 imperatoris.

407 5985 674 6046 Parnm.
729 5985 895 6046 LXV
910 5987 1137 6052 XVIII.

1873 1917 2072 1986 repetit
2095 1919 2417 1974 evendicare
2440 1937 2546 1976 non
2576 1923 2792 1992 valeat;
2839 1928 2932 1982 sed
2961 1944 3196 1996 przesens
3237 1932 3461 1993 donatio

1873 2007 2018 2062 omni
2049 2016 2292 2078 tempore
2330 2011 2480 2065 lirma
2528 2020 2584 2067 et
2618 2015 2826 2071 stabilis
2875 2031 3214 2088 permaneat.
3265 2025 3462 2083 Actum

1871 2097 2140 2155 Malbodio
2167 2103 2517 2170 monasterio,
2551 2114 2676 2161 ante
2726 2107 2896 2164 altare
2943 2122 3145 2169 sanctae
3191 2115 3374 2174 Maria:
3404 2129 3461 2176 et

1869 2200 2178 2246 sanctorum
2208 2194 2492 2249 duodecim
2535 2199 2927 2266 apostolorum.
2977 2202 3168 2260 Datum
3199 2222 3341 2264 anno
3374 2212 3455 2265 vi—

1869 2281 2074 2350 gesimo
2101 2285 2253 2352 regni
2282 2285 2589 2356 Dagoberti,
2622 2288 2804 2361 inclyti
2847 2293 3011 2362 regis,
3041 2299 3142 2350 sub
3171 2303 3456 2368 praesentia

1869 2375 2108 2430 virorum
2137 2386 2193 2432 et
2221 2379 2536 2434 ancillarum
2565 2382 2679 2450 Dei,
2706 2401 2930 2453 quorum
2956 2391 3173 2445 nomina
3200 2402 3256 2447 et
3283 2396 3456 2465 signa-

1866 2469 1987 2523 cula
2013 2472 2201 2526 subtus
2231 2480 2487 2529 tenentur
2513 2476 2736 2534 inserta.
2759 2478 2908 2549 Sign.
2937 2485 3228 2542 Autbertus
3245 2490 3456 2559 episco-

1867 2577 1984 2631 pus.
2053 2563 2202 2633 Sign.
2264 2567 2540 2624 Amandus
2603 2572 2908 2642 episcopus.
2959 2576 3106 2644 Sign.
3161 2579 3457 2639 Audoenus

1865 2655 2169 2726 episc0pus.
2203 2657 2350 2726 Sign.
2384 2660 2665 2718 Ursmarus
2694 2664 2996 2736 episcopus.
3028 2668 3178 2737 Sign.
3213 2672 3451 2730 Vincen-

1800 2765 1804 2770 ·
1865 2747 1968 2800 tius
2005 2749 2189 2804 abbas.
2222 2749 2368 2820 Sign.
2421 2751 2746 2811 Humbertus
2787 2759 2972 2812 abbas.
3006 2760 3156 2831 Sign.
3193 2763 3452 2834 Eloquius

1862 2840 2048 2896 abbas.
2077 2841 2226 2911 Sign.
2257 2843 2542 2902 Ermenius
2584 2848 2666 2902 vir
2695 2859 2910 2906 sanctus
2960 2863 3014 2908 et
3061 2855 3248 2912 abbas.
3294 2858 3445 2925 Sign.

1859 2930 1986 2986 Etto
2017 2934 2204 2987 abbas.
2234 2933 2384 3004 Sign.
2417 2937 2796 2995 Gualdetrudis
2823 2942 3112 2999 abbatissa.
3139 2946 3288 3016 Sign.
3322 2951 3452 3005 Cer-

1859 3022 2034 3079 trudis
2063 3025 2352 3080 abbatissa.
2384 3027 2534 3094 Sign.
2595 3030 2904 3090 Aldetrudis
2949 3035 3236 3092 abbatissa.
3296 3040 3445 3106 Sign.

1860 3114 2187 3171 Maldeberia
2242 3120 2529 3174 abbatissa.
2563 3122 2712 3191 Sign.
2746 3123 2974 3181 Gervida
2998 3169 3014 3196 ,
3073 3131 3232 3186 amita
3277 3134 3450 3188 beatae

1862 3211 2218 3281 Aldegundis,
2248 3231 2367 3287 quae
2402 3231 2524 3272 eam
2549 3218 2618 3274 de
2645 3234 2802 3277 sacro
2830 3221 2980 3280 fonte
3008 3228 3261 3296 suscepit.
3295 3229 3445 3299 Sign.

1861 3306 2214 3368 Guuilandus.
2266 3313 2416 3382 Sign.
2469 3315 2780 3374 Landricus.
2845 3320 2994 3392 Sign.
3058 3324 3445 3400 Charibertus,

1859 3415 2061 3464 comes,
2085 3412 2190 3457 etc.
2221 3404 2340 3472 (sic)
2379 3413 2424 3458 ο.
3011 3411 3018 3420 “

2619 3500 2680 3554 ν.

1860 3584 2404 3666 Clarii!(“(163,”)!de
2435 3596 2768 3666 qua-instituit
2797 3601 3064 3655 duodecim
3093 3609 3366 3661 canonicos
3388 3611 3444 3663 in

1926 3660 2138 3745 efclesia
2166 3660 2333 3745 sancti
2358 3660 2620 3745 Quintilii,
2639 3668 2918 3745 Malbodii,
2938 3674 3124 3745 quibus
3150 3660 3370 3745 p’urirnn

1926 3730 2096 3784 dotem
2109 3736 2360 3806 assignat,
2377 3747 2429 3787 ut
2444 3739 2669 3794 ecclesia:
2683 3754 2875 3796 sancta,
2895 3730 2947 3796 ill
2955 3730 3442 3806 amasti;

1925 3811 1974 3854 et
2003 3804 2265 3857 sororibus
2294 3806 2362 3860 ibi
2391 3810 2680 3862 constitutis
2711 3812 2996 3869 deserviant
3036 3817 3052 3853 ί
3079 3819 3226 3887 (αηη.
3251 3804 3398 3890 661).

1923 3889 1983 3947 lu
2011 3894 2229 3950 nomine
2254 3905 2457 3952 sancta:
2485 3906 2541 3953 et
2582 3899 2864 3958 individua:
2894 3903 3173 3962 Trinitatis
3193 3949 3210 3976 ,
3257 3925 3434 3967 amen.

1854 4073 1965 4140 regi
1995 4071 2607 4159 Iiranporum‘tribptus,
2631 4082 2882 4159 smculum
2914 4101 3114 4159 nonum
3169 4090 3329 4159 sapit.
3380 4090 3438 4148 Si

1853 4157 1982 4220 _vero
2008 4142 2075 4220 de
2102 4144 2304 4220 chartae
2334 4148 2560 4203 testibus
2592 4142 2945 4220 inquiramus,
2977 4142 3434 4218 Ursimardm'ab-i

1855 4215 2029 4295 hatem
2049 4215 2413 4295 inveniemus,
2445 4221 2536 4295 qui
2573 4215 2678 4295 non
2711 4225 2810 4295 nisi
2845 4215 2988 4281 anno
3018 4227 3122 4282 689
3152 4229 3319 4286 abbas
3349 4215 3438 4295 ap-

1853 4284 2138 4363 pellandus
2159 4287 2275 4353 fuit,
2305 4297 2441 4344 teste
2462 4284 2598 4344 Nov.
2633 4293 2770 4348 Call.
2798 4296 3004 4359 christ.,
3029 4308 3066 4352 t.
3100 4298 3186 4363 lll,
3212 4284 3317 4356 cui.
3342 4284 3432 4358 ἑὸ.

1852 4354 2082 4436 §ilemus
2109 4355 2175 4410 de
2201 4373 2693 4436 concursuparum
2710 4365 2971 4436 probabili
2998 4354 3246 4436 quatuor
3264 4354 3432 4427 abba;

1852 4425 2271 4500 tissarum,_qu:e
2297 4425 2633 4500 conﬁciendo
2679 4425 3043 4493 Malbodiensi'
3078 4425 3434 4500 instrumento

1852 4495 2084 4552 adfuisse
2111 4495 2376 4580 dicuntur.
2409 4499 2640 4558 Silemus
2669 4505 2737 4560 de
2755 4507 2903 4581 _stylo
2935 4509 3188 4581 insolito;
3222 4495 3428 4581 nfec—

1851 4574 1940 4619 vat
1967 4581 2031 4648 ex
2063 4568 2388 4654 conjecturis
2424 4587 2666 4654 quaerere
2692 4568 2894 4632 crim'en
2924 4577 3064 4646 falsi,
3091 4568 3236 4651 quod
3275 4568 3435 4654 argu-

1849 4638 2044 4690 mentis
2070 4640 2390 4695 certioribus
2407 4638 2685 4699 evincitur.

1849 4777 1880 4831 d
1920 4708 2341 4852 atIChilldericus
2371 4711 2448 4779 ll,
2498 4715 2592 4770 sed
2615 4717 2735 4772 vide
2786 4722 3191 4778 annotationem
3233 4741 3430 4796 praece-

1889 4793 1954 4833 en
1985 4794 2089 4834 em.

1889 4793 2089 4834 entem.

1920 4849 1944 4886 "
1972 4849 2292 4922 AlCoriditum
2345 4851 2519 4908 fuerat
2546 4856 2648 4911 hoc
2701 4865 3082 4918 monasterium
3111 4879 3140 4918 a
3173 4865 3234 4920 Β.
3268 4868 3431 4921 Aldc-

1843 4920 2033 5004 gunil'a
2052 4938 2148 4989 pro
2185 4924 2354 4978 sacris
2385 4925 2678 5004 virginibus
2705 4928 3062 5004 Benedictiuis
3089 4953 3102 4990 :
3134 4952 3272 4988 anno
3299 4920 3425 5004 963i,

1845 5005 1941 5056 per
1993 4991 2296 5078 Brunonem
2345 4997 2808 5078 archiepiscopum
2859 5001 3235 5078 Coloniensem
3277 4991 3420 5078 loga:

1843 5065 2358 5199 :umlapostolicum,
2409 5067 2476 5121 ad
2529 5065 2728 5124 statum
2785 5074 3096 5130 saecularem
3145 5065 3420 5133 redactinn

1867 5147 1915 5183 ui
1945 5170 1960 5185 .

1867 5139 1960 5185 uit.

1917 5216 1936 5240 ο
1977 5202 2034 5256 In
2064 5207 2369 5282 exemplo__a
2404 5207 2658 5282 Foppeno
2685 5211 2831 5266 edito
2878 5215 3021 5282 quod
3069 5219 3422 5274 esscribimus

1840 5271 1952 5359 lucc
1975 5271 2268 5359 notantur:
2298 5271 2602 5359 diulla'bic
2649 5283 2831 5359 desunt
2881 5271 2931 5359 in
2981 5271 3427 5359 copi/gper'qiuc

1840 5343 2246 5424 designabantur
2265 5350 2398 5402 villw
2426 5359 2711 5424 cwteraqxc
2736 5353 2868 5408 bona
2909 5355 3026 5409 huic
3043 5343 3304 5414 'Eccl'esiw
3325 5343 3425 5417 ’ἀό-

1840 5421 1985 5468 natu.

1909 5479 1947 5570 ἀ.
1974 5483 2161 5570 μιιιθει,
2194 5489 2352 5570 libras
2377 5491 2666 5570 ducentas:
2695 5495 2770 5548 sic
2808 5511 2912 5566 ope
2958 5499 3159 5554 chartae
3184 5515 3392 5570 sequeu

1839 5553 1906 5607 tis
1934 5555 2170 5612 hiulcum
2211 5561 2384 5614 locum
2429 5564 2797 5620 emendamus.

1912 5635 1935 5661 °
1976 5626 2130 5711 [_Vide
2157 5672 2180 5711 ,Α
2213 5630 2278 5684 de
2301 5632 2386 5711 _his
2417 5634 2659 5711 testibus,
2691 5640 3068 5696 annotationes
3096 5641 3335 5711 Foppeni
3370 5660 3424 5698 In

1837 5696 2222 5782 Supplemcpto
2251 5700 2318 5755 ad
2347 5719 2511 5773 opera
2543 5696 2886 5775 diplomatica
2919 5712 3111 5777 Μίνωϊ,
3155 5696 3420 5782 ίίοήίζιιιζ

1837 5768 2166 5938 Ρδῗξὲξιέι,
2190 5841 2241 5938 ip
2274 5843 2660 5938 Supplemento
2690 5851 2766 5938 ad.
2783 5851 2960 5922 Opera
3006 5854 3188 5920 Mirmi,
3221 5865 3261 5912 t.
3311 5855 3374 5938 lll
3409 5896 3422 5916 .

1837 5923 1956 5980 pag.
1985 5907 2110 5978 558,
2135 5912 2321 5970 iisdem
2343 5907 2519 5974 verbis
2546 5931 2806 5992 concepta
2832 5907 3422 5997 quinijiia'é'pr'dxiihé

2945 6017 3018 6077 37
