4206 6600
726 392 862 451 ιιθθ

1464 397 1733 455 ὃᾸίϐυίι.
1775 399 1868 456 VII
1908 400 1994 455 ET
2037 399 2149 456 VIII
2192 399 2720 459 ECCLESIASTICA
2761 400 3216 459 MONUMENTA.

3842 412 3970 470 “(id

716 507 871 577 Quod
897 505 1213 579 prudentius
1239 509 1523 565 consilium
1546 525 1709 579 quam
1763 521 1821 566 ut
1859 511 2021 567 homo
2050 520 2294 569 terrenus
2319 517 2373 579 Α
2396 514 2724 584 prandenti,
2756 512 2841 566 ubi
2868 513 3070 584 legitur,
3105 530 3200 586 pro
3248 522 3370 572 nota
3399 515 3798 591 chronologica,
3834 535 3970 579 anno

713 602 783 659 de
803 601 1031 658 terrenis
1060 600 1223 657 rebus
1250 609 1343 656 aut
1368 600 1437 656 de
1488 601 1695 658 caduca
1747 603 2046 659 substantia
2098 605 2296 660 debeat

711 693 815 753 sibi
863 708 1170 763 praeparare
1198 694 1418 764 praemia
1445 696 1810 766 sempiterna?
1832 696 1998 767 Igitur
2022 712 2122 766 ego
2143 698 2296 754 Aloe-

712 786 927 858 guudis,
960 786 1232 841 admonita
1281 785 1459 843 divina
1507 789 1812 855 vocatione,
1837 798 1943 845 etc.
1991 790 2208 862 (reliqua
2239 798 2294 843 ut

710 882 766 936 in
793 880 1047 951 superiori
1068 880 1269 947 charta,
1295 896 1455 953 usque
1482 883 1551 936 ad
1577 883 1687 937 hinc
1713 884 1867 939 verba
1892 902 1904 937 :
1937 893 2095 940 nocte
2123 894 2181 940 et
2205 887 2290 940 die

710 975 1049 1031 militantium
1081 985 1130 1031 ιι.
1159 976 1294 1042 Quia
1311 990 1439 1032 vero
1464 976 1726 1034 feniiueus
1755 992 1916 1034 sexus
1943 992 2048 1033 non
2077 986 2290 1048 poterat

709 1081 884 1138 per'se
904 1067 1125 1136 esplere
1146 1066 1329 1124 divina
1351 1079 1689 1125 sacramenta
1707 1112 1724 1138 ,
1771 1069 2028 1140 praedicto
2056 1070 2289 1140 impera-

706 1166 827 1213 tore
864 1157 1217 1214 conlirmante
1244 1201 1259 1225 ,
1309 1168 1365 1214 et
1389 1160 1617 1217 consilio
1663 1161 2039 1230 prmdietorum
2088 1160 2290 1230 episco-

703 1265 894 1321 porum
920 1256 976 1304 et
1003 1250 1226 1304 aliarum
1262 1250 1635 1320 religiosorum
1668 1268 2039 1321 personarum,
2076 1252 2286 1306 institui

703 1343 982 1398 duodecim
1016 1346 1205 1397 II‘UII‘L‘S
1227 1345 1279 1398 in
1304 1346 1532 1401 ecclesia
1557 1346 1738 1402 Sancti
1754 1347 1989 1413 QUllllIllI
2036 1356 2200 1417 marl)
2215 1346 2288 1403 ris

701 1450 734 1491 ιι
757 1436 1076 1507 supradictis
1097 1438 1367 1508 episcopis
1405 1456 1486 1493 co:
1511 1448 1745 1509 secrata,
1772 1456 1891 1512 qua:
1920 1441 1971 1495 in
2003 1439 2128 1494 villa
2153 1438 2285 1494 Mel-

699 1529 941 1585 bodieusi
969 1540 1083 1585 erat
1109 1532 1234 1598 sita,
1266 1531 1354 1585 tali
1387 1533 1733 1590 conditione:
1761 1543 1820 1589 ut
1868 1534 1945 1589 illi
1994 1534 2102 1603 jam
2153 1533 2286 1588 dicti

698 1620 913 1690 fratres,
944 1638 1106 1692 supra
1165 1625 1451 1679 nominatae
1488 1625 1734 1682 ecclesia:
1788 1626 2139 1681 sanctissimae
2188 1624 2284 1682 Dei

698 1716 990 1785 genetricis
1014 1715 1211 1780 Marize,
1243 1732 1365 1772 cum
1389 1721 1697 1773 reverentia
1720 1727 1775 1773 et
1803 1721 2012 1775 honore
2048 1717 2284 1774 deservi-

697 1816 838 1872 rent,
867 1807 1005 1861 sicut
1034 1806 1135 1876 ipsi
1165 1823 1356 1864 omnes
1402 1815 1603 1880 pariter
1634 1813 1685 1864 in
1712 1811 2045 1866 solemnibus
2096 1810 2285 1868 diebus

2397 618 2470 659 xx
2498 603 2648 673 regni
2682 603 3013 678 Dagoberti.)

3143 722 3227 778 VI.

2394 831 2591 916 Charta
2615 849 2717 915 qna
2745 834 3135 916 Αηηρριιηᾴιι-ξ,
3165 834 3525 916 Lugdunensis
3569 841 3781 916 praesul,
3828 842 3966 916 Lug-

2463 905 2681 958 dunensi
2706 906 2873 959 sancti
2894 903 3039 961 Petri
3064 903 3386 963 Partirénoni
3408 910 3545 965 dona
3565 903 3965 971 collata-memo-

2462 985 2625 1056 rotet
2652 978 2943 1045 conﬁrmat,
2976 992 3039 1031 ac
3067 979 3178 1048 ipse
3206 996 3338 1033 nova
3365 982 3504 1036 dona
3532 986 3732 1054 confert
3754 985 3779 1023 ι)
3810 990 3956 1056 (ann.

2462 1043 2607 1115 655).

2460 1159 2573 1229 Ego
2604 1160 3010 1230 Annemundus,
3052 1163 3220 1218 sancti
3264 1163 3522 1234 Stephani
3553 1166 3965 1239 protomartyris

2389 1247 2763 1318 Lugdunensis
2808 1251 3085 1318 Ecclesiae,
3130 1253 3313 1323 prima:
3358 1254 3502 1310 sedis
3537 1252 3832 1329 Galliarum
3880 1272 3965 1311 ar-

2390 1342 2792 1412 chiepiscopus,
2835 1342 3085 1398 omnibus
3131 1344 3395 1413 lidelibus,
3451 1355 3558 1402 tam
3609 1350 3963 1418 praesentibus

2386 1445 2545 1500 quam
2576 1434 2793 1500 futuris,
2826 1444 3012 1490 notum
3041 1436 3181 1492 facio
3207 1439 3371 1507 quod,
3404 1449 3595 1510 rogatu
3622 1442 3727 1498 mei
3756 1444 3963 1514 praede-

2386 1526 2616 1579 cessoris
2643 1525 2816 1581 beata:
2846 1527 3120 1584 memoria:
3148 1527 3472 1598 Viventioli,
3511 1534 3736 1603 eiusque
3768 1536 3962 1592 Eccle-

2384 1616 2476 1671 sia:
2506 1617 2922 1690 archiepiscopi,
2963 1621 3056 1690 qui
3102 1637 3186 1678 me
3217 1623 3452 1693 praefatae
3482 1623 3753 1693 Ecclesize,
3792 1642 3853 1683 se
3878 1629 3963 1685 vi-

2386 1720 2564 1779 vente,
2606 1713 3072 1785 archiepiscopum
3112 1715 3400 1782 ordinavit,
3432 1726 3489 1774 et
3535 1719 3589 1774 in
3631 1721 3963 1776 monasterio

2384 1805 2558 1860 sancti
2584 1803 2732 1861 Petri
2760 1806 2951 1876 puellis
2980 1808 3307 1865 monialibus
3332 1811 3773 1880 permanantibus
3804 1813 3962 1883 plura

694 1898 1015 1965 Nativilatis,
1039 1898 1375 1970 Epiphaniae,
1409 1902 1856 1967 ltesurrectionis,
1889 1905 2232 1963 Ascensinnis
2257 1948 2272 1972 ,
2304 1895 2352 1957 Β
2376 1897 2640 1953 beuelicia
2687 1898 3027 1965 ministravit,
3069 1914 3233 1970 super
3259 1901 3376 1959 haec
3407 1902 3587 1957 omnia
3617 1903 3962 1960 consideravi

700 1992 1068 2056 Pentecostes,
1093 1992 1445 2048 dedicationis
1468 1994 1632 2063 ipsius
1651 1995 1914 2062 ccclesim,
1930 1997 2276 2067 omniumque

692 2084 1094 2140 soleomitatum
1122 2093 1323 2140 sancta:
1351 2085 1444 2140 Dei
1478 2088 1753 2153 genitricis
1782 2087 1984 2153 Maria,
2004 2088 2271 2155 intersint,

690 2175 747 2230 in
784 2175 1235 2231 celebrationibus
1292 2177 1575 2233 missarum
1624 2187 1680 2234 ct
1742 2194 2123 2249 vesperaium,
2164 2189 2270 2236 etc.

690 2266 763 2324 Ut
787 2276 968 2322 autem
999 2267 1075 2321 illi
1098 2267 1210 2337 jam
1250 2268 1375 2322 (Ilt'll
1406 2272 1600 2327 lratres
1648 2273 1848 2340 absque
1897 2272 2189 2340 indigentia
2219 2281 2274 2329 et

686 2360 913 2431 penuria
949 2360 1126 2429 aliqua
1143 2361 1358 2415 Christo
1389 2364 1632 2419 l‘anmlari
1654 2373 1710 2419 et
1730 2365 1934 2421 ordinis
1961 2376 2273 2424 sanctorum

685 2453 1067 2510 canonicorum
1098 2453 1218 2507 vita:
1245 2464 1618 2524 competenter
1642 2457 1969 2514 deservirem
2006 2497 2024 2524 ,
2072 2460 2139 2514 ad
2184 2461 2274 2515 sti-

682 2546 879 2618 pendia
931 2555 986 2602 ot
1031 2560 1162 2601 usus
1208 2561 1399 2602 eorum
1450 2549 1741 2605 donatione
1796 2554 2012 2622 propria
2062 2555 2269 2622 tribui,

684 2638 875 2696 eodem
904 2638 991 2693 die
1035 2654 1145 2707 quo
1194 2639 1431 2707 pricdicti
1478 2643 1809 2698 venerabiles
1857 2645 2096 2716 episcopi
2145 2646 2271 2700 Aut-

683 2733 889 2803 bertus,
920 2735 1213 2801 Amandus,
1246 2734 1555 2804 Audoeuus,
1583 2739 1861 2795 Ursmarus
1886 2740 2273 2795 dedicaverunt

682 2827 970 2884 ecclesiam
994 2828 1045 2884 in
1068 2830 1273 2886 honore
1311 2830 1455 2885 beati
1484 2832 1722 2899 Quintiui
1774 2835 2025 2906 martyris
2050 2876 2063 2897 ,
2121 2835 2267 2892 decl-

685 2935 829 2975 mam
854 2929 1060 2989 partem
1087 2937 1206 2992 quze
1228 2920 1340 2976 exit
1365 2920 1431 2977 de
1457 2931 1724 2991 potestate
1739 2922 2011 2992 Melhodii,
2042 2935 2269 2996 excepta

682 3011 1065 3068 indominicata
1098 3014 1234 3069 curti
1265 3028 1425 3083 quam
1463 3013 1518 3068 in
1557 3030 1683 3068 usus
1731 3014 2001 3086 hospitum
2033 3027 2089 3072 et
2136 3033 2267 3087 pau-

679 3119 868 3174 perum
893 3105 1090 3160 Christi
1117 3107 1297 3173 statui,
1330 3106 1397 3162 de
1425 3106 1689 3175 laborato,
1724 3107 1792 3163 de
1839 3110 2027 3179 pratis,
2078 3110 2146 3165 de
2175 3111 2267 3165 sil-

680 3194 799 3261 vis,
831 3196 899 3250 de
953 3206 1168 3251 moneta
1196 3235 1213 3263 ,
1270 3196 1337 3251 de
1364 3206 1562 3267 ponte;
1617 3206 1671 3254 et
1721 3215 1938 3256 ll'lﬂllSOS
1983 3215 2260 3257 servorum

2378 1987 2639 2058 optimum
2662 1986 2778 2043 fore
2798 1988 2972 2043 eidem
2995 1991 3325 2046 monasterio
3348 2006 3568 2061 Operam
3590 2007 3765 2047 meam
3794 1994 3949 2064 dare,

2376 2089 2597 2151 propter
2625 2095 2774 2135 meas
2799 2080 2932 2136 duas
2970 2097 3209 2149 sorores,
3237 2099 3358 2153 quae
3386 2081 3495 2140 illic
3523 2085 3757 2141 assiduis
3783 2087 3960 2157 preci-

2375 2176 2474 2232 bus
2499 2185 2779 2246 parentum
2805 2191 3068 2245 meorum,
3099 2177 3353 2232 videlicet
3381 2177 3565 2247 Sigeui
3586 2189 3641 2234 et
3667 2179 3954 2247 Petroniaa,

2375 2286 2589 2327 sacrum
2623 2274 2871 2328 velamen
2903 2281 3207 2328 consecuta)
3235 2281 3391 2339 sunt;
3436 2288 3541 2328 una
3573 2288 3798 2344 quarum
3847 2272 3955 2328 Pe-

2377 2366 2612 2431 tronilla,
2648 2375 2702 2420 et
2729 2367 2833 2419 alia
2858 2365 3019 2421 Lucia
3043 2368 3358 2420 vocabatur.
3384 2362 3644 2420 Parentes
3670 2380 3802 2421 vero
3827 2365 3955 2431 mei,

2375 2473 2495 2513 cum
2526 2456 2592 2511 ad
2620 2458 2776 2512 Iilt'mt
2808 2457 2889 2513 sui
2920 2457 3187 2512 cxmuiuis
3217 2455 3502 2527 pervenire
3546 2470 3606 2512 se
3646 2464 3955 2523 cernerent,

2376 2559 2482 2604 tam
2533 2565 2620 2604 me
2670 2568 2771 2620 qua
2802 2594 2825 2604 η
2877 2552 3100 2608 fratrem
3150 2566 3350 2617 meum,
3404 2551 3621 2607 nomine
3661 2550 3950 2617 Dallinum,

2376 2641 2561 2696 oculos
2592 2652 2803 2699 nostros
2835 2643 2934 2713 ipsi
2978 2643 3304 2699 monasterio
3347 2651 3565 2712 apertos
3610 2651 3796 2697 tenere
3837 2658 3956 2698 mo-

2372 2742 2624 2796 nuerunt,
2675 2742 2732 2787 ut
2782 2734 2938 2798 Deus,
2976 2742 3084 2789 tam
3129 2735 3231 2790 sibi
3272 2749 3433 2805 quam
3478 2735 3589 2790 suis
3618 2734 3951 2805 parentibus,

2369 2823 2619 2880 videlicet
2656 2826 2790 2881 vivis
2819 2834 2872 2880 rt
2900 2825 3183 2891 deluuctis.
3216 2826 3461 2881 misereri
3491 2826 3825 2895 dignaretur,
3864 2843 3956 2884 ro-

2368 2927 2584 2982 gavero.
2616 2914 2784 2984 Hujus
2807 2916 2885 2970 rei
2909 2931 3017 2971 non
3041 2917 3343 2979 immemor,
3369 2916 3496 2971 dum
3521 2916 3804 2974 incolumis
3824 2933 3952 2989 per-

2370 3020 2583 3075 maneo,
2614 2996 2931 3077 petitionem
2963 3008 3134 3078 patris
3164 3022 3228 3063 ac
3256 3009 3444 3064 matris
3471 3009 3700 3079 implere
3740 3010 3954 3066 deside-

2367 3114 2511 3164 rans,
2543 3099 2715 3154 cidem
2749 3101 3080 3155 monasterio
3110 3101 3177 3155 de
3206 3100 3341 3157 meis
3368 3098 3711 3157 facultatibus
3731 3117 3851 3172 qua:
3880 3101 3949 3156 ad

2366 3207 2454 3247 me
2483 3194 2774 3263 pertinent,
2804 3197 2856 3248 in
2880 3201 3202 3265 perpetuum
3229 3194 3395 3250 dono.
3424 3195 3503 3249 Do
3522 3203 3704 3250 autem
3726 3194 3781 3248 iu
3807 3194 3952 3265 epis-

680 3286 942 3357 quiuque,
974 3296 1027 3343 et
1075 3289 1246 3343 lidelia
1280 3289 1511 3357 triginta,
1542 3299 1727 3361 pratos
1753 3293 1886 3350 duos
1910 3335 1926 3359 ,
1976 3304 2032 3350 et
2075 3297 2264 3351 silvam

2368 3295 2568 3357 copatu
2597 3288 2929 3343 Genevensis
2958 3287 3230 3353 Ecclesiae,
3263 3286 3547 3342 ecclesiam
3572 3287 3677 3341 mei
3704 3286 3861 3356 juris,
3895 3287 3949 3342 in

680 3395 841 3434 unam
870 3394 987 3449 quo
1015 3380 1209 3435 dicitur
1238 3379 1522 3447 Fareshus,
1552 3383 1782 3439 molinos
1810 3386 1948 3440 duos
1976 3402 2137 3455 supra
2172 3390 2262 3441 ilu-

679 3487 808 3529 mcu
840 3472 1113 3541 blclbodii,
1139 3473 1355 3527 Cﬂlllbtls
1387 3483 1689 3539 trcs,unam
1710 3491 1873 3546 supra
1901 3477 2068 3546 ripam
2102 3476 2260 3531 Zam-

681 3566 798 3631 bre,
825 3562 958 3619 duas
1000 3577 1161 3633 supra
1191 3565 1390 3618 llumen
1436 3563 1706 3631 Melbodii,
1738 3575 1792 3621 et
1821 3567 2077 3637 quasdam
2107 3568 2261 3623 viflas

677 3655 904 3713 Ittoiaen
933 3664 989 3710 ct
1015 3654 1236 3711 llanacn
1264 3694 1280 3722 ,
1328 3671 1450 3711 cum
1477 3656 1702 3712 ecclesia
1733 3666 1790 3713 ct
1843 3659 2164 3729 appemiitiis
2208 3667 2264 3714 et

678 3752 981 3823 mancipiis,
1018 3760 1073 3807 et
1099 3752 1261 3806 aliam
1290 3750 1471 3807 villam
1500 3752 1553 3807 in
1573 3753 1700 3809 villa
1728 3754 1901 3820 Ruvo,
1926 3772 1997 3825 qu
2017 3775 2044 3809 ιε
2066 3756 2262 3811 dicitur

676 3844 1002 3909 Lantereias,
1036 3854 1091 3900 et
1118 3845 1279 3901 aliam
1319 3846 1497 3900 villam
1526 3860 1645 3914 quso
1677 3847 1869 3903 dicitur
1900 3848 2124 3904 Vi=lcras
2150 3891 2165 3916 ,
2205 3858 2261 3905 et

676 3936 837 3992 aliam
866 3936 1046 3991 viilam
1073 3935 1428 4002 Waldrecias,
1459 3953 1579 3993 cum
1604 3939 1830 3994 ecclesia
1855 3948 1911 3994 et
1938 3940 2260 4011 appenditiis

676 4040 733 4086 et
776 4030 1075 4100 mancipiis.
1131 4030 1197 4084 Et
1241 4029 1287 4086 si
1339 4032 1496 4087 fuerit
1525 4032 1716 4101 aliquis
1771 4034 1884 4102 qui,
1915 4044 2020 4089 etc.
2076 4039 2150 4087 {ut
2204 4036 2258 4089 in

677 4124 857 4179 charta
888 4123 1219 4193 pi-wcedenti,
1245 4140 1401 4194 usque
1430 4125 1497 4177 ad
1528 4126 1636 4179 liceo
1666 4126 1818 4180 oet'ba
1842 4145 1858 4183 :
1887 4126 2095 4195 argenti
2124 4141 2258 4197 pon-

676 4216 825 4288 dera)
853 4215 913 4273 L.
946 4216 1006 4272 C.
1030 4216 1089 4273 Ο.
1129 4225 1351 4274 coactus
1392 4217 1676 4286 exsolvat,
1733 4224 1838 4275 etc.
1869 4218 2073 4289 (iterum
2119 4226 2174 4271 ut
2202 4218 2256 4272 in

676 4373 931 4445 praecedit
951 4373 1017 4427 de
1039 4374 1230 4445 eodem
1260 4374 1588 4429 monasterio
1610 4415 1624 4441 ,
1652 4372 1842 4445 eadem
1881 4372 1970 4427 die
1999 4372 2258 4445 data.gl_is-

671 4443 795 4501 dem
836 4455 1061 4512 utraque
1090 4444 1299 4498 laborat
1323 4445 1463 4499 vitiis
1490 4459 1606 4513 quae
1643 4443 1833 4498 falsum
1856 4452 2104 4510 arguunt.
2152 4443 2259 4501 Ex-

673 4516 870 4584 scripta
900 4516 998 4568 luit
1026 4530 1091 4569 ex
1140 4517 1448 4585 apographo
1501 4514 1645 4584 quod
1697 4515 1893 4568 dicitur
1921 4516 2087 4585 fuisse
2120 4516 2258 4585 lega-

674 4586 798 4641 liter
826 4586 1077 4639 collatqu
1119 4602 1260 4638 anno
1311 4584 1467 4652 liti‘J,
1511 4601 1633 4640 cum
1680 4594 2016 4654 trausumpto
2069 4584 2256 4644 formis

673 4656 997 4711 authentieis
1031 4656 1227 4711 vallato
1248 4697 1263 4723 ,
1313 4671 1454 4710 anno
1478 4655 1645 4721 1518;
1681 4671 1780 4712 nec
1806 4672 1872 4711 eo
1926 4656 2102 4710 minus
2127 4699 2141 4719 .
2195 4666 2255 4714 ut

674 4728 789 4796 ipse
815 4734 997 4780 Ilionei.
1025 4727 1351 4790 cditor,lnnc
1374 4727 1557 4781 charta
1581 4726 1723 4796 apud
1750 4726 1986 4780 eruditos
2007 4727 2073 4780 de
2101 4728 2254 4782 falsi-

677 4807 786 4851 tate
804 4797 968 4869 Avalde
991 4807 1235 4866 suspecta
1255 4798 1497 4853 est.Vi-:e
1519 4807 1671 4852 notas
1691 4808 1901 4851 nostras
1918 4796 2051 4865 (Col.
2072 4797 2251 4869 1161),

674 4869 739 4921 ad
769 4867 1009 4923 chartam
1041 4873 1265 4921 alteram
1291 4870 1358 4924 de
1394 4870 1496 4923 hoc
1527 4870 1854 4923 monasterio
1878 4909 1892 4932 ,
1954 4870 2007 4922 in
2061 4870 2254 4937 quibus

672 4939 883 4993 abun-lc
908 4938 1024 4993 falsi
1049 4938 1244 4994 indicia
1272 4940 1688 4995 monstravimus
1720 4981 1735 5004 ,
1793 4940 2007 5008 utrique
2051 4940 2252 4997 charta:

673 5025 998 5064 COIIIIIIUIlIa.

747 5092 767 5116 ιι
810 5078 899 5133 Sic
931 5080 980 5133 iu
1007 5082 1254 5150 exemplo
1281 5080 1444 5135 edito.
1477 5080 1534 5133 lu
1564 5080 1934 5149 praetermissis
1963 5089 2103 5134 nota:
2154 5081 2251 5135 ha-

672 5152 865 5207 bentur
889 5150 1297 5217 chronologicc,
1328 5151 1554 5216 scilicet,
1586 5152 1691 5203 dies
1715 5167 1764 5205 tv
1792 5152 1905 5204 idus
1935 5150 2101 5204 Junii.

745 5221 769 5255 ¹δ
795 5218 974 5274 Edidit
1021 5220 1381 5283 Mabillonius,
1417 5222 1610 5275 Annal.
1664 5229 1703 5274 t.
1752 5220 1791 5284 I,
1838 5236 1958 5290 pag.
2008 5222 2132 5285 690,
2180 5237 2250 5276 ex

674 5292 891 5345 archivo
921 5290 1278 5346 I‘at‘thennnis
1319 5292 1377 5346 S.
1413 5293 1580 5357 l‘etri,
1613 5299 1667 5344 et
1697 5292 1746 5344 in
1778 5292 1955 5360 aliqua
1985 5292 2065 5345 sui
2097 5301 2249 5357 parte

674 5361 1055 5429 interpolatum
1090 5364 1304 5425 l'ttctur,
1357 5363 1407 5416 in
1456 5362 1576 5415 aliis
1615 5378 1742 5415 vero
1790 5376 2125 5430 nequaquam
2157 5377 2247 5415 su-

671 5444 915 5501 Spectum
956 5432 1180 5499 judicat,
1214 5433 1343 5486 ibid.
1378 5447 1498 5501 pag.
1531 5432 1655 5484 ΗΒ.
1700 5431 1835 5485 Huic
1888 5432 2246 5501 instrumento

672 5500 944 5557 minimam
970 5502 1125 5556 tidem
1149 5500 1407 5557 adhibent
1428 5510 1675 5557 auctores
1698 5504 1858 5556 Nova:
1878 5500 2064 5555 Gallia:
2085 5502 2246 5556 chris-

672 5573 855 5638 tiana},
887 5581 921 5626 t.
960 5572 1044 5638 lV,
1077 5573 1180 5628 col.
1210 5573 1333 5625 2:55.
1367 5573 1500 5627 Cum
1532 5590 1658 5626 vero
1692 5589 1795 5627 non
1821 5580 2004 5641 pateat
2024 5586 2142 5639 qua:
2165 5571 2246 5626 iu-

673 5645 940 5711 terpolata
962 5643 1067 5697 sint
1087 5653 1141 5697 et
1164 5644 1400 5713 pfuribus
1423 5652 1628 5697 scatent
1651 5644 1840 5697 charta
1864 5642 1982 5694 falsi
2008 5642 2240 5706 iudiciis,

674 5715 810 5767 hanc
840 5715 1087 5781 legitimis
1116 5730 1471 5768 aunumeraze
1503 5730 1607 5767 non
1641 5715 1784 5767 licet.
1832 5713 2026 5765 Indicia
2060 5720 2240 5766 autem

673 5785 789 5838 t'alsi
813 5794 938 5839 smit
965 5804 973 5836 :
1007 5785 1060 5837 l'
1087 5783 1291 5839 Titulus
1315 5785 1727 5854 archicp'scopi,
1753 5785 1850 5836 hac
1871 5792 2028 5835 actate
2053 5783 2239 5836 insoli-

674 5864 777 5920 tus,
809 5871 967 5926 quem
999 5857 1225 5910 assumit
1252 5857 1634 5910 Aunemundus
1656 5871 1709 5909 ct.
1740 5853 2112 5921 pranleccssori
2141 5868 2239 5926 suo

673 5923 858 5984 tribuit
887 5926 1105 5997 (videsis
1154 5936 1332 5983 tamen
1361 5942 1479 5998 qua:
1517 5926 1715 5997 scripta
1760 5933 1885 5985 sunt
1931 5939 2090 5995 supra
2124 5932 2159 5978 t.
2194 5923 2234 5993 l,

2366 3380 2572 3434 honore
2612 3380 2789 3435 sancti
2821 3379 2967 3437 Petri
3009 3380 3336 3446 dedicatam,
3366 3394 3488 3435 cum
3517 3379 3664 3434 omni
3702 3379 3944 3451 ejusdem

2362 3469 2591 3538 honore,
2641 3471 2708 3526 ad
2746 3487 2831 3527 me
2880 3473 2933 3526 in
2982 3473 3171 3527 eadem
3202 3473 3424 3541 regione
3462 3472 3787 3543 pertinente,
3824 3487 3948 3529 cum

2362 3562 2639 3620 beneﬁciis
2666 3572 2721 3619 et
2747 3564 2972 3620 decimis
2995 3573 3050 3619 et
3077 3563 3390 3634 sepulturis,
3421 3577 3540 3633 qum
3566 3564 3748 3620 omnia
3777 3565 3845 3620 ad
3866 3564 3949 3634 ip-

2360 3673 2476 3713 sam
2504 3660 2788 3714 ecclesiam
2826 3657 3119 3729 pertinent.
3172 3659 3229 3712 ln
3277 3671 3415 3728 pago
3443 3671 3574 3713 vero
3615 3656 3934 3726 Viennensi,

2361 3750 2416 3805 in
2456 3749 2580 3805 loco
2608 3750 2701 3819 qui
2729 3759 2957 3806 vocatur
2982 3747 3455 3816 Turris-de-I’ino,
3500 3748 3937 3820 circumquaque,

2362 3841 2434 3896 do
2463 3855 2650 3897 omnes
2680 3841 2914 3896 honores
2942 3854 3095 3896 meos
3122 3840 3246 3895 illac
3271 3839 3338 3895 ad
3376 3853 3464 3893 me
3489 3838 3842 3909 pertinentes.
3889 3839 3948 3894 In

2361 3933 2612 3989 omnibus
2641 3932 2965 4002 supradictis
3006 3931 3327 3999 honoribus,
3352 3929 3584 3995 villicos,
3615 3938 3811 3998 rogatu
3838 3928 3938 3985 ab-

2358 4026 2573 4082 batissae
2599 4025 2839 4095 ejusdem
2862 4023 3198 4091 monasterii,
3225 4022 3443 4078 nomine
3465 4020 3831 4092 Radagundis,
3861 4030 3946 4077 at-

2359 4133 2467 4188 que
2493 4116 2930 4189 congregationis
2976 4114 3217 4186 ejusdem
3260 4112 3386 4179 loci,
3416 4113 3801 4183 disposuimus,
3845 4113 3941 4183 qui

2358 4211 2588 4269 ﬁdeliter
2606 4226 2801 4269 census
2816 4219 2872 4268 et
2892 4210 3091 4267 tributa
3107 4215 3434 4281 quaererent,
3459 4221 3523 4263 ac
3544 4206 3777 4263 ﬁdeliter
3798 4222 3940 4280 pre-

2359 4384 2485 4441 pag.
2535 4368 2698 4437 M7):
2746 4368 2805 4441 2°
2854 4383 2975 4425 cum
2998 4368 3191 4441 charta
3236 4374 3371 4434 tota,
3414 4363 3485 4441 ad
3512 4362 3939 4441 recensendam

2359 4431 2725 4515 conﬁrmanda
2753 4440 2897 4515 dona
2919 4439 3120 4515 collata
3148 4431 3485 4515 monasterio
3593 4431 3936 4515 l_‘et_ri_potisf

2359 4513 2553 4569 simum
2583 4508 2818 4567 conﬂata
2846 4510 3111 4576 videatur,
3145 4510 3218 4564 ibi
3261 4508 3465 4563 mentio
3513 4506 3626 4558 lieri
3666 4504 3941 4560 debuisset

2359 4584 2626 4640 donorum
2652 4583 2974 4638 collatorum
3014 4597 3157 4635 anno
3203 4579 3308 4633 587
3347 4594 3378 4633 a
3405 4576 3621 4632 Girarto
3667 4581 3725 4629 et
3772 4588 3940 4630 uxore

2283 4642 2338 4704 D
2360 4654 2498 4722 ejus,
2529 4653 2599 4709 de
2640 4654 2835 4722 quibus
2876 4652 3295 4722 instrumentum
3332 4647 3558 4722 optimae
3589 4654 3732 4700 notae
3776 4660 3938 4722 supra

2361 4715 2860 4798 edidimus,'su_nra,
2895 4731 2933 4777 t.
2962 4721 3004 4788 I,
3035 4719 3328 4798 pag._156;
3359 4720 3423 4798 5ο
3452 4724 3817 4798 μηδαμῆ-,θυεμ
3836 4715 3939 4771 hoc

2359 4796 2477 4865 ipso
2501 4784 2699 4868 G‘irarti
2739 4784 3323 4868 ingsthtmen'to'cbarta
3349 4784 3687 4868 Anneuiundi
3714 4807 3735 4868 ί
3755 4784 3937 4868 Girar-

2357 4857 2443 4921 tus
2468 4865 2612 4920 enim
2641 4866 2916 4919 conditum
2965 4863 3021 4918 S.
3073 4861 3218 4917 Petri
3268 4858 3653 4917 monasterium
3703 4857 3863 4912 docet
3904 4871 3935 4911 a

2354 4950 2482 5004 rege
2511 4934 2819 4991 Gaudiscllo
2848 4942 2905 4988 et
2933 4933 3304 5004 Theudeliuda
3327 4944 3553 5004 sponsa,
3583 4929 3805 4983 ineunte
3831 4940 3933 5004 ste-

2355 4997 2477 5062 cuio
2504 5022 2557 5063 vr
2575 5022 2605 5081 _;_
2623 5007 2740 5081 vide
2769 5013 3028 5081 supra,__t.
3061 5002 3102 5063 Ι,
3134 5016 3254 5073 pag.
3289 4997 3635 5081 lS_7_.__t.‘harta
3664 5013 3796 5077 vero
3822 4997 3933 5051 An-

2352 5077 2609 5132 nemundi
2674 5077 2848 5148 innuit
2902 5075 3220 5148 Albertum,
3278 5073 3667 5128 nobilissimum
3718 5073 3933 5148 virum,

2353 5165 2511 5220 unum
2539 5147 2815 5220 exprimi:
2845 5146 3122 5220 ronaersis,
3153 5159 3260 5199 non
3287 5148 3454 5220 multo
3479 5151 3595 5220 post
3627 5146 3929 5220 iussionem

2350 5218 2407 5271 S.
2438 5210 2644 5282 Irenazi,
2679 5217 2729 5271 id
2752 5228 2863 5289 cst,
2891 5215 3061 5289 tribus
3087 5223 3215 5289 ante.
3241 5214 3473 5289 saeculis.
3506 5210 3633 5289 bpic
3662 5217 3935 5263 monaste-

2350 5292 2432 5342 rio
2470 5288 2581 5356 jam
2628 5280 2870 5349 condito,
2903 5285 3187 5353 ecclesias,
3220 5285 3367 5339 vicos
3407 5292 3467 5356 et
3508 5280 3664 5356 villas
3706 5293 3931 5356 conces-

2350 5347 2505 5414 sisse.
2565 5347 2965 5427 Quidquidrei
2994 5356 3085 5419 sit,
3137 5347 3184 5427 is
3224 5369 3343 5427 ess_e
3379 5353 3595 5427 videtur
3622 5347 3934 5427 Parthenon

2351 5420 2744 5497 Lugdunéusis:
2777 5442 2845 5481 ex
2915 5442 2983 5480 uo
3028 5425 3245 5495 quidam
3291 5423 3533 5478 Eulalius
3571 5420 3809 5489 puellam
3848 5432 3936 5473 ra-

2351 5508 2561 5550 nuerat.
2596 5508 2651 5550 ut
2681 5497 2846 5550 tradit
2873 5443 3166 5550 grrnorius
3196 5492 3547 5550 Turonensis.
3583 5491 3717 5544 llist.
3750 5489 3845 5543 lib.
3874 5503 3933 5550 ι.

2347 5489 2561 5569 ρυὲηιι,
2596 5508 2651 5569 ut
2681 5497 2846 5552 tradit
2873 5489 3166 5569 Gregorius
3196 5492 3547 5569 Turonensis,
3569 5489 3845 5569 _llist..lib.
3874 5503 3933 5555 ι,

2347 5561 2467 5639 cap.
2516 5561 2568 5623 8'.
2618 5568 2764 5623 Idem
2814 5561 3700 5639 porro'S.Petri_monasterium,
3730 5561 3938 5639 instau-

2346 5635 2487 5695 ravit
2507 5635 2912 5712 Anuemundus,
2939 5635 3307 5712 Lugdunensis
3324 5635 3565 5712 antistes,
3583 5641 3638 5712 et
3659 5638 3786 5712 post
3806 5644 3935 5710 eum

2350 5712 2677 5781 Leydradus,
2702 5707 3155 5781 labente__s:eculo
3179 5722 3296 5774 vui,
3319 5706 3412 5781 ubi
3428 5706 3789 5781 nunc,_inquit
3817 5706 3941 5781 epi-

2344 5772 2485 5837 stola
2514 5781 2578 5835 ad
2619 5772 2873 5834 Carolum
2928 5777 3197 5847 Magnum,
3247 5772 3664 5847 sanctimoniqlcs
3716 5772 3936 5847 triginta

2345 5854 2460 5908 duo:
2480 5850 2757 5907 secundum
2777 5840 3473 5920 institutioncmregutnrent
3486 5842 3721 5920 habitant
3738 5884 3755 5910 ,
3784 5840 3935 5898 vide-

2343 5924 2417 5979 sis
2444 5923 2649 5980 Novam
2671 5920 2810 5979 Gall.
2835 5920 3051 5989 christ.,
3082 5927 3121 5976 t.
3154 5914 3251 5995 IV,
3274 5917 3378 5977 col.
3410 5914 3532 5972 284.
