4206 6552
330 410 459 463 1165

1067 413 1491 466 DUNA'I‘IU‘NES
1533 411 1616 466 AC
1661 412 2124 468 TESTAMENTA
2168 413 2402 478 EPISC.,
2447 414 2620 479 ABB.,
2669 413 2819 469 ETC.

3435 417 3576 474 1166

315 529 470 585 dictas
497 530 800 596 abbatissae,
831 539 941 587 tam
968 533 1069 587 sibi
1101 549 1263 602 quam
1292 534 1736 605 subsequentibus
1766 537 1888 590 red-
1920 542 1968 602 Α
1996 548 2134 598 rutis,
2168 533 2391 598 scilicet,
2422 542 2637 602 paratas
2663 533 3092 602 supradictarum
3119 533 3493 603 ecclesiarum,
3518 548 3575 594 et

314 623 523 677 tit-rent.
552 625 722 678 Simili
745 626 906 679 modo
934 626 1250 691 Animoniaa,
1273 627 1556 682 abbatissa:
1573 627 1889 698 supradicta:

315 715 606 769 nominatze
635 717 1071 785 congregationis
1091 717 1334 785 ejusdem
1365 718 1496 785 loci,
1517 734 1560 773 c-‘
1586 719 1894 774 nstituimus

313 807 524 862 villicos
555 809 606 862 in
638 811 892 879 parochia
922 825 1043 880 quas
1071 811 1267 865 dicitur
1296 810 1548 875 Marines,
1582 827 1681 868 nec
1705 827 1811 867 non
1840 812 1892 866 in

314 900 434 956 viro
457 901 548 970 qui
579 910 804 957 vocatur
841 902 908 957 de
950 902 1312 973 Loimipagus,
1355 915 1518 972 atque
1568 905 1620 957 in
1653 905 1775 958 villa
1825 904 1894 958 de

314 989 751 1060 Bregovillicum,
780 1002 840 1049 ut
867 995 958 1064 qui
999 995 1332 1050 introductus
1362 996 1522 1051 fuerit
1553 1006 1766 1051 centum
1799 1013 1893 1052 so-

313 1079 453 1135 lidos
482 1083 767 1138 abbatissae
797 1084 970 1149 daret,
1000 1086 1310 1141 subvillicus
1349 1087 1657 1155 sexaginta;
1705 1088 1894 1142 simili-

315 1184 398 1230 ter
434 1185 489 1232 et
526 1194 578 1231 in
609 1178 907 1233 mutatione
943 1179 1247 1233 ahbatissm.
1298 1179 1355 1235 lu
1404 1180 1750 1249 perceptione
1800 1197 1892 1234 au-

314 1277 424 1322 tem
455 1269 742 1332 bonorum,
769 1278 832 1326 ut
859 1271 1141 1325 abbatissa:
1163 1280 1322 1342 atque
1350 1273 1749 1340 congregationi
1778 1290 1892 1326 mo-

313 1367 533 1421 nasterii
581 1383 743 1436 super
772 1365 963 1420 altaria
991 1370 1299 1437 juramenta
1345 1366 1616 1422 lidelitatis
1657 1366 1893 1423 facerent

315 1457 656 1527 ﬁdeliterque
685 1467 950 1514 tenerent.
986 1458 1253 1514 Institutio
1285 1472 1464 1515 autem
1499 1461 1611 1514 lucc
1639 1461 1775 1515 facta
1811 1469 1894 1514 est

317 1563 373 1607 ut
405 1553 634 1619 villicus,
669 1567 1010 1621 quocumque
1046 1553 1168 1607 loco
1208 1553 1477 1607 abbatissa
1502 1553 1732 1622 juberet,
1764 1569 1892 1622 per-

314 1656 496 1715 geret;
528 1645 858 1710 subvilliens,
894 1645 1011 1715 ipso
1044 1648 1284 1710 absente,
1318 1654 1585 1716 pmeeepto
1615 1646 1893 1700 abbatissa:

313 1749 476 1809 atque
511 1737 695 1804 villici,
726 1737 986 1793 utilitates
1029 1746 1292 1793 terrarum
1325 1738 1551 1794 fideliter
1584 1747 1894 1807 procuraret

313 1849 379 1888 ac
410 1833 766 1902 dispensaret.
812 1831 886 1887 De
920 1833 1075 1886 ttrris
1104 1849 1320 1902 quoque
1366 1833 1604 1899 arandis,
1647 1847 1782 1902 quas
1826 1832 1891 1885 ad

313 1923 573 1977 arandum
599 1924 843 1978 utiliores
873 1932 1181 1990 cernerent,
1215 1925 1454 1993 exccptis
1479 1925 1559 1981 bis
1581 1940 1698 1993 qua:
1724 1927 1884 1979 abba-
1919 1931 1966 1990 B

314 2016 442 2071 tissa
473 2017 538 2070 ad
571 2017 856 2071 utilitatem
885 2016 1198 2070 monasterii
1233 2033 1524 2086 procurare
1557 2019 1762 2082 fecerit,
1799 2018 1889 2071 tali

309 2117 469 2178 pacto
497 2109 564 2162 ad
589 2109 770 2162 villico
801 2115 855 2161 et
881 2106 943 2159 ad
977 2107 1254 2162 subvillieo
1279 2108 1369 2160 tali
1397 2108 1557 2161 modo
1584 2109 1894 2177 perducant

308 2201 476 2270 quod,
509 2201 552 2254 si
594 2200 668 2254 illi
700 2201 793 2268 qui
837 2200 1162 2269 acceperint,
1197 2201 1608 2254 altliiiC;tli()ttCtIt
1655 2201 1888 2267 aliquam

308 2293 555 2357 fecerint,
605 2293 888 2348 :edilicatio
938 2295 1035 2365 ipsi
1084 2294 1411 2348 monasterio
1461 2301 1652 2347 revcrt:
1679 2302 1793 2356 tur;
1842 2292 1886 2346 si

307 2403 438 2440 vero
488 2385 719 2440 vendere
765 2386 1072 2448 voluerint,
1133 2387 1281 2454 prius
1333 2386 1659 2440 abbatissam
1719 2401 1881 2451 quam

305 2480 472 2533 alium
502 2479 880 2542 submoneant,
914 2494 1114 2548 easque
1143 2477 1332 2549 (Μαίη,
1360 2475 1540 2550 eique]
1566 2477 1733 2531 levius
1755 2493 1886 2530 ven-

305 2571 455 2626 dant.
488 2572 709 2626 Villicus
748 2580 928 2625 autem
962 2580 1054 2624 aut
1083 2572 1395 2626 subvillicus
1425 2586 1587 2639 super
1618 2570 1884 2624 extollen-

303 2665 434 2718 tiatn
464 2665 742 2720 oculdrum
760 2673 946 2718 contra
968 2663 1291 2717 abbatissam
1315 2663 1359 2716 si
1382 2662 1561 2717 subire
1585 2677 1752 2732 ctrpet
1770 2671 1884 2728 unt,

302 2765 398 2810 aut
443 2755 640 2825 aliquid
690 2754 943 2809 indecens
977 2755 1242 2816 violenter
1272 2764 1517 2826 egerunt,
1556 2756 1700 2824 prius
1751 2757 1885 2810 trina

303 2858 522 2918 peracta
553 2848 896 2901 invocatione
920 2847 1138 2917 capituli
1163 2847 1326 2916 ipsius
1358 2848 1693 2915 monas‘crii,
1723 2847 1887 2901 abha-

305 2940 448 2993 tissa:
474 2947 682 2993 rectum
717 2937 896 2992 facere
921 2939 966 2992 si
989 2940 1376 3005 recusaverint,
1403 2939 1469 2992 ab
1490 2939 1637 2992 omni
1666 2953 1888 2993 munere

302 3035 494 3090 amicis
525 3033 720 3104 [Mab.,
752 3031 1232 3102 amministramus]
1283 3033 1479 3086 tradito
1526 3032 1883 3102 expellantur,

301 3125 574 3180 abbatissa
605 3135 784 3178 autem
815 3123 1062 3178 utiliores
1090 3122 1191 3176 sibi
1231 3123 1529 3192 perquirat.
1566 3123 1880 3175 l’arochiam

1999 624 2392 680 decimationes
2419 625 2658 680 omnium
2688 624 2965 678 vinearum
2997 625 3230 692 illarum,
3266 633 3321 680 et
3348 627 3571 684 oblatio-

1996 739 2091 780 nes
2119 725 2383 789 vivorum,
2427 735 2483 781 et
2526 727 2906 781 tumulationcs
2947 727 3324 784 defunctorum
3354 729 3421 785 ad
3452 731 3571 787 illas

1994 819 2375 888 pertinentium
2397 819 2474 874 eis
2495 818 2776 875 donamus.
2806 821 2928 876 Haec
2948 816 3149 887 autem,
3170 823 3278 878 Deo
3301 834 3570 880 annuente

1994 919 2049 966 et
2068 911 2409 981 disponente,
2442 927 2471 966 a
2499 915 2587 966 m'e
2612 910 2854 966 ordinata
2881 921 3006 968 sunt
3027 914 3080 967 in
3107 915 3391 983 praesentia
3417 917 3568 986 capi-

1998 1000 2096 1052 tuli
2128 1001 2368 1067 ejusdem
2401 1001 2732 1056 monasterii.
2767 1003 2824 1057 Si
2854 1003 2974 1070 quis
3002 1012 3182 1058 autem
3209 1005 3320 1058 htec
3352 1005 3571 1061 decreta

1995 1107 2026 1145 a
2069 1105 2154 1146 me
2185 1093 2472 1148 constituta
2517 1095 2692 1162 aliqua
2727 1089 3108 1164 praesumtione
3144 1098 3565 1164 violaverityex

1994 1182 2148 1250 parte
2178 1181 2273 1236 Dei
2303 1184 2709 1252 o:unipotentis,
2763 1186 2936 1240 Patris
2983 1193 3039 1239 el.
3085 1185 3204 1240 Filii
3245 1196 3300 1241 et
3337 1191 3567 1258 Spiritus

1992 1275 2197 1341 Sancti,
2227 1284 2283 1331 et
2313 1274 2492 1330 Beatze
2538 1277 2735 1346 Mariae,
2779 1281 2966 1334 matris
3000 1279 3209 1334 Domini
3243 1282 3412 1336 nostri
3439 1283 3568 1337 Jesu

1993 1365 2214 1432 Christi,
2267 1377 2323 1424 et
2362 1371 2532 1425 sancti
2583 1367 2751 1437 Petri,
2796 1373 3164 1440 apostolorum
3199 1373 3479 1442 principis,
3517 1383 3572 1428 et

1994 1459 2232 1514 omnium
2280 1468 2586 1514 sanctorum
2648 1460 2764 1525 Dei,
2820 1463 3353 1518 excommunicamus
3396 1463 3567 1530 illum,

1993 1562 2158 1621 atque
2188 1551 2708 1610 anathematizamus
2740 1554 2912 1619 illum,
2939 1555 3111 1611 donec
3141 1559 3206 1612 ad
3232 1558 3570 1612 emendatio-

1995 1661 2115 1699 nem
2148 1654 2253 1699 tam
2282 1646 2565 1702 abbatissze
2595 1664 2752 1717 quam
2783 1651 3219 1720 congregationis
3250 1653 3301 1707 in
3331 1653 3570 1724 capitulo

1995 1735 2236 1805 ejusdem
2266 1738 2580 1794 monasterii
2609 1741 2854 1795 venerint
2877 1751 2926 1794 ει.

2733 1897 2835 1952 VII.

1999 2004 2191 2058 Charta
2220 2023 2317 2076 qua
2351 2007 2658 2071 Atlalsimla,
2692 2007 2950 2062 abbatissa
2981 2029 3142 2064 sancti
3177 2013 3392 2070 Matini
3427 2017 3561 2072 Dor-

2067 2078 2280 2138 n..'ti.'.ci,
2324 2082 2688 2131 m'.-t:a.‘:lertttm
2733 2095 2880 2132 suum
2927 2081 3085 2136 domu
3123 2092 3432 2142 ntanasters'o
3469 2090 3560 2143 Be-

2068 2149 2236 2200 suensi
2260 2147 2284 2185 ³ο
2319 2152 2460 2215 (amt.
2492 2150 2525 2200 6
2567 2150 2638 2216 η.

2066 2276 2292 2330 Domino
2339 2288 2526 2332 sancto
2559 2287 2612 2332 et
2648 2278 2698 2332 in
2741 2279 2952 2337 Christo
2983 2285 3197 2340 amabili
3230 2287 3379 2343 fratri
3422 2289 3569 2345 Wal-

1993 2369 2206 2432 dalcno,
2251 2370 2536 2423 Adalsinda
2577 2371 2865 2427 abbatissa.
2918 2374 3052 2430 Dum
3097 2379 3360 2434 malorum
3390 2384 3566 2438 homi-

1995 2477 2121 2514 num
2163 2471 2354 2516 vexata
2387 2463 2591 2533 injuriis
2621 2473 2674 2520 ct
2701 2468 2862 2521 variis
2893 2469 3326 2540 adversitatibus,
3372 2477 3564 2534 ibidem

1994 2568 2140 2615 stare
2165 2577 2269 2615 non
2298 2577 2531 2630 possem,
2568 2562 2691 2617 inde
2723 2577 2824 2631 ego
2846 2574 2898 2619 ct
2922 2581 3210 2634 germanus
3239 2586 3389 2628 meus
3414 2575 3566 2629 Adal-

1993 2656 2135 2710 ricus
2167 2657 2318 2710 vobis
2346 2667 2398 2711 et
2433 2657 2685 2712 fratribus
2715 2661 2907 2714 vestris
2950 2663 3235 2731 petivimus
3263 2673 3320 2719 ut
3353 2668 3417 2722 ad
3449 2686 3562 2724 mo-

1995 2747 2289 2800 nasterium
2319 2747 2502 2802 Sancti
2535 2746 2677 2802 Petri
2723 2750 2968 2807 habitare
3013 2756 3112 2809 sub
3153 2757 3335 2824 regula
3366 2759 3449 2813 vel
3481 2775 3566 2813 or-

1992 2837 2116 2892 dine
2147 2838 2198 2892 in
2231 2839 2324 2893 Dei
2357 2840 2574 2894 nomine
2615 2841 2869 2898 deberem
2899 2862 2909 2896 :
2943 2845 3086 2914 quod
3130 2860 3181 2902 et
3214 2865 3309 2904 vos
3336 2865 3432 2919 pro
3477 2867 3566 2907 ea-

1995 2929 2167 2985 ritatis
2194 2931 2373 2986 studio
2402 2934 2768 2990 concessistis.
2802 2935 2926 2990 Ideo
2953 2940 3341 2994 monasterium
3365 2942 3567 2996 Dorna-

1991 3022 2188 3076 tiaeum
2235 3023 2289 3075 in
2339 3024 2545 3079 honore
2594 3024 2650 3080 S.
2705 3025 2914 3080 Martini
2964 3029 3143 3093 situm,
3179 3031 3322 3100 quod
3353 3033 3567 3100 genitor

1988 3135 2139 3174 meus
2169 3119 2502 3188 Amalgarius
2531 3129 2585 3175 ct
2612 3121 2861 3189 Aquilina
2903 3131 3074 3176 mater
3103 3139 3222 3178 mea
3251 3135 3567 3181 construxe-

301 3218 371 3272 de
402 3217 633 3272 Marines
659 3232 778 3270 cum
809 3217 1034 3271 ecclesia
1060 3215 1200 3270 beati
1230 3213 1489 3270 Johannis
1519 3216 1880 3284 evangelista),
1913 3238 1960 3303 ρ
1992 3221 2135 3274 runt,
2170 3218 2225 3263 et
2250 3211 2296 3264 ei
2327 3212 2614 3264 maximam
2647 3220 2853 3280 partem
2883 3212 2949 3268 de
2971 3214 3082 3268 suis
3109 3213 3448 3270 facultatibus
3473 3217 3568 3271 de-

301 3319 357 3363 et
387 3307 901 3363 Dolomicuraticunt
935 3308 1138 3374 vicum,
1167 3323 1287 3362 tum
1318 3308 1544 3362 ecclesia
1571 3307 1710 3361 beati
1742 3307 1886 3362 Petri

300 3413 356 3456 et
392 3403 546 3456 terris
575 3411 630 3457 et
664 3403 860 3456 inansis
888 3410 944 3456 et
973 3402 1309 3464 nemoribus,
1340 3411 1500 3470 atque
1529 3401 1660 3454 si"va
1690 3399 1888 3469 Brege-

301 3492 484 3557 nensi,
509 3507 628 3547 cum
651 3493 998 3548 concursibus
1027 3508 1309 3562 aquarum,
1342 3502 1619 3564 terrasque
1648 3492 1884 3562 Trequa-

303 3585 482 3640 fenses
534 3595 694 3653 atque
749 3595 917 3640 terras
977 3585 1370 3653 Brcgr‘inenses,
1416 3586 1564 3640 dedit
1613 3585 1882 3650 Albertus,

302 3677 674 3732 nobili<simus
701 3677 801 3741 vir,
837 3677 1168 3730 monasterio
1210 3677 1353 3730 beati
1386 3677 1527 3731 Petri
1561 3677 1881 3745 puellarum,

300 3767 393 3836 qui
424 3782 559 3821 unus
590 3782 655 3820 ex
690 3766 875 3836 primis
906 3781 1200 3820 conversus
1229 3766 1436 3819 exstitit
1460 3782 1566 3819 non
1599 3776 1718 3835 post
1744 3767 1882 3821 mul-

301 3868 419 3913 tum
473 3866 681 3926 tempus
725 3857 992 3927 passionis
1038 3857 1212 3910 sancti
1267 3855 1455 3910 irtenei
1508 3859 1885 3928 sociorumque

299 3949 444 4014 ejus,
476 3955 694 4016 propter
723 3945 856 4000 duas
890 3945 1022 4000 tilias
1053 3961 1184 4014 quas
1217 3946 1284 4000 ibi
1329 3962 1543 4001 sacrare
1585 3947 1705 4002 fecit
1736 3967 1747 4000 :
1782 3964 1884 4001 una

311 4041 610 4094 vocabatur
639 4039 980 4106 ltadagundis
1004 4047 1165 4107 atque
1199 4039 1363 4091 altera
1399 4039 1753 4106 Aldagondis;
1797 4047 1880 4092 at-

299 4150 408 4203 que
460 4133 744 4186 l’ernetam
793 4132 956 4186 liliazn
1006 4133 1185 4185 fratris
1229 4132 1349 4197 sui,
1396 4133 1611 4186 nomine
1658 4131 1877 4198 Silvini,

298 4241 466 4294 quam
515 4234 668 4294 pater
697 4223 934 4278 morie-ns
979 4224 1029 4277 in
1064 4223 1286 4276 tutelam
1318 4223 1433 4291 ejus
1472 4221 1775 4292 dereliquit,
1827 4231 1884 4278 et

300 4318 463 4371 aliam
513 4318 729 4384 nomine
776 4314 1033 4384 Sibyllam
1075 4314 1322 4368 similiter
1360 4329 1679 4369 consecrare
1731 4315 1877 4369 fecit.

301 4409 500 4464 Villam
532 4409 598 4462 de
627 4408 926 4476 Carpezate
956 4406 1103 4461 dedit
1130 4407 1291 4461 beato
1322 4405 1483 4460 Petro
1519 4408 1766 4476 apostolo
1811 4409 1879 4462 si—

300 4500 508 4554 militer
532 4497 863 4567 Stephanus,
894 4498 975 4551 vir
1006 4497 1433 4562 inlustrissimus,
1467 4508 1689 4566 propter
1716 4499 1877 4551 filiam

1993 3299 2327 3368 legaverunt,
2353 3301 2457 3358 hoc
2479 3303 2724 3372 recipere
2748 3302 2800 3356 in
2826 3302 2921 3358 Dei
2947 3305 3164 3359 nomine
3193 3306 3419 3375 debetis,
3443 3325 3565 3363 cum

1990 3393 2130 3447 villis
2176 3393 2241 3446 ad
2273 3395 2501 3448 eundem
2545 3396 2723 3450 locum
2755 3397 3168 3464 pertinentibus,
3219 3408 3273 3454 et
3319 3403 3567 3458 omnibus

1991 3487 2365 3540 universalitcr
2400 3487 2723 3558 appenditiis
2752 3489 2863 3544 suis
2897 3509 2908 3542 :
2954 3491 3136 3546 villam
3166 3493 3372 3549 scilicet
3404 3494 3568 3551 Asso-

1989 3594 2134 3644 nam,
2167 3579 2345 3633 villam
2395 3578 2741 3649 Parniacum,
2783 3582 3178 3652 l’otentiacum,
3223 3594 3276 3640 et
3305 3587 3564 3646 medieta-

1989 3679 2096 3726 tem
2129 3689 2287 3740 quam
2320 3674 2372 3726 in
2401 3671 2702 3728 Balatonna
2740 3675 3014 3743 genitores
3043 3678 3213 3732 nostri
3257 3687 3560 3736 tenuerunt.

1989 3762 2214 3833 Reliqua
2248 3780 2377 3819 vero
2408 3780 2522 3833 quae
2554 3765 2619 3818 ad
2650 3766 2823 3834 ipsum
2862 3769 3249 3823 monasterium
3285 3771 3564 3825 Dornatia-

1988 3869 2106 3908 cum
2136 3857 2408 3924 genitorcs
2440 3856 2610 3910 nostri
2634 3855 3044 3924 delegaverunt,
3071 3876 3098 3913 a
3125 3860 3212 3916 die
3238 3865 3486 3932 prmsenti
3513 3865 3565 3918 in

1992 3946 2080 3998 Dei
2115 3946 2330 4000 nomine
2363 3946 2615 4014 recipitc;
2653 3957 2707 4000 et
2755 3947 2822 4002 de
2868 3950 2993 4002 villa
3029 3950 3388 4018 Montaniaco,
3418 3955 3563 4024 quod

1985 4035 2198 4103 genitor
2248 4046 2430 4089 noster
2474 4037 2814 4105 Amalgarius
2845 4047 2897 4091 et
2941 4040 3290 4096 Amoloaldus
3319 4044 3384 4097 th:
3434 4050 3562 4099 ttsco

1986 4128 2190 4197 pariter
2213 4137 2645 4198 promcrucrunt,
2670 4131 2973 4197 portionem
3008 4141 3242 4186 nostram
3266 4150 3295 4188 a
3320 4135 3405 4190 die
3429 4153 3565 4204 prte-

1986 4217 2121 4272 scnti
2154 4218 2205 4270 in
2238 4227 2416 4270 vestra
2455 4217 2826 4273 dominatione
2877 4232 3149 4288 revocate,
3204 4235 3260 4277 ut
3302 4241 3401 4279 nec
3439 4242 3560 4296 ego,

1984 4322 2086 4362 nec
2114 4308 2364 4377 qu’slibet
2390 4309 2456 4362 de
2481 4319 2634 4379 parte
2666 4324 2870 4375 nostra,
2902 4315 2985 4366 vel
3015 4316 3116 4368 ulla
3165 4320 3407 4386 apposita
3441 4337 3563 4388 pcr-

1982 4413 2138 4464 sona,
2164 4399 2447 4454 adversum
2473 4417 2570 4455 vos
2601 4401 2665 4455 de
2691 4403 3014 4470 supradictis
3047 4405 3209 4460 rebus
3237 4409 3560 4467 calumniam

1985 4506 2048 4545 ac
2072 4493 2310 4547 laborem
2343 4506 2603 4562 generare
2633 4505 2943 4564 praesumat.
2969 4498 3024 4551 Si
3051 4501 3169 4568 quis
3190 4516 3320 4555 vero
3350 4503 3556 4572 Γοιθτὶι,

299 4608 456 4648 suam
508 4592 726 4647 nomine
756 4591 1140 4658 Armingardis,
1174 4605 1336 4659 quam
1368 4605 1685 4645 consecrare
1731 4592 1873 4646 iecit.
1915 4583 2230 4676 Dconferat
2262 4601 2366 4640 una
2407 4602 2527 4642 cum
2561 4589 2927 4643 sacratissimo
2970 4591 3086 4643 auri
3136 4593 3299 4647 libras
3348 4593 3558 4662 viginti,

301 4682 498 4736 Villam
529 4691 711 4735 autem
741 4680 1067 4735 lncreratam
1097 4695 1220 4734 cum
1263 4680 1494 4734 ecclesia
1525 4683 1629 4734 duo
1671 4681 1878 4736 nobiles

298 4779 465 4834 beato
509 4777 668 4832 Petro
701 4775 985 4840 dederunt,
1017 4791 1244 4846 quorum
1279 4794 1414 4833 unus
1446 4780 1740 4835 vocabatur
1768 4777 1877 4833 Ra-

298 4871 480 4926 t-lulfus
510 4878 564 4926 et
595 4869 731 4924 alter
763 4869 1164 4926 Constantinus.
1196 4869 1307 4924 Hoc
1337 4871 1538 4926 denunt
1570 4875 1768 4928 tactum
1800 4885 1882 4928 est

298 4971 528 5033 propter
549 4962 682 5016 duas
710 4977 834 5016 suas
861 4962 1017 5026 filias,
1042 4977 1268 5030 quarum
1298 4979 1400 5018 una
1426 4965 1721 5019 vocabatur
1749 4963 1881 5019 Rai-

297 5053 545 5117 mundis,
569 5061 624 5108 et
652 5052 821 5110 altera
844 5053 1232 5108 Vandamodia.
1263 5053 1376 5121 Hac,
1405 5055 1513 5108 Deo
1536 5055 1878 5125 disponente,

297 5145 542 5216 ejusdem
566 5146 902 5208 monasterii,
925 5161 1029 5200 una
1052 5154 1173 5215 post
1193 5145 1373 5211 aliam,
1405 5145 1689 5200 abbatissa)
1728 5146 1882 5202 factae

299 5247 443 5294 sunt.
477 5235 540 5291 Hi
582 5238 873 5307 supradicti
899 5238 1035 5292 dona
1066 5239 1329 5294 dederunt
1350 5238 1590 5307 pr.'efata,
1615 5239 1758 5306 quod
1783 5254 1882 5293 nos

295 5333 706 5389 confirmamus.
744 5329 964 5402 Insuper
992 5341 1046 5386 et
1072 5329 1137 5386 de
1167 5331 1321 5386 bonis
1349 5330 1545 5384 nostris
1567 5337 1883 5400 augmenta-

376 5496 400 5524 ι
429 5486 808 5541 Deficientibus
839 5486 978 5541 notis
1021 5485 1435 5555 chronologicis,
1479 5486 1671 5541 saltem
1705 5487 1880 5541 locum

296 5558 430 5612 huic
459 5559 660 5612 chartae
685 5559 818 5611 ultra
849 5557 1185 5611 Annemnndi
1211 5559 1575 5626 episeopatum
1607 5557 1880 5619 assignare

301 5643 410 5682 non
463 5628 606 5681 licet.
659 5626 968 5698 Martyrium
1003 5627 1169 5694 (jussu
1215 5627 1389 5681 Brune
1425 5626 1603 5690 hildis,
1639 5638 1696 5680 ut
1739 5627 1877 5698 fama

300 5700 404 5762 est)
442 5699 581 5761 tttlit,
607 5699 758 5767 juxta
803 5696 1164 5752 Mabillonium
1198 5699 1284 5750 tibi
1337 5714 1516 5766 supra,
1562 5714 1702 5750 anno
1739 5696 1873 5767 657;

291 5771 449 5834 juxta
481 5766 685 5822 Novam
715 5767 942 5821 Galliam
981 5769 1165 5822 christ.
1205 5770 1291 5822 ubi
1335 5785 1520 5837 supra,
1567 5783 1707 5821 anno
1740 5766 1874 5832 655';

295 5842 446 5910 juxta
477 5839 782 5910 liomtium,
806 5853 945 5910 anno
973 5838 1096 5910 (iiii.

369 5911 392 5946 ¹ε
419 5911 625 5966 Inserta
659 5910 712 5965 in
743 5909 997 5965 chronico
1021 5909 1294 5980 Besuensi,
1323 5909 1515 5966 Acher.
1541 5909 1722 5979 Spicil.
1760 5918 1796 5965 t.
1835 5909 1874 5978 Ι,

1987 4677 2194 4743 argenti
2216 4677 2395 4746 pondo
2426 4678 2836 4748 quinquaginta.
2868 4678 3059 4734 Actum
3099 4683 3332 4751 publice,
3365 4684 3562 4743 Fonte-

1989 4767 2156 4824 Besua
2205 4772 2563 4827 monasterio.
2618 4771 2673 4826 In
2718 4772 2813 4828 Dei
2858 4775 3094 4840 nomine,
3128 4789 3226 4844 ego
3267 4778 3562 4836 Adalsinda

1988 4861 2124 4915 hanc
2155 4861 2494 4918 traditionem
2524 4872 2763 4919 nostrain
2790 4865 3104 4936 subscripsi.
3144 4867 3410 4924 licrmena
3438 4887 3555 4928 mo-

1987 4954 2177 5019 naeha,
2225 4954 2377 5023 jussu
2407 4955 2616 5010 domnae
2662 4972 2796 5011 mea:
2840 4956 3160 5024 Adalsindae,
3203 4961 3413 5017 subscr.
3448 4963 3558 5033 Aga

1986 5044 2268 5107 monacha,
2297 5045 2448 5114 jussu
2476 5047 2685 5102 domum
2715 5062 2849 5102 mea:
2879 5049 3199 5116 Adalsindar,
3245 5053 3554 5125 subscripsi.

1985 5136 2330 5204 Snbsignavit
2359 5139 2590 5206 Daginus
2616 5138 2757 5194 hanc
2779 5139 3148 5194 donationem.
3176 5141 3235 5196 S.
3261 5142 3557 5202 Manaullus

1983 5230 2278 5298 presbyter.
2327 5229 2380 5284 8.
2427 5230 2626 5285 Victor.
2673 5231 2732 5286 S.
2771 5230 3045 5286 Proculus.
3098 5232 3157 5288 S.
3188 5233 3553 5302 Vualibertus,

1981 5321 2039 5378 S.
2072 5323 2453 5379 Landcbertus.
2481 5325 2537 5378 S.
2573 5323 2901 5394 Trasgarius.
2935 5325 2993 5381 S.
3029 5327 3267 5396 ltogitus.
3297 5326 3407 5396 Ego
3433 5329 3555 5386 Allo

1981 5494 2102 5552 pag.
2127 5480 2259 5555 493i;
2285 5481 2762 5555 hinedcprompta,
2789 5500 2978 5540 recusa
3005 5485 3171 5540 estad
3200 5485 3402 5540 calcem
3426 5502 3552 5555 ope-

1982 5551 2095 5607 rum
2144 5553 2350 5606 abbatis
2380 5551 2804 5622 Gttiberli,'pag.
2851 5556 2984 5618 (HQ;
3028 5557 3078 5609 in
3112 5557 3308 5610 Cointii
3359 5551 3552 5610 Annal.

1980 5627 2110 5677 ecel.
2145 5629 2185 5675 t.
2217 5622 2299 5686 lll,
2332 5638 2452 5692 pag.
2479 5623 2600 5678 44:2.
2637 5633 2690 5677 et
2721 5625 3031 5692 Mabilionii,
3062 5629 3177 5680 Ann
3201 5631 3251 5680 at.
3281 5627 3412 5680 Ben.
3447 5635 3486 5679 t.
3513 5628 3554 5691 Ι,

1980 5709 2101 5762 pag.
2135 5693 2257 5756 442,
2291 5705 2338 5747 et
2375 5695 2512 5747 inter
2541 5694 2880 5749 Miscellanea
2911 5699 3122 5752 curiosa
3159 5697 3376 5760 Labhci,
3412 5708 3450 5750 ι.
3485 5695 3553 5760 il,

1981 5777 2099 5837 pag.
2134 5764 2266 5837 i218;
2319 5779 2416 5833 pro
2459 5764 2790 5837 legitimaab
2819 5770 3064 5821 omnibus
3096 5768 3296 5834 habita,
3329 5769 3371 5821 si
3403 5783 3552 5837 qua:-

1979 5835 2104 5888 dam
2131 5835 2196 5889 ab
2227 5845 2447 5890 auctore
2475 5836 2721 5891 Chronici
2754 5836 3074 5907 interpolata
3101 5835 3499 5909 cxpungantur.
