4206 6530
769 406 904 462 IIG7

1517 405 1782 462 SASCUL.
1831 405 1919 462 VII
1962 404 2049 458 ET
2092 405 2204 460 VIII
2246 403 2774 462 ECCLESIASTICA
2820 406 3266 462 MONUMEN'I‘A.

3890 409 4018 463 “68

760 515 900 568 hanc
929 513 1269 570 traditionem
1311 515 1501 584 scripsi
1537 524 1594 572 et
1623 517 1842 584 dictavi,
1873 531 2016 573 anno
2047 519 2116 573 ab
2156 519 2337 573 lncar—
2363 524 2415 579 Α
2441 519 2593 587 subg.
2628 519 2958 587 Fulgoardus
2986 525 3140 590 subg.
3170 521 3497 577 Eurcharius
3523 522 3677 592 subg.
3727 521 3860 578 Data
3910 526 4008 579 sub

759 605 986 659 natione
1014 604 1217 659 Domini
1242 620 1398 667 neut,
1426 605 1612 660 indiet.
1646 624 1697 667 κ,
1721 615 1912 676 epacta
1931 624 1986 664 vt
2008 617 2055 676 ⁸,
2101 608 2338 664 Clotario

760 710 887 765 rege
918 704 1176 764 regnante
1203 696 1255 749 in
1279 695 1504 752 Francia
1530 695 1579 762 ι’,
1608 697 1782 766 primo
1812 715 1955 755 anno
1977 711 1999 738 ε
2024 701 2173 769 regni
2201 700 2338 768 ejus,

762 786 1061 841 venerabili
1087 787 1206 842 viro
1233 789 1441 842 Donato
1467 788 1487 824 ιί
1517 789 1858 844 llesonticam
1887 791 2069 845 sedem
2098 799 2335 858 tenente,

758 881 846 937 die
867 880 1119 938 Mercurii
1141 881 1389 952 proximo
1411 891 1539 938 ante
1557 884 1793 938 medium
1818 884 2016 939 mensis
2033 882 2332 939 Februarii.

1484 1011 1612 1066 Vlll.

761 1103 953 1156 Charta
989 1118 1090 1173 qua
1142 1101 1427 1157 Sichelmus
1464 1112 1513 1154 et
1553 1103 1643 1154 alii
1687 1101 1890 1173 ﬁdeles,
1925 1101 2334 1171 majoribus-do-

829 1189 942 1225 mus
972 1170 1162 1226 certam
1191 1175 1385 1242 faciunt
1427 1173 1725 1235 monasterii
1771 1170 2060 1242 Bernensis,
2082 1173 2334 1241 direptio-

831 1259 968 1310 nem,
997 1252 1043 1294 rt
1067 1241 1249 1311 rogant
1279 1249 1331 1292 ut
1360 1258 1449 1303 per
1478 1243 1612 1309 regis
1647 1245 1998 1295 auctoritatem
2027 1241 2166 1295 dona
2211 1259 2336 1311 quo-

832 1302 965 1364 rum,
997 1302 1182 1383 tabula;
1215 1302 1430 1363 sublata:
1459 1302 1685 1380 fuerant,
1713 1313 1876 1380 quiete
1927 1321 2099 1365 tenere
2135 1302 2336 1383 possint

834 1391 856 1418 ε
891 1384 1035 1451 (αηη.
1085 1381 1235 1448 ὕυὸ).

772 1462 781 1476 ⁸
831 1492 1068 1546 Dominis
1089 1491 1289 1547 nostris
1310 1492 1540 1560 propriis
1565 1489 1912 1557 Reideberto,
1938 1491 2332 1559 Chrodeherto,

757 1582 1046 1642 Emerulfo,
1091 1581 1595 1650 majoribus-domus
1623 1581 1764 1636 sacri
1792 1581 1997 1651 palatii,
2031 1580 2335 1636 Sicltclmus

755 1691 876 1729 cum
907 1673 1131 1741 reliquis
1155 1671 1398 1726 fidelibus
1420 1679 1476 1726 et
1502 1671 1866 1726 servientibus
1890 1672 2082 1727 vestris
2103 1686 2332 1739 quorum

754 1767 1178 1837 subscriptiones
1204 1766 1287 1819 vel
1331 1765 1604 1832 signacula
1652 1765 1704 1817 in
1751 1763 1890 1818 hanc
1932 1765 2331 1832 subgeslionem

2441 611 2529 666 die
2553 610 2822 666 Kalendas
2846 610 3114 680 Octobris,
3147 623 3404 684 regnante
3431 613 3630 670 domno
3657 621 3851 672 nostro
3886 614 4008 671 Clo-

2442 703 2580 758 tario
2611 717 2757 774 rege.

3171 797 3263 855 IX.

2440 885 2764 954 Prwcepmm
2811 887 3075 940 Emmonis
3098 931 3112 950 ,
3161 887 3480 942 Senonensis
3513 887 3764 956 episcopi,
3801 888 3864 940 de
3895 887 4014 940 sub-

2496 957 2724 1025 jectione
2753 958 3123 1012 monachorum
3159 969 3353 1012 sancta:
3390 956 3651 1012 Columba:
3695 957 3868 1010 abbati
3900 973 4011 1020 suo,

2505 1026 2569 1096 de
2609 1026 2810 1080 abbatis
2848 1027 3109 1090 electioné,
3141 1039 3188 1078 tt
3214 1030 3275 1096 tle
3304 1032 3416 1089 eius
3455 1037 3703 1096 potestate
3738 1030 3792 1082 in
3833 1043 4013 1082 mona-

2505 1095 2626 1150 chos
2654 1105 2704 1149 et
2732 1097 2865 1152 bona
2890 1097 3187 1150 monasterii
3224 1095 3242 1132 ί
3277 1099 3424 1167 (ωιη.
3453 1095 3602 1167 059).

2507 1228 2865 1285 Dilectissimo
2894 1229 2946 1283 in
2975 1229 3174 1285 Christi
3203 1246 3407 1296 amore,
3439 1240 3494 1286 et
3519 1232 3821 1287 honorabili
3859 1232 4006 1284 fratri

2435 1319 2606 1387 Agoni
2662 1320 2862 1386 abbati,
2920 1328 2977 1374 et
3035 1323 3275 1376 omnium
3326 1325 3550 1377 fratrum
3604 1325 4015 1390 congregationi

2435 1409 2840 1465 consistentium
2893 1411 2945 1464 in
2995 1411 3216 1466 basilica
3270 1413 3359 1466 ubi
3405 1421 3587 1467 sancta
3649 1413 3912 1468 Columba
3963 1423 4016 1466 ct

2432 1501 2624 1556 beatus
2663 1503 2846 1573 Lupus
2879 1505 3118 1573 pontifex
3148 1505 3248 1560 sub
3272 1505 3487 1574 opidum
3528 1504 3754 1561 Senonis
3798 1507 4015 1561 civitate

2433 1594 2782 1660 requiescunt
2829 1598 2883 1650 in
2927 1612 3175 1667 corpore,
3208 1597 3293 1652 cui
3345 1613 3571 1668 superna
3615 1599 4013 1668 dispensatione

2433 1699 2621 1752 prmes,
2660 1686 2869 1752 Emnto,
2901 1687 3084 1741 divino
3121 1703 3345 1743 munere
3371 1705 3433 1743 ac
3461 1691 3506 1744 si
3537 1689 3786 1759 indignus
3810 1697 4012 1744 sanctae

2431 1773 2713 1830 Senoniczn
2743 1775 2993 1832 Ecclesiae
3031 1779 3338 1848 episcOpus.
3375 1779 3507 1833 Dum
3542 1790 3614 1846 te,
3658 1781 3932 1849 diligende
3961 1783 4011 1835 in

755 1862 942 1916 subter
971 1868 1220 1914 tenentur
1247 1859 1470 1912 inserta.
1503 1857 1782 1911 Credimus
1824 1857 1966 1925 quod
2006 1857 2324 1925 gloriosissi-
2358 1879 2406 1940 Β
2433 1867 2646 1920 Christo
2677 1868 2863 1933 frater,
2899 1879 3127 1938 tuosque
3157 1871 3348 1925 fratres
3381 1880 3558 1926 tantus
3597 1872 3760 1926 ardor
3786 1874 4012 1929 caelestis

755 1971 870 2010 ntus
895 1955 1144 2008 dominus
1190 1963 1376 2008 noster
1403 1951 1645 2005 auditum
1679 1951 1896 2016 haheat,
1919 1951 2158 2019 qualiter
2188 1952 2327 2005 illus-

751 2048 851 2102 tris
878 2047 959 2102 vir
1005 2046 1361 2116 Amalgarius,
1401 2055 1643 2113 tempore
1684 2044 1914 2099 ducatus
1958 2044 2060 2109 sui,
2103 2044 2157 2097 in
2205 2045 2327 2097 loco

754 2137 1129 2193 Fonte-Besua
1179 2142 1509 2204 nuncupato,
1559 2133 1612 2186 in
1661 2147 1799 2203 pago
1856 2134 2221 2199 Attoariensc,
2276 2135 2327 2186 in

752 2233 959 2282 honore
1003 2233 1308 2280 sanctorum
1356 2221 1723 2292 apostolorum
1765 2220 1911 2276 Petri
1943 2230 1998 2277 et
2027 2223 2180 2276 Pauli
2215 2237 2325 2276 mo-

749 2317 1043 2375 nasterium
1072 2315 1394 2377 construxit,
1425 2313 1517 2368 ubi
1563 2314 1722 2366 etiam
1773 2312 2160 2367 monachorum
2206 2327 2330 2367 con-

749 2410 1119 2481 gregationem
1147 2407 1212 2459 ad
1241 2403 1588 2458 habitandum
1616 2403 1920 2471 conjunxit,
1963 2411 2020 2457 et
2049 2402 2114 2457 de
2163 2403 2330 2458 facul-

748 2512 860 2558 tate
887 2516 983 2556 sua
1012 2499 1300 2553 maximam
1323 2504 1532 2566 partem
1561 2495 1872 2566 supradicto
1895 2496 2222 2549 monasterio
2245 2493 2332 2550 dc—

749 2593 967 2662 legavit.
1002 2590 1287 2646 Credimus
1315 2589 1476 2642 etiam
1508 2587 1574 2641 ad
1604 2597 1841 2640 vestram
1879 2586 2190 2667 pervenisse
2231 2602 2330 2640 no-

750 2688 944 2751 titiam,
976 2684 1210 2754 qualiter
1242 2683 1417 2751 ipsum
1448 2680 1840 2735 monasterium
1869 2689 1996 2734 ante
2027 2679 2122 2734 hos
2159 2679 2274 2734 dies
2300 2695 2329 2733 a

750 2781 905 2835 malis
934 2778 1244 2835 hominibus
1274 2775 1538 2844 irruptunt
1569 2773 1733 2827 fuerit
1762 2780 1924 2841 atque
1953 2781 2242 2837 vastatum,
2277 2781 2334 2826 et

750 2886 939 2928 omnes
967 2885 1054 2926 res
1101 2882 1236 2938 quas
1282 2865 1381 2935 ipsi
1431 2863 1683 2918 monachi
1731 2862 2002 2916 habebant
2041 2877 2160 2916 outu
2203 2860 2331 2929 ipsis

751 2965 953 3024 chartis
979 2963 1282 3033 deportata,
1313 2966 1368 3013 et
1390 2958 1564 3013 omnis
1585 2955 1846 3011 habitatio
1869 2970 2055 3009 eorum
2086 2955 2135 3007 itt
2165 2952 2330 3022 direp

752 3060 954 3113 tionem
986 3065 1040 3111 et
1070 3053 1496 3109 devastatiouem
1527 3051 1689 3104 missa
1719 3067 1728 3100 :
1755 3049 1894 3103 unde
1918 3049 2191 3102 humiliter
2213 3047 2332 3117 pie-

753 3153 848 3208 tati
877 3158 1071 3206 vestrze
1096 3159 1386 3216 suggerere
1414 3143 1808 3212 praesumimus,
1839 3150 1898 3194 ut
1922 3141 2023 3195 hoc
2051 3140 2328 3208 gloriosis-

2432 1973 2724 2013 sucrensos
2755 1961 2954 2014 habere
2987 1962 3218 2027 videtur,
3261 1971 3314 2016 ut
3361 1963 3650 2017 secundum
3683 1973 3896 2033 patrum
3926 1980 4010 2018 re-

2433 2050 2609 2116 gulam
2642 2051 3089 2118 etevattgelicatn
3135 2054 3509 2106 auctoritatem
3552 2063 3714 2123 atque
3753 2055 4007 2124 apostoli-

2433 2155 2552 2194 cam
2582 2141 2921 2196 traditionem
2949 2141 3124 2196 vivere
3155 2144 3480 2210 dispouatis,
3509 2145 3582 2198 ita
3614 2154 3669 2198 ttt
3693 2145 3846 2212 juxta
3881 2161 4006 2200 nor-

2433 2247 2576 2284 mam
2623 2232 3040 2300 apostolicorum
3083 2243 3317 2299 actuum,
3354 2235 3530 2289 nullus
3572 2235 3672 2290 stbi
3715 2235 4009 2290 monachus

2431 2321 2542 2376 ullo
2591 2339 2825 2392 unquam
2883 2333 3125 2394 tempore
3165 2325 3433 2393 peculiare
3483 2327 3535 2380 in
3575 2326 3734 2381 rebus
3764 2327 4010 2382 maximis

2433 2414 2514 2466 vel
2545 2415 2778 2470 minimis
2802 2425 3021 2486 appetat
3042 2426 3134 2472 aut
3159 2417 3414 2482 vindicet,
3442 2433 3539 2473 nec
3560 2435 3709 2472 suum
3738 2421 4006 2489 proprium

2433 2506 2615 2560 dicere
2645 2518 2950 2576 praesumat,
2979 2510 3070 2563 sed
3092 2509 3199 2562 sint
3227 2509 3329 2563 illis
3351 2511 3401 2563 itt
3431 2491 3636 2564 cunc‘iis
3664 2511 3843 2564 omnia
3866 2525 4008 2564 com-

2432 2597 2643 2664 tnunia;
2694 2614 2792 2668 pro
2841 2614 2945 2668 qua
2993 2613 3051 2654 re
3079 2599 3218 2669 petis
3256 2600 3323 2654 ab
3367 2599 3703 2654 extremitate
3739 2609 3923 2654 nostra
3953 2611 4008 2655 ttt

2435 2689 2530 2742 tibi
2560 2689 2897 2757 privilegium
2928 2691 2979 2742 in
3005 2689 3114 2757 jatn
3146 2689 3290 2744 dicto
3319 2691 3665 2748 monasterio.
3694 2707 3886 2745 manus
3913 2706 4007 2745 no-

2433 2789 2555 2834 strae
2581 2780 2973 2849 subscriptione
2995 2791 3049 2835 et
3078 2782 3302 2834 fratrum
3331 2781 3883 2849 consacerdotutnquc
3914 2797 4007 2835 no-

2431 2878 2664 2925 strorum
2695 2870 3007 2926 roboratum
3035 2871 3315 2926 donemus.
3347 2872 3514 2937 Quam
3543 2873 3855 2941 petitionem
3887 2888 4006 2926 san-

2433 2961 2592 3016 ctitas
2639 2969 2750 3027 tua,
2799 2961 3119 3016 venerabilis
3171 2963 3354 3025 frater,
3406 2962 3613 3016 noverit
3660 2960 4007 3016 Iibentissnnc

2433 3052 2571 3107 velle
2600 3067 2685 3106 me
2716 3051 2810 3105 tibi
2834 3061 3102 3120 praestare,
3133 3051 3257 3106 duttt
3282 3062 3494 3106 constet
3530 3053 3659 3105 nihil
3689 3053 4007 3107 ecclesiasti-

2433 3159 2508 3198 cae
2558 3143 2910 3212 przrjudicarc
2963 3143 3198 3210 regulae,
3253 3143 3504 3212 quidquid
3561 3143 3867 3200 domesticis
3914 3158 4008 3214 pro

751 3242 888 3297 simo
911 3240 1111 3295 dontno
1136 3245 1323 3292 nostro
1351 3234 1692 3289 innotescere
1719 3231 1949 3298 faciatis,
1974 3240 2034 3285 ut
2059 3245 2154 3301 per
2179 3245 2328 3286 suam
2353 3233 2403 3299 C
2434 3250 2617 3290 amore
2667 3233 2847 3288 divino
2896 3233 3220 3303 impenditur
3271 3234 3390 3288 lidei
3425 3251 3438 3287 :
3470 3235 3592 3302 quia
3633 3236 3882 3290 monachi
3911 3238 4006 3290 sub

753 3331 1092 3391 clementiam
1132 3328 1291 3383 talem
1333 3325 1721 3381 authoritatem
1761 3323 1863 3392 ipsi
1905 3323 2026 3377 loco
2063 3323 2330 3376 conscribi

749 3426 955 3494 jubeat,
979 3430 1039 3475 ut
1058 3419 1396 3490 supradictas
1421 3431 1527 3482 res,
1556 3430 1693 3485 quas
1713 3413 1842 3468 boni
1864 3413 2109 3466 homines
2131 3413 2328 3467 ibidem

754 3517 1158 3583 delegaverunt,
1188 3509 1365 3564 nullus
1391 3505 1649 3561 invadere
1669 3513 1761 3558 aut
1781 3503 1988 3558 violare
2012 3504 2096 3558 vel
2119 3504 2330 3572 inquie-

757 3618 872 3663 tare
900 3612 1217 3677 praesumat;
1249 3599 1343 3656 sed
1372 3612 1491 3668 quae
1514 3598 1566 3652 in
1588 3595 1839 3666 praesenti
1865 3595 2069 3650 habere
2099 3596 2182 3650 vel
2205 3611 2330 3665 pos-

755 3699 930 3755 sidere
959 3694 1230 3758 videntur,
1262 3689 1361 3759 ipsi
1392 3687 1644 3743 monachi
1674 3686 1871 3741 vestris
1898 3694 1953 3740 et
1982 3686 2174 3742 futuris
2201 3695 2331 3741 tent-

753 3789 996 3861 poribus,
1027 3785 1144 3840 sine
1186 3778 1578 3850 inquietudine,
1609 3791 1708 3846 per
1737 3783 1974 3831 vestrum
2005 3786 2332 3848 prmceptum

757 3886 955 3939 habere
982 3887 1037 3935 et
1063 3887 1250 3933 tenere
1271 3873 1509 3945 possint;
1540 3878 1676 3925 utet
1702 3886 1796 3925 eos
1820 3885 1919 3939 pro
1940 3870 2048 3924 vita
2076 3880 2256 3926 vestra
2278 3879 2334 3925 et

755 3973 1052 4030 stabilitate
1097 3963 1432 4022 celsitudinis
1460 3969 1653 4016 vestra:
1699 3969 1758 4015 et
1801 3960 1950 4029 regni
1998 3962 2180 4026 vestri,
2235 3961 2332 4017 Dei

754 4065 1176 4126 misericordiam
1199 4059 1455 4115 attentius
1482 4056 1716 4111 delectet
1744 4070 1990 4110 exorare.
2021 4056 2330 4112 Dominicus

755 4161 961 4218 audivit
1007 4156 1420 4227 suggestionem.
1473 4149 1719 4205 Farulfus
1764 4150 2116 4217 subsignavit.
2175 4151 2328 4206 Abbo

755 4255 909 4322 subg.
938 4246 1317 4305 Ermerberlus
1343 4243 1497 4308 subg.
1540 4238 1876 4294 Frodoaldus
1900 4239 2054 4306 subg.
2090 4238 2331 4295 Vuarato

829 4397 853 4424 α
878 4385 1016 4442 Male
1045 4379 1370 4438 conveniunt
1412 4384 1551 4431 notae
1599 4375 1667 4429 ab
1708 4374 2110 4436 Incarnatione,
2158 4375 2328 4430 indic-

756 4462 906 4514 tione
931 4465 986 4511 et
1020 4453 1224 4524 epactis
1253 4449 1454 4519 petitae,
1485 4461 1618 4515 quas
1649 4459 1956 4514 expungere
1982 4445 2135 4512 jubet
2164 4443 2330 4500 Coin-

754 4531 880 4584 tius.

828 4583 1114 4650 l5lt‘rancia:
1161 4591 1377 4646 nomine
1427 4589 1512 4642 hic
1567 4584 1880 4653 intelligitur
1918 4583 2188 4647 Neustria,
2235 4587 2320 4640 cui

755 4669 1041 4734 subjuncta
1086 4671 1202 4734 erat
1247 4659 1571 4734 Burgundia.
1607 4657 1844 4734 Utraque
1873 4655 2321 4734 patriHChIotarii,

757 4724 1067 4792 Chlbdoveo
1092 4731 1158 4791 II.
1187 4724 1458 4797 paruerat.
1493 4724 1794 4797 Austrasia,
1827 4739 1946 4797 quae
1989 4724 2118 4778 ditio
2150 4725 2329 4797 fuerat

758 4806 1032 4874 Sigiberti,
1055 4803 1121 4856 ad
1155 4795 1315 4874 lilium
1344 4801 1459 4867 ejus
1486 4797 1738 4874 devenire
1759 4795 2169 4874 debuerat;_sesl
2200 4797 2245 4850 is
2278 4798 2328 4850 in

758 4864 976 4933 Hiberni
996 4864 1065 4928 vin
1088 4873 1336 4927 exsulare
1360 4864 1576 4923 coactus
1599 4865 1770 4921 fuerat
1794 4881 1824 4919 a
1845 4864 2180 4931 Grimoaldo,
2211 4881 2328 4918 ma-

754 4949 878 5018 jore
906 4946 1109 5015 palatii,
1143 4941 1426 5018 quililiutn
1471 4952 1630 5018 suum
1667 4937 1723 5016 in
1770 4949 1996 5015 regnum
2034 4936 2324 5012 Austrasitc

759 5005 1426 5075 constituere'conabatnr,
1453 5008 1576 5062 dum
1599 5007 1828 5076 primum
1850 5005 1998 5072 regni
2023 5005 2104 5058 sui
2129 5021 2330 5060 annum

761 5090 952 5159 agebat
981 5081 1398 5138 Cltlotariusl‘ll.
1674 5147 1685 5158 ι
2000 5144 2030 5159 η
2117 5155 2124 5159 _
2227 5145 2237 5159 .
2293 5145 2304 5156 .

838 5170 859 5196 ο
885 5158 1126 5224 Regnum
1158 5167 1313 5206 orsus
1342 5159 1424 5224 est
1453 5147 1754 5224 tiltlotarius
1784 5159 1968 5224 mense
1999 5144 2329 5224 Septembri,

765 5245 905 5284 anno
935 5215 1059 5280 656.
1089 5222 1226 5289 Ergo
1256 5220 1454 5289 mensis
1482 5217 1802 5272 Februarius
1829 5216 1956 5269 anni
1991 5215 2145 5283 primi
2183 5217 2333 5283 regni

766 5302 882 5368 ejus
910 5305 1026 5351 erat
1055 5287 1225 5347 annus
1248 5293 1372 5344 Chr.
1405 5287 1528 5343 657.
1681 5357 1689 5366 ι
1759 5356 1770 5368 .

839 5367 865 5404 ά
893 5367 1044 5419 Hunc
1094 5362 1554 5428 syttt-ltronismum
1599 5355 1860 5420 Comttus,
1895 5357 2033 5409 Ann.
2083 5363 2213 5428 tom.
2247 5355 2327 5428 ΙΙΙ,

769 5452 888 5509 pag.
914 5436 1036 5498 556,
1070 5424 1478 5509 ett-pungendum
1508 5436 1854 5509 censelgcutn‘t
1880 5434 2107 5509 mortem
2138 5424 2330 5509 Donati

766 5496 999 5564 collocet
1026 5496 1156 5558 'sub'
1185 5496 1325 5555 anno
1377 5499 1510 5560 632;
1552 5497 1642 5551 sed
1691 5496 2011 5556 Cltiﬂletius,
2054 5496 2329 5561 Vesontio,

771 5586 908 5647 part.
940 5591 995 5638 lt,
1026 5570 1512 5647 pag_.ﬂl61,Donali
1542 5570 1660 5620 vitae
1689 5567 1919 5636 spatium
1949 5564 2220 5636 protendit
2249 5565 2330 5619 ul-

769 5641 849 5703 tra
881 5641 1076 5701 annuit.
1105 5641 1227 5695 (560.

842 5717 1075 5769 eExstat
1123 5714 1175 5767 in
1217 5711 1481 5765 Chronico
1528 5709 1802 5768 Besucnsi,
1850 5707 2090 5761 Dachcrii
2147 5705 2328 5774 Spicil.

774 5798 810 5838 t.
844 5789 882 5850 Ι,
915 5799 1035 5855 pag.
1069 5783 1204 5846 497;
1237 5795 1423 5855 recusa
1454 5789 1534 5855 c_s_t_
1561 5781 1610 5832 in
1639 5779 1968 5855 collectione
2007 5778 2188 5855 script.
2220 5792 2320 5855 rer.

773 5847 964 5911 Frattc.
988 5847 1037 5907 ἶ.
1060 5855 1144 5918 IV,
1173 5867 1294 5923 pag.
1318 5851 1440 5906 657.
1475 5849 1742 5913 Ejusmodi
1766 5849 2068 5903 chartarum
2101 5847 2322 5903 formula

2361 4552 2410 4609 Ι)

2439 3329 2646 3383 abbatis
2672 3326 2928 3394 regimine
2950 3325 3265 3398 regulariter
3292 3328 3532 3383 virentes
3561 3343 3776 3398 semper
3795 3327 4008 3384 fuerunt

2438 3436 2467 3474 a
2496 3419 2889 3475 conditionibus
2919 3420 3234 3475 clericorum
3263 3421 3523 3488 segregati
3554 3435 3614 3474 ac
3657 3421 3810 3474 liberi
3840 3440 3854 3486 ;
3884 3430 3937 3475 et
3964 3421 4006 3476 si

2437 3517 2556 3584 quis
2586 3516 2690 3570 hoc
2717 3515 3048 3569 manifestius
3073 3529 3396 3583 cognoscere
3418 3515 3638 3584 appetit,
3673 3514 3812 3582 legat
3835 3515 4007 3568 consi-

2438 3605 2567 3658 lium
2595 3605 3013 3676 Carthaginense
3041 3604 3140 3659 sub
3167 3612 3364 3658 sancta:
3390 3605 3778 3659 recordationis
3809 3603 4010 3658 llonifa-

2436 3696 2540 3763 cio,
2589 3697 2828 3766 ejusdem
2871 3697 3098 3750 civitatis
3152 3695 3398 3751 Ecclesia:
3448 3692 3727 3765 pontifice,
3758 3695 3843 3750 vel
3895 3695 4008 3764 ejus

2439 3787 2913 3842 consacerdotibus
2954 3786 3300 3852 celebratum,
3359 3800 3460 3840 nec
3498 3802 3602 3841 non
3647 3794 3700 3841 et
3745 3788 3856 3855 jam
3883 3787 4006 3841 dicti

2437 3879 2706 3948 pontificis
2733 3878 2800 3933 ad
2828 3893 3012 3935 senem
3049 3877 3331 3932 liberatum
3361 3877 3616 3947 epistolas
3649 3896 3660 3929 2
3693 3884 3749 3931 et
3778 3878 3830 3932 in
3862 3877 4005 3932 brevi

2437 3969 2848 4035 animadvertet,
2897 3968 3076 4024 omnia
3121 3983 3336 4038 semper
3377 3969 3700 4025 monasteria
3731 3969 3783 4023 in
3819 3970 4007 4038 quibus

2436 4059 2754 4128 regulariter
2807 4058 3042 4126 vivitur,
3100 4059 3264 4114 libera
3313 4058 3474 4114 fuisse
3523 4074 3551 4113 a
3615 4059 4008 4114 conditionibus

2439 4150 2772 4204 clericorum.
2849 4150 2979 4203 Nam
3049 4159 3104 4203 ει
3175 4148 3461 4220 ριίθιειύε
3523 4149 3711 4204 det-tor
3771 4150 4007 4206 ecclesia:

2439 4240 2764 4309 Augustinus
2808 4240 2860 4293 in
2901 4240 3037 4295 libro
3067 4241 3132 4294 de
3173 4241 3411 4296 moribus
3461 4239 3776 4296 clericorum
3823 4244 4010 4312 probat

2440 4373 2636 4446 legitur
2656 4374 2795 4446 apud
2816 4372 3151 4446 Marculfum,
3176 4374 3267 4446 lib.
3297 4374 3340 4440 l,
3375 4376 3528 4430 form.
3560 4391 3720 4446 xxxiv
3743 4376 4005 4446 (complu-

2439 4444 2690 4511 ribusque
2730 4444 2968 4512 ejusdem
3009 4444 3265 4505 Marculli,
3299 4454 3356 4498 et
3391 4446 3618 4500 aliorum
3648 4444 3909 4510 formulis,
3943 4448 4006 4500 de

2438 4529 2545 4583 quo
2569 4513 2894 4569 consulenda
2915 4522 2997 4568 est
3018 4515 3326 4569 dissertatio
3341 4513 3685 4570 Bibliotheca:
3702 4516 4004 4569 chartarum

2435 4584 2636 4637 inserta
2685 4594 2721 4638 t.
2765 4583 2809 4650 l,
2859 4597 2980 4653 pag.
3027 4584 3175 4645 217).
3221 4583 3578 4647 Mabillonius,
3623 4584 3816 4639 Annal.
3872 4594 3912 4638 t.
3967 4587 3999 4648 Ι,

2439 4667 2563 4724 pag.
2595 4654 2718 4714 470.
2750 4653 3204 4722 majores—domus
3232 4656 3370 4709 sacri
3399 4655 3581 4724 palatii
3621 4655 4004 4724 interpretatur

2436 4724 2572 4777 aulae
2599 4724 2756 4790 regite
2787 4740 3057 4792 proceres.
3091 4725 3389 4778 Sichelmus
3409 4727 3658 4779 ducatum
3683 4725 3736 4778 in
3761 4724 4000 4793 Burgun-

2436 4793 2522 4846 dia
2551 4795 2765 4861 agebat,
2801 4801 2935 4847 teste
2967 4793 3219 4850 Besuettsi
3251 4794 3528 4858 chronico,
3562 4794 3650 4848 ubi
3679 4810 3861 4862 supra.
3893 4797 4002 4848 Ilac

2436 4873 2615 4916 autem
2643 4864 3013 4917 ειιῡεενὶηιὶοηε
3035 4865 3133 4933 (sic
3157 4867 3300 4920 enim
3329 4864 3628 4934 appellatur
3656 4865 3770 4919 haec
3793 4865 4000 4932 charta)

2435 4935 2502 4986 ad
2532 4947 2724 5004 regem
2775 4934 3106 5004 Cltlotariutn
3164 4936 3372 4998 delata,
3425 4935 3628 5004 regium
3677 4944 4000 5004 praeceptum

2437 5003 2692 5057 ctttissunt
2724 5012 2825 5058 est.
2870 5003 3062 5058 Datum
3107 5012 3188 5060 est
3233 5019 3417 5059 mense
3444 5003 3708 5070 Augusto,
3740 5003 3883 5058 anno
3915 5019 4001 5058 vni

2435 5074 2586 5137 regni
2617 5072 2897 5137 Cltlotarii,
2931 5074 2981 5127 id
3022 5083 3123 5141 est,
3155 5089 3295 5128 anno
3321 5072 3448 5134 664,
3481 5073 3623 5126 unde
3651 5073 3892 5127 chartam
3923 5073 4001 5128 Si-

2437 5143 2630 5194 chelnti
2662 5158 2846 5198 mense
2873 5144 3088 5198 Octobri
3119 5145 3320 5204 datam.
3353 5158 3494 5197 anno
3530 5141 3636 5195 663
3680 5142 3992 5212 adjudican-

2434 5212 2556 5266 dam
2584 5228 2880 5268 censemus.

2511 5279 2531 5355 ξ
2574 5282 2910 5338 Mabillonitts
2964 5285 3067 5338 huc
3115 5285 3522 5355 instrumentum
3580 5283 3816 5355 nondum
3867 5284 4002 5355 typis

2436 5351 2708 5420 vulgatum
2756 5355 2954 5420 publici
2992 5356 3126 5421 juris
3174 5353 3299 5408 fecit
3345 5353 3398 5407 itt
3445 5353 3766 5419 Annalibus,
3798 5351 4002 5420 toniII,

2435 5437 2555 5490 pag.
2587 5421 2710 5476 448.
2740 5423 2819 5476 Ex
2849 5425 3032 5492 viginti
3061 5440 3157 5480 sex
3184 5425 3553 5492 episcoporum
3593 5423 3998 5493 subscriptioni-

2438 5493 2535 5545 bus
2565 5494 2824 5561 quasdam
2855 5495 3120 5557 emendat,
3152 5494 3408 5562 quasdam
3438 5493 3696 5558 illustrat,
3725 5493 4003 5562 assrgnatis

2439 5563 2738 5633 nominibus
2765 5561 3211 5633 episcopatuum’:
3243 5579 3360 5632 quae
3387 5563 3536 5618 uncis
3565 5563 3841 5617 inclusisse
3854 5561 4004 5633 sufli-

2437 5632 2560 5686 eiat.
2584 5631 2878 5698 Unicuique
2900 5631 3274 5702 subscriptioni
3299 5634 3473 5688 crucis
3495 5633 3703 5700 signum
3729 5631 4002 5701 pralixum

2437 5701 2820 5773 estllllecudit
2849 5703 3036 5769 Mansi,
3069 5701 3327 5759 Cbllectio
3367 5703 3718 5758 conciliorum
3749 5703 3999 5769 maxima,

2437 5781 2476 5826 t.
2511 5771 2593 5836 XI,
2623 5772 2746 5826 coll.
2781 5773 2882 5827 H9
2912 5786 2964 5829 et
2991 5789 3139 5842 seqq.
