4206 6550
258 439 390 495 1160

1013 441 1447 497 DONATIONES
1488 442 1576 497 AC
1617 440 2081 497 TESTAMENTA
2128 440 2367 509 EPISC.,
2412 442 2591 506 ABB.,
2634 434 2786 495 ETC.

3404 448 3540 507 H70

255 556 333 608 sui
383 553 519 621 juris
570 556 893 609 monasteria
957 571 1073 609 esse
1126 556 1340 610 debere.
1398 555 1504 609 Sed
1551 562 1605 608 et
1657 554 1709 605 in
1759 548 2111 613 hisAfratre
2134 561 2319 607 nostro
2343 553 2583 607 antefato
2614 552 2802 619 Agone
2830 553 3025 609 abbate
3046 554 3384 625 instructum,
3414 562 3540 615 volo

252 649 541 719 provinciis
582 651 733 719 plura
778 651 881 703 alia
929 651 1128 719 regalia
1158 650 1503 714 monasteria,
1539 658 1644 702 tam
1696 648 1835 699 anti-

250 740 441 807 quiore
474 750 717 809 tempore
745 757 908 810 quam
950 756 1121 811 nuper
1150 750 1479 804 constructa,
1507 756 1535 795 a
1566 739 1836 809 pontiﬁci-

249 833 348 887 bus
373 834 426 887 in
448 847 675 902 quorum
708 835 991 888 territoriis
1018 835 1232 889 condita
1261 844 1405 897 sunt,
1427 835 1599 901 gratia
1622 832 1838 901 religio-

250 922 332 975 nis
363 930 419 976 et
465 923 729 989 caritatis,
779 924 1055 993 privilegia
1105 934 1445 993 acceperunt.
1501 922 1559 977 In
1613 924 1738 989 ﬁne,
1770 939 1839 980 ne

248 1025 446 1069 cuncta
476 1016 809 1070 numerando
839 1017 891 1070 in
922 1017 1137 1083 longum
1168 1018 1475 1085 protrabam
1506 1032 1831 1085 sermonem,

248 1120 420 1173 pauca
469 1115 523 1159 et
570 1107 837 1175 prmcipua
886 1105 969 1161 vel
1015 1107 1219 1174 vicina,
1256 1106 1485 1160 sutliciet
1532 1122 1835 1161 memorare

245 1196 467 1264 antiqua
500 1195 855 1252 Lirinensium
895 1208 948 1252 et
973 1198 1408 1264 Luxoviensium,
1440 1199 1527 1253 vel
1557 1201 1622 1252 ad
1649 1200 1834 1254 basili-

245 1302 363 1340 cam
388 1288 531 1342 beati
554 1288 791 1343 Marcelli
823 1288 1101 1344 Cavillono
1137 1299 1467 1353 constructa,
1502 1306 1598 1344 seu
1623 1300 1677 1345 et
1706 1306 1834 1345 mo-

244 1381 539 1434 nasterium
570 1380 991 1438 Besbacensium
1011 1421 1026 1445 ,
1059 1383 1126 1436 de
1155 1397 1262 1450 quo
1287 1397 1385 1437 nos
1415 1384 1670 1437 nonnulla
1703 1399 1831 1452 pro-

244 1473 474 1527 ximiore
507 1482 750 1544 tempore
780 1492 809 1528 a
860 1474 1197 1544 pontiﬁcibus
1227 1476 1540 1529 conlirmata
1582 1476 1827 1545 legimus.

241 1565 458 1620 Maneat
487 1581 614 1634 ergo
643 1574 698 1620 et
724 1568 825 1621 hoc
856 1566 1005 1621 vobis
1028 1568 1327 1635 vestrisque
1357 1567 1587 1636 posteris
1617 1568 1833 1636 privile-

240 1657 405 1720 gium,
432 1658 499 1710 ob
530 1657 921 1712 institutionem
945 1659 1316 1722 monasticam,
1348 1658 1461 1711 sive
1491 1659 1560 1712 ob
1586 1659 1831 1729 quaedam

240 1749 623 1817 impedimenta
645 1751 953 1809 reseranda.
970 1752 1114 1804 omni
1138 1751 1426 1805 stabilitate
1444 1751 1825 1815 ﬁrmissimum,

241 1842 310 1893 ita
345 1852 403 1895 ut
430 1852 539 1895 tam
570 1845 820 1898 monachi
852 1860 1012 1914 quam
1047 1846 1224 1897 omnia
1256 1860 1373 1912 qu-.e
1404 1844 1609 1912 przel'ati
1641 1858 1827 1897 mona-

1943 658 2165 698 manere
2196 645 2501 712 ﬁrmissum,
2532 653 2589 700 et
2614 659 2808 700 manus
2837 660 2970 701 mea:
3007 646 3407 718 subscriptione
3434 666 3535 707 ro-

1940 738 2212 801 boratum,
2265 751 2329 790 ac
2377 740 2630 793 fratribus
2673 748 2729 793 et
2775 741 3253 798 consacerdotibus
3279 745 3449 813 meis,
3480 750 3534 805 id

1940 836 2042 891 est,
2079 826 2312 881 dominis
2358 828 2630 897 episcopis
2660 830 3139 899 subscriptionibus
3169 835 3323 890 trado
3368 837 3535 893 robo-

1939 919 2187 974 randum.
2222 917 2413 974 Emmo
2446 920 2846 993 (Senonensis)
2887 927 3171 995 episcopus
3215 930 3531 1001 subscripsi.

1938 1012 2211 1067 Johannes
2238 1013 2616 1083 (Arelatensis)
2644 1016 2947 1086 episc0pus,
2982 1029 3257 1088 peccator,
3290 1024 3393 1079 hoc
3423 1026 3534 1094 pri-

1938 1102 2189 1169 vilegium
2235 1106 2582 1160 consentiens
2632 1106 2780 1162 subs.
2837 1110 3225 1166 Aunemundus
3281 1114 3534 1185 (Lugdu-

1936 1192 2138 1261 nensis)
2181 1204 2433 1261 peccator
2477 1198 2822 1253 consentiens
2863 1200 3009 1255 subs.
3046 1212 3089 1255 ει.
3124 1203 3179 1257 1η
3209 1205 3406 1262 Christi
3434 1224 3533 1263 no-

1937 1286 2079 1340 mine
2102 1287 2412 1342 (Ihaondius
2437 1290 2570 1361 (lege
2591 1290 2890 1364 Eoladius),
2921 1295 3232 1366 episcopus,
3260 1299 3531 1359 Viennen-

1936 1376 2009 1431 sis
2036 1377 2285 1432 Ecclesim
2310 1382 2554 1436 servulus
2573 1422 2587 1443 ,
2620 1389 2963 1441 consentiens
2990 1389 3139 1443 subs.
3174 1390 3528 1453 Vulioleudus

1938 1466 2336 1537 (Bituricensis)
2362 1481 2618 1540 peccator
2643 1477 2786 1528 subs.
2816 1476 3109 1534 Audoenus
3138 1492 3395 1549 peccator
3426 1486 3528 1543 hoc

1934 1561 2269 1631 privilegium
2317 1566 2662 1620 consentiens
2702 1568 2847 1621 subs.
2897 1569 3301 1629 Chrodovertus
3352 1577 3528 1647 (l’ari-

1933 1653 2147 1721 siensis)
2178 1663 2431 1721 peccator
2461 1656 2565 1709 hoc
2614 1658 2953 1727 privilegium
3001 1666 3343 1721 consentiens
3372 1669 3522 1723 subs.

1931 1740 1989 1795 In
2018 1743 2212 1797 Christi
2242 1744 2460 1798 nomine
2487 1745 2877 1804 Gauciobertus
2904 1762 3180 1819 peccator,
3216 1754 3524 1812 Carnotinze

1932 1832 2080 1885 urbis
2126 1834 2428 1904 episcopus,
2460 1835 2565 1889 hoc
2614 1836 2948 1905 privilegium
2979 1846 3330 1902 consentiens
3370 1848 3521 1903 subs.

236 1936 386 1987 sterii
429 1945 572 1999 sunt,
624 1937 704 1989 vel
755 1954 872 2005 qua:
920 1938 1111 1991 altario
1160 1937 1475 2003 oﬁeruntur,
1524 1938 1577 1991 in
1620 1939 1818 1993 abbatis

1933 1924 2272 1978 Carlel'redus
2325 1934 2579 1994 peccator
2629 1928 2731 1983 hoc
2789 1930 3125 2001 privilegium
3180 1940 3524 1998 consentiens

236 2028 481 2096 ejusdem
515 2031 828 2083 monasterii
861 2040 1125 2100 potestate
1170 2032 1486 2085 consistant.
1538 2031 1685 2085 Abba
1717 2032 1827 2086 Deo

234 2128 289 2173 et
334 2122 530 2188 regulae
577 2121 733 2188 plena
782 2123 852 2174 sit
900 2123 1187 2176 devotione
1233 2122 1542 2190 subjectus;
1574 2124 1826 2178 monachi

235 2224 366 2264 vero
386 2251 399 2273 ,
433 2220 555 2278 post
597 2210 765 2265 Deum
786 2252 799 2275 ,
846 2212 1022 2265 abbati
1054 2228 1179 2277 suo,
1212 2223 1435 2282 propter
1466 2214 1629 2266 Deum
1651 2255 1664 2278 ,
1698 2229 1825 2269 vera

232 2300 535 2355 humilitate
586 2302 916 2368 subjaceant.
974 2301 1067 2356 Ille
1118 2303 1322 2370 cogitet
1373 2318 1469 2371 pro
1499 2318 1557 2357 se
1588 2304 1820 2373 illisque,

235 2392 345 2445 Deo
373 2408 432 2446 se
470 2394 734 2447 rationem
766 2395 1132 2460 redditurum;
1166 2396 1250 2449 isti
1280 2396 1503 2450 credant
1547 2398 1612 2450 de
1638 2400 1821 2465 5|”le-

229 2482 412 2536 ctione
458 2498 554 2537 sua
603 2500 630 2537 a
679 2483 891 2539 Christo
938 2494 1251 2553 recepturos
1282 2488 1601 2541 mercedem.
1646 2491 1822 2543 Abbas

232 2590 507 2641 nunquam
558 2576 658 2629 nisi
708 2576 773 2629 de
822 2576 1007 2629 eadem
1051 2577 1466 2644 congregatione
1494 2578 1577 2631 vel
1606 2582 1819 2647 regula,

229 2684 351 2720 cum
384 2668 519 2720 alius
562 2679 877 2736 pra‘sentem
908 2670 1070 2721 vitam
1121 2669 1334 2733 linierit,
1369 2670 1693 2724 inStituatur.
1730 2672 1821 2725 llle

228 2773 359 2810 sane
382 2758 690 2811 instituatur
715 2775 871 2826 quem
896 2760 1069 2813 omnis
1092 2760 1329 2826 ejusdem
1356 2762 1664 2815 monasterii
1690 2778 1821 2815 con-

228 2851 473 2918 gregatio
500 2851 637 2904 bene
676 2851 914 2918 regulam
943 2851 1201 2905 scientem
1236 2867 1341 2905 uno
1372 2853 1549 2904 animo
1574 2854 1815 2920 elegerit.

228 2940 460 3006 Quodsi
491 2942 557 2996 de
587 2942 773 2996 eadem
818 2944 1235 3011 congregatione
1270 2943 1388 2997 talis
1416 2958 1523 2997 non
1551 2944 1708 2997 fuerit
1737 2946 1818 2997 in-

229 3045 423 3089 ventus
449 3038 539 3106 qui
563 3039 785 3091 fratrum
809 3053 991 3091 curam
1017 3038 1291 3105 suscipiat,
1316 3036 1383 3091 de
1410 3037 1517 3091 alio
1542 3046 1816 3092 monaste-

227 3127 312 3179 rio
334 3129 577 3182 eamdem
608 3144 766 3197 quam
799 3129 874 3182 illi
916 3138 1097 3182 tenent
1121 3132 1357 3198 regulam
1390 3138 1627 3194 tenente,
1653 3131 1817 3185 licen-

227 3224 356 3276 tiam
425 3224 659 3276 habeant
730 3224 1014 3291 expetendi
1078 3223 1324 3277 abbatem
1380 3224 1478 3292 ipsi
1540 3226 1808 3280 monachi.

1932 2019 2078 2071 subs.
2123 2016 2415 2085 Canderis,
2463 2018 2834 2088 Lugdunensis
2886 2023 3138 2081 Ecclesia:
3193 2029 3520 2102 episcopus,

1932 2111 2276 2164 consentiens
2305 2114 2451 2165 subs.
2487 2112 2820 2176 Bertoaldus,
2855 2132 2917 2170 ac
2957 2120 3001 2171 si
3032 2130 3301 2188 peccator,
3335 2125 3521 2181 Trica-

1929 2199 2157 2254 sinensis
2180 2201 2486 2270 episcopus,
2511 2202 2613 2257 hoc
2638 2204 2973 2273 privilegium
2996 2213 3337 2267 consentiens
3365 2216 3515 2271 subs.

1930 2291 2221 2361 Bertarius,
2254 2310 2316 2348 ac
2344 2295 2389 2348 si
2424 2304 2697 2364 peccator,
2726 2298 3009 2367 episcopus
3038 2300 3293 2357 Ecclesia:
3324 2306 3518 2361 Santo-

1926 2386 2081 2449 nicm,
2130 2386 2234 2439 hoc
2281 2387 2615 2454 privilegium
2659 2390 3004 2444 consentiens
3048 2394 3195 2446 subs.
3229 2393 3285 2447 In
3316 2396 3516 2452 Christi

1926 2475 2145 2528 nomine
2178 2475 2551 2537 Berecharius,
2583 2492 2643 2529 ac
2676 2479 2717 2531 si
2745 2490 3014 2547 peccator,
3048 2482 3513 2559 (Cenomanensis)

1927 2568 2233 2634 episcopus,
2286 2569 2385 2621 hoc
2430 2568 2764 2637 privilegium
2818 2574 3161 2630 consentiens
3198 2580 3343 2632 subs.
3378 2580 3515 2634 Bur-

1925 2656 2252 2724 gundofarus
2278 2657 2628 2726 (Meldensis),
2659 2660 2710 2712 in
2738 2660 2935 2715 Christi
2962 2665 3201 2732 nomine,
3226 2683 3290 2723 ac
3310 2671 3354 2723 si
3374 2686 3512 2739 .pec-

1922 2759 2095 2815 cator,
2140 2750 2446 2818 episcopus,
2494 2749 2598 2805 hoc
2647 2751 2983 2820 privilegium
3033 2756 3177 2809 subs.
3222 2759 3276 2812 ln
3307 2760 3509 2817 Christi

1922 2841 2142 2895 nomine
2170 2841 2371 2909 Eligius
2400 2840 2907 2911 (Noviomagensis)
2937 2848 3239 2915 episcopus,
3276 2851 3424 2905 subs.
3452 2851 3506 2906 In

1921 2933 2117 2989 Christi
2141 2935 2357 2988 nomine
2373 2949 2472 3002 ego
2492 2934 2789 2990 Adebertus
2807 2938 3258 3009 (Cameracensis,
3281 2943 3420 2997 idem
3439 2960 3505 3000 ac

1923 3025 2213 3081 Autbertus
2236 3026 2275 3094 ),
2310 3042 2372 3080 ac
2402 3028 2446 3080 si
2482 3038 2751 3096 peccator,
2786 3031 3103 3101 episcopus,
3144 3035 3246 3090 hoc
3292 3038 3509 3105 privile-

1919 3118 2064 3183 gium
2092 3118 2235 3170 subs.
2268 3117 2313 3169 ι’.
2343 3116 2730 3173 Leodebaudus
2758 3132 3011 3190 peccator
3030 3166 3043 3190 ,
3076 3124 3505 3184 Nebarnensium

1921 3209 1995 3275 (id
2033 3216 2133 3271 est,
2178 3208 2608 3282 Nivernensium)
2659 3214 2960 3284 episcopus,
3015 3217 3117 3271 hoc
3166 3220 3506 3290 privilegium

227 3316 484 3382 Quamvis
510 3317 652 3369 enim
695 3315 744 3369 in
783 3315 901 3381 jure
949 3315 1300 3384 possessionis
1352 3324 1549 3370 "(istm
1592 3332 1697 3371 non
1745 3318 1814 3371 εει
1840 3306 1887 3369 c
1918 3300 2062 3353 subs.
2115 3300 2503 3365 Amlecbarius,
2538 3303 2589 3355 in
2620 3301 2816 3357 Christi
2868 3308 3104 3370 nomine,
3135 3324 3199 3363 ac
3228 3311 3272 3364 si
3305 3327 3504 3380 pecca-

226 3409 368 3462 idem
399 3408 805 3471 monasterium,
842 3419 1035 3462 nostra:
1076 3418 1253 3463 tamen
1285 3413 1621 3465 auctoritatis
1648 3422 1730 3466 est
1758 3422 1813 3469 et

225 3502 500 3555 canonica?
530 3502 965 3570 dispensationis,
1001 3517 1105 3556 una
1154 3518 1273 3556 cum
1316 3505 1481 3571 regali
1523 3520 1809 3572 consensu,

227 3594 278 3647 id
338 3592 640 3647 ordinandi-
678 3600 731 3646 et
784 3594 1081 3661 hujusmodi
1139 3596 1411 3664 privilegia
1473 3597 1811 3650 monasteriis

226 3686 608 3750 constituendi,
643 3687 886 3755 quamvis
917 3688 1163 3741 monachi
1212 3688 1500 3756 privilegiis
1528 3690 1809 3758 episeopo-

228 3795 345 3833 rum
378 3780 610 3848 undique
634 3782 843 3844 muniti,
868 3782 968 3835 soli
999 3781 1109 3835 Deo
1133 3782 1397 3847 famulari,
1423 3792 1477 3835 et
1504 3784 1603 3836 sub
1628 3783 1811 3852 quiete

225 3888 289 3925 ac
323 3872 704 3940 tranquillitate
737 3872 787 3924 in
818 3888 914 3926 suo
945 3872 1194 3927 coenobio
1226 3874 1439 3927 valeant
1478 3874 1805 3928 conversari.

227 3965 293 4016 Et
344 3964 472 4017 illud
521 3962 644 4017 huic
684 3963 960 4032 privilegio
1002 3964 1203 4032 placuit
1253 3964 1460 4017 adnecti
1490 3972 1568 4027 ut,
1601 3965 1644 4018 si
1690 3965 1809 4033 quis

225 4052 371 4123 quod
403 4068 500 4106 nec
532 4052 764 4105 futurum
795 4067 913 4107 esse
940 4053 1118 4115 credo,
1151 4053 1193 4105 si
1220 4053 1358 4107 ullus
1381 4052 1689 4121 pontitieunt
1720 4072 1808 4109 su-

226 4144 616 4213 perstitumque
659 4150 962 4195 nostrorum
1006 4158 1069 4197 ea
1111 4158 1228 4211 quae
1279 4146 1521 4212 superius
1555 4154 1681 4199 sunt
1709 4148 1805 4201 de-

223 4244 372 4288 creta
404 4233 487 4287 vel
528 4234 909 4301 comprehensa
959 4249 1065 4288 non
1107 4234 1287 4289 valere
1332 4244 1423 4289 aut
1462 4236 1806 4305 quantulum-

225 4339 458 4392 cumque
490 4324 690 4379 \iolare
721 4324 968 4388 voluerit,
996 4326 1393 4381 severissimum
1425 4329 1808 4398 omnipotentis

229 4417 320 4469 ltei
350 4414 607 4483 judicium
640 4415 893 4475 i:;eurrat,
927 4425 981 4469 et
1009 4416 1155 4485 lepra
1185 4416 1443 4483 Naaman,
1468 4432 1629 4487 quam
1659 4418 1805 4475 Giezi

226 4521 388 4559 causa
412 4504 717 4574 cupiditatis
745 4508 1071 4575 promeruit,
1102 4523 1261 4577 super
1292 4510 1463 4576 ipsum
1494 4510 1799 4575 descendat,

1919 3399 2023 3451 tor,
2057 3390 2371 3459 (Sagiensis)
2405 3392 2565 3461 CpiSCt
2591 3410 2717 3463 pus,
2752 3396 2853 3451 hoc
2903 3398 3236 3467 privilegium
3277 3417 3508 3457 consen-

1918 3482 2054 3535 tiens
2100 3481 2247 3534 subs.
2293 3480 2651 3547 Bertefredus,
2678 3486 2953 3540 Ambianis
2996 3490 3140 3544 urbis
3185 3492 3493 3563 episcopus,

1916 3574 2255 3629 consentiens
2277 3575 2422 3629 subs.
2456 3575 2799 3641 Drucl‘redus,
2827 3579 2879 3632 in
2903 3578 3100 3634 Christi
3129 3583 3366 3651 nomine,
3399 3586 3507 3642 hoc

1914 3666 2249 3733 privileg1um
2279 3667 2625 3720 consentiens
2653 3669 2798 3721 subs.
2831 3668 3060 3733 Hincho,
3096 3671 3389 3743 Lexogium
3426 3676 3506 3747 (id

1914 3769 1995 3815 est
2041 3760 2418 3830 Lexoviensis)
2466 3763 2611 3815 urbis
2658 3764 2961 3833 episcopus,
3008 3768 3154 3823 subs.
3200 3772 3257 3825 ln
3300 3772 3505 3829 Christi

1915 3853 2223 3909 nomine....
2256 3869 2320 3909 ac
2340 3854 2384 3908 si
2414 3863 2668 3924 peccator
2693 3858 2997 3927 episcopus,
3030 3861 3131 3916 hoc
3160 3864 3503 3932 privilegium

1913 3948 2057 4002 subs.
2088 3945 2143 3999 In
2173 3946 2367 4000 Christi
2402 3948 2616 4000 nomine
2640 3987 2654 4011 ,
2683 3948 2984 4003 Concessus
3004 3992 3017 4014 ,
3048 3953 3332 4023 episcopus
3364 3956 3505 4011 Dor-

1911 4039 2013 4092 reti
2043 4036 2446 4105 (Ebroicensis),
2475 4042 2819 4094 consentiens
2847 4042 2995 4096 subs.
3030 4043 3319 4111 Deocarus,
3344 4048 3499 4103 Anti-

1913 4130 2161 4200 politanae
2200 4128 2448 4185 Ecclesia:
2491 4132 2807 4201 episcopus,
2854 4136 3197 4191 consentiens
3224 4139 3402 4194 subsc.
3436 4140 3495 4196 In

1912 4221 2110 4277 Christi
2140 4222 2355 4275 nomine
2378 4262 2392 4285 ,
2423 4220 2881 4291 Cbariochaudus,
2914 4240 2975 4280 ac
3004 4228 3048 4281 si
3078 4238 3349 4297 peccator,
3381 4232 3496 4301 epi-

1910 4330 2119 4385 scopus,
2151 4315 2254 4369 hoc
2284 4315 2617 4383 privilegium
2661 4319 2999 4373 consentiens
3028 4323 3172 4374 subs.
3208 4322 3263 4377 In
3292 4324 3491 4379 Christi

1910 4408 2147 4472 nomine,
2172 4404 2566 4475 Bagnobertus,
2590 4424 2653 4463 ac
2675 4409 2717 4462 si
2745 4408 3012 4478 indignus,
3036 4410 3490 4481 Augustudunen-

1906 4502 1979 4555 sis
2029 4498 2285 4555 Ecclesia:
2334 4500 2645 4568 episcopus,
2693 4503 3036 4557 consentiens
3085 4504 3231 4559 subs.
3267 4506 3407 4561 Boso
3436 4509 3490 4563 in

223 4614 286 4653 ac
315 4614 439 4653 cum
462 4597 595 4651 Juda
624 4598 867 4652 vindicm
890 4600 1210 4654 obnoxietur
1239 4610 1531 4671 perpetuae,
1561 4613 1615 4658 et
1651 4605 1800 4659 insu-
1828 4610 1881 4670 D
1906 4595 2001 4649 Dei
2048 4592 2264 4648 nomine
2314 4592 2508 4645 obtulit
2554 4600 2609 4646 ct
2652 4594 2987 4663 subscripsit.
3026 4595 3212 4649 Datum
3256 4600 3356 4651 sub
3400 4600 3487 4655 die

224 4708 322 4761 per
364 4701 474 4745 tam
525 4692 788 4760 presentis
828 4707 987 4762 quam
1036 4691 1227 4747 futura:
1272 4693 1522 4750 Ecclesiae
1561 4712 1801 4752 commu-

224 4787 388 4840 nione
429 4785 684 4855 privetur,
716 4794 765 4837 et
797 4785 894 4839 sub
920 4786 1272 4842 anathemata:
1304 4789 1354 4842 in
1395 4800 1654 4844 aeternum
1684 4805 1799 4845 ma-

225 4885 351 4932 neat
375 4875 760 4930 condemnatus
784 4895 799 4929 ;
832 4886 887 4929 ut
908 4877 1236 4945 privilegium
1261 4895 1359 4950 pro
1386 4896 1515 4949 pace
1537 4882 1620 4935 vel
1651 4889 1799 4937 tran-

220 4972 509 5041 qnillitate,
557 4969 639 5023 vel
683 4969 994 5024 defensione
1042 4985 1321 5027 servorum
1371 4973 1498 5039 Dei,
1551 4982 1657 5028 tam
1698 4990 1798 5044 pro

222 5065 477 5137 prsesenti
505 5078 662 5132 quam
694 5079 789 5133 pro
820 5064 999 5119 futuro
1031 5074 1272 5135 tempore
1301 5068 1603 5138 plenissima
1634 5070 1797 5124 devo-

222 5159 374 5210 tione
420 5154 637 5217 lactum,
688 5153 830 5221 quod
870 5155 1012 5209 circa
1056 5158 1438 5211 monasterium
1487 5174 1516 5211 a
1547 5159 1796 5225 religioso

1904 4682 2131 4753 septimo
2156 4677 2409 4732 kalendas
2430 4678 2772 4747 Septembres
2798 4690 2845 4746 ο,
2874 4695 3015 4736 anno
3040 4682 3198 4737 tertio
3222 4694 3487 4751 regnante

1901 4775 2102 4834 domno
2124 4771 2403 4829 Cblotario
2459 4772 2670 4827 'lorioso
2698 4785 2844 4841 rege.

1896 5338 2091 5395 scopos
2141 5324 2883 5395 Laudunensesrecensetur
2930 5325 3149 5381 nomine
3194 5325 3473 5387 Candoris.

1968 5394 2005 5434 υ
2023 5395 2137 5449 Non
2176 5395 2282 5449 alio
2326 5396 2424 5449 nisi
2467 5394 2622 5462 hujus
2664 5394 2861 5449 charta:
2892 5396 3201 5451 testimonio
3234 5402 3479 5457 noscitur

1897 5466 2301 5521 Nivernensium
2345 5466 2624 5535 episcopus
2661 5466 2881 5520 nomine
2909 5464 3340 5532 Leodebaudus;
3373 5487 3474 5529 nec

1897 5537 2187 5597 Bertarius,
2221 5535 2577 5589 Xantonensis
2604 5536 2910 5605 episcOpus.

1971 5618 1991 5645 ο
2025 5605 2079 5660 Si
2126 5606 2464 5661 Chlodovens
2510 5605 2553 5660 11
2583 5606 2776 5660 obierit
2820 5607 2962 5660 circa
3009 5606 3222 5666 initium
3275 5616 3473 5670 mensis

1896 5678 2225 5745 Septembris
2256 5677 2378 5729 anni
2409 5673 2542 5740 656,
2572 5686 2631 5730 ut
2661 5677 2833 5731 innuit
2860 5676 3091 5733 domnus
3117 5681 3380 5746 Clement,
3415 5685 3472 5741 in

1899 5748 2025 5801 Arte
2054 5746 2370 5814 dijudicandi
2402 5748 2639 5814 singulas
2682 5757 2979 5815 temporum
3011 5757 3184 5815 notas,
3236 5752 3351 5807 dies
3400 5754 3471 5815 9.6

1897 5819 2093 5873 mensis
2127 5817 2366 5885 Augusti,
2390 5820 2550 5870 tertio
2596 5832 2735 5870 anno
2766 5817 2917 5885 regni
2955 5815 3215 5876 Chlotarii
3244 5821 3308 5876 Ill
3341 5841 3471 5880 con-

1899 5889 2081 5943 cordat
2110 5902 2227 5940 cum
2259 5903 2398 5940 anno
2429 5888 2551 5941 Chr.
2579 5885 2701 5940 659.

296 5340 318 5361 ι·
376 5327 626 5393 Qntedam
681 5326 1094 5395 subscriptiones
1150 5328 1454 5397 scrupulum
1512 5328 1791 5395 injiciunt,

217 5400 492 5472 praecipue
518 5398 836 5472 subscriptio
865 5401 1219 5472 Aunemundi.
1247 5402 1294 5472 _si
1325 5398 1794 5472 iscreditur‘Lug-

216 5466 482 5526 dimensis
524 5468 808 5535 episcopus
850 5470 939 5535 qtti
977 5471 1092 5521 neci
1124 5470 1347 5523 traditus
1377 5468 1472 5522 l'nit
1501 5473 1596 5521 sub
1625 5466 1792 5523 Chlo-

215 5545 394 5596 doveo
421 5538 496 5605 ll,
522 5538 675 5606 juxta
706 5536 972 5590 Cointium
996 5580 1009 5602 ,
1044 5540 1231 5592 Annal.
1266 5548 1304 5590 t.
1334 5537 1400 5593 111
1421 5580 1437 5603 ,
1462 5552 1579 5607 pag.
1609 5536 1711 5592 595
1740 5547 1794 5593 et

217 5626 407 5680 seqq.;
440 5619 686 5680 auctores
728 5606 1109 5680 bovaeCallia:
1146 5610 1540 5680 christianm,t.
1572 5608 1658 5674 IV,
1684 5609 1790 5663 col.

216 5677 411 5743 Atifet
454 5680 589 5731 alios
638 5677 832 5742 plures.
886 5677 1053 5732 Acute
1098 5680 1306 5746 quidem
1352 5679 1633 5733 Canderim
1686 5694 1792 5733 non

219 5752 633 5817 Lugdunensem
681 5750 988 5818 episcopum
1036 5749 1215 5815 fuisse,
1246 5750 1338 5802 sed
1386 5749 1790 5803 Landunensem

220 5822 466 5887 intelligit
502 5818 879 5881 Alabillnnius;
916 5830 1039 5875 tunc
1070 5836 1209 5873 enim
1241 5819 1548 5873 Laudunum
1582 5820 1793 5873 diceba-

220 5901 309 5945 tur
366 5886 681 5959 Lugdunum
731 5890 1025 5944 Clava'um.
1089 5891 1273 5944 Nullus
1311 5906 1437 5944 vero
1489 5892 1624 5943 inter
1673 5892 1791 5959 epi-
