4206 6528
705 399 832 453 ΗῊ

1471 506 1536 559 Χ.

701 596 899 653 Charta
932 597 1215 660 Emmonis,
1252 594 1567 667 Seuouensis
1602 598 1849 667 episcopi,
1880 612 1980 667 qua
2026 604 2287 650 monaste-

773 672 854 807 τὶιὶ
908 667 1291 810 εαηὶιὸωΡεινί
1347 665 1660 722 Senonensis
1717 665 1988 738 privitegia
2052 667 2287 723 concedit

778 750 803 777 ιι
855 757 960 794 ann
1031 742 1075 794 ’ὸ
1150 779 1164 794 .

832 746 960 807 (anu
1011 746 1136 807 0.59)
1150 779 1164 794 .

774 873 1018 929 Dominis
1047 872 1269 939 sanctis,
1308 881 1363 927 et
1391 873 1585 928 summi
1618 872 1865 929 culminis
1905 874 2114 942 apicem
2143 888 2284 943 pon-

704 968 939 1023 tilicatus
970 965 1244 1022 cathedra:
1275 966 1492 1035 specula
1520 966 1951 1037 praesidentibus,
1983 965 2037 1019 in
2068 966 2285 1021 Christo

702 1059 980 1116 fratribus.
1033 1058 1317 1114 Senoniae
1361 1059 1593 1113 ciu‘tatis
1642 1057 2189 1129 comprovincialibus
2224 1058 2273 1127 δ,

704 1155 1102 1220 Chroduberto,
1150 1153 1382 1219 Farone,
1412 1152 1723 1221 Bcrtualdo,
1773 1152 2056 1217 Audoeuo,
2108 1152 2286 1208 Gauz-

701 1249 879 1315 berto,
924 1248 1128 1315 litigio:
1185 1246 1370 1300 Ειωιιω
1424 1253 1682 1314 peccator
1726 1245 1951 1315 supplex
2001 1253 2183 1300 vester
2231 1245 2288 1302 in

702 1340 934 1395 Domino
966 1339 1240 1408 praesumit
1289 1338 1505 1392 mittere
1534 1338 1782 1392 salutem.
1816 1337 1968 1391 Licet
2005 1353 2103 1392 nos
2149 1338 2288 1394 antiu

704 1446 823 1499 qua:
853 1429 1050 1498 regulae
1081 1430 1379 1484 constituta
1430 1428 1645 1483 salubre
1674 1429 2057 1484 observatione
2100 1438 2286 1485 custo-

703 1522 819 1577 dire
848 1522 1154 1588 conveniat,
1192 1530 1369 1576 tamen
1403 1523 1532 1576 utile
1576 1521 1884 1591 provisione
1913 1531 2209 1580 tractantes
2234 1524 2286 1579 id

703 1616 1120 1680 constituemus,
1155 1624 1211 1668 ut
1254 1614 1394 1683 quod
1443 1614 1615 1669 sacris
1661 1614 2143 1671 deliberationibus
2176 1634 2283 1671 non

704 1706 773 1762 de
805 1715 932 1774 Ogat
954 1704 1222 1774 intrepida
1254 1705 1636 1759 observalione
1666 1715 1931 1761 servetur.
1964 1706 2032 1761 Et
2054 1711 2177 1776 quia
2207 1708 2288 1762 vir

700 1796 1029 1851 venerabilis
1060 1796 1356 1864 Agiiilenus
1390 1797 1548 1859 abba,
1596 1812 1703 1851 una
1734 1802 1855 1851 c'um
1904 1798 2164 1855 fratribus
2199 1815 2289 1854 se-

702 1903 826 1942 cum
861 1887 1304 1953 consistentibus,
1336 1886 1404 1941 de
1446 1889 1774 1942 monasterio
1816 1886 2003 1943 Sancti
2032 1888 2179 1946 Petri
2231 1900 2287 1947 et
2316 1874 2364 1935 Β

702 1978 876 2045 l’auli,
914 1992 1075 2046 quem
1100 1978 1295 2032 domna
1337 1978 1755 2034 ’l‘heodecl:iblis
1795 1980 1982 2050 regina
2011 1983 2283 2051 quoniam

701 2083 802 2123 suo
831 2081 1000 2138 opere
1024 2070 1349 2136 construxit,
1378 2070 1464 2123 vel
1496 2070 1609 2139 ipsa
1642 2070 1837 2124 ibidem
1870 2088 2024 2126 suum
2076 2075 2286 2130 videtur

700 2159 906 2214 habere
955 2159 1323 2229 sepulchrum.
1376 2161 1476 2215 sub
1520 2162 1741 2230 cpidum
1772 2162 2003 2218 Seuonis
2042 2164 2283 2234 civitate,

701 2252 981 2319 religionis
1009 2252 1368 2321 suggestionis
1418 2255 1713 2323 postulatio
1750 2267 2058 2313 nostrarum
2083 2262 2286 2331 quippe

702 2344 913 2398 aurium
944 2343 1129 2398 intima
1160 2345 1485 2413 penetravit,
1511 2362 1629 2418 qua:
1667 2347 1719 2401 in
1750 2348 2013 2404 viscerale
2060 2351 2277 2421 pietatis

702 2437 901 2493 affectu
930 2438 1004 2491 ita
1055 2454 1150 2492 eor
1189 2438 1516 2494 intrinsecus
1554 2455 1663 2495 sua:
1706 2443 2020 2511 petitionem
2051 2444 2276 2513 molivil,

700 2538 764 2584 ut
793 2530 959 2599 petita
990 2544 1098 2582 non
1126 2528 1444 2595 concedere,
1488 2538 1581 2584 aut
1606 2539 1753 2586 certe
1793 2532 2146 2588 libentissime
2171 2551 2279 2589 non

698 2620 947 2690 implere,
998 2628 1199 2674 nostra:
1254 2621 1519 2676 duntaxat
1577 2622 1768 2677 anima:
1823 2622 2134 2692 inreligiose
2165 2626 2282 2681 fore

704 2723 981 2786 putarent.
1026 2714 1228 2769 Sancto
1286 2715 1447 2781 igitur
1504 2714 1772 2770 desiderio
1829 2718 2125 2784 succensis,
2185 2719 2284 2774 sub

700 2804 887 2874 regula
920 2804 1063 2859 beati
1102 2803 1378 2860 Benedicti
1412 2816 1457 2871 ο,
1492 2813 1548 2860 et
1596 2804 1755 2859 ntodo
1798 2803 2145 2863 Lusoviensis
2172 2825 2289 2865 mo-

698 2899 942 2960 nasterii,
975 2899 1171 2953 devota
1200 2908 1384 2955 mente
1415 2907 1474 2953 et
1503 2900 1712 2967 integra
1741 2900 2033 2957 devotione
2082 2904 2286 2959 delibe-

700 3003 826 3050 rant
855 2994 1172 3058 consistere,
1207 3003 1404 3048 nostrae
1447 2993 1747 3049 velocitatis
1788 2996 2133 3054 extremitate
2163 3013 2288 3070 sup-

697 3089 854 3158 plica:
879 3084 1278 3156 deprecationis
1310 3087 1626 3157 petitionem
1651 3098 2036 3157 poposcerent,
2071 3090 2159 3144 ubi
2188 3107 2290 3146 nos

1438 396 1698 452 S.l~LUUl..
1749 395 1831 450 Vll
1875 395 1959 450 ΕΤ
2004 393 2119 448 Vlll
2160 390 2705 450 ECCLESIASTICA
2747 389 3205 449 MONUMEN'I‘A.

3825 399 3967 454 H72

2311 506 2362 565 Α
2388 500 2652 567 detinere,
2684 500 2780 555 sed
2807 500 2942 556 locis
2963 502 3159 571 quibus
3188 518 3248 558 se
3288 505 3519 574 propria:
3543 505 3797 562 monachi
3826 507 3965 563 deli-

2388 591 2687 647 berationis
2717 590 3092 659 institutionis,
3114 608 3238 648 cum
3265 596 3427 648 etiam
3450 596 3551 650 sub
3579 596 3739 665 hujus
3766 598 3966 668 regulae

2387 683 2690 753 disciplina,
2715 691 3024 738 sanctorum
3048 686 3446 753 Agaunensium
3472 687 3671 753 locum,
3697 688 3969 758 immoque

2388 778 2717 833 monasteria
2773 775 3092 843 Lirinensis,
3150 778 3523 849 Luxoviensis,
3595 780 3679 838 vel
3740 781 3966 840 basilica

2388 867 2571 924 domui
2600 867 2858 935 Marcelli,
2888 871 2956 926 de
2979 872 3429 929 inhabitatoribus
3449 874 3776 940 libertatem,
3805 891 3965 946 quam

2389 978 2421 1019 a
2450 963 2755 1035 quibusque
2793 965 2992 1020 ibidem
3021 966 3338 1022 derelictum
3375 976 3598 1023 eatenus
3626 968 3791 1025 fuisse
3834 985 3964 1024 san-

2388 1054 2552 1110 citum
2585 1072 2599 1121 ;
2626 1062 2682 1109 et
2711 1072 2854 1111 nunc
2890 1072 2918 1110 a
2949 1058 3360 1113 succedentibus
3388 1058 3709 1129 custoditur,
3739 1061 3963 1130 conspi-

2389 1150 2599 1208 ratione
2623 1168 2891 1207 consensu
2921 1152 3179 1208 autedicti
3208 1152 3305 1207 viri
3328 1153 3746 1223 postulationem
3764 1164 3967 1210 sanctas

2389 1249 2665 1319 religionis
2694 1249 3153 1305 sublibentissime
3183 1251 3470 1304 annuentis
3499 1251 3570 1304 ita
3596 1250 3664 1305 ab
3692 1249 3963 1315 omnibus,

2390 1350 2451 1397 ut
2472 1357 2590 1413 qua:
2620 1358 2712 1412 pro
2733 1341 2874 1396 dicta
2904 1342 3122 1396 basilica
3151 1342 3237 1397 vel
3279 1340 3574 1396 monachos
3610 1343 3661 1395 in
3695 1342 3815 1411 ipso
3845 1357 3964 1395 mo-

2392 1434 2630 1490 nasterio
2646 1435 2744 1488 sub
2773 1434 3084 1502 evangelica
3115 1434 3361 1489 libertate
3387 1433 3699 1502 religionem
3730 1433 3962 1487 viventi-

2390 1528 2508 1591 bus,
2541 1528 2607 1582 ab
2632 1529 2749 1598 ipso
2772 1528 2907 1595 viro,
2951 1526 3038 1582 vel
3072 1527 3219 1595 regio
3250 1541 3496 1592 munere,
3522 1541 3616 1582 seu
3643 1541 3672 1580 a
3700 1525 3968 1595 quibusli-

2390 1619 2482 1673 bet
2510 1617 2833 1681 christianis,
2865 1617 2918 1671 in
2965 1615 3127 1683 agris,
3180 1615 3491 1683 mancipiis,
3521 1615 3842 1677 ministerio,
3877 1626 3967 1666 sa-

2393 1708 2500 1763 cris
2538 1706 2921 1771 voluminibus,
2952 1706 3035 1760 vel
3081 1706 3507 1773 quibuscumque
3551 1705 3835 1774 speciebus
3878 1701 3967 1771 qui

2393 1799 2461 1854 ad
2490 1807 2740 1855 ornatum
2768 1798 2948 1851 divine
2976 1797 3177 1851 cultum
3208 1796 3479 1866 pertinere
3524 1803 3842 1857 noscuntur,
3874 1801 3968 1846 aut

2395 1892 2606 1948 caeteris
2633 1892 2794 1946 rebus
2839 1889 3052 1945 conlata
3079 1889 3165 1944 vel
3214 1888 3467 1958 deinceps
3517 1887 3797 1942 conlatura
3819 1892 3965 1949 sunt,

2393 1984 2675 2054 persentis
2736 1984 2857 2037 vita:
2908 1990 3107 2038 nostrae
3151 1981 3410 2052 temporis
3462 1994 3558 2035 seu
3597 1989 3968 2041 successorum

2394 2083 2705 2130 nostrorum
2735 2073 2916 2128 nullus
2942 2074 3043 2129 sibi
3072 2073 3267 2128 exinde
3296 2072 3496 2142 aliquid
3527 2072 3849 2128 clericorum
3877 2075 3993 2122 aute

2396 2168 2734 2238 poutilieum,
2770 2167 2852 2222 vel
2882 2165 3078 2237 regalis
3105 2166 3425 2230 sublimitas,
3454 2167 3566 2220 suis
3597 2166 3781 2220 usibus
3806 2181 3964 2220 usur-

2394 2276 2528 2331 pare
2558 2268 2651 2315 aut
2681 2260 2953 2315 minorare
2986 2265 3293 2330 praesumat.
3320 2257 3502 2312 Altare
3525 2272 3655 2312 vero
3686 2265 3890 2313 tantum
3913 2260 3967 2316 in

2395 2354 2516 2424 ipso
2566 2354 2896 2410 monasterio
2922 2362 2979 2409 et
3007 2353 3190 2409 tabula
3237 2353 3603 2417 benedicetur,
3651 2352 3696 2407 si
3737 2353 3969 2410 defuerit

2394 2445 2677 2514 episcopus
2722 2444 3024 2509 Senonicae,
3055 2443 3107 2498 in
3146 2444 3241 2498 Dei
3270 2442 3486 2498 nomine
3537 2443 3820 2499 benedieat
3846 2460 3967 2500 cum

2395 2545 2581 2591 sancta
2620 2536 2854 2591 chrisma
2884 2536 3040 2590 anuis
3069 2534 3311 2603 singulis,
3364 2549 3464 2603 pro
3508 2536 3817 2591 reverentia
3847 2552 3970 2593 san-

2393 2637 2601 2684 ctorqu
2632 2629 2758 2687 sine.
2778 2629 3055 2698 prtemium
3107 2626 3348 2681 muneris
3376 2641 3542 2680 causa
3576 2626 3860 2682 concedat.
3897 2628 3965 2683 Et

2396 2720 2537 2789 quod
2562 2720 2615 2773 in
2643 2718 2834 2773 altario
2867 2717 3097 2772 fueritin
3128 2717 3222 2770 Dei
3252 2717 3470 2771 nomine
3494 2717 3755 2783 oblatum,
3785 2718 3871 2773 vel
3899 2719 3966 2774 ad

2391 2811 2566 2880 ipsum
2585 2808 2969 2864 monasterium
2993 2808 3059 2863 ad
3076 2821 3490 2879 quemcumque,
3523 2807 3631 2861 Deo
3647 2808 3965 2877 inspirante,

2391 2902 2785 2966 transmissum,
2819 2899 2951 2954 nihil
2993 2899 3095 2954 sibi
3121 2898 3319 2955 exinde
3360 2897 3598 2968 pontifex
3619 2896 3817 2953 audeat
3845 2901 3965 2954 vin-

2393 2993 2594 3050 dicare.
2622 2991 2689 3048 Et
2717 3008 2839 3049 cum
2861 2992 2999 3050 abba
3032 2992 3124 3049 ille
3147 2991 3306 3049 fuerit
3325 2990 3393 3047 de
3429 2992 3531 3047 hoc
3553 2991 3748 3047 srceulo
3777 3006 3968 3048 evoca-

2395 3098 2500 3153 tus,
2532 3103 2691 3159 quem
2730 3089 3059 3145 unanimiter
3082 3089 3257 3142 omnis
3296 3086 3637 3154 congregatio
3663 3086 3754 3140 illa
3782 3102 3967 3141 mona-

702 3185 1069 3253 fratribusque
1117 3186 1315 3239 nostris
1363 3184 1646 3240 δθιιοςιίοω
1692 3186 1945 3242 Ecclesia»,
1985 3188 2142 3243 nobis
2190 3190 2360 3257 subc
2392 3181 2616 3237 chorum
2660 3195 2725 3236 ex
2782 3179 3085 3248 semetipsis
3124 3178 3341 3248 optimae
3394 3176 3576 3245 regula
3629 3187 3966 3248 compertum

696 3279 789 3334 die
820 3278 1173 3348 congregatio
1200 3279 1554 3333 libentissime
1577 3280 1901 3351 impertiret.
1927 3283 2078 3339 Licet
2098 3294 2284 3339 saneta

697 3369 1146 3437 Carthaginiensis
1179 3370 1457 3443 synodalis
1485 3371 1669 3426 domui
1716 3374 2003 3442 Augustini
2056 3376 2284 3445 epiStola

694 3462 888 3531 jubeat
916 3462 1142 3517 abbates
1168 3464 1572 3532 monachosque
1618 3479 1807 3520 eorum
1834 3466 2098 3523 libertatis
2125 3467 2286 3537 privi-

698 3550 921 3621 legium,
954 3559 1011 3605 ut
1040 3568 1140 3607 nec
1188 3553 1298 3609 ullo
1331 3554 1617 3624 potestatis
1644 3555 1862 3611 vinculo
1909 3558 1977 3611 ab
2021 3558 2286 3627 episcopis

773 3696 797 3723 ι
820 3684 1080 3739 Memorat
1099 3688 1237 3740 hanc
1264 3687 1504 3741 chartam
1522 3688 1813 3743 chronicon
1830 3689 2001 3744 sancti
2021 3689 2165 3744 Petri
2181 3693 2286 3746 vivi

697 3757 958 3824 scriptum
1005 3757 1200 3811 saeculo
1244 3774 1346 3821 xu,
1380 3773 1409 3812 a
1440 3758 1655 3825 Clario,
1694 3759 1931 3820 ejusdem
1974 3763 2285 3815 monasterii

700 3827 1002 3887 monac-ho;
1037 3827 1139 3881 vid.
1172 3828 1365 3882 Acher.
1399 3829 1582 3897 Spicil.
1630 3836 1668 3881 t.
1701 3827 1775 3894 ll,
1808 3843 1926 3897 pag.
1965 3828 2084 3882 706.
2122 3831 2176 3884 lu
2203 3846 2288 3884 ar-

697 3897 867 3953 chivis
897 3897 1048 3950 istius
1091 3897 1192 3952 loci
1224 3897 1464 3958 dolituit,
1497 3900 1669 3953 donec
1699 3914 1763 3953 ex
1796 3900 1897 3953 illis
1926 3909 2133 3953 erutam
2170 3900 2287 3955 vul-

697 3970 846 4036 gavit
870 3966 1205 4022 Maoillonius
1236 3968 1375 4021 inter
1405 3977 1531 4022 tcta
1554 3969 1649 4022 Si.
1673 3970 1874 4023 ordinis
1901 3972 1958 4024 S.
1988 3969 2282 4038 Benedicti,

697 4038 878 4093 smcul.
911 4053 987 4101 ιιι,
1021 4049 1056 4091 t.
1092 4038 1152 4095 Il.
1188 4052 1308 4105 pag.
1340 4040 1457 4093 (315.
1496 4038 1623 4092 lude
1644 4040 1904 4101 (Iointius.
1930 4039 2121 4095 Annal.
2148 4042 2284 4096 eccl.

698 4118 743 4163 t.
780 4108 850 4170 ν,
886 4123 1008 4178 pag.
1051 4107 1188 4180 285,
1220 4124 1291 4161 rw
1313 4110 1400 4162 udi
1432 4109 1659 4180 curavit,
1692 4109 1889 4180 [Edidit
1918 4125 2131 4180 quoque
2164 4121 2288 4180 post

699 4188 1029 4249 praeceptum
1059 4178 1129 4249 de
1173 4182 1501 4233 monasterio
1535 4185 1592 4235 5.
1612 4178 1917 4249 -ῼίόιυιιιιιω,
1951 4178 2115 4235 Mansi
2144 4178 2286 4235 Cou-

696 4246 944 4323 eiliormu
991 4248 1202 4323 colli-ct.
1242 4249 1506 4323 maxima,
1538 4259 1579 4302 ι.
1610 4246 1713 4323 XI,
1755 4250 1857 4323 col.
1897 4251 2081 4323 l2liel
2109 4252 2284 4323 seqq]

699 4319 791 4373 Sic
820 4322 886 4372 de
920 4320 1032 4387 ipsa
1063 4318 1271 4372 Clarius
1306 4338 1316 4370 :
1357 4337 1375 4371 ι
1408 4318 1599 4389 Einmo
1637 4321 1858 4389 privileg
1883 4338 1968 4374 um
1999 4318 2284 4389 libertatis;

701 4406 805 4443 una
858 4404 979 4442 cum
1034 4388 1573 4459 comprovincialibus
1628 4388 1926 4459 episcopis.
1986 4388 2283 4456 monachis,

696 4460 752 4515 S.
790 4459 929 4512 l’etri
959 4459 1287 4527 synodaliter
1320 4458 1470 4522 fecit,
1501 4458 1833 4529 temperibus
1863 4462 2118 4515 Chlotarii
2148 4463 2285 4529 regis

2390 3271 2673 3340 eligerent,
2708 3287 2737 3326 a
2767 3271 2921 3326 nobis
2947 3269 3034 3325 vel
3063 3269 3463 3325 successoribus
3510 3268 3728 3334 nostris,
3762 3270 3967 3341 absque

2388 3367 2499 3422 ullo
2526 3365 2829 3431 commodo,
2850 3364 3147 3420 secundum
3167 3371 3382 3417 sanctos
3403 3376 3640 3417 canones
3661 3362 3964 3430 ordinetur,

2389 3471 2445 3518 et
2466 3463 2703 3531 reliquos
2724 3461 2921 3529 gradus
2946 3458 3268 3515 clericorum
3289 3456 3407 3511 sine
3424 3456 3603 3525 aliqua
3627 3457 3964 3525 exceptione,

2384 3553 2539 3624 juxta
2567 3552 2707 3622 quod
2735 3551 2931 3608 electio
2962 3550 3141 3617 docet,
3172 3549 3566 3606 constituemus
3609 3562 3952 3603 consecrare.

2386 3686 2565 3741 Ionius
2607 3685 2737 3740 nihil
2767 3682 3142 3752 contraghujus
3174 3680 3512 3752 instrumenti
3544 3678 3705 3752 fidem
3739 3679 3959 3752 profert.

2458 3754 2485 3792 ¹³
2518 3756 2935 3819 Chrodobertus,
2963 3748 3276 3808 Parisiensis
3321 3751 3623 3820 episcopus,
3667 3748 3806 3803 Faro
3836 3750 3962 3805 Mel-

2389 3828 2589 3891 densis,
2640 3825 2953 3879 Bertoaldus
3007 3822 3308 3887 Trecensis,
3361 3830 3488 3875 tunc
3527 3821 3784 3891 temporis
3814 3828 3965 3874 erant

2388 3890 2679 3968 provinciae
2706 3897 2985 3968 Seuooica
3008 3891 3282 3968 Aepiseolti,
3301 3900 3448 3968 recte
3487 3890 3964 3968 comprovinciales

2388 3958 2469 4046 ab
2483 3968 2741 4022 Enuitone
2766 3965 3016 4046 appellati
3034 3958 3062 4029 ;’
3078 3958 3596 4046 δίοηςίιβῇιιῑὶιθιιιιε,
3612 3958 3965 4046 Ὁτιτιιιιιειιδὶξ

2387 4040 2700 4108 episcopus,
2730 4029 2882 4108 cujus
2918 4035 3130 4108 _sedcm_
3152 4032 3392 4087 Cointius
3412 4046 3547 4108 __n_ou
3591 4030 3828 4099 agnovit.
3862 4029 3964 4108 Srd

2386 4099 2512 4177 quid
2569 4099 2853 4163 dicendum
2902 4105 2971 4160 de
3017 4099 3605 4177 AudoenoaeEligio,
3650 4114 3881 4177 quorum
3918 4101 3962 4154 si

2409 4170 2534 4233 irior
2575 4177 3044 4244 Bothomagensis,
3084 4174 3220 4227 alter
3267 4170 3635 4244 Noviomensis
3679 4172 3964 4244 episcopus

2412 4250 2565 4313 uerit,
2598 4238 3376 4316 comprovincialiumnpuniue
3411 4239 3479 4294 ab
3503 4238 3760 4316 [immune
3782 4241 3961 4316 _n.ini-

2386 4334 2473 4372 ait:
2520 4310 2777 4388 appellati
2828 4314 3154 4388 potuerunt?
3184 4312 3288 4368 Pro
3316 4310 3737 4388 voee_Aud_oeno
3780 4310 3963 4388 legen-

2384 4388 2509 4443 dum
2557 4379 2855 4455 suspicatur
2901 4385 3271 4455 Mabillonios,
3304 4390 3368 4455 _t.
3400 4382 3418 4434 Ι
3454 4380 3797 4455 Annal._pag.
3828 4379 3959 4446 450,

2388 4461 2610 4525 Audoui,
2639 4452 2728 4527 qui
2756 4459 2859 4512 hoc.
2886 4464 3129 4527 tempore
3153 4452 3527 4527 Aurelianensi
3556 4452 3798 4527 ecclesiae
3830 4467 3963 4527 prse~

699 4538 754 4584 et
784 4518 1126 4610 Biltecliildis
1154 4518 1510 4610 illatriseius;
1540 4533 1592 4584 in
1616 4518 1728 4610 'un
1760 4543 2026 4610 conventu
2069 4518 2280 4587 meer
2314 4551 2362 4610 υ
2388 4518 2614 4610 sitiebat;
2652 4518 2814 4608 ill-agis
2843 4518 3058 4607 torquet
3085 4524 3372 4610 Eligios,‘si
3401 4523 3502 4577 hoc
3529 4518 3962 4610 neruinejntelli-

700 4600 905 4653 autistit
941 4600 1209 4671 s‘gloriosi
1239 4596 1297 4653 S.
1328 4596 1656 4671 Audoeuus,
1691 4599 2139 4671 Rothomagcnsis
2165 4604 2281 4668 epi-

698 4684 915 4739 si-opus
950 4668 1003 4739 S.
1050 4668 1209 4729 Farn,
1244 4670 1523 4723 Meldensis
1571 4672 1874 4739 θρὶειὈνυδ.
1919 4668 2135 4726 sanctus
2170 4672 2280 4727 Eli-

698 4738 842 4803 gius,
876 4738 1249 4792 Not-inmensis
1297 4738 1687 4810 episcopuset
1727 4738 1943 4795 sanctus
1989 4742 2281 4807 Amandus,

701 4809 1109 4882 Iregetensium
1135 4811 1436 4882 episcopus,
1463 4809 1583 4864 cum
1604 4811 1726 4882 aliis
1748 4811 1961 4879 triginta
1995 4815 2281 4882 episcopis.

702 4879 954 4932 Fl-u‘ehul
1000 4888 1242 4951 tempore
1292 4881 1383 4932 illo
1427 4882 1476 4934 in
1517 4881 1705 4935 eodem
1753 4882 2002 4935 eteuobio
2032 4879 2285 4951 Agilehus

701 4952 901 5009 abbas,
954 4960 1060 5002 etc.
1103 4971 1118 4999 ι
1159 4950 1280 5003 lber.
1326 4951 1503 5002 o‘xinia
1551 4952 1877 5006 conveniunt
1924 4968 2045 5005 cum
2088 4950 2282 5007 ’rharta

701 5036 862 5088 qua-2t
896 5020 1245 5082 exhibemus;
1290 5035 1463 5087 neque
1491 5022 1631 5074 enim
1681 5038 1800 5073 cum
1844 5022 2059 5075 Cointio
2102 5039 2283 5078 move-

701 5107 824 5143 lllllt'
850 5104 917 5142 eo
946 5094 1083 5153 quo!
1114 5092 1355 5158 subscrip
1384 5094 1561 5144 iouum
1609 5107 1863 5144 numerus
1892 5095 2065 5145 minor
2089 5094 2157 5145 sit
2188 5112 2284 5147 nu-

704 5177 856 5212 mero
908 5161 1107 5231 opimo.
1134 5174 1284 5212 orum
1332 5174 1465 5226 (plus
1510 5160 1716 5231 synodo
1748 5162 2051 5216 interfuisse
2081 5164 2284 5219 Clarius

703 5233 898 5291 rel‘ert;
941 5227 1080 5282 forte
1106 5246 1292 5282 ()IIIIICS
1320 5244 1427 5284 non
1459 5227 1906 5297 suliseiipserunt,
1936 5233 2018 5285 vel
2049 5235 2117 5285 ab
2145 5248 2285 5286 ama-

701 5301 996 5353 nuen~ious
1040 5303 1282 5365 qurcdatu
1339 5301 1761 5365 subscriptiones
1805 5303 2034 5356 omissae.
2087 5302 2287 5358 Graves

704 5381 853 5423 certe
886 5370 1105 5433 injurias
1137 5371 1203 5421 ab
1227 5373 1640 5425 :unanuensibus
1664 5388 1815 5440 passa
1842 5382 1923 5425 est
1943 5374 2127 5425 charta
2146 5373 2284 5443 haec,

704 5449 763 5493 ut
794 5458 854 5493 ex
889 5442 1114 5492 barbare
1150 5444 1417 5509 corruptis
1443 5445 1663 5496 vocibus
1695 5443 1934 5509 plurimis
1965 5444 2152 5510 liquet.
2180 5442 2286 5499 Has

703 5520 883 5561 autem
923 5511 965 5562 si
1007 5511 1125 5576 quis
1179 5512 1332 5564 facile
1382 5514 1668 5566 cutettdare
1716 5513 1975 5576 voluerit,
2016 5516 2286 5568 ltmmonis

702 5582 944 5632 chartam
972 5581 1213 5633 conferat
1242 5599 1361 5635 cum
1397 5583 1669 5636 Bertefridi
1702 5583 1883 5636 charta
1925 5582 2047 5636 huic
2075 5585 2283 5637 similli—

705 5666 787 5721 ma
811 5690 824 5709 ,
859 5668 951 5715 pro
986 5653 1310 5721 monasterio
1340 5654 1677 5716 Corbeiensi,
1709 5668 1827 5719 qme
1860 5652 1993 5705 infra
2022 5654 2281 5721 sequitur.

705 5720 956 5773 (lbertam
1003 5720 1281 5775 Euunonis
1315 5723 1547 5777 Marculli
1596 5724 1837 5776 formulis
1867 5720 2284 5777 (‘onseutaneam

704 5791 899 5843 fatetur
921 5793 1182 5862 Quintius,
1209 5803 1263 5846 et
1289 5811 1385 5862 pro
1407 5795 1637 5860 legitima
1661 5794 1842 5855 habet,
1871 5797 2046 5861 paucis
2069 5796 2285 5861 demptis

704 5860 1180 5931 inter-potationibus
1223 5872 1270 5917 et
1290 5860 1547 5935 suppletis
1593 5860 2060 5930 amputatiouibus;
2095 5860 2283 5919 Mabil-

2388 4610 2543 4670 gatur
2571 4589 3274 4670 Nov-initiensisepiscopus.
3304 4594 3418 4670 _t\‘o_s
3446 4607 3571 4670 vero
3601 4589 3850 4660 Vigilium
3878 4606 3963 4670 re-

2386 4661 2693 4740 ponendum
2745 4661 3079 4740 conjicinius,
3115 4661 3241 4740 tunc
3287 4661 3807 4740 Autissiodorensem
3845 4662 3959 4728 epi-

2390 4732 2632 4808 'scol‘um,
2662 4732 3259 4808 Senoneusispmsulis
3283 4732 3788 4808 eotnproviucialem
3824 4747 3837 4782 :
3864 4745 3963 4785 nec

2388 4801 2597 4865 videtur
2619 4801 2705 4863 hic
2735 4809 2817 4876 agi
2844 4807 2911 4861 de
2942 4801 3127 4874 Eligio,
3161 4802 3501 4876 Noviomensi
3530 4801 3806 4876 episcopo,
3841 4816 3960 4855 cum

2386 4896 2581 4935 nomen
2616 4870 2980 4943 Musu'noleni,
3011 4870 3101 4944 qui
3124 4876 3171 4929 ei
3210 4877 3260 4929 in
3303 4872 3639 4928 Novioiuensi
3670 4870 3797 4925 sede
3836 4887 3962 4944 suc-

2386 4952 2566 5011 cessit,
2617 4952 2757 5003 iutcr
2800 4943 3247 5001 subscribentium
3282 4943 3495 4998 nomina
3534 4948 3809 5010 appareat.
3842 4943 3957 4994 tita-

2386 5021 2497 5075 rius
2547 5010 2695 5085 vero,
2746 5018 2876 5072 falsa
2921 5017 3156 5072 lectione
3204 5018 3491 5083 deceptus,
3525 5010 3960 5085 Ballioniagensi

2387 5093 2643 5160 episcopo
2673 5082 2721 5142 et
2757 5088 3101 5160 [Vm-iumeusi
3139 5086 3322 5139 tribuit
3342 5082 3469 5160 qua:
3507 5082 3874 5160 Aureliaaens:
3908 5091 3960 5160 et

2390 5152 2839 5214 Kutissiodorvnsi
2866 5159 3141 5210 tribuenda
3164 5164 3334 5209 erant.
3362 5154 3540 5206 Errori
3564 5152 3794 5215 lavebat,
3816 5153 3957 5220 quod

2387 5233 2601 5285 notiora
2641 5230 2812 5283 forent
2842 5227 2997 5295 Eligii
3028 5236 3083 5281 et
3109 5226 3350 5280 Audoeni
3382 5226 3596 5277 nomina
3642 5236 3803 5291 quam
3848 5231 3955 5276 Au-

2389 5301 2543 5355 donis
2571 5310 2625 5355 et
2656 5299 2855 5366 Vigilii.

2464 5384 2484 5409 ε
2520 5373 2597 5425 An
2629 5364 2745 5425 hmo
2783 5368 2969 5433 verba,
3000 5367 3089 5422 sub
3116 5366 3297 5437 regula
3328 5366 3388 5420 S.
3430 5364 3719 5437 Benedicti,
3753 5372 3957 5437 temere

2390 5443 2741 5511 interpolata,
2761 5439 3118 5511 expungenda
3139 5433 3300 5491 sunt?
3329 5443 3406 5511 An
3438 5435 3621 5502 regula
3658 5434 3714 5487 S.
3743 5433 3959 5511 tioium-

2387 5504 2548 5574 bani;
2574 5527 2692 5580 qua:
2731 5504 3144 5580 Ludovicus-ium
3191 5508 3577 5580 monachorum
3608 5504 3791 5580 regula
3841 5505 3955 5580 luit,

2390 5592 2516 5636 tunc
2548 5575 2668 5636 cum
2716 5581 2772 5634 S.
2827 5579 3097 5633 Benedicti
3146 5579 3329 5645 regula
3368 5577 3475 5643 jam
3523 5576 3803 5645 coaluerat
3839 5576 3859 5625 ?
3891 5575 3959 5645 bc

2388 5654 2471 5707 his
2498 5652 2612 5706 fuse
2637 5652 2873 5719 disputat
2901 5650 3165 5713 Cointms,
3205 5644 3396 5701 Annal.
3427 5648 3567 5719 eccl.
3598 5644 3792 5719 Eritne.
3827 5654 3867 5697 t.
3900 5644 3956 5707 Υ,

2545 5714 2753 5865 afﬁgi]
2776 5737 2925 5792 seqq.
2962 5719 3430 5788 lldabilloniusque
3471 5715 3665 5771 Annal.
3695 5725 3734 5769 t.
3761 5714 3804 5785 1,
3840 5729 3957 5785 pag.

2521 5810 2549 5849 e
2606 5812 2671 5847 ο..
2716 5833 2726 5846 .

2434 5794 2493 5846 ll»
2521 5802 2575 5849 et
2605 5794 2726 5847 52.8.
