  <div class='ocr_page' id='page_1' title='image "/cluster/home/n/w/nwhite01/storage/ocr_20150623/88-89/uc1.31175000868714/590.png"; bbox 0 0 4206 6540; ppageno 0'>
   <div class='ocr_carea' id='block_1_1' title="bbox 279 459 416 514">
    <p class='ocr_par' dir='ltr' id='par_1_1' title="bbox 279 459 416 514">
     <span class='ocr_line' id='line_1_1' title="bbox 279 459 416 514; baseline 0 -2"><span class='ocrx_word' id='word_1_1' title='bbox 279 459 416 514; x_wconf 75' lang='lat' dir='ltr'><strong>H73</strong></span> 
     </span>
    </p>
   </div>
   <div class='ocr_carea' id='block_1_2' title="bbox 1034 442 2792 515">
    <p class='ocr_par' dir='ltr' id='par_1_2' title="bbox 1034 442 2792 515">
     <span class='ocr_line' id='line_1_2' title="bbox 1034 442 2792 515; baseline -0.002 -13"><span class='ocrx_word' id='word_1_2' title='bbox 1034 446 1466 504; x_wconf 76' lang='lat' dir='ltr'><strong>DONATIONES</strong></span> <span class='ocrx_word' id='word_1_3' title='bbox 1505 447 1591 502; x_wconf 85' lang='lat' dir='ltr'><strong>AC</strong></span> <span class='ocrx_word' id='word_1_4' title='bbox 1631 447 2092 504; x_wconf 67' lang='lat' dir='ltr'><strong>TISSTAMENTA</strong></span> <span class='ocrx_word' id='word_1_5' title='bbox 2139 445 2379 514; x_wconf 83' lang='lat' dir='ltr'><strong>EPISC.,</strong></span> <span class='ocrx_word' id='word_1_6' title='bbox 2421 447 2598 515; x_wconf 81' lang='lat' dir='ltr'><strong>ABB.,</strong></span> <span class='ocrx_word' id='word_1_7' title='bbox 2641 442 2792 500; x_wconf 74' lang='lat' dir='ltr'><strong>E&#39;I&#39;C.</strong></span> 
     </span>
    </p>
   </div>
   <div class='ocr_carea' id='block_1_3' title="bbox 3405 438 3546 498">
    <p class='ocr_par' dir='ltr' id='par_1_3' title="bbox 3405 438 3546 498">
     <span class='ocr_line' id='line_1_3' title="bbox 3405 438 3546 498; baseline -0.014 -2"><span class='ocrx_word' id='word_1_8' title='bbox 3405 438 3546 498; x_wconf 76' lang='grc' dir='ltr'><strong>ηπ</strong></span> 
     </span>
    </p>
   </div>
   <div class='ocr_carea' id='block_1_4' title="bbox 274 558 3541 632">
    <p class='ocr_par' dir='ltr' id='par_1_4' title="bbox 274 558 3541 632">
     <span class='ocr_line' id='line_1_4' title="bbox 274 558 3541 632; baseline -0.004 -4"><span class='ocrx_word' id='word_1_9' title='bbox 274 574 483 628; x_wconf 80' lang='lat' dir='ltr'><strong>Nullam</strong></span> <span class='ocrx_word' id='word_1_10' title='bbox 537 569 697 624; x_wconf 88' lang='lat' dir='ltr'><strong>aliam</strong></span> <span class='ocrx_word' id='word_1_11' title='bbox 724 569 775 620; x_wconf 92' lang='lat' dir='ltr'><strong>in</strong></span> <span class='ocrx_word' id='word_1_12' title='bbox 839 564 1166 620; x_wconf 88' lang='lat' dir='ltr'><strong>monasterio</strong></span> <span class='ocrx_word' id='word_1_13' title='bbox 1209 571 1552 632; x_wconf 84' lang='lat' dir='ltr'><strong>potestatem,</strong></span> <span class='ocrx_word' id='word_1_14' title='bbox 1585 578 1759 630; x_wconf 89' lang='lat' dir='ltr'><strong>neque</strong></span> <span class='ocrx_word' id='word_1_15' title='bbox 1807 564 1860 615; x_wconf 89' lang='lat' dir='ltr'><strong>iu</strong></span> <span class='ocrx_word' id='word_1_16' title='bbox 1890 566 1938 626; x_wconf 78' lang='grc' dir='ltr'><strong>Α</strong></span> <span class='ocrx_word' id='word_1_17' title='bbox 1965 563 2312 632; x_wconf 84' lang='lat' dir='ltr'><strong>gundol&#39;arus,</strong></span> <span class='ocrx_word' id='word_1_18' title='bbox 2344 565 2396 618; x_wconf 94' lang='lat' dir='ltr'><strong>in</strong></span> <span class='ocrx_word' id='word_1_19' title='bbox 2425 563 2625 617; x_wconf 75' lang='lat' dir='ltr'><strong>Christi</strong></span> <span class='ocrx_word' id='word_1_20' title='bbox 2663 560 2900 626; x_wconf 83' lang='lat' dir='ltr'><strong>nomine,</strong></span> <span class='ocrx_word' id='word_1_21' title='bbox 2932 573 2995 614; x_wconf 82' lang='lat' dir='ltr'><strong>ac</strong></span> <span class='ocrx_word' id='word_1_22' title='bbox 3036 559 3081 614; x_wconf 80' lang='lat' dir='ltr'><strong>si</strong></span> <span class='ocrx_word' id='word_1_23' title='bbox 3126 558 3398 628; x_wconf 86' lang='lat' dir='ltr'><strong>indignus,</strong></span> <span class='ocrx_word' id='word_1_24' title='bbox 3429 563 3541 631; x_wconf 89' lang='lat' dir='ltr'><strong>epi-</strong></span> 
     </span>
    </p>
   </div>
   <div class='ocr_carea' id='block_1_5' title="bbox 274 651 1861 728">
    <p class='ocr_par' dir='ltr' id='par_1_5' title="bbox 274 651 1861 728">
     <span class='ocr_line' id='line_1_5' title="bbox 274 651 1861 728; baseline -0.008 -10"><span class='ocrx_word' id='word_1_25' title='bbox 274 663 458 724; x_wconf 84' lang='lat' dir='ltr'><strong>rebus,</strong></span> <span class='ocrx_word' id='word_1_26' title='bbox 495 673 692 728; x_wconf 88' lang='lat' dir='ltr'><strong>neque,</strong></span> <span class='ocrx_word' id='word_1_27' title='bbox 735 666 792 710; x_wconf 89' lang='lat' dir='ltr'><strong>ut</strong></span> <span class='ocrx_word' id='word_1_28' title='bbox 821 655 1074 715; x_wconf 78' lang='lat' dir='ltr'><strong>diximus,</strong></span> <span class='ocrx_word' id='word_1_29' title='bbox 1110 654 1162 706; x_wconf 87' lang='lat' dir='ltr'><strong>in</strong></span> <span class='ocrx_word' id='word_1_30' title='bbox 1196 651 1720 722; x_wconf 83' lang='lat' dir='ltr'><strong>personis,quamdiu</strong></span> <span class='ocrx_word' id='word_1_31' title='bbox 1761 656 1861 706; x_wconf 91' lang='lat' dir='ltr'><strong>sub</strong></span> 
     </span>
    </p>
   </div>
   <div class='ocr_carea' id='block_1_6' title="bbox 274 745 1860 819">
    <p class='ocr_par' dir='ltr' id='par_1_6' title="bbox 274 745 1860 819">
     <span class='ocr_line' id='line_1_6' title="bbox 274 745 1860 819; baseline -0.008 -9"><span class='ocrx_word' id='word_1_32' title='bbox 274 761 465 810; x_wconf 88' lang='lat' dir='ltr'><strong>sancta</strong></span> <span class='ocrx_word' id='word_1_33' title='bbox 489 750 676 819; x_wconf 86' lang='lat' dir='ltr'><strong>regula</strong></span> <span class='ocrx_word' id='word_1_34' title='bbox 705 747 819 817; x_wconf 87' lang='lat' dir='ltr'><strong>ipse</strong></span> <span class='ocrx_word' id='word_1_35' title='bbox 848 746 984 800; x_wconf 90' lang='lat' dir='ltr'><strong>abba</strong></span> <span class='ocrx_word' id='word_1_36' title='bbox 1008 745 1093 800; x_wconf 90' lang='lat' dir='ltr'><strong>vel</strong></span> <span class='ocrx_word' id='word_1_37' title='bbox 1121 746 1218 814; x_wconf 91' lang='lat' dir='ltr'><strong>ipsi</strong></span> <span class='ocrx_word' id='word_1_38' title='bbox 1249 745 1500 800; x_wconf 83' lang='lat' dir='ltr'><strong>monachi</strong></span> <span class='ocrx_word' id='word_1_39' title='bbox 1524 759 1616 798; x_wconf 88' lang='lat' dir='ltr'><strong>seu</strong></span> <span class='ocrx_word' id='word_1_40' title='bbox 1642 759 1860 800; x_wconf 87' lang='lat' dir='ltr'><strong>succes-</strong></span> 
     </span>
    </p>
   </div>
   <div class='ocr_carea' id='block_1_7' title="bbox 274 834 1860 905">
    <p class='ocr_par' dir='ltr' id='par_1_7' title="bbox 274 834 1860 905">
     <span class='ocr_line' id='line_1_7' title="bbox 274 834 1860 905; baseline -0.008 -4"><span class='ocrx_word' id='word_1_41' title='bbox 274 861 426 902; x_wconf 85' lang='lat' dir='ltr'><strong>sores</strong></span> <span class='ocrx_word' id='word_1_42' title='bbox 457 857 643 898; x_wconf 91' lang='lat' dir='ltr'><strong>eorum</strong></span> <span class='ocrx_word' id='word_1_43' title='bbox 673 838 924 900; x_wconf 88' lang='lat' dir='ltr'><strong>vixerint,</strong></span> <span class='ocrx_word' id='word_1_44' title='bbox 949 835 1290 905; x_wconf 89' lang='lat' dir='ltr'><strong>supradictus</strong></span> <span class='ocrx_word' id='word_1_45' title='bbox 1333 837 1642 904; x_wconf 59' lang='lat' dir='ltr'><strong>episcoiius,</strong></span> <span class='ocrx_word' id='word_1_46' title='bbox 1673 834 1860 888; x_wconf 87' lang='lat' dir='ltr'><strong>archi-</strong></span> 
     </span>
    </p>
   </div>
   <div class='ocr_carea' id='block_1_8' title="bbox 274 929 1862 1000">
    <p class='ocr_par' dir='ltr' id='par_1_8' title="bbox 274 929 1862 1000">
     <span class='ocr_line' id='line_1_8' title="bbox 274 929 1862 1000; baseline -0.009 -7"><span class='ocrx_word' id='word_1_47' title='bbox 274 938 556 999; x_wconf 35' lang='lat' dir='ltr'><strong>diae-tnus,</strong></span> <span class='ocrx_word' id='word_1_48' title='bbox 591 942 684 988; x_wconf 91' lang='lat' dir='ltr'><strong>aut</strong></span> <span class='ocrx_word' id='word_1_49' title='bbox 723 932 964 1000; x_wconf 83' lang='lat' dir='ltr'><strong>qualibet</strong></span> <span class='ocrx_word' id='word_1_50' title='bbox 996 943 1228 999; x_wconf 92' lang='lat' dir='ltr'><strong>persona</strong></span> <span class='ocrx_word' id='word_1_51' title='bbox 1263 929 1388 992; x_wconf 89' lang='lat' dir='ltr'><strong>alia,</strong></span> <span class='ocrx_word' id='word_1_52' title='bbox 1421 929 1623 982; x_wconf 85' lang='lat' dir='ltr'><strong>habere</strong></span> <span class='ocrx_word' id='word_1_53' title='bbox 1661 939 1862 996; x_wconf 70' lang='lat' dir='ltr'><strong>praesu-</strong></span> 
     </span>
    </p>
   </div>
   <div class='ocr_carea' id='block_1_9' title="bbox 275 1015 1863 1094">
    <p class='ocr_par' dir='ltr' id='par_1_9' title="bbox 275 1015 1863 1094">
     <span class='ocr_line' id='line_1_9' title="bbox 275 1015 1863 1094; baseline -0.008 -12"><span class='ocrx_word' id='word_1_54' title='bbox 275 1040 411 1082; x_wconf 89' lang='lat' dir='ltr'><strong>mat.</strong></span> <span class='ocrx_word' id='word_1_55' title='bbox 439 1033 506 1082; x_wconf 76' lang='lat' dir='ltr'><strong>At</strong></span> <span class='ocrx_word' id='word_1_56' title='bbox 537 1026 915 1094; x_wconf 83' lang='lat' dir='ltr'><strong>quodcumque</strong></span> <span class='ocrx_word' id='word_1_57' title='bbox 944 1021 1012 1075; x_wconf 90' lang='lat' dir='ltr'><strong>de</strong></span> <span class='ocrx_word' id='word_1_58' title='bbox 1041 1021 1230 1074; x_wconf 82' lang='lat' dir='ltr'><strong>eodem</strong></span> <span class='ocrx_word' id='word_1_59' title='bbox 1258 1018 1768 1080; x_wconf 88' lang='lat' dir='ltr'><strong>monasterio,sicut</strong></span> <span class='ocrx_word' id='word_1_60' title='bbox 1795 1015 1863 1070; x_wconf 89' lang='lat' dir='ltr'><strong>de</strong></span> 
     </span>
    </p>
   </div>
   <div class='ocr_carea' id='block_1_10' title="bbox 275 1108 1863 1177">
    <p class='ocr_par' dir='ltr' id='par_1_10' title="bbox 275 1108 1863 1177">
     <span class='ocr_line' id='line_1_10' title="bbox 275 1108 1863 1177; baseline -0.009 -1"><span class='ocrx_word' id='word_1_61' title='bbox 275 1117 583 1176; x_wconf 84' lang='lat' dir='ltr'><strong>barrochiis</strong></span> <span class='ocrx_word' id='word_1_62' title='bbox 607 1113 943 1177; x_wconf 69' lang='lat' dir='ltr'><strong>autut-teris,</strong></span> <span class='ocrx_word' id='word_1_63' title='bbox 966 1113 1203 1166; x_wconf 87' lang='lat' dir='ltr'><strong>muneris</strong></span> <span class='ocrx_word' id='word_1_64' title='bbox 1229 1127 1416 1175; x_wconf 88' lang='lat' dir='ltr'><strong>causa,</strong></span> <span class='ocrx_word' id='word_1_65' title='bbox 1446 1109 1640 1164; x_wconf 90' lang='lat' dir='ltr'><strong>audeat</strong></span> <span class='ocrx_word' id='word_1_66' title='bbox 1661 1108 1863 1162; x_wconf 83' lang='lat' dir='ltr'><strong>donare</strong></span> 
     </span>
    </p>
   </div>
   <div class='ocr_carea' id='block_1_11' title="bbox 282 1196 1862 1276">
    <p class='ocr_par' dir='ltr' id='par_1_11' title="bbox 282 1196 1862 1276">
     <span class='ocr_line' id='line_1_11' title="bbox 282 1196 1862 1276; baseline -0.01 -12"><span class='ocrx_word' id='word_1_67' title='bbox 282 1210 368 1276; x_wconf 84' lang='lat' dir='ltr'><strong>vel</strong></span> <span class='ocrx_word' id='word_1_68' title='bbox 392 1211 624 1264; x_wconf 81' lang='lat' dir='ltr'><strong>aul&#39;erre.</strong></span> <span class='ocrx_word' id='word_1_69' title='bbox 660 1205 725 1260; x_wconf 86' lang='lat' dir='ltr'><strong>Et</strong></span> <span class='ocrx_word' id='word_1_70' title='bbox 755 1205 856 1258; x_wconf 81' lang='lat' dir='ltr'><strong>nisi</strong></span> <span class='ocrx_word' id='word_1_71' title='bbox 887 1204 1092 1272; x_wconf 82' lang='lat' dir='ltr'><strong>rugitus</strong></span> <span class='ocrx_word' id='word_1_72' title='bbox 1119 1219 1148 1255; x_wconf 89' lang='lat' dir='ltr'><strong>a</strong></span> <span class='ocrx_word' id='word_1_73' title='bbox 1177 1199 1595 1268; x_wconf 89' lang='lat' dir='ltr'><strong>congregatione</strong></span> <span class='ocrx_word' id='word_1_74' title='bbox 1642 1198 1752 1267; x_wconf 88' lang='lat' dir='ltr'><strong>ipsa</strong></span> <span class='ocrx_word' id='word_1_75' title='bbox 1775 1196 1862 1250; x_wconf 89' lang='lat' dir='ltr'><strong>vel</strong></span> 
     </span>
    </p>
   </div>
   <div class='ocr_carea' id='block_1_12' title="bbox 282 1297 1863 1359">
    <p class='ocr_par' dir='ltr' id='par_1_12' title="bbox 282 1297 1863 1359">
     <span class='ocr_line' id='line_1_12' title="bbox 282 1297 1863 1359; baseline -0.008 0"><span class='ocrx_word' id='word_1_76' title='bbox 282 1306 483 1359; x_wconf 89' lang='lat' dir='ltr'><strong>abbate</strong></span> <span class='ocrx_word' id='word_1_77' title='bbox 515 1302 643 1356; x_wconf 88' lang='lat' dir='ltr'><strong>nulli</strong></span> <span class='ocrx_word' id='word_1_78' title='bbox 698 1309 1005 1355; x_wconf 89' lang='lat' dir='ltr'><strong>nostrorum</strong></span> <span class='ocrx_word' id='word_1_79' title='bbox 1055 1297 1251 1352; x_wconf 84' lang='lat' dir='ltr'><strong>audeat</strong></span> <span class='ocrx_word' id='word_1_80' title='bbox 1301 1297 1450 1350; x_wconf 89' lang='lat' dir='ltr'><strong>adire</strong></span> <span class='ocrx_word' id='word_1_81' title='bbox 1503 1303 1715 1349; x_wconf 90' lang='lat' dir='ltr'><strong>secreta</strong></span> <span class='ocrx_word' id='word_1_82' title='bbox 1771 1299 1863 1346; x_wconf 88' lang='lat' dir='ltr'><strong>aut</strong></span> 
     </span>
    </p>
   </div>
   <div class='ocr_carea' id='block_1_13' title="bbox 283 1385 1863 1462">
    <p class='ocr_par' dir='ltr' id='par_1_13' title="bbox 283 1385 1863 1462">
     <span class='ocr_line' id='line_1_13' title="bbox 283 1385 1863 1462; baseline -0.009 -11"><span class='ocrx_word' id='word_1_83' title='bbox 283 1397 563 1451; x_wconf 80' lang='lat' dir='ltr'><strong>feminium</strong></span> <span class='ocrx_word' id='word_1_84' title='bbox 588 1402 739 1462; x_wconf 87' lang='lat' dir='ltr'><strong>septa</strong></span> <span class='ocrx_word' id='word_1_85' title='bbox 769 1411 783 1458; x_wconf 91' lang='lat'><strong>;</strong></span> <span class='ocrx_word' id='word_1_86' title='bbox 813 1400 869 1446; x_wconf 90' lang='lat' dir='ltr'><strong>ut</strong></span> <span class='ocrx_word' id='word_1_87' title='bbox 899 1398 1166 1460; x_wconf 88' lang='lat' dir='ltr'><strong>quatenus</strong></span> <span class='ocrx_word' id='word_1_88' title='bbox 1196 1387 1440 1442; x_wconf 81' lang='lat' dir='ltr'><strong>monachi</strong></span> <span class='ocrx_word' id='word_1_89' title='bbox 1473 1385 1699 1439; x_wconf 78' lang='lat' dir='ltr'><strong>solitarii</strong></span> <span class='ocrx_word' id='word_1_90' title='bbox 1724 1400 1863 1438; x_wconf 79' lang='lat' dir='ltr'><strong>nun-</strong></span> 
     </span>
    </p>
   </div>
   <div class='ocr_carea' id='block_1_14' title="bbox 281 1475 1861 1555">
    <p class='ocr_par' dir='ltr' id='par_1_14' title="bbox 281 1475 1861 1555">
     <span class='ocr_line' id='line_1_14' title="bbox 281 1475 1861 1555; baseline -0.01 -12"><span class='ocrx_word' id='word_1_91' title='bbox 281 1497 570 1555; x_wconf 80' lang='lat' dir='ltr'><strong>copantur,</strong></span> <span class='ocrx_word' id='word_1_92' title='bbox 603 1484 671 1539; x_wconf 88' lang='lat' dir='ltr'><strong>de</strong></span> <span class='ocrx_word' id='word_1_93' title='bbox 711 1484 943 1553; x_wconf 78' lang='lat' dir='ltr'><strong>perlecta</strong></span> <span class='ocrx_word' id='word_1_94' title='bbox 975 1483 1156 1548; x_wconf 85' lang='lat' dir='ltr'><strong>quiete</strong></span> <span class='ocrx_word' id='word_1_95' title='bbox 1188 1480 1422 1543; x_wconf 79' lang='lat' dir='ltr'><strong>valeam,</strong></span> <span class='ocrx_word' id='word_1_96' title='bbox 1455 1477 1592 1530; x_wconf 86' lang='lat' dir='ltr'><strong>duce</strong></span> <span class='ocrx_word' id='word_1_97' title='bbox 1619 1475 1861 1540; x_wconf 90' lang='lat' dir='ltr'><strong>Domino,</strong></span> 
     </span>
    </p>
   </div>
   <div class='ocr_carea' id='block_1_15' title="bbox 283 1572 1865 1651">
    <p class='ocr_par' dir='ltr' id='par_1_15' title="bbox 283 1572 1865 1651">
     <span class='ocr_line' id='line_1_15' title="bbox 283 1572 1865 1651; baseline -0.01 -18"><span class='ocrx_word' id='word_1_98' title='bbox 283 1597 382 1651; x_wconf 90' lang='lat' dir='ltr'><strong>per</strong></span> <span class='ocrx_word' id='word_1_99' title='bbox 416 1591 686 1648; x_wconf 84' lang='lat' dir='ltr'><strong>tempora,</strong></span> <span class='ocrx_word' id='word_1_100' title='bbox 717 1587 772 1630; x_wconf 88' lang='lat' dir='ltr'><strong>et</strong></span> <span class='ocrx_word' id='word_1_101' title='bbox 819 1577 919 1630; x_wconf 92' lang='lat' dir='ltr'><strong>sub</strong></span> <span class='ocrx_word' id='word_1_102' title='bbox 949 1573 1218 1628; x_wconf 86' lang='lat' dir='ltr'><strong>antedicta</strong></span> <span class='ocrx_word' id='word_1_103' title='bbox 1267 1573 1454 1642; x_wconf 84' lang='lat' dir='ltr'><strong>regula</strong></span> <span class='ocrx_word' id='word_1_104' title='bbox 1499 1572 1764 1635; x_wconf 88' lang='lat' dir='ltr'><strong>viventes,</strong></span> <span class='ocrx_word' id='word_1_105' title='bbox 1812 1576 1865 1618; x_wconf 86' lang='lat' dir='ltr'><strong>et</strong></span> 
     </span>
    </p>
   </div>
   <div class='ocr_carea' id='block_1_16' title="bbox 285 1660 1862 1742">
    <p class='ocr_par' dir='ltr' id='par_1_16' title="bbox 285 1660 1862 1742">
     <span class='ocr_line' id='line_1_16' title="bbox 285 1660 1862 1742; baseline -0.011 -11"><span class='ocrx_word' id='word_1_106' title='bbox 285 1688 600 1731; x_wconf 57' lang='lat' dir='ltr'><strong>sanctorum</strong></span> <span class='ocrx_word' id='word_1_107' title='bbox 634 1682 842 1742; x_wconf 80' lang='lat' dir='ltr'><strong>patrum</strong></span> <span class='ocrx_word' id='word_1_108' title='bbox 875 1671 1038 1724; x_wconf 89' lang='lat' dir='ltr'><strong>vitam</strong></span> <span class='ocrx_word' id='word_1_109' title='bbox 1067 1677 1355 1729; x_wconf 89' lang='lat' dir='ltr'><strong>sectantes,</strong></span> <span class='ocrx_word' id='word_1_110' title='bbox 1384 1682 1480 1734; x_wconf 88' lang='lat' dir='ltr'><strong>pro</strong></span> <span class='ocrx_word' id='word_1_111' title='bbox 1508 1673 1648 1716; x_wconf 86' lang='lat' dir='ltr'><strong>statu</strong></span> <span class='ocrx_word' id='word_1_112' title='bbox 1674 1660 1862 1716; x_wconf 83' lang='lat' dir='ltr'><strong>Eccle-</strong></span> 
     </span>
    </p>
   </div>
   <div class='ocr_carea' id='block_1_17' title="bbox 285 1755 1866 1832">
    <p class='ocr_par' dir='ltr' id='par_1_17' title="bbox 285 1755 1866 1832">
     <span class='ocr_line' id='line_1_17' title="bbox 285 1755 1866 1832; baseline -0.009 -9"><span class='ocrx_word' id='word_1_113' title='bbox 285 1772 377 1823; x_wconf 67' lang='lat' dir='ltr'><strong>sia:</strong></span> <span class='ocrx_word' id='word_1_114' title='bbox 409 1779 462 1823; x_wconf 90' lang='lat' dir='ltr'><strong>et</strong></span> <span class='ocrx_word' id='word_1_115' title='bbox 494 1769 668 1821; x_wconf 88' lang='lat' dir='ltr'><strong>salute</strong></span> <span class='ocrx_word' id='word_1_116' title='bbox 693 1765 832 1832; x_wconf 87' lang='lat' dir='ltr'><strong>regis</strong></span> <span class='ocrx_word' id='word_1_117' title='bbox 859 1764 944 1816; x_wconf 89' lang='lat' dir='ltr'><strong>vel</strong></span> <span class='ocrx_word' id='word_1_118' title='bbox 976 1761 1165 1830; x_wconf 75' lang='lat' dir='ltr'><strong>patria:</strong></span> <span class='ocrx_word' id='word_1_119' title='bbox 1204 1761 1419 1813; x_wconf 88' lang='lat' dir='ltr'><strong>valeant</strong></span> <span class='ocrx_word' id='word_1_120' title='bbox 1452 1774 1698 1812; x_wconf 74' lang='lat' dir='ltr'><strong>exorare.</strong></span> <span class='ocrx_word' id='word_1_121' title='bbox 1731 1755 1796 1808; x_wconf 86' lang='lat' dir='ltr'><strong>Et</strong></span> <span class='ocrx_word' id='word_1_122' title='bbox 1821 1757 1866 1809; x_wconf 88' lang='lat' dir='ltr'><strong>si</strong></span> 
     </span>
    </p>
   </div>
   <div class='ocr_carea' id='block_1_18' title="bbox 285 1848 1862 1926">
    <p class='ocr_par' dir='ltr' id='par_1_18' title="bbox 285 1848 1862 1926">
     <span class='ocr_line' id='line_1_18' title="bbox 285 1848 1862 1926; baseline -0.007 -15"><span class='ocrx_word' id='word_1_123' title='bbox 285 1859 445 1912; x_wconf 85' lang='lat' dir='ltr'><strong>aliter</strong></span> <span class='ocrx_word' id='word_1_124' title='bbox 465 1859 563 1926; x_wconf 83' lang='lat' dir='ltr'><strong>ipsi</strong></span> <span class='ocrx_word' id='word_1_125' title='bbox 597 1855 845 1911; x_wconf 89' lang='lat' dir='ltr'><strong>monachi</strong></span> <span class='ocrx_word' id='word_1_126' title='bbox 862 1855 927 1907; x_wconf 89' lang='lat' dir='ltr'><strong>de</strong></span> <span class='ocrx_word' id='word_1_127' title='bbox 950 1868 1135 1906; x_wconf 84' lang='lat' dir='ltr'><strong>eorum</strong></span> <span class='ocrx_word' id='word_1_128' title='bbox 1156 1852 1413 1919; x_wconf 79' lang='lat' dir='ltr'><strong>religione</strong></span> <span class='ocrx_word' id='word_1_129' title='bbox 1435 1851 1612 1918; x_wconf 71' lang='lat' dir='ltr'><strong>tepide</strong></span> <span class='ocrx_word' id='word_1_130' title='bbox 1636 1848 1862 1916; x_wconf 87' lang='lat' dir='ltr'><strong>egerint,</strong></span> 
     </span>
    </p>
   </div>
   <div class='ocr_carea' id='block_1_19' title="bbox 1964 652 3543 727">
    <p class='ocr_par' dir='ltr' id='par_1_19' title="bbox 1964 652 3543 727">
     <span class='ocr_line' id='line_1_19' title="bbox 1964 652 3543 727; baseline -0.002 -15"><span class='ocrx_word' id='word_1_131' title='bbox 1964 673 2184 726; x_wconf 77' lang='lat' dir='ltr'><strong>scopas,</strong></span> <span class='ocrx_word' id='word_1_132' title='bbox 2219 658 2357 712; x_wconf 92' lang='lat' dir='ltr'><strong>hunc</strong></span> <span class='ocrx_word' id='word_1_133' title='bbox 2397 656 2736 727; x_wconf 78' lang='lat' dir='ltr'><strong>privilegium</strong></span> <span class='ocrx_word' id='word_1_134' title='bbox 2766 670 2916 712; x_wconf 90' lang='lat' dir='ltr'><strong>cons.</strong></span> <span class='ocrx_word' id='word_1_135' title='bbox 2969 652 3245 711; x_wconf 78' lang='lat' dir='ltr'><strong>Maurinus</strong></span> <span class='ocrx_word' id='word_1_136' title='bbox 3290 663 3543 722; x_wconf 84' lang='lat' dir='ltr'><strong>peccator</strong></span> 
     </span>
    </p>
   </div>
   <div class='ocr_carea' id='block_1_20' title="bbox 1964 745 3544 816">
    <p class='ocr_par' dir='ltr' id='par_1_20' title="bbox 1964 745 3544 816">
     <span class='ocr_line' id='line_1_20' title="bbox 1964 745 3544 816; baseline -0.002 -14"><span class='ocrx_word' id='word_1_137' title='bbox 1964 750 2110 803; x_wconf 90' lang='lat' dir='ltr'><strong>hunc</strong></span> <span class='ocrx_word' id='word_1_138' title='bbox 2133 748 2470 816; x_wconf 76' lang='lat' dir='ltr'><strong>privilegium</strong></span> <span class='ocrx_word' id='word_1_139' title='bbox 2502 764 2654 803; x_wconf 85' lang='lat' dir='ltr'><strong>cons.</strong></span> <span class='ocrx_word' id='word_1_140' title='bbox 2692 745 3059 802; x_wconf 83' lang='lat' dir='ltr'><strong>Bertlioiridus</strong></span> <span class='ocrx_word' id='word_1_141' title='bbox 3081 745 3388 816; x_wconf 83' lang='lat' dir='ltr'><strong>episcopus,</strong></span> <span class='ocrx_word' id='word_1_142' title='bbox 3419 759 3544 816; x_wconf 85' lang='lat' dir='ltr'><strong>pec-</strong></span> 
     </span>
    </p>
   </div>
   <div class='ocr_carea' id='block_1_21' title="bbox 1962 837 3546 908">
    <p class='ocr_par' dir='ltr' id='par_1_21' title="bbox 1962 837 3546 908">
     <span class='ocr_line' id='line_1_21' title="bbox 1962 837 3546 908; baseline -0.003 -14"><span class='ocrx_word' id='word_1_143' title='bbox 1962 849 2140 907; x_wconf 89' lang='lat' dir='ltr'><strong>cator,</strong></span> <span class='ocrx_word' id='word_1_144' title='bbox 2171 841 2453 896; x_wconf 84' lang='lat' dir='ltr'><strong>Ambianis</strong></span> <span class='ocrx_word' id='word_1_145' title='bbox 2484 842 2651 907; x_wconf 66' lang='lat' dir='ltr'><strong>urbis,</strong></span> <span class='ocrx_word' id='word_1_146' title='bbox 2684 854 2837 895; x_wconf 92' lang='lat' dir='ltr'><strong>cons.</strong></span> <span class='ocrx_word' id='word_1_147' title='bbox 2873 837 3032 906; x_wconf 84' lang='lat' dir='ltr'><strong>Bicgo</strong></span> <span class='ocrx_word' id='word_1_148' title='bbox 3062 846 3336 908; x_wconf 84' lang='lat' dir='ltr'><strong>peccator,</strong></span> <span class='ocrx_word' id='word_1_149' title='bbox 3367 837 3546 898; x_wconf 63' lang='lat' dir='ltr'><strong>Luxo.</strong></span> 
     </span>
    </p>
   </div>
   <div class='ocr_carea' id='block_1_22' title="bbox 1965 930 3544 1002">
    <p class='ocr_par' dir='ltr' id='par_1_22' title="bbox 1965 930 3544 1002">
     <span class='ocr_line' id='line_1_22' title="bbox 1965 930 3544 1002; baseline 0.001 -17"><span class='ocrx_word' id='word_1_150' title='bbox 1965 932 2086 1000; x_wconf 84' lang='lat' dir='ltr'><strong>gius</strong></span> <span class='ocrx_word' id='word_1_151' title='bbox 2123 933 2271 986; x_wconf 81' lang='lat' dir='ltr'><strong>urbis</strong></span> <span class='ocrx_word' id='word_1_152' title='bbox 2297 932 2604 1002; x_wconf 90' lang='lat' dir='ltr'><strong>episcopus.</strong></span> <span class='ocrx_word' id='word_1_153' title='bbox 2633 931 2691 985; x_wconf 94' lang='lat' dir='ltr'><strong>ln</strong></span> <span class='ocrx_word' id='word_1_154' title='bbox 2727 930 2926 987; x_wconf 84' lang='lat' dir='ltr'><strong>Christi</strong></span> <span class='ocrx_word' id='word_1_155' title='bbox 2954 931 3194 996; x_wconf 85' lang='lat' dir='ltr'><strong>nomine,</strong></span> <span class='ocrx_word' id='word_1_156' title='bbox 3239 930 3544 995; x_wconf 86' lang='lat' dir='ltr'><strong>Bercarius,</strong></span> 
     </span>
    </p>
   </div>
   <div class='ocr_carea' id='block_1_23' title="bbox 1963 1020 3546 1091">
    <p class='ocr_par' dir='ltr' id='par_1_23' title="bbox 1963 1020 3546 1091">
     <span class='ocr_line' id='line_1_23' title="bbox 1963 1020 3546 1091; baseline 0 -13"><span class='ocrx_word' id='word_1_157' title='bbox 1963 1023 2067 1078; x_wconf 87' lang='lat' dir='ltr'><strong>etsi</strong></span> <span class='ocrx_word' id='word_1_158' title='bbox 2099 1031 2378 1091; x_wconf 87' lang='lat' dir='ltr'><strong>peccator,</strong></span> <span class='ocrx_word' id='word_1_159' title='bbox 2406 1021 2716 1091; x_wconf 84' lang='lat' dir='ltr'><strong>episcopus.</strong></span> <span class='ocrx_word' id='word_1_160' title='bbox 2747 1021 2804 1076; x_wconf 92' lang='lat' dir='ltr'><strong>ln</strong></span> <span class='ocrx_word' id='word_1_161' title='bbox 2824 1020 3020 1075; x_wconf 90' lang='lat' dir='ltr'><strong>Christi</strong></span> <span class='ocrx_word' id='word_1_162' title='bbox 3047 1021 3284 1085; x_wconf 87' lang='lat' dir='ltr'><strong>nomine,</strong></span> <span class='ocrx_word' id='word_1_163' title='bbox 3309 1020 3546 1080; x_wconf 54' lang='lat' dir='ltr'><strong>Conces-</strong></span> 
     </span>
    </p>
   </div>
   <div class='ocr_carea' id='block_1_24' title="bbox 1963 1107 3543 1178">
    <p class='ocr_par' dir='ltr' id='par_1_24' title="bbox 1963 1107 3543 1178">
     <span class='ocr_line' id='line_1_24' title="bbox 1963 1107 3543 1178; baseline 0.003 -16"><span class='ocrx_word' id='word_1_164' title='bbox 1963 1124 2056 1163; x_wconf 91' lang='lat' dir='ltr'><strong>sus</strong></span> <span class='ocrx_word' id='word_1_165' title='bbox 2101 1118 2374 1178; x_wconf 84' lang='lat' dir='ltr'><strong>peccator,</strong></span> <span class='ocrx_word' id='word_1_166' title='bbox 2407 1111 2693 1178; x_wconf 84' lang='lat' dir='ltr'><strong>episcopus</strong></span> <span class='ocrx_word' id='word_1_167' title='bbox 2738 1107 3014 1174; x_wconf 87' lang='lat' dir='ltr'><strong>Ebrocini,</strong></span> <span class='ocrx_word' id='word_1_168' title='bbox 3044 1125 3196 1164; x_wconf 91' lang='lat' dir='ltr'><strong>cons.</strong></span> <span class='ocrx_word' id='word_1_169' title='bbox 3248 1109 3543 1168; x_wconf 87' lang='lat' dir='ltr'><strong>llecherius</strong></span> 
     </span>
    </p>
   </div>
   <div class='ocr_carea' id='block_1_25' title="bbox 1967 1199 3539 1270">
    <p class='ocr_par' dir='ltr' id='par_1_25' title="bbox 1967 1199 3539 1270">
     <span class='ocr_line' id='line_1_25' title="bbox 1967 1199 3539 1270; baseline 0.004 -16"><span class='ocrx_word' id='word_1_170' title='bbox 1967 1214 2216 1270; x_wconf 90' lang='lat' dir='ltr'><strong>peccator</strong></span> <span class='ocrx_word' id='word_1_171' title='bbox 2245 1201 2388 1254; x_wconf 93' lang='lat' dir='ltr'><strong>hunc</strong></span> <span class='ocrx_word' id='word_1_172' title='bbox 2417 1199 2750 1269; x_wconf 78' lang='lat' dir='ltr'><strong>privilegium</strong></span> <span class='ocrx_word' id='word_1_173' title='bbox 2793 1214 2943 1254; x_wconf 91' lang='lat' dir='ltr'><strong>cons.</strong></span> <span class='ocrx_word' id='word_1_174' title='bbox 2976 1200 3034 1254; x_wconf 91' lang='lat' dir='ltr'><strong>lu</strong></span> <span class='ocrx_word' id='word_1_175' title='bbox 3065 1199 3267 1258; x_wconf 78' lang='lat' dir='ltr'><strong>Christi</strong></span> <span class='ocrx_word' id='word_1_176' title='bbox 3297 1202 3539 1268; x_wconf 84' lang='lat' dir='ltr'><strong>nomine.</strong></span> 
     </span>
    </p>
   </div>
   <div class='ocr_carea' id='block_1_26' title="bbox 1966 1293 3546 1366">
    <p class='ocr_par' dir='ltr' id='par_1_26' title="bbox 1966 1293 3546 1366">
     <span class='ocr_line' id='line_1_26' title="bbox 1966 1293 3546 1366; baseline 0.003 -19"><span class='ocrx_word' id='word_1_177' title='bbox 1966 1293 2327 1358; x_wconf 83' lang='lat' dir='ltr'><strong>Montolenus,</strong></span> <span class='ocrx_word' id='word_1_178' title='bbox 2353 1309 2416 1348; x_wconf 89' lang='lat' dir='ltr'><strong>ac</strong></span> <span class='ocrx_word' id='word_1_179' title='bbox 2445 1294 2489 1349; x_wconf 88' lang='lat' dir='ltr'><strong>si</strong></span> <span class='ocrx_word' id='word_1_180' title='bbox 2519 1303 2792 1362; x_wconf 86' lang='lat' dir='ltr'><strong>peccator,</strong></span> <span class='ocrx_word' id='word_1_181' title='bbox 2823 1294 3128 1364; x_wconf 85' lang='lat' dir='ltr'><strong>episcopus,</strong></span> <span class='ocrx_word' id='word_1_182' title='bbox 3160 1294 3303 1350; x_wconf 88' lang='lat' dir='ltr'><strong>hunc</strong></span> <span class='ocrx_word' id='word_1_183' title='bbox 3325 1296 3546 1366; x_wconf 80' lang='lat' dir='ltr'><strong>privile-</strong></span> 
     </span>
    </p>
   </div>
   <div class='ocr_carea' id='block_1_27' title="bbox 1965 1385 3544 1458">
    <p class='ocr_par' dir='ltr' id='par_1_27' title="bbox 1965 1385 3544 1458">
     <span class='ocr_line' id='line_1_27' title="bbox 1965 1385 3544 1458; baseline 0.003 -20"><span class='ocrx_word' id='word_1_184' title='bbox 1965 1386 2109 1453; x_wconf 88' lang='lat' dir='ltr'><strong>giutn</strong></span> <span class='ocrx_word' id='word_1_185' title='bbox 2155 1401 2304 1440; x_wconf 85' lang='lat' dir='ltr'><strong>cons.</strong></span> <span class='ocrx_word' id='word_1_186' title='bbox 2354 1385 2663 1452; x_wconf 51' lang='lat' dir='ltr'><strong>l‘iigwaldus</strong></span> <span class='ocrx_word' id='word_1_187' title='bbox 2715 1394 2969 1455; x_wconf 90' lang='lat' dir='ltr'><strong>peccator</strong></span> <span class='ocrx_word' id='word_1_188' title='bbox 3018 1386 3161 1442; x_wconf 92' lang='lat' dir='ltr'><strong>hunc</strong></span> <span class='ocrx_word' id='word_1_189' title='bbox 3205 1388 3544 1458; x_wconf 72' lang='lat' dir='ltr'><strong>privilegium</strong></span> 
     </span>
    </p>
   </div>
   <div class='ocr_carea' id='block_1_28' title="bbox 1967 1477 3547 1548">
    <p class='ocr_par' dir='ltr' id='par_1_28' title="bbox 1967 1477 3547 1548">
     <span class='ocr_line' id='line_1_28' title="bbox 1967 1477 3547 1548; baseline 0.001 -18"><span class='ocrx_word' id='word_1_190' title='bbox 1967 1492 2118 1531; x_wconf 91' lang='lat' dir='ltr'><strong>cons.</strong></span> <span class='ocrx_word' id='word_1_191' title='bbox 2153 1477 2210 1530; x_wconf 89' lang='lat' dir='ltr'><strong>in</strong></span> <span class='ocrx_word' id='word_1_192' title='bbox 2238 1477 2437 1532; x_wconf 86' lang='lat' dir='ltr'><strong>Christi</strong></span> <span class='ocrx_word' id='word_1_193' title='bbox 2491 1478 2730 1544; x_wconf 88' lang='lat' dir='ltr'><strong>nomine,</strong></span> <span class='ocrx_word' id='word_1_194' title='bbox 2759 1477 2938 1548; x_wconf 82' lang='lat' dir='ltr'><strong>Lupus</strong></span> <span class='ocrx_word' id='word_1_195' title='bbox 2993 1478 3277 1547; x_wconf 84' lang='lat' dir='ltr'><strong>episcopus</strong></span> <span class='ocrx_word' id='word_1_196' title='bbox 3306 1493 3547 1542; x_wconf 76' lang='lat' dir='ltr'><strong>consen—</strong></span> 
     </span>
    </p>
   </div>
   <div class='ocr_carea' id='block_1_29' title="bbox 1969 1568 3550 1641">
    <p class='ocr_par' dir='ltr' id='par_1_29' title="bbox 1969 1568 3550 1641">
     <span class='ocr_line' id='line_1_29' title="bbox 1969 1568 3550 1641; baseline 0.001 -20"><span class='ocrx_word' id='word_1_197' title='bbox 1969 1569 2127 1633; x_wconf 89' lang='lat' dir='ltr'><strong>tiens,</strong></span> <span class='ocrx_word' id='word_1_198' title='bbox 2155 1569 2296 1622; x_wconf 83' lang='lat' dir='ltr'><strong>hunc</strong></span> <span class='ocrx_word' id='word_1_199' title='bbox 2321 1569 2659 1638; x_wconf 76' lang='lat' dir='ltr'><strong>privilegium</strong></span> <span class='ocrx_word' id='word_1_200' title='bbox 2681 1584 2830 1624; x_wconf 91' lang='lat' dir='ltr'><strong>cons.</strong></span> <span class='ocrx_word' id='word_1_201' title='bbox 2859 1568 3276 1628; x_wconf 38' lang='lat' dir='ltr'><strong>Caudi-mundus</strong></span> <span class='ocrx_word' id='word_1_202' title='bbox 3299 1578 3550 1641; x_wconf 78' lang='lat' dir='ltr'><strong>peccator</strong></span> 
     </span>
    </p>
   </div>
   <div class='ocr_carea' id='block_1_30' title="bbox 1967 1661 3550 1732">
    <p class='ocr_par' dir='ltr' id='par_1_30' title="bbox 1967 1661 3550 1732">
     <span class='ocr_line' id='line_1_30' title="bbox 1967 1661 3550 1732; baseline 0.001 -17"><span class='ocrx_word' id='word_1_203' title='bbox 1967 1661 2110 1718; x_wconf 88' lang='lat' dir='ltr'><strong>hunc</strong></span> <span class='ocrx_word' id='word_1_204' title='bbox 2132 1662 2842 1732; x_wconf 83' lang='lat' dir='ltr'><strong>privilegiumconsentiens.</strong></span> <span class='ocrx_word' id='word_1_205' title='bbox 2860 1661 3154 1716; x_wconf 90' lang='lat' dir='ltr'><strong>Docharius</strong></span> <span class='ocrx_word' id='word_1_206' title='bbox 3166 1671 3416 1732; x_wconf 80' lang='lat' dir='ltr'><strong>peccatur</strong></span> <span class='ocrx_word' id='word_1_207' title='bbox 3435 1676 3550 1717; x_wconf 81' lang='lat' dir='ltr'><strong>ser-</strong></span> 
     </span>
    </p>
   </div>
   <div class='ocr_carea' id='block_1_31' title="bbox 1969 1753 3548 1826">
    <p class='ocr_par' dir='ltr' id='par_1_31' title="bbox 1969 1753 3548 1826">
     <span class='ocr_line' id='line_1_31' title="bbox 1969 1753 3548 1826; baseline 0.001 -18"><span class='ocrx_word' id='word_1_208' title='bbox 1969 1755 2138 1819; x_wconf 88' lang='lat' dir='ltr'><strong>viens,</strong></span> <span class='ocrx_word' id='word_1_209' title='bbox 2168 1753 2530 1808; x_wconf 87' lang='lat' dir='ltr'><strong>consentiens.</strong></span> <span class='ocrx_word' id='word_1_210' title='bbox 2562 1754 2619 1807; x_wconf 82' lang='lat' dir='ltr'><strong>lu</strong></span> <span class='ocrx_word' id='word_1_211' title='bbox 2649 1754 2848 1808; x_wconf 78' lang='lat' dir='ltr'><strong>Christi</strong></span> <span class='ocrx_word' id='word_1_212' title='bbox 2878 1755 3116 1818; x_wconf 87' lang='lat' dir='ltr'><strong>nomine,</strong></span> <span class='ocrx_word' id='word_1_213' title='bbox 3135 1755 3461 1826; x_wconf 72' lang='lat' dir='ltr'><strong>Cyroindus,</strong></span> <span class='ocrx_word' id='word_1_214' title='bbox 3487 1771 3548 1810; x_wconf 90' lang='lat' dir='ltr'><strong>ac</strong></span> 
     </span>
    </p>
   </div>
   <div class='ocr_carea' id='block_1_32' title="bbox 1970 1847 3548 1918">
    <p class='ocr_par' dir='ltr' id='par_1_32' title="bbox 1970 1847 3548 1918">
     <span class='ocr_line' id='line_1_32' title="bbox 1970 1847 3548 1918; baseline 0.001 -15"><span class='ocrx_word' id='word_1_215' title='bbox 1970 1850 2014 1903; x_wconf 90' lang='lat' dir='ltr'><strong>si</strong></span> <span class='ocrx_word' id='word_1_216' title='bbox 2049 1857 2322 1918; x_wconf 87' lang='lat' dir='ltr'><strong>peccator,</strong></span> <span class='ocrx_word' id='word_1_217' title='bbox 2353 1849 2715 1904; x_wconf 88' lang='lat' dir='ltr'><strong>consentiens.</strong></span> <span class='ocrx_word' id='word_1_218' title='bbox 2750 1848 2806 1902; x_wconf 81' lang='lat' dir='ltr'><strong>in</strong></span> <span class='ocrx_word' id='word_1_219' title='bbox 2839 1847 3037 1904; x_wconf 80' lang='lat' dir='ltr'><strong>Christi</strong></span> <span class='ocrx_word' id='word_1_220' title='bbox 3069 1849 3304 1913; x_wconf 87' lang='lat' dir='ltr'><strong>nomine,</strong></span> <span class='ocrx_word' id='word_1_221' title='bbox 3335 1850 3548 1917; x_wconf 89' lang='lat' dir='ltr'><strong>Drusio,</strong></span> 
     </span>
    </p>
   </div>
   <div class='ocr_carea' id='block_1_33' title="bbox 287 1922 3549 2014">
    <p class='ocr_par' dir='ltr' id='par_1_33' title="bbox 287 1922 3549 2014">
     <span class='ocr_line' id='line_1_33' title="bbox 287 1922 3549 2014; baseline -0.001 -13"><span class='ocrx_word' id='word_1_222' title='bbox 287 1947 588 2002; x_wconf 84' lang='lat' dir='ltr'><strong>secundum</strong></span> <span class='ocrx_word' id='word_1_223' title='bbox 622 1945 859 2014; x_wconf 78' lang='lat' dir='ltr'><strong>regulam</strong></span> <span class='ocrx_word' id='word_1_224' title='bbox 889 1944 1056 2011; x_wconf 82' lang='lat' dir='ltr'><strong>ipsius</strong></span> <span class='ocrx_word' id='word_1_225' title='bbox 1088 1943 1271 1996; x_wconf 90' lang='lat' dir='ltr'><strong>donmi</strong></span> <span class='ocrx_word' id='word_1_226' title='bbox 1304 1941 1579 1994; x_wconf 69' lang='lat' dir='ltr'><strong>Benedicti</strong></span> <span class='ocrx_word' id='word_1_227' title='bbox 1608 1948 1662 1993; x_wconf 90' lang='lat' dir='ltr'><strong>et</strong></span> <span class='ocrx_word' id='word_1_228' title='bbox 1690 1939 1867 1994; x_wconf 87' lang='lat' dir='ltr'><strong>sancti</strong></span> <span class='ocrx_word' id='word_1_229' title='bbox 1899 1922 1943 1984; x_wconf 76' lang='grc' dir='ltr'><strong>Β</strong></span> <span class='ocrx_word' id='word_1_230' title='bbox 1971 1957 2036 1996; x_wconf 89' lang='lat' dir='ltr'><strong>ac</strong></span> <span class='ocrx_word' id='word_1_231' title='bbox 2064 1941 2107 1995; x_wconf 92' lang='lat' dir='ltr'><strong>si</strong></span> <span class='ocrx_word' id='word_1_232' title='bbox 2135 1949 2405 2010; x_wconf 88' lang='lat' dir='ltr'><strong>peccator,</strong></span> <span class='ocrx_word' id='word_1_233' title='bbox 2439 1942 2580 1996; x_wconf 92' lang='lat' dir='ltr'><strong>httnc</strong></span> <span class='ocrx_word' id='word_1_234' title='bbox 2603 1942 2936 2012; x_wconf 71' lang='lat' dir='ltr'><strong>privilegium</strong></span> <span class='ocrx_word' id='word_1_235' title='bbox 2958 1957 3108 1998; x_wconf 75' lang='lat' dir='ltr'><strong>cons.</strong></span> <span class='ocrx_word' id='word_1_236' title='bbox 3139 1940 3196 1997; x_wconf 91' lang='lat' dir='ltr'><strong>ln</strong></span> <span class='ocrx_word' id='word_1_237' title='bbox 3227 1940 3422 1998; x_wconf 87' lang='lat' dir='ltr'><strong>Christi</strong></span> <span class='ocrx_word' id='word_1_238' title='bbox 3451 1960 3549 1998; x_wconf 84' lang='lat' dir='ltr'><strong>no-</strong></span> 
     </span>
    </p>
   </div>
   <div class='ocr_carea' id='block_1_34' title="bbox 286 2032 1868 2100">
    <p class='ocr_par' dir='ltr' id='par_1_34' title="bbox 286 2032 1868 2100">
     <span class='ocr_line' id='line_1_34' title="bbox 286 2032 1868 2100; baseline -0.006 -5"><span class='ocrx_word' id='word_1_239' title='bbox 286 2038 610 2095; x_wconf 89' lang='lat' dir='ltr'><strong>Columbani</strong></span> <span class='ocrx_word' id='word_1_240' title='bbox 643 2037 710 2091; x_wconf 88' lang='lat' dir='ltr'><strong>ab</strong></span> <span class='ocrx_word' id='word_1_241' title='bbox 740 2051 926 2090; x_wconf 84' lang='lat' dir='ltr'><strong>eorum</strong></span> <span class='ocrx_word' id='word_1_242' title='bbox 960 2035 1176 2095; x_wconf 83' lang='lat' dir='ltr'><strong>abbate,</strong></span> <span class='ocrx_word' id='word_1_243' title='bbox 1208 2042 1301 2084; x_wconf 89' lang='lat' dir='ltr'><strong>aut</strong></span> <span class='ocrx_word' id='word_1_244' title='bbox 1323 2032 1366 2085; x_wconf 90' lang='lat' dir='ltr'><strong>si</strong></span> <span class='ocrx_word' id='word_1_245' title='bbox 1398 2032 1510 2100; x_wconf 86' lang='lat' dir='ltr'><strong>ipse</strong></span> <span class='ocrx_word' id='word_1_246' title='bbox 1549 2033 1868 2099; x_wconf 77' lang='lat' dir='ltr'><strong>neglexerit,</strong></span> 
     </span>
    </p>
   </div>
   <div class='ocr_carea' id='block_1_35' title="bbox 288 2122 1868 2197">
    <p class='ocr_par' dir='ltr' id='par_1_35' title="bbox 288 2122 1868 2197">
     <span class='ocr_line' id='line_1_35' title="bbox 288 2122 1868 2197; baseline -0.006 -12"><span class='ocrx_word' id='word_1_247' title='bbox 288 2131 358 2185; x_wconf 89' lang='lat' dir='ltr'><strong>ab</strong></span> <span class='ocrx_word' id='word_1_248' title='bbox 391 2130 521 2197; x_wconf 83' lang='lat' dir='ltr'><strong>ipsis</strong></span> <span class='ocrx_word' id='word_1_249' title='bbox 564 2127 850 2182; x_wconf 82' lang='lat' dir='ltr'><strong>abbatibus</strong></span> <span class='ocrx_word' id='word_1_250' title='bbox 876 2125 966 2194; x_wconf 91' lang='lat' dir='ltr'><strong>qui</strong></span> <span class='ocrx_word' id='word_1_251' title='bbox 1013 2123 1330 2191; x_wconf 80' lang='lat' dir='ltr'><strong>regulariter</strong></span> <span class='ocrx_word' id='word_1_252' title='bbox 1357 2123 1564 2189; x_wconf 89' lang='lat' dir='ltr'><strong>vivunt,</strong></span> <span class='ocrx_word' id='word_1_253' title='bbox 1596 2122 1868 2191; x_wconf 86' lang='lat' dir='ltr'><strong>corrigan-</strong></span> 
     </span>
    </p>
   </div>
   <div class='ocr_carea' id='block_1_36' title="bbox 295 2217 1870 2290">
    <p class='ocr_par' dir='ltr' id='par_1_36' title="bbox 295 2217 1870 2290">
     <span class='ocr_line' id='line_1_36' title="bbox 295 2217 1870 2290; baseline -0.004 -14"><span class='ocrx_word' id='word_1_254' title='bbox 295 2231 426 2282; x_wconf 87' lang='lat' dir='ltr'><strong>tur;</strong></span> <span class='ocrx_word' id='word_1_255' title='bbox 462 2233 516 2274; x_wconf 91' lang='lat' dir='ltr'><strong>et</strong></span> <span class='ocrx_word' id='word_1_256' title='bbox 568 2223 681 2290; x_wconf 88' lang='lat' dir='ltr'><strong>ipsa</strong></span> <span class='ocrx_word' id='word_1_257' title='bbox 733 2221 1058 2287; x_wconf 70' lang='lat' dir='ltr'><strong>integritate,</strong></span> <span class='ocrx_word' id='word_1_258' title='bbox 1105 2220 1212 2271; x_wconf 86' lang='lat' dir='ltr'><strong>Deo</strong></span> <span class='ocrx_word' id='word_1_259' title='bbox 1242 2217 1548 2285; x_wconf 86' lang='lat' dir='ltr'><strong>adjuvantc,</strong></span> <span class='ocrx_word' id='word_1_260' title='bbox 1583 2228 1825 2272; x_wconf 90' lang='lat' dir='ltr'><strong>servetur</strong></span> <span class='ocrx_word' id='word_1_261' title='bbox 1855 2236 1870 2282; x_wconf 90' lang='lat'><strong>;</strong></span> 
     </span>
    </p>
   </div>
   <div class='ocr_carea' id='block_1_37' title="bbox 297 2309 1870 2378">
    <p class='ocr_par' dir='ltr' id='par_1_37' title="bbox 297 2309 1870 2378">
     <span class='ocr_line' id='line_1_37' title="bbox 297 2309 1870 2378; baseline -0.002 -11"><span class='ocrx_word' id='word_1_262' title='bbox 297 2321 355 2367; x_wconf 91' lang='lat' dir='ltr'><strong>et</strong></span> <span class='ocrx_word' id='word_1_263' title='bbox 395 2315 494 2365; x_wconf 85' lang='lat' dir='ltr'><strong>sub</strong></span> <span class='ocrx_word' id='word_1_264' title='bbox 524 2326 609 2374; x_wconf 90' lang='lat' dir='ltr'><strong>eo,</strong></span> <span class='ocrx_word' id='word_1_265' title='bbox 639 2319 696 2364; x_wconf 91' lang='lat' dir='ltr'><strong>ut</strong></span> <span class='ocrx_word' id='word_1_266' title='bbox 735 2310 984 2374; x_wconf 73' lang='lat' dir='ltr'><strong>diximus,</strong></span> <span class='ocrx_word' id='word_1_267' title='bbox 1025 2310 1379 2378; x_wconf 77' lang='lat' dir='ltr'><strong>privilegium,</strong></span> <span class='ocrx_word' id='word_1_268' title='bbox 1412 2323 1583 2378; x_wconf 89' lang='lat' dir='ltr'><strong>eaque</strong></span> <span class='ocrx_word' id='word_1_269' title='bbox 1623 2309 1870 2364; x_wconf 77' lang='lat' dir='ltr'><strong>libertate</strong></span> 
     </span>
    </p>
   </div>
   <div class='ocr_carea' id='block_1_38' title="bbox 295 2402 1874 2472">
    <p class='ocr_par' dir='ltr' id='par_1_38' title="bbox 295 2402 1874 2472">
     <span class='ocr_line' id='line_1_38' title="bbox 295 2402 1874 2472; baseline 0.001 -17"><span class='ocrx_word' id='word_1_270' title='bbox 295 2420 406 2472; x_wconf 87' lang='lat' dir='ltr'><strong>qua</strong></span> <span class='ocrx_word' id='word_1_271' title='bbox 453 2403 725 2457; x_wconf 88' lang='lat' dir='ltr'><strong>antedicta</strong></span> <span class='ocrx_word' id='word_1_272' title='bbox 779 2402 1105 2456; x_wconf 89' lang='lat' dir='ltr'><strong>monasteria</strong></span> <span class='ocrx_word' id='word_1_273' title='bbox 1182 2403 1457 2456; x_wconf 87' lang='lat' dir='ltr'><strong>monachis</strong></span> <span class='ocrx_word' id='word_1_274' title='bbox 1544 2405 1760 2465; x_wconf 87' lang='lat' dir='ltr'><strong>nostris,</strong></span> <span class='ocrx_word' id='word_1_275' title='bbox 1818 2414 1874 2456; x_wconf 92' lang='lat' dir='ltr'><strong>ut</strong></span> 
     </span>
    </p>
   </div>
   <div class='ocr_carea' id='block_1_39' title="bbox 289 2492 1867 2560">
    <p class='ocr_par' dir='ltr' id='par_1_39' title="bbox 289 2492 1867 2560">
     <span class='ocr_line' id='line_1_39' title="bbox 289 2492 1867 2560; baseline -0.002 -13"><span class='ocrx_word' id='word_1_276' title='bbox 289 2494 499 2547; x_wconf 87' lang='lat' dir='ltr'><strong>dictum</strong></span> <span class='ocrx_word' id='word_1_277' title='bbox 571 2501 672 2557; x_wconf 90' lang='lat' dir='ltr'><strong>est,</strong></span> <span class='ocrx_word' id='word_1_278' title='bbox 748 2492 1049 2559; x_wconf 78' lang='lat' dir='ltr'><strong>futurisque</strong></span> <span class='ocrx_word' id='word_1_279' title='bbox 1137 2495 1466 2560; x_wconf 87' lang='lat' dir='ltr'><strong>temporibus</strong></span> <span class='ocrx_word' id='word_1_280' title='bbox 1555 2495 1867 2546; x_wconf 85' lang='lat' dir='ltr'><strong>subsistant.</strong></span> 
     </span>
    </p>
   </div>
   <div class='ocr_carea' id='block_1_40' title="bbox 302 2583 1866 2654">
    <p class='ocr_par' dir='ltr' id='par_1_40' title="bbox 302 2583 1866 2654">
     <span class='ocr_line' id='line_1_40' title="bbox 302 2583 1866 2654; baseline -0.001 -16"><span class='ocrx_word' id='word_1_281' title='bbox 302 2586 373 2640; x_wconf 67' lang='lat' dir='ltr'><strong>lit</strong></span> <span class='ocrx_word' id='word_1_282' title='bbox 428 2585 552 2654; x_wconf 89' lang='lat' dir='ltr'><strong>quia</strong></span> <span class='ocrx_word' id='word_1_283' title='bbox 598 2585 729 2638; x_wconf 77' lang='lat' dir='ltr'><strong>nihil</strong></span> <span class='ocrx_word' id='word_1_284' title='bbox 784 2585 848 2638; x_wconf 90' lang='lat' dir='ltr'><strong>de</strong></span> <span class='ocrx_word' id='word_1_285' title='bbox 903 2583 1159 2638; x_wconf 85' lang='lat' dir='ltr'><strong>canonica</strong></span> <span class='ocrx_word' id='word_1_286' title='bbox 1212 2585 1532 2638; x_wconf 87' lang='lat' dir='ltr'><strong>auctoritate</strong></span> <span class='ocrx_word' id='word_1_287' title='bbox 1601 2587 1866 2639; x_wconf 81' lang='lat' dir='ltr'><strong>convelle-</strong></span> 
     </span>
    </p>
   </div>
   <div class='ocr_carea' id='block_1_41' title="bbox 292 2676 1872 2746">
    <p class='ocr_par' dir='ltr' id='par_1_41' title="bbox 292 2676 1872 2746">
     <span class='ocr_line' id='line_1_41' title="bbox 292 2676 1872 2746; baseline -0.002 -13"><span class='ocrx_word' id='word_1_288' title='bbox 292 2689 406 2743; x_wconf 91' lang='lat' dir='ltr'><strong>tur,</strong></span> <span class='ocrx_word' id='word_1_289' title='bbox 466 2676 722 2746; x_wconf 80' lang='lat' dir='ltr'><strong>quidquid</strong></span> <span class='ocrx_word' id='word_1_290' title='bbox 781 2692 810 2729; x_wconf 89' lang='lat' dir='ltr'><strong>a</strong></span> <span class='ocrx_word' id='word_1_291' title='bbox 886 2676 1193 2730; x_wconf 82' lang='lat' dir='ltr'><strong>domesticis</strong></span> <span class='ocrx_word' id='word_1_292' title='bbox 1259 2676 1378 2730; x_wconf 82' lang='lat' dir='ltr'><strong>lidei</strong></span> <span class='ocrx_word' id='word_1_293' title='bbox 1434 2677 1872 2745; x_wconf 81' lang='lat' dir='ltr'><strong>tranquillitatem</strong></span> 
     </span>
    </p>
   </div>
   <div class='ocr_carea' id='block_1_42' title="bbox 289 2766 1874 2841">
    <p class='ocr_par' dir='ltr' id='par_1_42' title="bbox 289 2766 1874 2841">
     <span class='ocr_line' id='line_1_42' title="bbox 289 2766 1874 2841; baseline -0.002 -17"><span class='ocrx_word' id='word_1_294' title='bbox 289 2773 444 2841; x_wconf 89' lang='lat' dir='ltr'><strong>pacis</strong></span> <span class='ocrx_word' id='word_1_295' title='bbox 479 2770 757 2822; x_wconf 86' lang='lat' dir='ltr'><strong>tribuetur.</strong></span> <span class='ocrx_word' id='word_1_296' title='bbox 792 2767 944 2832; x_wconf 75' lang='lat' dir='ltr'><strong>Quod</strong></span> <span class='ocrx_word' id='word_1_297' title='bbox 988 2768 1031 2820; x_wconf 89' lang='lat' dir='ltr'><strong>si</strong></span> <span class='ocrx_word' id='word_1_298' title='bbox 1061 2769 1198 2834; x_wconf 84' lang='lat' dir='ltr'><strong>quis,</strong></span> <span class='ocrx_word' id='word_1_299' title='bbox 1233 2766 1524 2821; x_wconf 88' lang='lat' dir='ltr'><strong>calliditate</strong></span> <span class='ocrx_word' id='word_1_300' title='bbox 1552 2776 1644 2820; x_wconf 89' lang='lat' dir='ltr'><strong>aut</strong></span> <span class='ocrx_word' id='word_1_301' title='bbox 1671 2769 1874 2836; x_wconf 81' lang='lat' dir='ltr'><strong>cupidi-</strong></span> 
     </span>
    </p>
   </div>
   <div class='ocr_carea' id='block_1_43' title="bbox 299 2859 1876 2930">
    <p class='ocr_par' dir='ltr' id='par_1_43' title="bbox 299 2859 1876 2930">
     <span class='ocr_line' id='line_1_43' title="bbox 299 2859 1876 2930; baseline -0.002 -14"><span class='ocrx_word' id='word_1_302' title='bbox 299 2871 417 2916; x_wconf 89' lang='lat' dir='ltr'><strong>tate</strong></span> <span class='ocrx_word' id='word_1_303' title='bbox 449 2870 770 2930; x_wconf 72' lang='lat' dir='ltr'><strong>pimventus,</strong></span> <span class='ocrx_word' id='word_1_304' title='bbox 803 2859 948 2912; x_wconf 89' lang='lat' dir='ltr'><strong>visus</strong></span> <span class='ocrx_word' id='word_1_305' title='bbox 1006 2859 1162 2912; x_wconf 70' lang='lat' dir='ltr'><strong>fuerit</strong></span> <span class='ocrx_word' id='word_1_306' title='bbox 1193 2873 1254 2911; x_wconf 87' lang='lat' dir='ltr'><strong>ea</strong></span> <span class='ocrx_word' id='word_1_307' title='bbox 1307 2875 1422 2928; x_wconf 79' lang='lat' dir='ltr'><strong>qua:</strong></span> <span class='ocrx_word' id='word_1_308' title='bbox 1469 2868 1593 2912; x_wconf 87' lang='lat' dir='ltr'><strong>sunt</strong></span> <span class='ocrx_word' id='word_1_309' title='bbox 1635 2861 1876 2928; x_wconf 86' lang='lat' dir='ltr'><strong>superius</strong></span> 
     </span>
    </p>
   </div>
   <div class='ocr_carea' id='block_1_44' title="bbox 291 2951 1874 3022">
    <p class='ocr_par' dir='ltr' id='par_1_44' title="bbox 291 2951 1874 3022">
     <span class='ocr_line' id='line_1_44' title="bbox 291 2951 1874 3022; baseline -0.003 -12"><span class='ocrx_word' id='word_1_310' title='bbox 291 2956 711 3022; x_wconf 81' lang='lat' dir='ltr'><strong>comprehensa.</strong></span> <span class='ocrx_word' id='word_1_311' title='bbox 756 2952 1042 3007; x_wconf 86' lang='lat' dir='ltr'><strong>temerario</strong></span> <span class='ocrx_word' id='word_1_312' title='bbox 1097 2951 1286 3020; x_wconf 84' lang='lat' dir='ltr'><strong>spiritu</strong></span> <span class='ocrx_word' id='word_1_313' title='bbox 1327 2952 1548 3016; x_wconf 89' lang='lat' dir='ltr'><strong>violare,</strong></span> <span class='ocrx_word' id='word_1_314' title='bbox 1598 2967 1797 3004; x_wconf 86' lang='lat' dir='ltr'><strong>annum</strong></span> <span class='ocrx_word' id='word_1_315' title='bbox 1844 2968 1874 3006; x_wconf 88' lang='lat' dir='ltr'><strong>a</strong></span> 
     </span>
    </p>
   </div>
   <div class='ocr_carea' id='block_1_45' title="bbox 289 3043 1870 3110">
    <p class='ocr_par' dir='ltr' id='par_1_45' title="bbox 289 3043 1870 3110">
     <span class='ocr_line' id='line_1_45' title="bbox 289 3043 1870 3110; baseline -0.002 -9"><span class='ocrx_word' id='word_1_316' title='bbox 289 3047 677 3101; x_wconf 80' lang='lat' dir='ltr'><strong>communione</strong></span> <span class='ocrx_word' id='word_1_317' title='bbox 715 3045 952 3097; x_wconf 90' lang='lat' dir='ltr'><strong>onmium</strong></span> <span class='ocrx_word' id='word_1_318' title='bbox 1009 3044 1233 3096; x_wconf 88' lang='lat' dir='ltr'><strong>l&#39;ratrum</strong></span> <span class='ocrx_word' id='word_1_319' title='bbox 1262 3058 1320 3096; x_wconf 91' lang='lat' dir='ltr'><strong>se</strong></span> <span class='ocrx_word' id='word_1_320' title='bbox 1369 3043 1580 3097; x_wconf 90' lang='lat' dir='ltr'><strong>noverit</strong></span> <span class='ocrx_word' id='word_1_321' title='bbox 1610 3043 1870 3110; x_wconf 88' lang='lat' dir='ltr'><strong>alienum,</strong></span> 
     </span>
    </p>
   </div>
   <div class='ocr_carea' id='block_1_46' title="bbox 290 3133 1872 3204">
    <p class='ocr_par' dir='ltr' id='par_1_46' title="bbox 290 3133 1872 3204">
     <span class='ocr_line' id='line_1_46' title="bbox 290 3133 1872 3204; baseline -0.004 -12"><span class='ocrx_word' id='word_1_322' title='bbox 290 3149 349 3192; x_wconf 92' lang='lat' dir='ltr'><strong>et</strong></span> <span class='ocrx_word' id='word_1_323' title='bbox 381 3137 727 3191; x_wconf 87' lang='lat' dir='ltr'><strong>nihilominus</strong></span> <span class='ocrx_word' id='word_1_324' title='bbox 757 3136 860 3189; x_wconf 88' lang='lat' dir='ltr'><strong>hoc</strong></span> <span class='ocrx_word' id='word_1_325' title='bbox 891 3134 1251 3203; x_wconf 82' lang='lat' dir='ltr'><strong>privilegium,</strong></span> <span class='ocrx_word' id='word_1_326' title='bbox 1283 3133 1497 3188; x_wconf 85' lang='lat' dir='ltr'><strong>Christo</strong></span> <span class='ocrx_word' id='word_1_327' title='bbox 1531 3145 1872 3204; x_wconf 69' lang='lat' dir='ltr'><strong>protegente,</strong></span> 
     </span>
    </p>
   </div>
   <div class='ocr_carea' id='block_1_47' title="bbox 290 3213 1873 3296">
    <p class='ocr_par' dir='ltr' id='par_1_47' title="bbox 290 3213 1873 3296">
     <span class='ocr_line' id='line_1_47' title="bbox 290 3213 1873 3296; baseline 0.002 -17"><span class='ocrx_word' id='word_1_328' title='bbox 290 3237 522 3296; x_wconf 80' lang='lat' dir='ltr'><strong>perpete</strong></span> <span class='ocrx_word' id='word_1_329' title='bbox 554 3237 768 3281; x_wconf 83' lang='lat' dir='ltr'><strong>maneat</strong></span> <span class='ocrx_word' id='word_1_330' title='bbox 801 3227 1187 3293; x_wconf 86' lang='lat' dir='ltr'><strong>incorruptum.</strong></span> <span class='ocrx_word' id='word_1_331' title='bbox 1225 3224 1396 3290; x_wconf 82' lang='lat' dir='ltr'><strong>Quam</strong></span> <span class='ocrx_word' id='word_1_332' title='bbox 1428 3227 1588 3280; x_wconf 87' lang='lat' dir='ltr'><strong>etiam</strong></span> <span class='ocrx_word' id='word_1_333' title='bbox 1615 3213 1873 3283; x_wconf 83' lang='lat' dir='ltr'><strong>constitu-</strong></span> 
     </span>
    </p>
   </div>
   <div class='ocr_carea' id='block_1_48' title="bbox 295 3317 1873 3374">
    <p class='ocr_par' dir='ltr' id='par_1_48' title="bbox 295 3317 1873 3374">
     <span class='ocr_line' id='line_1_48' title="bbox 295 3317 1873 3374; baseline 0.001 -2"><span class='ocrx_word' id='word_1_334' title='bbox 295 3320 460 3373; x_wconf 86' lang='lat' dir='ltr'><strong>tionis</strong></span> <span class='ocrx_word' id='word_1_335' title='bbox 507 3329 704 3372; x_wconf 70' lang='lat' dir='ltr'><strong>nostrte</strong></span> <span class='ocrx_word' id='word_1_336' title='bbox 752 3317 1119 3371; x_wconf 86' lang='lat' dir='ltr'><strong>deiinitionem</strong></span> <span class='ocrx_word' id='word_1_337' title='bbox 1170 3333 1356 3371; x_wconf 85' lang='lat' dir='ltr'><strong>manus</strong></span> <span class='ocrx_word' id='word_1_338' title='bbox 1409 3327 1607 3372; x_wconf 81' lang='lat' dir='ltr'><strong>nostrae</strong></span> <span class='ocrx_word' id='word_1_339' title='bbox 1637 3321 1873 3374; x_wconf 91' lang='lat' dir='ltr'><strong>subscri-</strong></span> 
     </span>
    </p>
   </div>
   <div class='ocr_carea' id='block_1_49' title="bbox 293 3409 1877 3480">
    <p class='ocr_par' dir='ltr' id='par_1_49' title="bbox 293 3409 1877 3480">
     <span class='ocr_line' id='line_1_49' title="bbox 293 3409 1877 3480; baseline -0.001 -17"><span class='ocrx_word' id='word_1_340' title='bbox 293 3411 570 3480; x_wconf 87' lang='lat' dir='ltr'><strong>ptionibus</strong></span> <span class='ocrx_word' id='word_1_341' title='bbox 631 3411 959 3470; x_wconf 82' lang='lat' dir='ltr'><strong>roboratam,</strong></span> <span class='ocrx_word' id='word_1_342' title='bbox 991 3422 1088 3477; x_wconf 86' lang='lat' dir='ltr'><strong>per</strong></span> <span class='ocrx_word' id='word_1_343' title='bbox 1120 3409 1314 3463; x_wconf 76' lang='lat' dir='ltr'><strong>fratres</strong></span> <span class='ocrx_word' id='word_1_344' title='bbox 1355 3418 1409 3461; x_wconf 90' lang='lat' dir='ltr'><strong>et</strong></span> <span class='ocrx_word' id='word_1_345' title='bbox 1439 3425 1729 3464; x_wconf 86' lang='lat' dir='ltr'><strong>conservos</strong></span> <span class='ocrx_word' id='word_1_346' title='bbox 1781 3427 1877 3463; x_wconf 88' lang='lat' dir='ltr'><strong>no-</strong></span> 
     </span>
    </p>
   </div>
   <div class='ocr_carea' id='block_1_50' title="bbox 295 3498 1879 3568">
    <p class='ocr_par' dir='ltr' id='par_1_50' title="bbox 295 3498 1879 3568">
     <span class='ocr_line' id='line_1_50' title="bbox 295 3498 1879 3568; baseline 0 -13"><span class='ocrx_word' id='word_1_347' title='bbox 295 3511 442 3556; x_wconf 85' lang='lat' dir='ltr'><strong>stros</strong></span> <span class='ocrx_word' id='word_1_348' title='bbox 493 3501 736 3563; x_wconf 85' lang='lat' dir='ltr'><strong>abhates,</strong></span> <span class='ocrx_word' id='word_1_349' title='bbox 784 3498 1055 3568; x_wconf 88' lang='lat' dir='ltr'><strong>perpetuis</strong></span> <span class='ocrx_word' id='word_1_350' title='bbox 1111 3500 1441 3565; x_wconf 83' lang='lat' dir='ltr'><strong>temporibus</strong></span> <span class='ocrx_word' id='word_1_351' title='bbox 1489 3500 1790 3566; x_wconf 85' lang='lat' dir='ltr'><strong>valituram,</strong></span> <span class='ocrx_word' id='word_1_352' title='bbox 1822 3509 1879 3555; x_wconf 90' lang='lat' dir='ltr'><strong>ut</strong></span> 
     </span>
    </p>
   </div>
   <div class='ocr_carea' id='block_1_51' title="bbox 299 3590 1878 3662">
    <p class='ocr_par' dir='ltr' id='par_1_51' title="bbox 299 3590 1878 3662">
     <span class='ocr_line' id='line_1_51' title="bbox 299 3590 1878 3662; baseline -0.001 -15"><span class='ocrx_word' id='word_1_353' title='bbox 299 3593 584 3647; x_wconf 86' lang='lat' dir='ltr'><strong>robustior</strong></span> <span class='ocrx_word' id='word_1_354' title='bbox 614 3601 828 3644; x_wconf 89' lang='lat' dir='ltr'><strong>maneat</strong></span> <span class='ocrx_word' id='word_1_355' title='bbox 855 3591 1004 3643; x_wconf 85' lang='lat' dir='ltr'><strong>vobis</strong></span> <span class='ocrx_word' id='word_1_356' title='bbox 1031 3590 1113 3643; x_wconf 89' lang='lat' dir='ltr'><strong>vel</strong></span> <span class='ocrx_word' id='word_1_357' title='bbox 1155 3592 1364 3644; x_wconf 69' lang='lat' dir='ltr'><strong>caeteris</strong></span> <span class='ocrx_word' id='word_1_358' title='bbox 1389 3590 1773 3662; x_wconf 83' lang='lat' dir='ltr'><strong>destinavimus</strong></span> <span class='ocrx_word' id='word_1_359' title='bbox 1799 3595 1878 3646; x_wconf 89' lang='lat' dir='ltr'><strong>in-</strong></span> 
     </span>
    </p>
   </div>
   <div class='ocr_carea' id='block_1_52' title="bbox 295 3680 1875 3752">
    <p class='ocr_par' dir='ltr' id='par_1_52' title="bbox 295 3680 1875 3752">
     <span class='ocr_line' id='line_1_52' title="bbox 295 3680 1875 3752; baseline 0.001 -13"><span class='ocrx_word' id='word_1_360' title='bbox 295 3697 464 3752; x_wconf 91' lang='lat' dir='ltr'><strong>super</strong></span> <span class='ocrx_word' id='word_1_361' title='bbox 494 3680 944 3747; x_wconf 78' lang='lat' dir='ltr'><strong>conﬁrmandam,</strong></span> <span class='ocrx_word' id='word_1_362' title='bbox 996 3681 1345 3751; x_wconf 78' lang='lat' dir='ltr'><strong>stipulatione</strong></span> <span class='ocrx_word' id='word_1_363' title='bbox 1387 3686 1643 3739; x_wconf 86' lang='lat' dir='ltr'><strong>subnexa.</strong></span> <span class='ocrx_word' id='word_1_364' title='bbox 1687 3686 1875 3740; x_wconf 85' lang='lat' dir='ltr'><strong>Actum</strong></span> 
     </span>
    </p>
   </div>
   <div class='ocr_carea' id='block_1_53' title="bbox 299 3771 1875 3843">
    <p class='ocr_par' dir='ltr' id='par_1_53' title="bbox 299 3771 1875 3843">
     <span class='ocr_line' id='line_1_53' title="bbox 299 3771 1875 3843; baseline 0 -14"><span class='ocrx_word' id='word_1_365' title='bbox 299 3774 633 3837; x_wconf 74' lang='lat' dir='ltr'><strong>Mausolaeo,</strong></span> <span class='ocrx_word' id='word_1_366' title='bbox 659 3780 810 3827; x_wconf 84' lang='lat' dir='ltr'><strong>curto</strong></span> <span class='ocrx_word' id='word_1_367' title='bbox 835 3771 1130 3838; x_wconf 88' lang='lat' dir='ltr'><strong>dominica,</strong></span> <span class='ocrx_word' id='word_1_368' title='bbox 1162 3788 1302 3827; x_wconf 86' lang='lat' dir='ltr'><strong>anno</strong></span> <span class='ocrx_word' id='word_1_369' title='bbox 1328 3773 1483 3828; x_wconf 90' lang='lat' dir='ltr'><strong>tertio</strong></span> <span class='ocrx_word' id='word_1_370' title='bbox 1506 3774 1652 3843; x_wconf 88' lang='lat' dir='ltr'><strong>regni</strong></span> <span class='ocrx_word' id='word_1_371' title='bbox 1676 3776 1875 3829; x_wconf 79' lang='lat' dir='ltr'><strong>domini</strong></span> 
     </span>
    </p>
   </div>
   <div class='ocr_carea' id='block_1_54' title="bbox 300 3861 1876 3933">
    <p class='ocr_par' dir='ltr' id='par_1_54' title="bbox 300 3861 1876 3933">
     <span class='ocr_line' id='line_1_54' title="bbox 300 3861 1876 3933; baseline 0.003 -13"><span class='ocrx_word' id='word_1_372' title='bbox 300 3865 471 3920; x_wconf 87' lang='lat' dir='ltr'><strong>nostri</strong></span> <span class='ocrx_word' id='word_1_373' title='bbox 517 3863 776 3918; x_wconf 88' lang='lat' dir='ltr'><strong>Clotharii</strong></span> <span class='ocrx_word' id='word_1_374' title='bbox 821 3864 979 3930; x_wconf 87' lang='lat' dir='ltr'><strong>regis.</strong></span> <span class='ocrx_word' id='word_1_375' title='bbox 1044 3861 1233 3920; x_wconf 83' lang='lat' dir='ltr'><strong>Etnnio</strong></span> <span class='ocrx_word' id='word_1_376' title='bbox 1282 3864 1585 3933; x_wconf 85' lang='lat' dir='ltr'><strong>cpiscopus.</strong></span> <span class='ocrx_word' id='word_1_377' title='bbox 1643 3866 1876 3922; x_wconf 67' lang='lat' dir='ltr'><strong>Joannes</strong></span> 
     </span>
    </p>
   </div>
   <div class='ocr_carea' id='block_1_55' title="bbox 294 3961 1876 4034">
    <p class='ocr_par' dir='ltr' id='par_1_55' title="bbox 294 3961 1876 4034">
     <span class='ocr_line' id='line_1_55' title="bbox 294 3961 1876 4034; baseline 0 -16"><span class='ocrx_word' id='word_1_378' title='bbox 294 3973 554 4034; x_wconf 88' lang='lat' dir='ltr'><strong>peccator</strong></span> <span class='ocrx_word' id='word_1_379' title='bbox 610 3963 710 4017; x_wconf 90' lang='lat' dir='ltr'><strong>hoc</strong></span> <span class='ocrx_word' id='word_1_380' title='bbox 772 3961 1106 4030; x_wconf 87' lang='lat' dir='ltr'><strong>privilegium</strong></span> <span class='ocrx_word' id='word_1_381' title='bbox 1175 3963 1466 4017; x_wconf 73' lang='lat' dir='ltr'><strong>consensit.</strong></span> <span class='ocrx_word' id='word_1_382' title='bbox 1533 3963 1876 4018; x_wconf 88' lang='lat' dir='ltr'><strong>Unemundus</strong></span> 
     </span>
    </p>
   </div>
   <div class='ocr_carea' id='block_1_56' title="bbox 297 4051 1877 4123">
    <p class='ocr_par' dir='ltr' id='par_1_56' title="bbox 297 4051 1877 4123">
     <span class='ocr_line' id='line_1_56' title="bbox 297 4051 1877 4123; baseline -0.001 -14"><span class='ocrx_word' id='word_1_383' title='bbox 297 4056 405 4109; x_wconf 86' lang='lat' dir='ltr'><strong>hoc</strong></span> <span class='ocrx_word' id='word_1_384' title='bbox 441 4054 780 4123; x_wconf 84' lang='lat' dir='ltr'><strong>privilegium</strong></span> <span class='ocrx_word' id='word_1_385' title='bbox 812 4052 1101 4116; x_wconf 87' lang='lat' dir='ltr'><strong>consensit.</strong></span> <span class='ocrx_word' id='word_1_386' title='bbox 1131 4051 1392 4106; x_wconf 82' lang='lat' dir='ltr'><strong>Eodaldus</strong></span> <span class='ocrx_word' id='word_1_387' title='bbox 1424 4054 1707 4122; x_wconf 81' lang='lat' dir='ltr'><strong>episc0pus</strong></span> <span class='ocrx_word' id='word_1_388' title='bbox 1737 4056 1877 4108; x_wconf 87' lang='lat' dir='ltr'><strong>hunc</strong></span> 
     </span>
    </p>
   </div>
   <div class='ocr_carea' id='block_1_57' title="bbox 295 4145 1874 4218">
    <p class='ocr_par' dir='ltr' id='par_1_57' title="bbox 295 4145 1874 4218">
     <span class='ocr_line' id='line_1_57' title="bbox 295 4145 1874 4218; baseline 0.001 -18"><span class='ocrx_word' id='word_1_389' title='bbox 295 4149 639 4218; x_wconf 73' lang='lat' dir='ltr'><strong>privilegium</strong></span> <span class='ocrx_word' id='word_1_390' title='bbox 700 4148 1060 4201; x_wconf 87' lang='lat' dir='ltr'><strong>consentiens.</strong></span> <span class='ocrx_word' id='word_1_391' title='bbox 1115 4145 1395 4199; x_wconf 81' lang='lat' dir='ltr'><strong>Bertaldus</strong></span> <span class='ocrx_word' id='word_1_392' title='bbox 1451 4150 1874 4215; x_wconf 88' lang='lat' dir='ltr'><strong>peccatorhunc</strong></span> 
     </span>
    </p>
   </div>
   <div class='ocr_carea' id='block_1_58' title="bbox 298 4239 1867 4311">
    <p class='ocr_par' dir='ltr' id='par_1_58' title="bbox 298 4239 1867 4311">
     <span class='ocr_line' id='line_1_58' title="bbox 298 4239 1867 4311; baseline 0.002 -19"><span class='ocrx_word' id='word_1_393' title='bbox 298 4242 637 4311; x_wconf 77' lang='lat' dir='ltr'><strong>privilegium</strong></span> <span class='ocrx_word' id='word_1_394' title='bbox 672 4239 1032 4293; x_wconf 88' lang='lat' dir='ltr'><strong>consentiens.</strong></span> <span class='ocrx_word' id='word_1_395' title='bbox 1057 4239 1359 4294; x_wconf 89' lang='lat' dir='ltr'><strong>Leoholdus</strong></span> <span class='ocrx_word' id='word_1_396' title='bbox 1388 4239 1688 4309; x_wconf 81' lang='lat' dir='ltr'><strong>episcopus.</strong></span> <span class='ocrx_word' id='word_1_397' title='bbox 1720 4241 1867 4295; x_wconf 83' lang='lat' dir='ltr'><strong>Ami-</strong></span> 
     </span>
    </p>
   </div>
   <div class='ocr_carea' id='block_1_59' title="bbox 295 4333 1871 4403">
    <p class='ocr_par' dir='ltr' id='par_1_59' title="bbox 295 4333 1871 4403">
     <span class='ocr_line' id='line_1_59' title="bbox 295 4333 1871 4403; baseline -0.001 -12"><span class='ocrx_word' id='word_1_398' title='bbox 295 4337 533 4400; x_wconf 74' lang='lat' dir='ltr'><strong>charius,</strong></span> <span class='ocrx_word' id='word_1_399' title='bbox 567 4335 618 4386; x_wconf 93' lang='lat' dir='ltr'><strong>in</strong></span> <span class='ocrx_word' id='word_1_400' title='bbox 647 4333 843 4387; x_wconf 86' lang='lat' dir='ltr'><strong>Christi</strong></span> <span class='ocrx_word' id='word_1_401' title='bbox 887 4333 1121 4397; x_wconf 90' lang='lat' dir='ltr'><strong>nomine,</strong></span> <span class='ocrx_word' id='word_1_402' title='bbox 1155 4348 1218 4386; x_wconf 90' lang='lat' dir='ltr'><strong>ac</strong></span> <span class='ocrx_word' id='word_1_403' title='bbox 1245 4333 1288 4386; x_wconf 89' lang='lat' dir='ltr'><strong>si</strong></span> <span class='ocrx_word' id='word_1_404' title='bbox 1334 4343 1608 4400; x_wconf 79' lang='lat' dir='ltr'><strong>peccator,</strong></span> <span class='ocrx_word' id='word_1_405' title='bbox 1661 4337 1871 4403; x_wconf 86' lang='lat' dir='ltr'><strong>cpisco-</strong></span> 
     </span>
    </p>
   </div>
   <div class='ocr_carea' id='block_1_60' title="bbox 298 4424 1871 4496">
    <p class='ocr_par' dir='ltr' id='par_1_60' title="bbox 298 4424 1871 4496">
     <span class='ocr_line' id='line_1_60' title="bbox 298 4424 1871 4496; baseline 0.001 -18"><span class='ocrx_word' id='word_1_406' title='bbox 298 4443 418 4496; x_wconf 86' lang='lat' dir='ltr'><strong>pus,</strong></span> <span class='ocrx_word' id='word_1_407' title='bbox 455 4427 596 4479; x_wconf 89' lang='lat' dir='ltr'><strong>hunc</strong></span> <span class='ocrx_word' id='word_1_408' title='bbox 628 4424 960 4493; x_wconf 81' lang='lat' dir='ltr'><strong>privilegium</strong></span> <span class='ocrx_word' id='word_1_409' title='bbox 997 4425 1284 4478; x_wconf 86' lang='lat' dir='ltr'><strong>consensit.</strong></span> <span class='ocrx_word' id='word_1_410' title='bbox 1318 4424 1373 4476; x_wconf 91' lang='lat' dir='ltr'><strong>In</strong></span> <span class='ocrx_word' id='word_1_411' title='bbox 1414 4425 1610 4478; x_wconf 84' lang='lat' dir='ltr'><strong>Christi</strong></span> <span class='ocrx_word' id='word_1_412' title='bbox 1639 4429 1871 4493; x_wconf 84' lang='lat' dir='ltr'><strong>nomine,</strong></span> 
     </span>
    </p>
   </div>
   <div class='ocr_carea' id='block_1_61' title="bbox 291 4514 1862 4585">
    <p class='ocr_par' dir='ltr' id='par_1_61' title="bbox 291 4514 1862 4585">
     <span class='ocr_line' id='line_1_61' title="bbox 291 4514 1862 4585; baseline -0.001 -15"><span class='ocrx_word' id='word_1_413' title='bbox 291 4515 678 4570; x_wconf 74' lang='lat' dir='ltr'><strong>Canliobcrtus</strong></span> <span class='ocrx_word' id='word_1_414' title='bbox 693 4514 977 4585; x_wconf 86' lang='lat' dir='ltr'><strong>episcopus</strong></span> <span class='ocrx_word' id='word_1_415' title='bbox 997 4515 1137 4568; x_wconf 92' lang='lat' dir='ltr'><strong>hunc</strong></span> <span class='ocrx_word' id='word_1_416' title='bbox 1151 4514 1484 4582; x_wconf 78' lang='lat' dir='ltr'><strong>privilegium</strong></span> <span class='ocrx_word' id='word_1_417' title='bbox 1502 4517 1862 4570; x_wconf 79' lang='lat' dir='ltr'><strong>consentiens.</strong></span> 
     </span>
    </p>
   </div>
   <div class='ocr_carea' id='block_1_62' title="bbox 1971 2036 3552 2108">
    <p class='ocr_par' dir='ltr' id='par_1_62' title="bbox 1971 2036 3552 2108">
     <span class='ocr_line' id='line_1_62' title="bbox 1971 2036 3552 2108; baseline 0.002 -19"><span class='ocrx_word' id='word_1_418' title='bbox 1971 2036 2135 2100; x_wconf 90' lang='lat' dir='ltr'><strong>mine,</strong></span> <span class='ocrx_word' id='word_1_419' title='bbox 2150 2050 2248 2103; x_wconf 86' lang='lat' dir='ltr'><strong>ego</strong></span> <span class='ocrx_word' id='word_1_420' title='bbox 2277 2036 2634 2098; x_wconf 82' lang='lat' dir='ltr'><strong>Audebertus,</strong></span> <span class='ocrx_word' id='word_1_421' title='bbox 2650 2052 2713 2090; x_wconf 89' lang='lat' dir='ltr'><strong>ac</strong></span> <span class='ocrx_word' id='word_1_422' title='bbox 2735 2037 2777 2090; x_wconf 81' lang='lat' dir='ltr'><strong>si</strong></span> <span class='ocrx_word' id='word_1_423' title='bbox 2802 2036 3067 2104; x_wconf 88' lang='lat' dir='ltr'><strong>indiguus,</strong></span> <span class='ocrx_word' id='word_1_424' title='bbox 3093 2037 3395 2108; x_wconf 86' lang='lat' dir='ltr'><strong>episcopus,</strong></span> <span class='ocrx_word' id='word_1_425' title='bbox 3411 2037 3552 2092; x_wconf 90' lang='lat' dir='ltr'><strong>hunc</strong></span> 
     </span>
    </p>
   </div>
   <div class='ocr_carea' id='block_1_63' title="bbox 1975 2126 3548 2200">
    <p class='ocr_par' dir='ltr' id='par_1_63' title="bbox 1975 2126 3548 2200">
     <span class='ocr_line' id='line_1_63' title="bbox 1975 2126 3548 2200; baseline 0.002 -21"><span class='ocrx_word' id='word_1_426' title='bbox 1975 2126 2310 2195; x_wconf 84' lang='lat' dir='ltr'><strong>privilegium</strong></span> <span class='ocrx_word' id='word_1_427' title='bbox 2341 2126 2705 2180; x_wconf 85' lang='lat' dir='ltr'><strong>consentiens.</strong></span> <span class='ocrx_word' id='word_1_428' title='bbox 2737 2127 2794 2180; x_wconf 92' lang='lat' dir='ltr'><strong>ln</strong></span> <span class='ocrx_word' id='word_1_429' title='bbox 2825 2127 3022 2181; x_wconf 89' lang='lat' dir='ltr'><strong>Christi</strong></span> <span class='ocrx_word' id='word_1_430' title='bbox 3061 2127 3296 2194; x_wconf 89' lang='lat' dir='ltr'><strong>nomine,</strong></span> <span class='ocrx_word' id='word_1_431' title='bbox 3331 2127 3548 2200; x_wconf 81' lang='lat' dir='ltr'><strong>Ragno-</strong></span> 
     </span>
    </p>
   </div>
   <div class='ocr_carea' id='block_1_64' title="bbox 1974 2219 3175 2290">
    <p class='ocr_par' dir='ltr' id='par_1_64' title="bbox 1974 2219 3175 2290">
     <span class='ocr_line' id='line_1_64' title="bbox 1974 2219 3175 2290; baseline 0.002 -16"><span class='ocrx_word' id='word_1_432' title='bbox 1974 2221 2178 2284; x_wconf 86' lang='lat' dir='ltr'><strong>bertus,</strong></span> <span class='ocrx_word' id='word_1_433' title='bbox 2211 2235 2275 2274; x_wconf 90' lang='lat' dir='ltr'><strong>ac</strong></span> <span class='ocrx_word' id='word_1_434' title='bbox 2307 2220 2351 2274; x_wconf 89' lang='lat' dir='ltr'><strong>si</strong></span> <span class='ocrx_word' id='word_1_435' title='bbox 2386 2219 2649 2288; x_wconf 78' lang='lat' dir='ltr'><strong>indignus,</strong></span> <span class='ocrx_word' id='word_1_436' title='bbox 2683 2221 2994 2290; x_wconf 87' lang='lat' dir='ltr'><strong>episcopus.</strong></span> <span class='ocrx_word' id='word_1_437' title='bbox 3025 2235 3175 2276; x_wconf 86' lang='lat' dir='ltr'><strong>cons.</strong></span> 
     </span>
    </p>
   </div>
   <div class='ocr_carea' id='block_1_65' title="bbox 2722 2311 2810 2366">
    <p class='ocr_par' dir='ltr' id='par_1_65' title="bbox 2722 2311 2810 2366">
     <span class='ocr_line' id='line_1_65' title="bbox 2722 2311 2810 2366; baseline 0 -1"><span class='ocrx_word' id='word_1_438' title='bbox 2722 2311 2810 2366; x_wconf 82' lang='grc' dir='ltr'><strong>ΧΙ.</strong></span> 
     </span>
    </p>
   </div>
   <div class='ocr_carea' id='block_1_66' title="bbox 1975 2392 3547 2468">
    <p class='ocr_par' dir='ltr' id='par_1_66' title="bbox 1975 2392 3547 2468">
     <span class='ocr_line' id='line_1_66' title="bbox 1975 2392 3547 2468; baseline 0.001 -18"><span class='ocrx_word' id='word_1_439' title='bbox 1975 2395 2175 2468; x_wconf 69' lang='lat' dir='ltr'><strong>Clitum</strong></span> <span class='ocrx_word' id='word_1_440' title='bbox 2221 2412 2320 2463; x_wconf 80' lang='lat' dir='ltr'><strong>qua</strong></span> <span class='ocrx_word' id='word_1_441' title='bbox 2373 2396 2717 2468; x_wconf 62' lang='grc' dir='ltr'><strong>Αιιάοηιτῃηιε,</strong></span> <span class='ocrx_word' id='word_1_442' title='bbox 2785 2392 3182 2448; x_wconf 78' lang='lat' dir='ltr'><strong>Tarwamteusis</strong></span> <span class='ocrx_word' id='word_1_443' title='bbox 3255 2396 3547 2468; x_wconf 76' lang='lat' dir='ltr'><strong>episcopus,</strong></span> 
     </span>
    </p>
   </div>
   <div class='ocr_carea' id='block_1_67' title="bbox 2047 2465 3548 2530">
    <p class='ocr_par' dir='ltr' id='par_1_67' title="bbox 2047 2465 3548 2530">
     <span class='ocr_line' id='line_1_67' title="bbox 2047 2465 3548 2530; baseline 0.001 -11"><span class='ocrx_word' id='word_1_444' title='bbox 2047 2467 2310 2519; x_wconf 75' lang='lat' dir='ltr'><strong>basilicam</strong></span> <span class='ocrx_word' id='word_1_445' title='bbox 2341 2475 2535 2517; x_wconf 73' lang='lat' dir='ltr'><strong>simcui:</strong></span> <span class='ocrx_word' id='word_1_446' title='bbox 2585 2465 2787 2527; x_wconf 59' lang='grc' dir='ltr'><strong>Παιὰν,</strong></span> <span class='ocrx_word' id='word_1_447' title='bbox 2823 2483 2852 2517; x_wconf 72' lang='grc' dir='ltr'><strong>(ι</strong></span> <span class='ocrx_word' id='word_1_448' title='bbox 2902 2483 2954 2517; x_wconf 85' lang='lat' dir='ltr'><strong>se</strong></span> <span class='ocrx_word' id='word_1_449' title='bbox 2998 2467 3346 2530; x_wconf 74' lang='lat' dir='ltr'><strong>constitutam,</strong></span> <span class='ocrx_word' id='word_1_450' title='bbox 3381 2465 3548 2522; x_wconf 57' lang='lat' dir='ltr'><strong>eisab</strong></span> 
     </span>
    </p>
   </div>
   <div class='ocr_carea' id='block_1_68' title="bbox 2047 2534 3546 2607">
    <p class='ocr_par' dir='ltr' id='par_1_68' title="bbox 2047 2534 3546 2607">
     <span class='ocr_line' id='line_1_68' title="bbox 2047 2534 3546 2607; baseline 0.003 -20"><span class='ocrx_word' id='word_1_451' title='bbox 2047 2538 2334 2604; x_wconf 71' lang='lat' dir='ltr'><strong>pulrotinio</strong></span> <span class='ocrx_word' id='word_1_452' title='bbox 2373 2538 2540 2588; x_wconf 62' lang='lat' dir='ltr'><strong>sutrli</strong></span> <span class='ocrx_word' id='word_1_453' title='bbox 2583 2534 2783 2587; x_wconf 74' lang='lat' dir='ltr'><strong>Bcrlini</strong></span> <span class='ocrx_word' id='word_1_454' title='bbox 2826 2537 3224 2607; x_wconf 51' lang='lat' dir='ltr'><strong>regendaque-3</strong></span> <span class='ocrx_word' id='word_1_455' title='bbox 3267 2544 3402 2591; x_wconf 80' lang='lat' dir='ltr'><strong>omni</strong></span> <span class='ocrx_word' id='word_1_456' title='bbox 3440 2540 3546 2607; x_wconf 57' lang='lat' dir='ltr'><strong>cpio</strong></span> 
     </span>
    </p>
   </div>
   <div class='ocr_carea' id='block_1_69' title="bbox 2048 2605 3206 2675">
    <p class='ocr_par' dir='ltr' id='par_1_69' title="bbox 2048 2605 3206 2675">
     <span class='ocr_line' id='line_1_69' title="bbox 2048 2605 3206 2675; baseline 0 -17"><span class='ocrx_word' id='word_1_457' title='bbox 2048 2624 2168 2673; x_wconf 67' lang='grc' dir='ltr'><strong>δεον</strong></span> <span class='ocrx_word' id='word_1_458' title='bbox 2191 2608 2240 2656; x_wconf 80' lang='lat' dir='ltr'><strong>:li</strong></span> <span class='ocrx_word' id='word_1_459' title='bbox 2273 2607 2584 2675; x_wconf 65' lang='lat' dir='ltr'><strong>snbjerlionc</strong></span> <span class='ocrx_word' id='word_1_460' title='bbox 2613 2607 2788 2658; x_wconf 62' lang='lat' dir='ltr'><strong>etimit</strong></span> <span class='ocrx_word' id='word_1_461' title='bbox 2820 2616 2842 2639; x_wconf 65' lang='grc'><strong>«³</strong></span> <span class='ocrx_word' id='word_1_462' title='bbox 2873 2612 3019 2673; x_wconf 86' lang='lat' dir='ltr'><strong>(mm.</strong></span> <span class='ocrx_word' id='word_1_463' title='bbox 3057 2605 3206 2674; x_wconf 73' lang='lat'><strong>669.).</strong></span> 
     </span>
    </p>
   </div>
   <div class='ocr_carea' id='block_1_70' title="bbox 2051 2685 3550 2744">
    <p class='ocr_par' dir='ltr' id='par_1_70' title="bbox 2051 2685 3550 2744">
     <span class='ocr_line' id='line_1_70' title="bbox 2051 2685 3550 2744; baseline 0.004 -6"><span class='ocrx_word' id='word_1_464' title='bbox 2051 2685 2290 2739; x_wconf 80' lang='lat' dir='ltr'><strong>Dominis</strong></span> <span class='ocrx_word' id='word_1_465' title='bbox 2322 2687 2521 2740; x_wconf 78' lang='lat' dir='ltr'><strong>sanctis</strong></span> <span class='ocrx_word' id='word_1_466' title='bbox 2546 2702 2609 2740; x_wconf 90' lang='lat' dir='ltr'><strong>ac</strong></span> <span class='ocrx_word' id='word_1_467' title='bbox 2651 2687 3049 2741; x_wconf 89' lang='lat' dir='ltr'><strong>venerabilibus</strong></span> <span class='ocrx_word' id='word_1_468' title='bbox 3087 2688 3138 2740; x_wconf 92' lang='lat' dir='ltr'><strong>in</strong></span> <span class='ocrx_word' id='word_1_469' title='bbox 3175 2687 3392 2744; x_wconf 90' lang='lat' dir='ltr'><strong>Christo</strong></span> <span class='ocrx_word' id='word_1_470' title='bbox 3421 2689 3550 2744; x_wconf 88' lang='lat' dir='ltr'><strong>mihi</strong></span> 
     </span>
    </p>
   </div>
   <div class='ocr_carea' id='block_1_71' title="bbox 1978 2779 3552 2850">
    <p class='ocr_par' dir='ltr' id='par_1_71' title="bbox 1978 2779 3552 2850">
     <span class='ocr_line' id='line_1_71' title="bbox 1978 2779 3552 2850; baseline 0.003 -18"><span class='ocrx_word' id='word_1_471' title='bbox 1978 2779 2398 2833; x_wconf 87' lang='lat' dir='ltr'><strong>adhaerentibus</strong></span> <span class='ocrx_word' id='word_1_472' title='bbox 2448 2780 2717 2842; x_wconf 67' lang='lat' dir='ltr'><strong>i&#39;ratrii-us,</strong></span> <span class='ocrx_word' id='word_1_473' title='bbox 2767 2789 2872 2832; x_wconf 90' lang='lat' dir='ltr'><strong>tam</strong></span> <span class='ocrx_word' id='word_1_474' title='bbox 2941 2780 3222 2836; x_wconf 85' lang='lat' dir='ltr'><strong>abbatibus</strong></span> <span class='ocrx_word' id='word_1_475' title='bbox 3275 2797 3438 2850; x_wconf 88' lang='lat' dir='ltr'><strong>quam</strong></span> <span class='ocrx_word' id='word_1_476' title='bbox 3498 2793 3552 2836; x_wconf 79' lang='lat' dir='ltr'><strong>et</strong></span> 
     </span>
    </p>
   </div>
   <div class='ocr_carea' id='block_1_72' title="bbox 1978 2869 3548 2938">
    <p class='ocr_par' dir='ltr' id='par_1_72' title="bbox 1978 2869 3548 2938">
     <span class='ocr_line' id='line_1_72' title="bbox 1978 2869 3548 2938; baseline 0.003 -16"><span class='ocrx_word' id='word_1_477' title='bbox 1978 2871 2289 2938; x_wconf 68' lang='lat' dir='ltr'><strong>presbiteris</strong></span> <span class='ocrx_word' id='word_1_478' title='bbox 2311 2869 2394 2925; x_wconf 92' lang='lat' dir='ltr'><strong>vel</strong></span> <span class='ocrx_word' id='word_1_479' title='bbox 2417 2870 2750 2934; x_wconf 87' lang='lat' dir='ltr'><strong>diaconibus,</strong></span> <span class='ocrx_word' id='word_1_480' title='bbox 2777 2871 2858 2924; x_wconf 91' lang='lat' dir='ltr'><strong>vel</strong></span> <span class='ocrx_word' id='word_1_481' title='bbox 2877 2872 3018 2925; x_wconf 74' lang='lat' dir='ltr'><strong>omni</strong></span> <span class='ocrx_word' id='word_1_482' title='bbox 3043 2873 3190 2927; x_wconf 84' lang='lat' dir='ltr'><strong>clero</strong></span> <span class='ocrx_word' id='word_1_483' title='bbox 3212 2873 3548 2928; x_wconf 84' lang='lat' dir='ltr'><strong>Taruanniu-</strong></span> 
     </span>
    </p>
   </div>
   <div class='ocr_carea' id='block_1_73' title="bbox 1978 2962 3547 3034">
    <p class='ocr_par' dir='ltr' id='par_1_73' title="bbox 1978 2962 3547 3034">
     <span class='ocr_line' id='line_1_73' title="bbox 1978 2962 3547 3034; baseline 0.003 -21"><span class='ocrx_word' id='word_1_484' title='bbox 1978 2976 2069 3014; x_wconf 89' lang='lat' dir='ltr'><strong>sae</strong></span> <span class='ocrx_word' id='word_1_485' title='bbox 2097 2962 2386 3022; x_wconf 82' lang='lat' dir='ltr'><strong>Ecclesiae,</strong></span> <span class='ocrx_word' id='word_1_486' title='bbox 2421 2977 2517 3016; x_wconf 89' lang='lat' dir='ltr'><strong>seu</strong></span> <span class='ocrx_word' id='word_1_487' title='bbox 2543 2963 2672 3015; x_wconf 84' lang='lat' dir='ltr'><strong>viris</strong></span> <span class='ocrx_word' id='word_1_488' title='bbox 2701 2963 3014 3027; x_wconf 90' lang='lat' dir='ltr'><strong>illustribus,</strong></span> <span class='ocrx_word' id='word_1_489' title='bbox 3060 2965 3356 3034; x_wconf 88' lang='lat' dir='ltr'><strong>optimatis,</strong></span> <span class='ocrx_word' id='word_1_490' title='bbox 3384 2965 3547 3020; x_wconf 85' lang='lat' dir='ltr'><strong>subli-</strong></span> 
     </span>
    </p>
   </div>
   <div class='ocr_carea' id='block_1_74' title="bbox 1979 3053 3550 3125">
    <p class='ocr_par' dir='ltr' id='par_1_74' title="bbox 1979 3053 3550 3125">
     <span class='ocr_line' id='line_1_74' title="bbox 1979 3053 3550 3125; baseline 0.004 -19"><span class='ocrx_word' id='word_1_491' title='bbox 1979 3053 2078 3109; x_wconf 88' lang='lat' dir='ltr'><strong>mis</strong></span> <span class='ocrx_word' id='word_1_492' title='bbox 2120 3056 2382 3123; x_wconf 83' lang='lat' dir='ltr'><strong>personis,</strong></span> <span class='ocrx_word' id='word_1_493' title='bbox 2415 3055 2501 3108; x_wconf 85' lang='lat' dir='ltr'><strong>vel</strong></span> <span class='ocrx_word' id='word_1_494' title='bbox 2542 3057 2764 3123; x_wconf 87' lang='lat' dir='ltr'><strong>reliquis</strong></span> <span class='ocrx_word' id='word_1_495' title='bbox 2790 3058 3198 3125; x_wconf 89' lang='lat' dir='ltr'><strong>quampluribus</strong></span> <span class='ocrx_word' id='word_1_496' title='bbox 3231 3077 3243 3111; x_wconf 92' lang='lat'><strong>:</strong></span> <span class='ocrx_word' id='word_1_497' title='bbox 3276 3059 3550 3114; x_wconf 80' lang='lat' dir='ltr'><strong>Audoma-</strong></span> 
     </span>
    </p>
   </div>
   <div class='ocr_carea' id='block_1_75' title="bbox 1979 3147 3549 3220">
    <p class='ocr_par' dir='ltr' id='par_1_75' title="bbox 1979 3147 3549 3220">
     <span class='ocr_line' id='line_1_75' title="bbox 1979 3147 3549 3220; baseline 0.004 -20"><span class='ocrx_word' id='word_1_498' title='bbox 1979 3163 2090 3210; x_wconf 79' lang='lat' dir='ltr'><strong>rus,</strong></span> <span class='ocrx_word' id='word_1_499' title='bbox 2116 3147 2310 3200; x_wconf 86' lang='lat' dir='ltr'><strong>Christi</strong></span> <span class='ocrx_word' id='word_1_500' title='bbox 2333 3149 2502 3213; x_wconf 79' lang='lat' dir='ltr'><strong>gratia</strong></span> <span class='ocrx_word' id='word_1_501' title='bbox 2531 3148 2932 3205; x_wconf 88' lang='lat' dir='ltr'><strong>Taruanninsae</strong></span> <span class='ocrx_word' id='word_1_502' title='bbox 2950 3149 3222 3207; x_wconf 83' lang='lat' dir='ltr'><strong>Ecclesiae</strong></span> <span class='ocrx_word' id='word_1_503' title='bbox 3249 3152 3549 3220; x_wconf 84' lang='lat' dir='ltr'><strong>episcopus,</strong></span> 
     </span>
    </p>
   </div>
   <div class='ocr_carea' id='block_1_76' title="bbox 1981 3240 3552 3309">
    <p class='ocr_par' dir='ltr' id='par_1_76' title="bbox 1981 3240 3552 3309">
     <span class='ocr_line' id='line_1_76' title="bbox 1981 3240 3552 3309; baseline 0.003 -16"><span class='ocrx_word' id='word_1_504' title='bbox 1981 3240 2104 3294; x_wconf 85' lang='lat' dir='ltr'><strong>licet</strong></span> <span class='ocrx_word' id='word_1_505' title='bbox 2133 3255 2229 3294; x_wconf 86' lang='lat' dir='ltr'><strong>nos</strong></span> <span class='ocrx_word' id='word_1_506' title='bbox 2259 3241 2510 3309; x_wconf 87' lang='lat' dir='ltr'><strong>antiquae</strong></span> <span class='ocrx_word' id='word_1_507' title='bbox 2539 3241 2759 3308; x_wconf 79' lang='lat' dir='ltr'><strong>regulae</strong></span> <span class='ocrx_word' id='word_1_508' title='bbox 2787 3242 3077 3296; x_wconf 87' lang='lat' dir='ltr'><strong>constituta</strong></span> <span class='ocrx_word' id='word_1_509' title='bbox 3119 3243 3320 3298; x_wconf 88' lang='lat' dir='ltr'><strong>salubri</strong></span> <span class='ocrx_word' id='word_1_510' title='bbox 3363 3244 3552 3300; x_wconf 87' lang='lat' dir='ltr'><strong>obser-</strong></span> 
     </span>
    </p>
   </div>
   <div class='ocr_carea' id='block_1_77' title="bbox 1980 3333 3554 3402">
    <p class='ocr_par' dir='ltr' id='par_1_77' title="bbox 1980 3333 3554 3402">
     <span class='ocr_line' id='line_1_77' title="bbox 1980 3333 3554 3402; baseline 0.003 -17"><span class='ocrx_word' id='word_1_511' title='bbox 1980 3335 2197 3385; x_wconf 86' lang='lat' dir='ltr'><strong>vatione</strong></span> <span class='ocrx_word' id='word_1_512' title='bbox 2227 3341 2346 3385; x_wconf 82' lang='lat' dir='ltr'><strong>cust</strong></span> <span class='ocrx_word' id='word_1_513' title='bbox 2384 3333 2498 3385; x_wconf 92' lang='lat' dir='ltr'><strong>dire</strong></span> <span class='ocrx_word' id='word_1_514' title='bbox 2546 3334 2852 3398; x_wconf 75' lang='lat' dir='ltr'><strong>conveniat,</strong></span> <span class='ocrx_word' id='word_1_515' title='bbox 2891 3342 3068 3388; x_wconf 90' lang='lat' dir='ltr'><strong>tamen</strong></span> <span class='ocrx_word' id='word_1_516' title='bbox 3097 3335 3276 3389; x_wconf 87' lang='lat' dir='ltr'><strong>divina</strong></span> <span class='ocrx_word' id='word_1_517' title='bbox 3309 3335 3554 3402; x_wconf 83' lang='lat' dir='ltr'><strong>largitate</strong></span> 
     </span>
    </p>
   </div>
   <div class='ocr_carea' id='block_1_78' title="bbox 1980 3425 3552 3495">
    <p class='ocr_par' dir='ltr' id='par_1_78' title="bbox 1980 3425 3552 3495">
     <span class='ocr_line' id='line_1_78' title="bbox 1980 3425 3552 3495; baseline 0.001 -15"><span class='ocrx_word' id='word_1_518' title='bbox 1980 3426 2293 3495; x_wconf 82' lang='lat' dir='ltr'><strong>inSpirantc,</strong></span> <span class='ocrx_word' id='word_1_519' title='bbox 2327 3425 2440 3477; x_wconf 91' lang='lat' dir='ltr'><strong>utili</strong></span> <span class='ocrx_word' id='word_1_520' title='bbox 2470 3425 3152 3493; x_wconf 59' lang='lat' dir='ltr'><strong>provisionepertractante</strong></span> <span class='ocrx_word' id='word_1_521' title='bbox 3178 3428 3552 3482; x_wconf 88' lang='lat' dir='ltr'><strong>constituimus</strong></span> 
     </span>
    </p>
   </div>
   <div class='ocr_carea' id='block_1_79' title="bbox 1981 3515 3552 3587">
    <p class='ocr_par' dir='ltr' id='par_1_79' title="bbox 1981 3515 3552 3587">
     <span class='ocr_line' id='line_1_79' title="bbox 1981 3515 3552 3587; baseline 0.002 -17"><span class='ocrx_word' id='word_1_522' title='bbox 1981 3516 2206 3585; x_wconf 87' lang='lat' dir='ltr'><strong>utquod</strong></span> <span class='ocrx_word' id='word_1_523' title='bbox 2235 3517 2400 3570; x_wconf 88' lang='lat' dir='ltr'><strong>sacris</strong></span> <span class='ocrx_word' id='word_1_524' title='bbox 2446 3515 2924 3570; x_wconf 89' lang='lat' dir='ltr'><strong>deliberationibus</strong></span> <span class='ocrx_word' id='word_1_525' title='bbox 2967 3533 3072 3571; x_wconf 92' lang='lat' dir='ltr'><strong>non</strong></span> <span class='ocrx_word' id='word_1_526' title='bbox 3120 3517 3346 3587; x_wconf 87' lang='lat' dir='ltr'><strong>derogat</strong></span> <span class='ocrx_word' id='word_1_527' title='bbox 3388 3520 3552 3573; x_wconf 90' lang='lat' dir='ltr'><strong>intre-</strong></span> 
     </span>
    </p>
   </div>
   <div class='ocr_carea' id='block_1_80' title="bbox 1979 3608 3554 3678">
    <p class='ocr_par' dir='ltr' id='par_1_80' title="bbox 1979 3608 3554 3678">
     <span class='ocr_line' id='line_1_80' title="bbox 1979 3608 3554 3678; baseline 0.003 -17"><span class='ocrx_word' id='word_1_528' title='bbox 1979 3609 2101 3674; x_wconf 78' lang='lat' dir='ltr'><strong>pida</strong></span> <span class='ocrx_word' id='word_1_529' title='bbox 2146 3609 2525 3661; x_wconf 51' lang='lat' dir='ltr'><strong>0&quot;St:l‘\&quot;.ilt0lle</strong></span> <span class='ocrx_word' id='word_1_530' title='bbox 2562 3617 2927 3662; x_wconf 89' lang='lat' dir='ltr'><strong>conservetur.</strong></span> <span class='ocrx_word' id='word_1_531' title='bbox 2975 3608 3110 3673; x_wconf 85' lang='lat' dir='ltr'><strong>Quia</strong></span> <span class='ocrx_word' id='word_1_532' title='bbox 3155 3610 3355 3678; x_wconf 85' lang='lat' dir='ltr'><strong>placuit</strong></span> <span class='ocrx_word' id='word_1_533' title='bbox 3403 3611 3554 3664; x_wconf 86' lang='lat' dir='ltr'><strong>nobis</strong></span> 
     </span>
    </p>
   </div>
   <div class='ocr_carea' id='block_1_81' title="bbox 1973 3700 3553 3771">
    <p class='ocr_par' dir='ltr' id='par_1_81' title="bbox 1973 3700 3553 3771">
     <span class='ocr_line' id='line_1_81' title="bbox 1973 3700 3553 3771; baseline 0.003 -17"><span class='ocrx_word' id='word_1_534' title='bbox 1973 3700 2125 3768; x_wconf 72' lang='lat' dir='ltr'><strong>juxta</strong></span> <span class='ocrx_word' id='word_1_535' title='bbox 2178 3700 2522 3754; x_wconf 84' lang='lat' dir='ltr'><strong>I&#39;ratcrnalem</strong></span> <span class='ocrx_word' id='word_1_536' title='bbox 2572 3714 2897 3754; x_wconf 87' lang='lat' dir='ltr'><strong>consensqu</strong></span> <span class='ocrx_word' id='word_1_537' title='bbox 2927 3707 2983 3754; x_wconf 90' lang='lat' dir='ltr'><strong>et</strong></span> <span class='ocrx_word' id='word_1_538' title='bbox 3033 3702 3294 3756; x_wconf 85' lang='lat' dir='ltr'><strong>viscerale</strong></span> <span class='ocrx_word' id='word_1_539' title='bbox 3338 3703 3553 3771; x_wconf 89' lang='lat' dir='ltr'><strong>pietatis</strong></span> 
     </span>
    </p>
   </div>
   <div class='ocr_carea' id='block_1_82' title="bbox 1977 3789 3555 3857">
    <p class='ocr_par' dir='ltr' id='par_1_82' title="bbox 1977 3789 3555 3857">
     <span class='ocr_line' id='line_1_82' title="bbox 1977 3789 3555 3857; baseline 0.001 -15"><span class='ocrx_word' id='word_1_540' title='bbox 1977 3789 2194 3857; x_wconf 75' lang='lat' dir='ltr'><strong>allectu,</strong></span> <span class='ocrx_word' id='word_1_541' title='bbox 2223 3790 2292 3842; x_wconf 70' lang='lat' dir='ltr'><strong>ita</strong></span> <span class='ocrx_word' id='word_1_542' title='bbox 2316 3807 2410 3844; x_wconf 92' lang='lat' dir='ltr'><strong>cor</strong></span> <span class='ocrx_word' id='word_1_543' title='bbox 2437 3801 2678 3844; x_wconf 81' lang='lat' dir='ltr'><strong>nostrum</strong></span> <span class='ocrx_word' id='word_1_544' title='bbox 2707 3789 3028 3845; x_wconf 80' lang='lat' dir='ltr'><strong>intrinsecus</strong></span> <span class='ocrx_word' id='word_1_545' title='bbox 3053 3790 3297 3855; x_wconf 90' lang='lat' dir='ltr'><strong>mollivit,</strong></span> <span class='ocrx_word' id='word_1_546' title='bbox 3324 3799 3383 3842; x_wconf 87' lang='grc' dir='ltr'><strong>ιιι</strong></span> <span class='ocrx_word' id='word_1_547' title='bbox 3410 3791 3555 3845; x_wconf 87' lang='lat' dir='ltr'><strong>basi-</strong></span> 
     </span>
    </p>
   </div>
   <div class='ocr_carea' id='block_1_83' title="bbox 1979 3879 3544 3946">
    <p class='ocr_par' dir='ltr' id='par_1_83' title="bbox 1979 3879 3544 3946">
     <span class='ocr_line' id='line_1_83' title="bbox 1979 3879 3544 3946; baseline 0.001 -13"><span class='ocrx_word' id='word_1_548' title='bbox 1979 3881 2079 3934; x_wconf 86' lang='lat' dir='ltr'><strong>lica</strong></span> <span class='ocrx_word' id='word_1_549' title='bbox 2111 3881 2162 3933; x_wconf 90' lang='lat' dir='ltr'><strong>in</strong></span> <span class='ocrx_word' id='word_1_550' title='bbox 2207 3879 2377 3934; x_wconf 84' lang='lat' dir='ltr'><strong>insula</strong></span> <span class='ocrx_word' id='word_1_551' title='bbox 2417 3879 2628 3946; x_wconf 86' lang='lat' dir='ltr'><strong>Sitdiu,</strong></span> <span class='ocrx_word' id='word_1_552' title='bbox 2670 3881 2755 3934; x_wconf 81' lang='lat' dir='ltr'><strong>ubi</strong></span> <span class='ocrx_word' id='word_1_553' title='bbox 2795 3881 3011 3936; x_wconf 88' lang='lat' dir='ltr'><strong>iuautea</strong></span> <span class='ocrx_word' id='word_1_554' title='bbox 3061 3881 3444 3936; x_wconf 88' lang='lat' dir='ltr'><strong>monasterium</strong></span> <span class='ocrx_word' id='word_1_555' title='bbox 3491 3882 3544 3935; x_wconf 90' lang='lat' dir='ltr'><strong>iu</strong></span> 
     </span>
    </p>
   </div>
   <div class='ocr_carea' id='block_1_84' title="bbox 1979 3971 3555 4040">
    <p class='ocr_par' dir='ltr' id='par_1_84' title="bbox 1979 3971 3555 4040">
     <span class='ocr_line' id='line_1_84' title="bbox 1979 3971 3555 4040; baseline 0.001 -16"><span class='ocrx_word' id='word_1_556' title='bbox 1979 3971 2074 4026; x_wconf 88' lang='lat' dir='ltr'><strong>Dei</strong></span> <span class='ocrx_word' id='word_1_557' title='bbox 2128 3975 2346 4026; x_wconf 80' lang='lat' dir='ltr'><strong>nomine</strong></span> <span class='ocrx_word' id='word_1_558' title='bbox 2393 3971 2672 4026; x_wconf 85' lang='lat' dir='ltr'><strong>edilieatus</strong></span> <span class='ocrx_word' id='word_1_559' title='bbox 2711 3986 2828 4026; x_wconf 89' lang='lat' dir='ltr'><strong>esse</strong></span> <span class='ocrx_word' id='word_1_560' title='bbox 2869 3972 3098 4038; x_wconf 91' lang='lat' dir='ltr'><strong>videtur,</strong></span> <span class='ocrx_word' id='word_1_561' title='bbox 3129 3981 3184 4025; x_wconf 89' lang='lat' dir='ltr'><strong>et</strong></span> <span class='ocrx_word' id='word_1_562' title='bbox 3234 3972 3555 4040; x_wconf 86' lang='lat' dir='ltr'><strong>regulariter</strong></span> 
     </span>
    </p>
   </div>
   <div class='ocr_carea' id='block_1_85' title="bbox 1977 4063 3550 4128">
    <p class='ocr_par' dir='ltr' id='par_1_85' title="bbox 1977 4063 3550 4128">
     <span class='ocr_line' id='line_1_85' title="bbox 1977 4063 3550 4128; baseline 0.003 -13"><span class='ocrx_word' id='word_1_563' title='bbox 1977 4065 2218 4118; x_wconf 75' lang='lat' dir='ltr'><strong>viventes</strong></span> <span class='ocrx_word' id='word_1_564' title='bbox 2264 4066 2490 4117; x_wconf 81' lang='lat' dir='ltr'><strong>aderant</strong></span> <span class='ocrx_word' id='word_1_565' title='bbox 2538 4064 2786 4118; x_wconf 89' lang='lat' dir='ltr'><strong>monachi</strong></span> <span class='ocrx_word' id='word_1_566' title='bbox 2839 4066 2936 4117; x_wconf 90' lang='lat' dir='ltr'><strong>sub</strong></span> <span class='ocrx_word' id='word_1_567' title='bbox 2973 4063 3222 4120; x_wconf 86' lang='lat' dir='ltr'><strong>libertate</strong></span> <span class='ocrx_word' id='word_1_568' title='bbox 3250 4066 3550 4128; x_wconf 78' lang='lat' dir='ltr'><strong>Constituti,</strong></span> 
     </span>
    </p>
   </div>
   <div class='ocr_carea' id='block_1_86' title="bbox 1978 4155 3554 4224">
    <p class='ocr_par' dir='ltr' id='par_1_86' title="bbox 1978 4155 3554 4224">
     <span class='ocr_line' id='line_1_86' title="bbox 1978 4155 3554 4224; baseline 0.002 -16"><span class='ocrx_word' id='word_1_569' title='bbox 1978 4155 2176 4208; x_wconf 90' lang='lat' dir='ltr'><strong>ibidem</strong></span> <span class='ocrx_word' id='word_1_570' title='bbox 2207 4155 2406 4223; x_wconf 88' lang='lat' dir='ltr'><strong>pariter</strong></span> <span class='ocrx_word' id='word_1_571' title='bbox 2434 4170 2554 4208; x_wconf 88' lang='lat' dir='ltr'><strong>cum</strong></span> <span class='ocrx_word' id='word_1_572' title='bbox 2580 4155 2707 4224; x_wconf 84' lang='lat' dir='ltr'><strong>ipsis</strong></span> <span class='ocrx_word' id='word_1_573' title='bbox 2738 4155 3034 4220; x_wconf 88' lang='lat' dir='ltr'><strong>monachis,</strong></span> <span class='ocrx_word' id='word_1_574' title='bbox 3078 4171 3174 4224; x_wconf 92' lang='lat' dir='ltr'><strong>pro</strong></span> <span class='ocrx_word' id='word_1_575' title='bbox 3207 4171 3392 4212; x_wconf 88' lang='lat' dir='ltr'><strong>eorum</strong></span> <span class='ocrx_word' id='word_1_576' title='bbox 3426 4175 3554 4212; x_wconf 89' lang='lat' dir='ltr'><strong>con—</strong></span> 
     </span>
    </p>
   </div>
   <div class='ocr_carea' id='block_1_87' title="bbox 1977 4247 3550 4318">
    <p class='ocr_par' dir='ltr' id='par_1_87' title="bbox 1977 4247 3550 4318">
     <span class='ocr_line' id='line_1_87' title="bbox 1977 4247 3550 4318; baseline 0.001 -17"><span class='ocrx_word' id='word_1_577' title='bbox 1977 4247 2244 4302; x_wconf 87' lang='lat' dir='ltr'><strong>solatione</strong></span> <span class='ocrx_word' id='word_1_578' title='bbox 2269 4247 2352 4301; x_wconf 92' lang='lat' dir='ltr'><strong>vel</strong></span> <span class='ocrx_word' id='word_1_579' title='bbox 2403 4247 2691 4314; x_wconf 68' lang='lat' dir='ltr'><strong>adiutorio,</strong></span> <span class='ocrx_word' id='word_1_580' title='bbox 2729 4248 3002 4300; x_wconf 87' lang='lat' dir='ltr'><strong>basilicam</strong></span> <span class='ocrx_word' id='word_1_581' title='bbox 3045 4249 3315 4303; x_wconf 87' lang='lat' dir='ltr'><strong>communi</strong></span> <span class='ocrx_word' id='word_1_582' title='bbox 3367 4266 3550 4318; x_wconf 86' lang='lat' dir='ltr'><strong>opere,</strong></span> 
     </span>
    </p>
   </div>
   <div class='ocr_carea' id='block_1_88' title="bbox 1978 4341 3554 4409">
    <p class='ocr_par' dir='ltr' id='par_1_88' title="bbox 1978 4341 3554 4409">
     <span class='ocr_line' id='line_1_88' title="bbox 1978 4341 3554 4409; baseline 0.001 -15"><span class='ocrx_word' id='word_1_583' title='bbox 1978 4342 2040 4395; x_wconf 88' lang='lat' dir='ltr'><strong>ad</strong></span> <span class='ocrx_word' id='word_1_584' title='bbox 2083 4356 2309 4409; x_wconf 85' lang='lat' dir='ltr'><strong>corpora</strong></span> <span class='ocrx_word' id='word_1_585' title='bbox 2341 4355 2524 4394; x_wconf 65' lang='lat' dir='ltr'><strong>eorum</strong></span> <span class='ocrx_word' id='word_1_586' title='bbox 2551 4341 2633 4392; x_wconf 86' lang='lat' dir='ltr'><strong>vel</strong></span> <span class='ocrx_word' id='word_1_587' title='bbox 2679 4349 2920 4395; x_wconf 89' lang='lat' dir='ltr'><strong>nostrum</strong></span> <span class='ocrx_word' id='word_1_588' title='bbox 2965 4341 3287 4408; x_wconf 90' lang='lat' dir='ltr'><strong>quiescenda</strong></span> <span class='ocrx_word' id='word_1_589' title='bbox 3333 4341 3554 4397; x_wconf 77' lang='lat' dir='ltr'><strong>editica-</strong></span> 
     </span>
    </p>
   </div>
   <div class='ocr_carea' id='block_1_89' title="bbox 1979 4434 3553 4504">
    <p class='ocr_par' dir='ltr' id='par_1_89' title="bbox 1979 4434 3553 4504">
     <span class='ocr_line' id='line_1_89' title="bbox 1979 4434 3553 4504; baseline 0.001 -16"><span class='ocrx_word' id='word_1_590' title='bbox 1979 4435 2169 4499; x_wconf 88' lang='lat' dir='ltr'><strong>vimus,</strong></span> <span class='ocrx_word' id='word_1_591' title='bbox 2200 4435 2251 4486; x_wconf 90' lang='lat' dir='ltr'><strong>in</strong></span> <span class='ocrx_word' id='word_1_592' title='bbox 2284 4434 2545 4487; x_wconf 79' lang='lat' dir='ltr'><strong>honorem</strong></span> <span class='ocrx_word' id='word_1_593' title='bbox 2593 4442 2812 4488; x_wconf 87' lang='lat' dir='ltr'><strong>sanctae</strong></span> <span class='ocrx_word' id='word_1_594' title='bbox 2858 4436 3076 4499; x_wconf 82' lang='lat' dir='ltr'><strong>Mariae,</strong></span> <span class='ocrx_word' id='word_1_595' title='bbox 3107 4437 3400 4504; x_wconf 83' lang='lat' dir='ltr'><strong>genetricis</strong></span> <span class='ocrx_word' id='word_1_596' title='bbox 3452 4439 3553 4490; x_wconf 86' lang='lat' dir='ltr'><strong>Do-</strong></span> 
     </span>
    </p>
   </div>
   <div class='ocr_carea' id='block_1_90' title="bbox 1976 4524 3551 4596">
    <p class='ocr_par' dir='ltr' id='par_1_90' title="bbox 1976 4524 3551 4596">
     <span class='ocr_line' id='line_1_90' title="bbox 1976 4524 3551 4596; baseline 0.001 -16"><span class='ocrx_word' id='word_1_597' title='bbox 1976 4527 2104 4580; x_wconf 91' lang='lat' dir='ltr'><strong>mini</strong></span> <span class='ocrx_word' id='word_1_598' title='bbox 2132 4525 2297 4579; x_wconf 89' lang='lat' dir='ltr'><strong>nostri</strong></span> <span class='ocrx_word' id='word_1_599' title='bbox 2325 4524 2452 4578; x_wconf 69' lang='lat' dir='ltr'><strong>.lesu</strong></span> <span class='ocrx_word' id='word_1_600' title='bbox 2484 4524 2705 4589; x_wconf 85' lang='lat' dir='ltr'><strong>Christi,</strong></span> <span class='ocrx_word' id='word_1_601' title='bbox 2737 4533 2794 4577; x_wconf 91' lang='lat' dir='ltr'><strong>ut</strong></span> <span class='ocrx_word' id='word_1_602' title='bbox 2830 4524 2880 4577; x_wconf 91' lang='lat' dir='ltr'><strong>in</strong></span> <span class='ocrx_word' id='word_1_603' title='bbox 2918 4527 3282 4596; x_wconf 89' lang='lat' dir='ltr'><strong>suprascripta</strong></span> <span class='ocrx_word' id='word_1_604' title='bbox 3313 4527 3551 4596; x_wconf 83' lang='lat' dir='ltr'><strong>basilica,</strong></span> 
     </span>
    </p>
   </div>
   <div class='ocr_carea' id='block_1_91' title="bbox 293 4603 1868 4700">
    <p class='ocr_par' dir='ltr' id='par_1_91' title="bbox 293 4603 1865 4672">
     <span class='ocr_line' id='line_1_91' title="bbox 293 4603 1865 4672; baseline -0.001 -14"><span class='ocrx_word' id='word_1_605' title='bbox 293 4604 621 4669; x_wconf 76' lang='lat' dir='ltr'><strong>llughierius</strong></span> <span class='ocrx_word' id='word_1_606' title='bbox 663 4611 916 4672; x_wconf 87' lang='lat' dir='ltr'><strong>peccator</strong></span> <span class='ocrx_word' id='word_1_607' title='bbox 948 4603 1088 4658; x_wconf 91' lang='lat' dir='ltr'><strong>hunc</strong></span> <span class='ocrx_word' id='word_1_608' title='bbox 1120 4604 1456 4672; x_wconf 89' lang='lat' dir='ltr'><strong>privilegium</strong></span> <span class='ocrx_word' id='word_1_609' title='bbox 1505 4607 1865 4660; x_wconf 82' lang='lat' dir='ltr'><strong>consentiens.</strong></span> 
     </span>
    </p>
   </div>
   <div class='ocr_carea' id='block_1_92' title="bbox 1967 4603 3548 4700">
    <p class='ocr_par' dir='ltr' id='par_1_92' title="bbox 1976 4617 3548 4688">
     <span class='ocr_line' id='line_1_92' title="bbox 1976 4617 3548 4688; baseline 0 -14"><span class='ocrx_word' id='word_1_610' title='bbox 1976 4620 2126 4688; x_wconf 81' lang='lat' dir='ltr'><strong>juxta</strong></span> <span class='ocrx_word' id='word_1_611' title='bbox 2171 4619 2405 4687; x_wconf 90' lang='lat' dir='ltr'><strong>ipsormu</strong></span> <span class='ocrx_word' id='word_1_612' title='bbox 2457 4619 2676 4682; x_wconf 71' lang='lat' dir='ltr'><strong>fratrum</strong></span> <span class='ocrx_word' id='word_1_613' title='bbox 2727 4617 3086 4685; x_wconf 78' lang='lat' dir='ltr'><strong>plenissimam</strong></span> <span class='ocrx_word' id='word_1_614' title='bbox 3141 4621 3421 4676; x_wconf 87' lang='lat' dir='ltr'><strong>caritatem</strong></span> <span class='ocrx_word' id='word_1_615' title='bbox 3450 4664 3464 4687; x_wconf 97' lang='lat'><strong>,</strong></span> <span class='ocrx_word' id='word_1_616' title='bbox 3499 4622 3548 4674; x_wconf 92' lang='lat' dir='ltr'><strong>in</strong></span> 
     </span>
    </p>
   </div>
   <div class='ocr_carea' id='block_1_93' title="bbox 292 4697 1866 4766">
    <p class='ocr_par' dir='ltr' id='par_1_93' title="bbox 292 4697 1866 4766">
     <span class='ocr_line' id='line_1_93' title="bbox 292 4697 1866 4766; baseline -0.001 -13"><span class='ocrx_word' id='word_1_617' title='bbox 292 4698 704 4753; x_wconf 86' lang='lat' dir='ltr'><strong>Chrodobertus</strong></span> <span class='ocrx_word' id='word_1_618' title='bbox 732 4705 982 4766; x_wconf 88' lang='lat' dir='ltr'><strong>peccator</strong></span> <span class='ocrx_word' id='word_1_619' title='bbox 1005 4697 1146 4750; x_wconf 90' lang='lat' dir='ltr'><strong>hunc</strong></span> <span class='ocrx_word' id='word_1_620' title='bbox 1178 4697 1512 4766; x_wconf 89' lang='lat' dir='ltr'><strong>privilegium</strong></span> <span class='ocrx_word' id='word_1_621' title='bbox 1541 4713 1692 4753; x_wconf 90' lang='lat' dir='ltr'><strong>cons.</strong></span> <span class='ocrx_word' id='word_1_622' title='bbox 1727 4697 1866 4752; x_wconf 84' lang='lat' dir='ltr'><strong>Bur-</strong></span> 
     </span>
    </p>
   </div>
   <div class='ocr_carea' id='block_1_94' title="bbox 431 4869 1843 4940">
    <p class='ocr_par' dir='ltr' id='par_1_94' title="bbox 431 4869 1843 4940">
     <span class='ocr_line' id='line_1_94' title="bbox 431 4869 1843 4940; baseline 0 -16"><span class='ocrx_word' id='word_1_623' title='bbox 431 4871 650 4924; x_wconf 83' lang='lat' dir='ltr'><strong>Edimns</strong></span> <span class='ocrx_word' id='word_1_624' title='bbox 671 4869 818 4938; x_wconf 87' lang='lat' dir='ltr'><strong>juxta</strong></span> <span class='ocrx_word' id='word_1_625' title='bbox 833 4871 1204 4940; x_wconf 83' lang='lat' dir='ltr'><strong>apographum</strong></span> <span class='ocrx_word' id='word_1_626' title='bbox 1227 4871 1367 4938; x_wconf 88' lang='lat' dir='ltr'><strong>quod</strong></span> <span class='ocrx_word' id='word_1_627' title='bbox 1396 4871 1454 4923; x_wconf 92' lang='lat' dir='ltr'><strong>D.</strong></span> <span class='ocrx_word' id='word_1_628' title='bbox 1472 4870 1637 4936; x_wconf 71' lang='lat' dir='ltr'><strong>Wite,</strong></span> <span class='ocrx_word' id='word_1_629' title='bbox 1744 4871 1843 4925; x_wconf 73' lang='grc' dir='ltr'><strong>Βρι-</strong></span> 
     </span>
    </p>
   </div>
   <div class='ocr_carea' id='block_1_95' title="bbox 297 4939 1873 5006">
    <p class='ocr_par' dir='ltr' id='par_1_95' title="bbox 297 4939 1873 5006">
     <span class='ocr_line' id='line_1_95' title="bbox 297 4939 1873 5006; baseline -0.002 -9"><span class='ocrx_word' id='word_1_630' title='bbox 297 4943 396 4997; x_wconf 90' lang='lat' dir='ltr'><strong>tini</strong></span> <span class='ocrx_word' id='word_1_631' title='bbox 440 4943 673 4995; x_wconf 79' lang='lat' dir='ltr'><strong>archivis</strong></span> <span class='ocrx_word' id='word_1_632' title='bbox 726 4939 1027 5006; x_wconf 71' lang='lat' dir='ltr'><strong>prtefectus,</strong></span> <span class='ocrx_word' id='word_1_633' title='bbox 1084 4956 1147 4994; x_wconf 82' lang='lat' dir='ltr'><strong>ex</strong></span> <span class='ocrx_word' id='word_1_634' title='bbox 1193 4941 1438 5005; x_wconf 84' lang='lat' dir='ltr'><strong>originali</strong></span> <span class='ocrx_word' id='word_1_635' title='bbox 1487 4943 1788 5005; x_wconf 68' lang='lat' dir='ltr'><strong>exscripsit,</strong></span> <span class='ocrx_word' id='word_1_636' title='bbox 1820 4953 1873 4995; x_wconf 85' lang='lat' dir='ltr'><strong>et</strong></span> 
     </span>
    </p>
   </div>
   <div class='ocr_carea' id='block_1_96' title="bbox 291 5009 1872 5078">
    <p class='ocr_par' dir='ltr' id='par_1_96' title="bbox 291 5009 1872 5078">
     <span class='ocr_line' id='line_1_96' title="bbox 291 5009 1872 5078; baseline -0.002 -9"><span class='ocrx_word' id='word_1_637' title='bbox 291 5030 418 5068; x_wconf 88' lang='lat' dir='ltr'><strong>cum</strong></span> <span class='ocrx_word' id='word_1_638' title='bbox 462 5011 789 5065; x_wconf 89' lang='lat' dir='ltr'><strong>chartulario</strong></span> <span class='ocrx_word' id='word_1_639' title='bbox 832 5009 1075 5078; x_wconf 81' lang='lat' dir='ltr'><strong>Folquioi</strong></span> <span class='ocrx_word' id='word_1_640' title='bbox 1117 5011 1367 5063; x_wconf 86' lang='lat' dir='ltr'><strong>collatqu</strong></span> <span class='ocrx_word' id='word_1_641' title='bbox 1423 5027 1564 5064; x_wconf 86' lang='lat' dir='ltr'><strong>anno</strong></span> <span class='ocrx_word' id='word_1_642' title='bbox 1606 5011 1757 5074; x_wconf 72' lang='lat'><strong>1782,</strong></span> <span class='ocrx_word' id='word_1_643' title='bbox 1822 5014 1872 5067; x_wconf 94' lang='lat' dir='ltr'><strong>in</strong></span> 
     </span>
    </p>
   </div>
   <div class='ocr_carea' id='block_1_97' title="bbox 291 5081 1868 5149">
    <p class='ocr_par' dir='ltr' id='par_1_97' title="bbox 291 5081 1868 5149">
     <span class='ocr_line' id='line_1_97' title="bbox 291 5081 1868 5149; baseline 0.001 -15"><span class='ocrx_word' id='word_1_644' title='bbox 291 5081 736 5149; x_wconf 62' lang='lat' dir='ltr'><strong>r-harloidivlacio</strong></span> <span class='ocrx_word' id='word_1_645' title='bbox 776 5090 956 5133; x_wconf 67' lang='lat' dir='ltr'><strong>ttoslr.)</strong></span> <span class='ocrx_word' id='word_1_646' title='bbox 987 5083 1053 5134; x_wconf 82' lang='lat' dir='ltr'><strong>de</strong></span> <span class='ocrx_word' id='word_1_647' title='bbox 1077 5083 1252 5134; x_wconf 63' lang='lat' dir='ltr'><strong>insuit.</strong></span> <span class='ocrx_word' id='word_1_648' title='bbox 1280 5081 1476 5134; x_wconf 77' lang='lat' dir='ltr'><strong>Charta</strong></span> <span class='ocrx_word' id='word_1_649' title='bbox 1506 5100 1532 5131; x_wconf 58' lang='lat' dir='ltr'><strong>Pl</strong></span> <span class='ocrx_word' id='word_1_650' title='bbox 1586 5083 1722 5135; x_wconf 82' lang='lat' dir='ltr'><strong>hanc</strong></span> <span class='ocrx_word' id='word_1_651' title='bbox 1752 5083 1868 5146; x_wconf 83' lang='lat' dir='ltr'><strong>jam</strong></span> 
     </span>
    </p>
   </div>
   <div class='ocr_carea' id='block_1_98' title="bbox 292 5149 1868 5219">
    <p class='ocr_par' dir='ltr' id='par_1_98' title="bbox 292 5149 1868 5219">
     <span class='ocr_line' id='line_1_98' title="bbox 292 5149 1868 5219; baseline -0.001 -13"><span class='ocrx_word' id='word_1_652' title='bbox 292 5162 608 5219; x_wconf 75' lang='lat' dir='ltr'><strong>vn~gaverat</strong></span> <span class='ocrx_word' id='word_1_653' title='bbox 632 5149 1049 5217; x_wconf 56' lang='lat' dir='ltr'><strong>Malhranchle</strong></span> <span class='ocrx_word' id='word_1_654' title='bbox 1077 5151 1315 5214; x_wconf 76' lang='lat' dir='ltr'><strong>Morinis,</strong></span> <span class='ocrx_word' id='word_1_655' title='bbox 1343 5161 1380 5205; x_wconf 88' lang='grc' dir='ltr'><strong>ι.</strong></span> <span class='ocrx_word' id='word_1_656' title='bbox 1407 5151 1443 5212; x_wconf 86' lang='lat' dir='ltr'><strong>l,</strong></span> <span class='ocrx_word' id='word_1_657' title='bbox 1470 5167 1589 5219; x_wconf 76' lang='lat' dir='ltr'><strong>pag.</strong></span> <span class='ocrx_word' id='word_1_658' title='bbox 1620 5153 1738 5204; x_wconf 70' lang='lat' dir='ltr'><strong>tibi).</strong></span> <span class='ocrx_word' id='word_1_659' title='bbox 1763 5153 1868 5205; x_wconf 89' lang='lat' dir='ltr'><strong>llu-</strong></span> 
     </span>
    </p>
   </div>
   <div class='ocr_carea' id='block_1_99' title="bbox 285 5221 1868 5290">
    <p class='ocr_par' dir='ltr' id='par_1_99' title="bbox 285 5221 1868 5290">
     <span class='ocr_line' id='line_1_99' title="bbox 285 5221 1868 5290; baseline 0.001 -16"><span class='ocrx_word' id='word_1_660' title='bbox 285 5224 377 5290; x_wconf 85' lang='lat' dir='ltr'><strong>jus</strong></span> <span class='ocrx_word' id='word_1_661' title='bbox 427 5225 780 5290; x_wconf 58' lang='lat' dir='ltr'><strong>ii-agnieutum</strong></span> <span class='ocrx_word' id='word_1_662' title='bbox 835 5221 1190 5290; x_wconf 70' lang='lat' dir='ltr'><strong>Maiiiliotiius,</strong></span> <span class='ocrx_word' id='word_1_663' title='bbox 1246 5223 1296 5275; x_wconf 93' lang='lat' dir='ltr'><strong>in</strong></span> <span class='ocrx_word' id='word_1_664' title='bbox 1347 5221 1636 5275; x_wconf 63' lang='lat' dir='ltr'><strong>Annalibus</strong></span> <span class='ocrx_word' id='word_1_665' title='bbox 1671 5223 1868 5276; x_wconf 54' lang='lat' dir='ltr'><strong>lien-nd.</strong></span> 
     </span>
    </p>
   </div>
   <div class='ocr_carea' id='block_1_100' title="bbox 293 5288 1866 5356">
    <p class='ocr_par' dir='ltr' id='par_1_100' title="bbox 293 5288 1866 5356">
     <span class='ocr_line' id='line_1_100' title="bbox 293 5288 1866 5356; baseline -0.001 -11"><span class='ocrx_word' id='word_1_666' title='bbox 293 5288 542 5353; x_wconf 72' lang='lat' dir='ltr'><strong>inseruit,</strong></span> <span class='ocrx_word' id='word_1_667' title='bbox 589 5300 625 5343; x_wconf 92' lang='lat' dir='ltr'><strong>t.</strong></span> <span class='ocrx_word' id='word_1_668' title='bbox 661 5289 700 5351; x_wconf 91' lang='grc' dir='ltr'><strong>Ι,</strong></span> <span class='ocrx_word' id='word_1_669' title='bbox 733 5304 850 5356; x_wconf 76' lang='lat' dir='ltr'><strong>pag.</strong></span> <span class='ocrx_word' id='word_1_670' title='bbox 879 5288 1001 5343; x_wconf 58' lang='grc' dir='ltr'><strong>ἑιὸὅ.</strong></span> <span class='ocrx_word' id='word_1_671' title='bbox 1039 5291 1282 5344; x_wconf 86' lang='lat' dir='ltr'><strong>Cointius</strong></span> <span class='ocrx_word' id='word_1_672' title='bbox 1311 5307 1461 5348; x_wconf 80' lang='lat' dir='ltr'><strong>vero.</strong></span> <span class='ocrx_word' id='word_1_673' title='bbox 1488 5293 1679 5344; x_wconf 80' lang='lat' dir='ltr'><strong>Annal.</strong></span> <span class='ocrx_word' id='word_1_674' title='bbox 1717 5301 1754 5348; x_wconf 90' lang='lat' dir='ltr'><strong>t.</strong></span> <span class='ocrx_word' id='word_1_675' title='bbox 1783 5293 1866 5351; x_wconf 84' lang='lat' dir='ltr'><strong>Ill,</strong></span> 
     </span>
    </p>
   </div>
   <div class='ocr_carea' id='block_1_101' title="bbox 291 5360 1870 5428">
    <p class='ocr_par' dir='ltr' id='par_1_101' title="bbox 291 5360 1870 5428">
     <span class='ocr_line' id='line_1_101' title="bbox 291 5360 1870 5428; baseline 0 -14"><span class='ocrx_word' id='word_1_676' title='bbox 291 5381 418 5428; x_wconf 54' lang='lat' dir='ltr'><strong>pag.</strong></span> <span class='ocrx_word' id='word_1_677' title='bbox 445 5361 567 5420; x_wconf 63' lang='lat'><strong>.316,</strong></span> <span class='ocrx_word' id='word_1_678' title='bbox 604 5361 704 5411; x_wconf 89' lang='lat' dir='ltr'><strong>hoc</strong></span> <span class='ocrx_word' id='word_1_679' title='bbox 729 5360 1140 5414; x_wconf 69' lang='lat' dir='ltr'><strong>insit-uinculum</strong></span> <span class='ocrx_word' id='word_1_680' title='bbox 1169 5362 1492 5423; x_wconf 68' lang='lat' dir='ltr'><strong>antandzn&#39;it,</strong></span> <span class='ocrx_word' id='word_1_681' title='bbox 1524 5363 1676 5428; x_wconf 88' lang='lat' dir='ltr'><strong>quasi</strong></span> <span class='ocrx_word' id='word_1_682' title='bbox 1697 5363 1870 5414; x_wconf 65' lang='lat' dir='ltr'><strong>dubim</strong></span> 
     </span>
    </p>
   </div>
   <div class='ocr_carea' id='block_1_102' title="bbox 293 5429 1870 5500">
    <p class='ocr_par' dir='ltr' id='par_1_102' title="bbox 293 5429 1870 5500">
     <span class='ocr_line' id='line_1_102' title="bbox 293 5429 1870 5500; baseline -0.001 -17"><span class='ocrx_word' id='word_1_683' title='bbox 293 5434 437 5487; x_wconf 61' lang='lat' dir='ltr'><strong>limi.</strong></span> <span class='ocrx_word' id='word_1_684' title='bbox 473 5447 578 5482; x_wconf 84' lang='lat' dir='ltr'><strong>non</strong></span> <span class='ocrx_word' id='word_1_685' title='bbox 612 5445 645 5495; x_wconf 82' lang='grc' dir='ltr'><strong>(ι</strong></span> <span class='ocrx_word' id='word_1_686' title='bbox 672 5430 754 5500; x_wconf 60' lang='lat' dir='ltr'><strong>rod</strong></span> <span class='ocrx_word' id='word_1_687' title='bbox 803 5429 998 5494; x_wconf 71' lang='lat' dir='ltr'><strong>aliquid</strong></span> <span class='ocrx_word' id='word_1_688' title='bbox 1029 5430 1264 5484; x_wconf 72' lang='lat' dir='ltr'><strong>historia:</strong></span> <span class='ocrx_word' id='word_1_689' title='bbox 1294 5433 1619 5483; x_wconf 87' lang='lat' dir='ltr'><strong>contrarium</strong></span> <span class='ocrx_word' id='word_1_690' title='bbox 1665 5433 1870 5500; x_wconf 53' lang='lat' dir='ltr'><strong>ampla.-</strong></span> 
     </span>
    </p>
   </div>
   <div class='ocr_carea' id='block_1_103' title="bbox 289 5497 1870 5568">
    <p class='ocr_par' dir='ltr' id='par_1_103' title="bbox 289 5497 1870 5568">
     <span class='ocr_line' id='line_1_103' title="bbox 289 5497 1870 5568; baseline -0.001 -11"><span class='ocrx_word' id='word_1_691' title='bbox 289 5512 560 5567; x_wconf 76' lang='lat' dir='ltr'><strong>cterctur,</strong></span> <span class='ocrx_word' id='word_1_692' title='bbox 593 5497 686 5551; x_wconf 64' lang='lat' dir='ltr'><strong>sed</strong></span> <span class='ocrx_word' id='word_1_693' title='bbox 714 5508 928 5564; x_wconf 71' lang='lat' dir='ltr'><strong>propter</strong></span> <span class='ocrx_word' id='word_1_694' title='bbox 949 5501 1205 5566; x_wconf 84' lang='lat' dir='ltr'><strong>quasdam</strong></span> <span class='ocrx_word' id='word_1_695' title='bbox 1231 5517 1607 5568; x_wconf 83' lang='lat' dir='ltr'><strong>episcoporum</strong></span> <span class='ocrx_word' id='word_1_696' title='bbox 1641 5497 1870 5555; x_wconf 74' lang='lat' dir='ltr'><strong>subscri-</strong></span> 
     </span>
    </p>
   </div>
   <div class='ocr_carea' id='block_1_104' title="bbox 291 5569 1866 5640">
    <p class='ocr_par' dir='ltr' id='par_1_104' title="bbox 291 5569 1866 5640">
     <span class='ocr_line' id='line_1_104' title="bbox 291 5569 1866 5640; baseline -0.001 -14"><span class='ocrx_word' id='word_1_697' title='bbox 291 5576 528 5640; x_wconf 71' lang='lat' dir='ltr'><strong>ptiomts.</strong></span> <span class='ocrx_word' id='word_1_698' title='bbox 563 5569 630 5621; x_wconf 87' lang='lat' dir='ltr'><strong>de</strong></span> <span class='ocrx_word' id='word_1_699' title='bbox 680 5569 874 5640; x_wconf 80' lang='lat' dir='ltr'><strong>quibus</strong></span> <span class='ocrx_word' id='word_1_700' title='bbox 921 5572 1052 5640; x_wconf 77' lang='lat' dir='ltr'><strong>intra</strong></span> <span class='ocrx_word' id='word_1_701' title='bbox 1101 5571 1355 5624; x_wconf 89' lang='lat' dir='ltr'><strong>dicemus.</strong></span> <span class='ocrx_word' id='word_1_702' title='bbox 1412 5571 1642 5623; x_wconf 75' lang='lat' dir='ltr'><strong>Fortiter</strong></span> <span class='ocrx_word' id='word_1_703' title='bbox 1695 5574 1866 5640; x_wconf 89' lang='lat' dir='ltr'><strong>impu-</strong></span> 
     </span>
    </p>
   </div>
   <div class='ocr_carea' id='block_1_105' title="bbox 288 5637 1867 5711">
    <p class='ocr_par' dir='ltr' id='par_1_105' title="bbox 288 5637 1867 5711">
     <span class='ocr_line' id='line_1_105' title="bbox 288 5637 1867 5711; baseline 0 -17"><span class='ocrx_word' id='word_1_704' title='bbox 288 5637 452 5711; x_wconf 77' lang='lat' dir='ltr'><strong>gnata</strong></span> <span class='ocrx_word' id='word_1_705' title='bbox 491 5642 701 5702; x_wconf 85' lang='lat' dir='ltr'><strong>charta,</strong></span> <span class='ocrx_word' id='word_1_706' title='bbox 736 5637 922 5711; x_wconf 65' lang='lat' dir='ltr'><strong>fortius</strong></span> <span class='ocrx_word' id='word_1_707' title='bbox 953 5639 1168 5711; x_wconf 74' lang='lat' dir='ltr'><strong>defensa</strong></span> <span class='ocrx_word' id='word_1_708' title='bbox 1203 5641 1624 5708; x_wconf 61' lang='lat' dir='ltr'><strong>l&#39;uit,pr;usertim</strong></span> <span class='ocrx_word' id='word_1_709' title='bbox 1657 5642 1706 5694; x_wconf 91' lang='lat' dir='ltr'><strong>in</strong></span> <span class='ocrx_word' id='word_1_710' title='bbox 1736 5637 1867 5694; x_wconf 79' lang='lat' dir='ltr'><strong>scri-</strong></span> 
     </span>
    </p>
   </div>
   <div class='ocr_carea' id='block_1_106' title="bbox 292 5709 1867 5782">
    <p class='ocr_par' dir='ltr' id='par_1_106' title="bbox 292 5709 1867 5782">
     <span class='ocr_line' id='line_1_106' title="bbox 292 5709 1867 5782; baseline -0.001 -16"><span class='ocrx_word' id='word_1_711' title='bbox 292 5709 398 5782; x_wconf 81' lang='lat' dir='ltr'><strong>ptis</strong></span> <span class='ocrx_word' id='word_1_712' title='bbox 430 5727 552 5780; x_wconf 70' lang='lat' dir='ltr'><strong>qum</strong></span> <span class='ocrx_word' id='word_1_713' title='bbox 577 5709 943 5782; x_wconf 74' lang='lat' dir='ltr'><strong>de_origio_ect</strong></span> <span class='ocrx_word' id='word_1_714' title='bbox 981 5709 1184 5782; x_wconf 75' lang='lat' dir='ltr'><strong>jurilms</strong></span> <span class='ocrx_word' id='word_1_715' title='bbox 1216 5712 1562 5764; x_wconf 77' lang='lat' dir='ltr'><strong>ecclesiarum</strong></span> <span class='ocrx_word' id='word_1_716' title='bbox 1596 5712 1651 5764; x_wconf 87' lang='lat' dir='ltr'><strong>S.</strong></span> <span class='ocrx_word' id='word_1_717' title='bbox 1690 5711 1867 5764; x_wconf 85' lang='lat' dir='ltr'><strong>.\udo-</strong></span> 
     </span>
    </p>
   </div>
   <div class='ocr_carea' id='block_1_107' title="bbox 289 5778 1866 5847">
    <p class='ocr_par' dir='ltr' id='par_1_107' title="bbox 289 5778 1866 5847">
     <span class='ocr_line' id='line_1_107' title="bbox 289 5778 1866 5847; baseline -0.004 -11"><span class='ocrx_word' id='word_1_718' title='bbox 289 5778 518 5836; x_wconf 28' lang='lat' dir='ltr'><strong>inarivet</strong></span> <span class='ocrx_word' id='word_1_719' title='bbox 551 5794 606 5830; x_wconf 54' lang='grc' dir='ltr'><strong>θη.</strong></span> <span class='ocrx_word' id='word_1_720' title='bbox 648 5778 852 5831; x_wconf 76' lang='lat' dir='ltr'><strong>Berliui</strong></span> <span class='ocrx_word' id='word_1_721' title='bbox 887 5796 980 5831; x_wconf 70' lang='lat' dir='ltr'><strong>seu</strong></span> <span class='ocrx_word' id='word_1_722' title='bbox 1009 5781 1292 5835; x_wconf 81' lang='lat' dir='ltr'><strong>Silhiensis</strong></span> <span class='ocrx_word' id='word_1_723' title='bbox 1317 5782 1622 5833; x_wconf 70' lang='lat' dir='ltr'><strong>monasterii</strong></span> <span class='ocrx_word' id='word_1_724' title='bbox 1657 5783 1866 5847; x_wconf 80' lang='lat' dir='ltr'><strong>prodie-</strong></span> 
     </span>
    </p>
   </div>
   <div class='ocr_carea' id='block_1_108' title="bbox 288 5848 1864 5917">
    <p class='ocr_par' dir='ltr' id='par_1_108' title="bbox 288 5848 1864 5917">
     <span class='ocr_line' id='line_1_108' title="bbox 288 5848 1864 5917; baseline -0.002 -10"><span class='ocrx_word' id='word_1_725' title='bbox 288 5863 432 5912; x_wconf 54' lang='lat' dir='ltr'><strong>t&#39;uut.</strong></span> <span class='ocrx_word' id='word_1_726' title='bbox 465 5868 622 5904; x_wconf 64' lang='lat' dir='ltr'><strong>annus</strong></span> <span class='ocrx_word' id='word_1_727' title='bbox 650 5848 786 5900; x_wconf 70' lang='lat'><strong>17.37</strong></span> <span class='ocrx_word' id='word_1_728' title='bbox 808 5859 858 5899; x_wconf 87' lang='lat' dir='ltr'><strong>ct</strong></span> <span class='ocrx_word' id='word_1_729' title='bbox 887 5849 1042 5902; x_wconf 52' lang='grc' dir='ltr'><strong>ΠΛ.</strong></span> <span class='ocrx_word' id='word_1_730' title='bbox 1076 5850 1277 5903; x_wconf 73' lang='lat' dir='ltr'><strong>Vidcsis</strong></span> <span class='ocrx_word' id='word_1_731' title='bbox 1309 5851 1379 5904; x_wconf 73' lang='lat' dir='ltr'><strong>lic</strong></span> <span class='ocrx_word' id='word_1_732' title='bbox 1406 5852 1539 5917; x_wconf 88' lang='lat' dir='ltr'><strong>orig.</strong></span> <span class='ocrx_word' id='word_1_733' title='bbox 1566 5851 1619 5903; x_wconf 84' lang='lat' dir='ltr'><strong>S.</strong></span> <span class='ocrx_word' id='word_1_734' title='bbox 1645 5850 1864 5917; x_wconf 81' lang='lat' dir='ltr'><strong>Bertiui,</strong></span> 
     </span>
    </p>
   </div>
   <div class='ocr_carea' id='block_1_109' title="bbox 295 5920 1861 5993">
    <p class='ocr_par' dir='ltr' id='par_1_109' title="bbox 295 5920 1861 5993">
     <span class='ocr_line' id='line_1_109' title="bbox 295 5920 1861 5993; baseline -0.001 -17"><span class='ocrx_word' id='word_1_735' title='bbox 295 5940 417 5993; x_wconf 85' lang='lat' dir='ltr'><strong>pag.</strong></span> <span class='ocrx_word' id='word_1_736' title='bbox 457 5922 520 5976; x_wconf 81' lang='grc'>71</span> <span class='ocrx_word' id='word_1_737' title='bbox 557 5930 611 5978; x_wconf 91' lang='lat' dir='ltr'><strong>et</strong></span> <span class='ocrx_word' id='word_1_738' title='bbox 657 5932 808 5986; x_wconf 89' lang='lat' dir='ltr'><strong>seqq.</strong></span> <span class='ocrx_word' id='word_1_739' title='bbox 861 5920 934 5974; x_wconf 80' lang='lat' dir='ltr'><strong>De</strong></span> <span class='ocrx_word' id='word_1_740' title='bbox 979 5921 1131 5985; x_wconf 87' lang='lat' dir='ltr'><strong>verit,</strong></span> <span class='ocrx_word' id='word_1_741' title='bbox 1173 5923 1295 5977; x_wconf 90' lang='lat' dir='ltr'><strong>hist.</strong></span> <span class='ocrx_word' id='word_1_742' title='bbox 1344 5921 1474 5976; x_wconf 85' lang='lat' dir='ltr'><strong>eccl.</strong></span> <span class='ocrx_word' id='word_1_743' title='bbox 1507 5921 1562 5975; x_wconf 87' lang='lat' dir='ltr'><strong>S.</strong></span> <span class='ocrx_word' id='word_1_744' title='bbox 1611 5921 1861 5986; x_wconf 77' lang='lat' dir='ltr'><strong>Audom.,</strong></span> 
     </span>
    </p>
   </div>
   <div class='ocr_carea' id='block_1_110' title="bbox 1975 4708 3540 4783">
    <p class='ocr_par' dir='ltr' id='par_1_110' title="bbox 1975 4708 3540 4783">
     <span class='ocr_line' id='line_1_110' title="bbox 1975 4708 3540 4783; baseline -0.004 -13"><span class='ocrx_word' id='word_1_745' title='bbox 1975 4715 2090 4783; x_wconf 75' lang='lat' dir='ltr'><strong>eius</strong></span> <span class='ocrx_word' id='word_1_746' title='bbox 2112 4710 2301 4766; x_wconf 89' lang='lat' dir='ltr'><strong>locello</strong></span> <span class='ocrx_word' id='word_1_747' title='bbox 2317 4709 2690 4778; x_wconf 81' lang='lat' dir='ltr'><strong>corpusculum</strong></span> <span class='ocrx_word' id='word_1_748' title='bbox 2722 4725 2895 4762; x_wconf 92' lang='lat' dir='ltr'><strong>meum</strong></span> <span class='ocrx_word' id='word_1_749' title='bbox 2925 4708 2949 4747; x_wconf 73' lang='grc' dir='ltr'>δ</span> <span class='ocrx_word' id='word_1_750' title='bbox 2983 4719 3102 4779; x_wconf 91' lang='lat' dir='ltr'><strong>post</strong></span> <span class='ocrx_word' id='word_1_751' title='bbox 3131 4711 3334 4765; x_wconf 73' lang='lat' dir='ltr'><strong>obitum</strong></span> <span class='ocrx_word' id='word_1_752' title='bbox 3365 4728 3540 4766; x_wconf 88' lang='lat' dir='ltr'><strong>meum</strong></span> 
     </span>
    </p>
   </div>
   <div class='ocr_carea' id='block_1_111' title="bbox 1975 4867 3544 4943">
    <p class='ocr_par' dir='ltr' id='par_1_111' title="bbox 1975 4867 3544 4943">
     <span class='ocr_line' id='line_1_111' title="bbox 1975 4867 3544 4943; baseline -0.004 -19"><span class='ocrx_word' id='word_1_753' title='bbox 1975 4889 2093 4943; x_wconf 72' lang='lat' dir='ltr'><strong>pag.</strong></span> <span class='ocrx_word' id='word_1_754' title='bbox 2122 4873 2220 4943; x_wconf 73' lang='grc'><strong>100</strong></span> <span class='ocrx_word' id='word_1_755' title='bbox 2246 4879 2301 4943; x_wconf 77' lang='lat' dir='ltr'><strong>et</strong></span> <span class='ocrx_word' id='word_1_756' title='bbox 2329 4885 2502 4943; x_wconf 80' lang='lat' dir='ltr'><strong>s_cqq.,</strong></span> <span class='ocrx_word' id='word_1_757' title='bbox 2528 4884 2640 4943; x_wconf 82' lang='lat' dir='ltr'><strong>_ucc_</strong></span> <span class='ocrx_word' id='word_1_758' title='bbox 2679 4867 2952 4943; x_wconf 61' lang='lat' dir='ltr'><strong>nouliipl.</strong></span> <span class='ocrx_word' id='word_1_759' title='bbox 2991 4885 3114 4943; x_wconf 85' lang='lat' dir='ltr'><strong>nov.</strong></span> <span class='ocrx_word' id='word_1_760' title='bbox 3168 4879 3203 4922; x_wconf 92' lang='lat' dir='ltr'><strong>t.</strong></span> <span class='ocrx_word' id='word_1_761' title='bbox 3224 4869 3295 4943; x_wconf 63' lang='grc' dir='ltr'><strong>Δν,</strong></span> <span class='ocrx_word' id='word_1_762' title='bbox 3323 4886 3441 4940; x_wconf 80' lang='lat' dir='ltr'><strong>pag.</strong></span> <span class='ocrx_word' id='word_1_763' title='bbox 3489 4871 3544 4934; x_wconf 80' lang='grc'><strong>5,</strong></span> 
     </span>
    </p>
   </div>
   <div class='ocr_carea' id='block_1_112' title="bbox 1975 4938 3543 4999">
    <p class='ocr_par' dir='ltr' id='par_1_112' title="bbox 1975 4938 3543 4999">
     <span class='ocr_line' id='line_1_112' title="bbox 1975 4938 3543 4999; baseline -0.001 -3"><span class='ocrx_word' id='word_1_764' title='bbox 1975 4938 2083 4996; x_wconf 76' lang='lat' dir='ltr'><strong>not.</strong></span> <span class='ocrx_word' id='word_1_765' title='bbox 2119 4940 2401 4999; x_wconf 75' lang='lat' dir='ltr'><strong>I’rivilegiu</strong></span> <span class='ocrx_word' id='word_1_766' title='bbox 2427 4958 2454 4988; x_wconf 80' lang='grc' dir='ltr'>ιι</span> <span class='ocrx_word' id='word_1_767' title='bbox 2493 4938 2750 4990; x_wconf 69' lang='lat' dir='ltr'><strong>absoluta:</strong></span> <span class='ocrx_word' id='word_1_768' title='bbox 2776 4938 3036 4992; x_wconf 82' lang='lat' dir='ltr'><strong>libertatis</strong></span> <span class='ocrx_word' id='word_1_769' title='bbox 3060 4941 3155 4993; x_wconf 84' lang='lat' dir='ltr'><strong>hac</strong></span> <span class='ocrx_word' id='word_1_770' title='bbox 3185 4941 3370 4994; x_wconf 82' lang='lat' dir='ltr'><strong>charta</strong></span> <span class='ocrx_word' id='word_1_771' title='bbox 3401 4938 3543 4994; x_wconf 71' lang='lat' dir='ltr'><strong>con-</strong></span> 
     </span>
    </p>
   </div>
   <div class='ocr_carea' id='block_1_113' title="bbox 1974 5008 3546 5074">
    <p class='ocr_par' dir='ltr' id='par_1_113' title="bbox 1974 5008 3546 5074">
     <span class='ocr_line' id='line_1_113' title="bbox 1974 5008 3546 5074; baseline -0.003 -6"><span class='ocrx_word' id='word_1_772' title='bbox 1974 5028 2181 5068; x_wconf 70' lang='lat' dir='ltr'><strong>cessum</strong></span> <span class='ocrx_word' id='word_1_773' title='bbox 2197 5010 2551 5062; x_wconf 77' lang='lat' dir='ltr'><strong>Sithieusibus</strong></span> <span class='ocrx_word' id='word_1_774' title='bbox 2568 5009 2792 5060; x_wconf 52' lang='lat' dir='ltr'><strong>solemni</strong></span> <span class='ocrx_word' id='word_1_775' title='bbox 2817 5009 3016 5074; x_wconf 84' lang='lat' dir='ltr'><strong>judicio</strong></span> <span class='ocrx_word' id='word_1_776' title='bbox 3045 5008 3356 5064; x_wconf 76' lang='lat' dir='ltr'><strong>Parisiensis</strong></span> <span class='ocrx_word' id='word_1_777' title='bbox 3387 5014 3546 5065; x_wconf 73' lang='lat' dir='ltr'><strong>curia:</strong></span> 
     </span>
    </p>
   </div>
   <div class='ocr_carea' id='block_1_114' title="bbox 1975 5079 3547 5148">
    <p class='ocr_par' dir='ltr' id='par_1_114' title="bbox 1975 5079 3547 5148">
     <span class='ocr_line' id='line_1_114' title="bbox 1975 5079 3547 5148; baseline -0.002 -12"><span class='ocrx_word' id='word_1_778' title='bbox 1975 5089 2344 5137; x_wconf 76' lang='lat' dir='ltr'><strong>ctmlirmatum</strong></span> <span class='ocrx_word' id='word_1_779' title='bbox 2383 5088 2481 5148; x_wconf 49' lang='lat' dir='ltr'><strong>est,</strong></span> <span class='ocrx_word' id='word_1_780' title='bbox 2519 5080 2604 5148; x_wconf 85' lang='lat' dir='ltr'><strong>die</strong></span> <span class='ocrx_word' id='word_1_781' title='bbox 2633 5079 2666 5132; x_wconf 80' lang='grc'><strong>5</strong></span> <span class='ocrx_word' id='word_1_782' title='bbox 2703 5079 3000 5142; x_wconf 68' lang='grc' dir='ltr'><strong>Ι⁴“υιιιίι.;ςίἰ,</strong></span> <span class='ocrx_word' id='word_1_783' title='bbox 3051 5096 3193 5132; x_wconf 72' lang='lat' dir='ltr'><strong>anno</strong></span> <span class='ocrx_word' id='word_1_784' title='bbox 3243 5081 3398 5134; x_wconf 78' lang='lat' dir='ltr'><strong>i778.</strong></span> <span class='ocrx_word' id='word_1_785' title='bbox 3441 5082 3547 5134; x_wconf 88' lang='lat' dir='ltr'><strong>llu-</strong></span> 
     </span>
    </p>
   </div>
   <div class='ocr_carea' id='block_1_115' title="bbox 1969 5150 3546 5222">
    <p class='ocr_par' dir='ltr' id='par_1_115' title="bbox 1969 5150 3546 5222">
     <span class='ocr_line' id='line_1_115' title="bbox 1969 5150 3546 5222; baseline 0.001 -18"><span class='ocrx_word' id='word_1_786' title='bbox 1969 5154 2197 5222; x_wconf 66' lang='lat' dir='ltr'><strong>jusmadi</strong></span> <span class='ocrx_word' id='word_1_787' title='bbox 2233 5151 2818 5222; x_wconf 28' lang='lat' dir='ltr'><strong>lllitiﬁl‘lﬂlcsﬁwt‘llldAVII</strong></span> <span class='ocrx_word' id='word_1_788' title='bbox 2847 5150 3200 5222; x_wconf 57' lang='lat' dir='ltr'><strong>noniusolita:</strong></span> <span class='ocrx_word' id='word_1_789' title='bbox 3223 5156 3458 5217; x_wconf 69' lang='lat' dir='ltr'><strong>luerunt,</strong></span> <span class='ocrx_word' id='word_1_790' title='bbox 3489 5162 3546 5206; x_wconf 89' lang='lat' dir='ltr'><strong>ut</strong></span> 
     </span>
    </p>
   </div>
   <div class='ocr_carea' id='block_1_116' title="bbox 1972 5217 3545 5292">
    <p class='ocr_par' dir='ltr' id='par_1_116' title="bbox 1972 5217 3545 5292">
     <span class='ocr_line' id='line_1_116' title="bbox 1972 5217 3545 5292; baseline 0 -17"><span class='ocrx_word' id='word_1_791' title='bbox 1972 5217 2114 5292; x_wconf 75' lang='lat' dir='ltr'><strong>patet</strong></span> <span class='ocrx_word' id='word_1_792' title='bbox 2146 5239 2212 5275; x_wconf 79' lang='lat' dir='ltr'><strong>t-x</strong></span> <span class='ocrx_word' id='word_1_793' title='bbox 2245 5221 2484 5274; x_wconf 68' lang='lat' dir='ltr'><strong>formulis</strong></span> <span class='ocrx_word' id='word_1_794' title='bbox 2519 5217 2753 5271; x_wconf 69' lang='lat' dir='ltr'><strong>.‘larctzlti</strong></span> <span class='ocrx_word' id='word_1_795' title='bbox 2807 5219 2894 5271; x_wconf 75' lang='lat' dir='ltr'><strong>oui</strong></span> <span class='ocrx_word' id='word_1_796' title='bbox 2945 5219 3120 5271; x_wconf 87' lang='lat' dir='ltr'><strong>lloruit</strong></span> <span class='ocrx_word' id='word_1_797' title='bbox 3167 5231 3324 5275; x_wconf 76' lang='lat' dir='ltr'><strong>:etate</strong></span> <span class='ocrx_word' id='word_1_798' title='bbox 3382 5223 3545 5290; x_wconf 84' lang='lat' dir='ltr'><strong>ipsius</strong></span> 
     </span>
    </p>
   </div>
   <div class='ocr_carea' id='block_1_117' title="bbox 1973 5294 2281 5347">
    <p class='ocr_par' dir='ltr' id='par_1_117' title="bbox 1973 5294 2281 5347">
     <span class='ocr_line' id='line_1_117' title="bbox 1973 5294 2281 5347; baseline -0.003 0"><span class='ocrx_word' id='word_1_799' title='bbox 1973 5294 2281 5347; x_wconf 68' lang='lat' dir='ltr'><strong>Atltlt&#39;miat&#39;i.</strong></span> 
     </span>
    </p>
   </div>
   <div class='ocr_carea' id='block_1_118' title="bbox 2044 5359 3545 5429">
    <p class='ocr_par' dir='ltr' id='par_1_118' title="bbox 2044 5359 3545 5429">
     <span class='ocr_line' id='line_1_118' title="bbox 2044 5359 3545 5429; baseline 0.003 -16"><span class='ocrx_word' id='word_1_800' title='bbox 2044 5365 2067 5401; x_wconf 65' lang='grc' dir='ltr'><strong>ι’</strong></span> <span class='ocrx_word' id='word_1_801' title='bbox 2095 5364 2365 5429; x_wconf 70' lang='lat' dir='ltr'><strong>obiiciunt</strong></span> <span class='ocrx_word' id='word_1_802' title='bbox 2395 5364 2592 5413; x_wconf 77' lang='lat' dir='ltr'><strong>charta:</strong></span> <span class='ocrx_word' id='word_1_803' title='bbox 2641 5359 2798 5423; x_wconf 86' lang='lat' dir='ltr'><strong>hujus</strong></span> <span class='ocrx_word' id='word_1_804' title='bbox 2841 5361 3260 5427; x_wconf 86' lang='lat' dir='ltr'><strong>impugnatores,</strong></span> <span class='ocrx_word' id='word_1_805' title='bbox 3319 5364 3545 5418; x_wconf 85' lang='lat' dir='ltr'><strong>vetitum</strong></span> 
     </span>
    </p>
   </div>
   <div class='ocr_carea' id='block_1_119' title="bbox 1972 5429 3542 5495">
    <p class='ocr_par' dir='ltr' id='par_1_119' title="bbox 1972 5429 3542 5495">
     <span class='ocr_line' id='line_1_119' title="bbox 1972 5429 3542 5495; baseline 0 -9"><span class='ocrx_word' id='word_1_806' title='bbox 1972 5434 2133 5486; x_wconf 71' lang='lat' dir='ltr'><strong>fuisse</strong></span> <span class='ocrx_word' id='word_1_807' title='bbox 2165 5449 2191 5485; x_wconf 94' lang='lat' dir='ltr'><strong>a</strong></span> <span class='ocrx_word' id='word_1_808' title='bbox 2227 5433 2453 5484; x_wconf 82' lang='lat' dir='ltr'><strong>concilio</strong></span> <span class='ocrx_word' id='word_1_809' title='bbox 2495 5431 2832 5493; x_wconf 83' lang='lat' dir='ltr'><strong>Bracarensi,</strong></span> <span class='ocrx_word' id='word_1_810' title='bbox 2859 5445 3000 5483; x_wconf 86' lang='lat' dir='ltr'><strong>anno</strong></span> <span class='ocrx_word' id='word_1_811' title='bbox 3030 5429 3154 5495; x_wconf 77' lang='grc'><strong>505,</strong></span> <span class='ocrx_word' id='word_1_812' title='bbox 3188 5449 3252 5486; x_wconf 91' lang='lat' dir='ltr'><strong>ne</strong></span> <span class='ocrx_word' id='word_1_813' title='bbox 3279 5435 3542 5486; x_wconf 86' lang='lat' dir='ltr'><strong>cadavera</strong></span> 
     </span>
    </p>
   </div>
   <div class='ocr_carea' id='block_1_120' title="bbox 1971 5500 3545 5566">
    <p class='ocr_par' dir='ltr' id='par_1_120' title="bbox 1971 5500 3545 5566">
     <span class='ocr_line' id='line_1_120' title="bbox 1971 5500 3545 5566; baseline 0 -9"><span class='ocrx_word' id='word_1_814' title='bbox 1971 5505 2023 5558; x_wconf 89' lang='lat' dir='ltr'><strong>itt</strong></span> <span class='ocrx_word' id='word_1_815' title='bbox 2077 5504 2306 5557; x_wconf 77' lang='lat' dir='ltr'><strong>basilicis</strong></span> <span class='ocrx_word' id='word_1_816' title='bbox 2361 5509 2672 5555; x_wconf 81' lang='lat' dir='ltr'><strong>sanctorum</strong></span> <span class='ocrx_word' id='word_1_817' title='bbox 2720 5500 3116 5566; x_wconf 85' lang='lat' dir='ltr'><strong>sepelirentur;</strong></span> <span class='ocrx_word' id='word_1_818' title='bbox 3160 5502 3252 5556; x_wconf 90' lang='lat' dir='ltr'><strong>sed</strong></span> <span class='ocrx_word' id='word_1_819' title='bbox 3312 5505 3545 5558; x_wconf 83' lang='lat' dir='ltr'><strong>basilica:</strong></span> 
     </span>
    </p>
   </div>
   <div class='ocr_carea' id='block_1_121' title="bbox 1972 5571 3542 5640">
    <p class='ocr_par' dir='ltr' id='par_1_121' title="bbox 1972 5571 3542 5640">
     <span class='ocr_line' id='line_1_121' title="bbox 1972 5571 3542 5640; baseline -0.001 -14"><span class='ocrx_word' id='word_1_820' title='bbox 1972 5577 2188 5626; x_wconf 83' lang='lat' dir='ltr'><strong>nomine</strong></span> <span class='ocrx_word' id='word_1_821' title='bbox 2213 5574 2311 5624; x_wconf 89' lang='lat' dir='ltr'><strong>hoc</strong></span> <span class='ocrx_word' id='word_1_822' title='bbox 2337 5571 2455 5623; x_wconf 85' lang='lat' dir='ltr'><strong>loco</strong></span> <span class='ocrx_word' id='word_1_823' title='bbox 2480 5571 2818 5636; x_wconf 74' lang='lat' dir='ltr'><strong>intelligenda</strong></span> <span class='ocrx_word' id='word_1_824' title='bbox 2841 5580 2984 5640; x_wconf 90' lang='lat' dir='ltr'><strong>sunt,</strong></span> <span class='ocrx_word' id='word_1_825' title='bbox 3012 5582 3206 5640; x_wconf 70' lang='lat' dir='ltr'><strong>pimtcr</strong></span> <span class='ocrx_word' id='word_1_826' title='bbox 3231 5574 3542 5639; x_wconf 66' lang='lat' dir='ltr'><strong>ecclesiam,</strong></span> 
     </span>
    </p>
   </div>
   <div class='ocr_carea' id='block_1_122' title="bbox 1970 5639 3539 5712">
    <p class='ocr_par' dir='ltr' id='par_1_122' title="bbox 1970 5639 3539 5712">
     <span class='ocr_line' id='line_1_122' title="bbox 1970 5639 3539 5712; baseline 0.001 -15"><span class='ocrx_word' id='word_1_827' title='bbox 1970 5645 2207 5698; x_wconf 67' lang='lat' dir='ltr'><strong>ecclesia!</strong></span> <span class='ocrx_word' id='word_1_828' title='bbox 2253 5641 2549 5707; x_wconf 85' lang='lat' dir='ltr'><strong>adjaceutia</strong></span> <span class='ocrx_word' id='word_1_829' title='bbox 2584 5641 2837 5694; x_wconf 79' lang='lat' dir='ltr'><strong>claustra.</strong></span> <span class='ocrx_word' id='word_1_830' title='bbox 2871 5639 3030 5695; x_wconf 89' lang='lat' dir='ltr'><strong>Certe</strong></span> <span class='ocrx_word' id='word_1_831' title='bbox 3061 5645 3396 5712; x_wconf 88' lang='lat' dir='ltr'><strong>temporibus</strong></span> <span class='ocrx_word' id='word_1_832' title='bbox 3427 5646 3539 5698; x_wconf 78' lang='lat' dir='ltr'><strong>Au-</strong></span> 
     </span>
    </p>
   </div>
   <div class='ocr_carea' id='block_1_123' title="bbox 1970 5711 3539 5782">
    <p class='ocr_par' dir='ltr' id='par_1_123' title="bbox 1970 5711 3539 5782">
     <span class='ocr_line' id='line_1_123' title="bbox 1970 5711 3539 5782; baseline 0.002 -17"><span class='ocrx_word' id='word_1_833' title='bbox 1970 5714 2175 5767; x_wconf 71' lang='lat' dir='ltr'><strong>domari</strong></span> <span class='ocrx_word' id='word_1_834' title='bbox 2206 5728 2321 5782; x_wconf 73' lang='lat' dir='ltr'><strong>nios</strong></span> <span class='ocrx_word' id='word_1_835' title='bbox 2357 5720 2472 5765; x_wconf 85' lang='lat' dir='ltr'><strong>erat</strong></span> <span class='ocrx_word' id='word_1_836' title='bbox 2500 5711 2872 5764; x_wconf 74' lang='lat' dir='ltr'><strong>defunctorum</strong></span> <span class='ocrx_word' id='word_1_837' title='bbox 2902 5727 3126 5780; x_wconf 84' lang='lat' dir='ltr'><strong>corpora</strong></span> <span class='ocrx_word' id='word_1_838' title='bbox 3164 5711 3456 5782; x_wconf 75' lang='lat' dir='ltr'><strong>Sepelicndi</strong></span> <span class='ocrx_word' id='word_1_839' title='bbox 3487 5714 3539 5768; x_wconf 89' lang='lat' dir='ltr'><strong>in</strong></span> 
     </span>
    </p>
   </div>
   <div class='ocr_carea' id='block_1_124' title="bbox 1969 5781 3540 5848">
    <p class='ocr_par' dir='ltr' id='par_1_124' title="bbox 1969 5781 3540 5848">
     <span class='ocr_line' id='line_1_124' title="bbox 1969 5781 3540 5848; baseline 0.003 -13"><span class='ocrx_word' id='word_1_840' title='bbox 1969 5783 2222 5836; x_wconf 73' lang='lat' dir='ltr'><strong>basilicis.</strong></span> <span class='ocrx_word' id='word_1_841' title='bbox 2257 5781 2454 5848; x_wconf 77' lang='lat' dir='ltr'><strong>Eligius</strong></span> <span class='ocrx_word' id='word_1_842' title='bbox 2496 5781 2636 5834; x_wconf 91' lang='lat' dir='ltr'><strong>enim</strong></span> <span class='ocrx_word' id='word_1_843' title='bbox 2688 5782 2828 5833; x_wconf 86' lang='lat' dir='ltr'><strong>circa</strong></span> <span class='ocrx_word' id='word_1_844' title='bbox 2863 5797 3060 5836; x_wconf 92' lang='lat' dir='ltr'><strong>annum</strong></span> <span class='ocrx_word' id='word_1_845' title='bbox 3105 5783 3199 5837; x_wconf 75' lang='lat'><strong>(551</strong></span> <span class='ocrx_word' id='word_1_846' title='bbox 3229 5781 3234 5782; x_wconf 52' lang='grc'><strong><em>⁷</em></strong></span> <span class='ocrx_word' id='word_1_847' title='bbox 3264 5784 3540 5839; x_wconf 83' lang='lat' dir='ltr'><strong>basilicam</strong></span> 
     </span>
    </p>
   </div>
   <div class='ocr_carea' id='block_1_125' title="bbox 1969 5851 3541 5924">
    <p class='ocr_par' dir='ltr' id='par_1_125' title="bbox 1969 5851 3541 5924">
     <span class='ocr_line' id='line_1_125' title="bbox 1969 5851 3541 5924; baseline 0.003 -20"><span class='ocrx_word' id='word_1_848' title='bbox 1969 5853 2024 5924; x_wconf 78' lang='lat' dir='ltr'><strong>S.</strong></span> <span class='ocrx_word' id='word_1_849' title='bbox 2063 5852 2208 5905; x_wconf 79' lang='lat' dir='ltr'><strong>l’auli</strong></span> <span class='ocrx_word' id='word_1_850' title='bbox 2240 5851 2478 5924; x_wconf 66' lang='lat' dir='ltr'><strong>condidit</strong></span> <span class='ocrx_word' id='word_1_851' title='bbox 2518 5851 3049 5924; x_wconf 15' lang='lat' dir='ltr'><strong>adancillaruiurDt-i</strong></span> <span class='ocrx_word' id='word_1_852' title='bbox 3101 5869 3327 5922; x_wconf 88' lang='lat' dir='ltr'><strong>corpora</strong></span> <span class='ocrx_word' id='word_1_853' title='bbox 3381 5870 3541 5924; x_wconf 85' lang='lat' dir='ltr'><strong>sepe-</strong></span> 
     </span>
    </p>
   </div>
   <div class='ocr_carea' id='block_1_126' title="bbox 1970 5921 3539 5994">
    <p class='ocr_par' dir='ltr' id='par_1_126' title="bbox 1970 5921 3539 5994">
     <span class='ocr_line' id='line_1_126' title="bbox 1970 5921 3539 5994; baseline 0.003 -20"><span class='ocrx_word' id='word_1_854' title='bbox 1970 5923 2165 5991; x_wconf 85' lang='lat' dir='ltr'><strong>Iieuda,</strong></span> <span class='ocrx_word' id='word_1_855' title='bbox 2191 5932 2246 5976; x_wconf 91' lang='lat' dir='ltr'><strong>ut</strong></span> <span class='ocrx_word' id='word_1_856' title='bbox 2270 5922 2447 5977; x_wconf 71' lang='lat' dir='ltr'><strong>videre</strong></span> <span class='ocrx_word' id='word_1_857' title='bbox 2477 5930 2556 5976; x_wconf 81' lang='lat' dir='ltr'><strong>est</strong></span> <span class='ocrx_word' id='word_1_858' title='bbox 2590 5923 2641 5974; x_wconf 91' lang='lat' dir='ltr'><strong>in</strong></span> <span class='ocrx_word' id='word_1_859' title='bbox 2661 5921 2780 5976; x_wconf 78' lang='lat' dir='ltr'><strong>Vita</strong></span> <span class='ocrx_word' id='word_1_860' title='bbox 2811 5923 2866 5974; x_wconf 86' lang='lat' dir='ltr'><strong>S.</strong></span> <span class='ocrx_word' id='word_1_861' title='bbox 2895 5921 3068 5992; x_wconf 83' lang='lat' dir='ltr'><strong>Eligii,</strong></span> <span class='ocrx_word' id='word_1_862' title='bbox 3097 5924 3279 5994; x_wconf 83' lang='lat' dir='ltr'><strong>Spicil.</strong></span> <span class='ocrx_word' id='word_1_863' title='bbox 3311 5921 3539 5980; x_wconf 83' lang='lat' dir='ltr'><strong>Daclier.</strong></span> 
     </span>
    </p>
   </div>
  </div>
