4206 6532
803 369 940 422 H75

1531 369 1790 425 SAECUL.
1836 368 1924 422 VII
1970 368 2057 422 ET
2101 365 2212 422 Vlll
2256 365 2792 425 ECCLESIASTICA
2831 365 3285 424 MONUMENTA.

3913 371 4040 428 H76

802 486 999 540 ibidem
1051 483 1332 553 depositus
1373 480 1460 536 vel
1511 480 1758 535 conditus
1783 495 1904 534 esse
1950 479 2197 574 deberet,
2237 479 2376 534 inter
2406 487 2447 541 Α
2480 503 2676 556 celeris
2705 503 2863 557 rebus
2905 503 3142 569 conatis,
3191 511 3284 558 aut
3331 504 3588 574 deinceps
3638 506 3886 562 οοιιδωτί
3926 522 4042 566 sum

800 578 1042 646 ipsorum
1070 575 1386 646 corpuscula
1413 575 1826 638 monachorum,
1860 572 1951 640 qui
1980 573 2236 642 religioso
2277 574 2363 626 ha-

801 669 938 734 bitu,
973 669 1040 723 ad
1079 668 1464 736 omnipotentis
1494 668 1586 723 Dei
1616 666 1838 720 verbum
1887 677 2277 731 convenerunt,
2309 667 2375 721 de

803 761 1147 816 dissimilibus
1174 759 1444 828 gentibus,
1480 759 1546 813 de
1570 757 1888 826 esqualitate
1919 756 2100 810 mundi
2135 757 2188 810 in
2219 757 2376 811 unius

803 854 990 920 gremii
1014 859 1233 906 sanctae
1260 850 1550 915 Ecclesiae,
1583 865 1681 918 pro
1707 862 1891 901 amore
1917 846 2113 901 Christi
2139 847 2374 902 consoli-

804 943 912 995 dati
941 951 1085 1008 sunt,
1117 951 1176 995 ut
1219 942 1283 995 ad
1310 945 1494 1009 jugum
1549 938 1729 994 mundi
1767 937 1906 991 colla
1953 939 2150 992 mentis
2214 953 2375 992 excu-

801 1032 967 1096 ciant,
999 1031 1177 1085 omnia
1232 1030 1503 1095 deserere,
1535 1039 1748 1082 terrene
1772 1043 1901 1082 cure
1927 1029 2168 1097 pondera
2207 1029 2376 1098 depo-

801 1137 953 1184 nere,
986 1134 1145 1190 alque
1171 1124 1235 1174 ad
1266 1123 1464 1175 eeleste
1485 1120 1807 1174 desiderium
1830 1120 1988 1173 latius
2008 1122 2172 1175 animi
2199 1123 2373 1175 sinum

803 1212 1006 1281 laxent,
1049 1214 1208 1266 vitam
1254 1220 1519 1266 remotam
1577 1226 1672 1279 pro
1721 1226 1952 1278 superna
2020 1213 2374 1268 retributione

801 1305 1089 1369 petierunt,
1122 1310 1179 1352 ut
1224 1303 1274 1353 in
1305 1317 1366 1353 ea
1411 1303 1608 1355 sanctis
1636 1302 1886 1370 precibus
1912 1301 2096 1368 dediti,
2139 1314 2193 1358 et
2219 1315 2372 1359 vetu-

802 1393 924 1444 stati
947 1391 1125 1445 cordis
1174 1407 1201 1444 a
1232 1393 1492 1445 societate
1522 1392 1849 1446 secularium
1880 1397 2137 1462 strepitus
2167 1396 2373 1464 disjun-

802 1499 948 1549 gere,
974 1492 1028 1537 et
1051 1485 1100 1537 in
1131 1484 1247 1551 igne
1275 1485 1473 1538 amoris
1500 1485 1712 1539 Domini
1740 1487 1996 1550 conllant,
2037 1489 2173 1541 ntad
2201 1491 2376 1543 caele-

802 1575 897 1626 stis
927 1575 1174 1642 gaudium
1216 1575 1690 1643 contemplandum
1720 1590 1779 1630 se
1828 1577 2106 1631 innovent.
2141 1578 2375 1634 Proinde

801 1679 924 1730 ego,
982 1680 1083 1733 qua
1139 1664 1329 1720 liducia
1395 1675 1737 1734 provocatus,
1793 1668 2181 1726 intercessores
2227 1688 2379 1728 meos

803 1755 943 1822 apud
1003 1755 1481 1810 clementissimum
1514 1767 1568 1811 et
1615 1760 2041 1829 omnipotentem
2095 1764 2378 1818 Dominum

801 1847 912 1900 suis
943 1848 1190 1917 precibus
1237 1848 1465 1916 prcbere
1493 1849 1623 1903 mihi
1664 1851 1948 1920 dignentur
1976 1854 2376 1911 amminiculum
2410 1837 2457 1896 Β

802 1938 1076 1990 humiliter
1105 1938 1360 2006 deposco,
1395 1950 1446 1992 et
1497 1940 1677 1995 taliter
1703 1943 1767 1995 ad
1798 1944 1908 2010 ips:i
1955 1949 2379 2014 congregatione

799 2029 1068 2098 supplico,
1097 2029 1183 2082 ubi
1212 2038 1266 2082 et
1296 2031 1386 2084 ubi
1414 2031 1561 2086 locus
1606 2035 1844 2088 evenerit
1883 2036 1938 2088 in
1960 2052 2070 2105 quo
2116 2037 2380 2098 Dominus

800 2121 867 2175 de
892 2120 994 2174 hac
1011 2120 1127 2174 luce
1150 2121 1279 2173 mihi
1303 2122 1530 2190 migrare
1547 2123 1790 2191 jusserit,
1809 2141 1929 2180 cum
1960 2131 2107 2182 socia
2132 2133 2377 2200 caritate,

798 2211 949 2280 juxta
978 2213 1120 2279 quod
1151 2212 1202 2266 in
1234 2213 1451 2266 auribus
1480 2216 1671 2268 vestris
1710 2216 2084 2284 patefecimus,
2117 2223 2258 2289 quod
2283 2239 2378 2277 v0-

800 2304 980 2356 luntas
1002 2314 1183 2357 nostra
1206 2303 1381 2356 taliter
1403 2305 1659 2370 decrevit,
1686 2315 1744 2361 ut
1764 2324 1882 2362 cum
1907 2311 2034 2380 ipsis
2056 2315 2374 2380 peregrinis,

799 2394 852 2447 in
887 2395 998 2462 ipsa
1023 2395 1242 2448 basilica
1270 2411 1428 2464 quam
1457 2413 1557 2467 pro
1579 2413 1764 2453 eorum
1796 2402 2106 2468 adjumento
2129 2416 2377 2459 constru-

799 2487 1000 2550 ximus,
1049 2487 1243 2540 ibidem
1287 2503 1374 2542 me
1415 2490 1774 2558 requiescere,
1809 2495 2102 2548 secundum
2136 2496 2374 2564 ipsorum

803 2580 1190 2634 monachorum
1215 2580 1553 2636 voluntatem
1583 2593 1638 2637 et
1664 2585 1757 2639 Dei
1781 2587 2074 2654 adjutorio,
2104 2589 2376 2643 licentiam

801 2670 1008 2724 habere
1038 2670 1262 2724 debeam
1304 2681 1359 2725 et
1391 2673 1489 2741 ipsi
1538 2673 1729 2728 lratres
1777 2677 1845 2730 de
1875 2679 2201 2745 quibuslibet
2244 2680 2376 2734 locis

797 2762 852 2816 in
878 2762 1098 2831 praifata
1127 2761 1300 2816 insula
1343 2778 1539 2832 corpus
1588 2780 1766 2819 meum
1797 2767 2068 2823 adducere
2097 2778 2151 2824 et
2173 2770 2373 2825 ibidem

795 2854 1090 2908 recondere
1119 2855 1370 2908 debeant.
1406 2854 1508 2909 Per
1533 2858 1678 2924 quod
1710 2858 1963 2924 decerno,
1996 2869 2050 2914 et
2071 2861 2220 2928 juxta
2244 2877 2373 2916 con-

795 2963 1011 3002 sensum
1061 2947 1285 3000 fratrum
1333 2947 1463 3001 cleri
1505 2947 1918 3015 Taruannensis,
1949 2953 2035 3004 vel
2080 2953 2373 3008 illsslribus

794 3040 945 3106 viris,
970 3057 1230 3111 personas
1260 3045 1543 3114 interdico,
1581 3055 1640 3100 ut
1662 3050 1773 3117 ipsa
1795 3049 2012 3104 basilica
2030 3051 2127 3104 sub
2159 3053 2374 3104 umbra-

794 3133 919 3187 culo
949 3136 1216 3202 patricinii
1249 3139 1460 3193 abbatis
1490 3137 1716 3207 Bertiui,
1747 3140 1836 3209 qui
1861 3157 2003 3196 nunc
2029 3142 2286 3210 temporis
2316 3143 2370 3196 in

795 3227 1071 3282 anteilicto
1098 3232 1426 3284 monasterio
1462 3247 1678 3301 preesse
1708 3234 1944 3299 videtur,
1975 3251 2070 3289 seu
2095 3250 2122 3288 a
2152 3249 2366 3291 succes-

793 3316 1006 3372 soribus
1041 3319 1151 3372 suis
1195 3320 1307 3388 ipsa
1341 3322 1562 3375 basilica
1602 3323 1702 3376 sub
1733 3339 1920 3377 eorum
1979 3328 2370 3392 gubernatione

793 3411 1027 3477 regenda
1057 3400 1177 3464 cum
1208 3413 1390 3468 divino
1420 3416 1586 3478 cultu,
1636 3415 1827 3469 allectu
1872 3417 2114 3484 piissimo
2145 3425 2200 3471 et
2232 3419 2368 3472 dile-

792 3502 974 3554 ctione
997 3517 1101 3570 qua
1123 3504 1301 3568 decet,
1335 3521 1455 3558 cum
1489 3506 1632 3559 onmi
1665 3507 1869 3574 integra
1901 3507 2172 3562 soliditate
2195 3509 2368 3563 insule

789 3595 965 3648 Sitdiu
999 3599 1326 3653 IIIOttastct‘iO
1381 3601 1432 3652 in
1461 3601 1541 3652 sui
1569 3599 1703 3666 juris
1733 3600 2018 3654 obtineant
2070 3603 2252 3668 vigore
2281 3617 2367 3656 ar-

790 3686 950 3741 bitrio
978 3688 1064 3741 vel
1112 3690 1270 3742 rebus
1303 3691 1356 3742 in
1403 3690 1599 3744 ibidem
1642 3693 2042 3760 aSpicientibus,
2099 3701 2158 3745 ut
2186 3708 2360 3763 neque

790 3793 912 3847 ego,
937 3795 1113 3847 neque
1137 3783 1275 3836 ullus
1296 3783 1670 3852 episcoporum
1699 3800 2065 3839 successorum
2096 3801 2358 3853 meorum,

788 3888 964 3942 neque
1000 3875 1283 3943 privilegio
1313 3887 1406 3930 aut
1453 3880 1692 3932 muneris
1721 3894 1902 3945 causa,
1936 3895 2034 3948 pro
2064 3879 2181 3948 ejus
2206 3881 2360 3948 adju-

788 3964 928 4017 torio
968 3979 1245 4020 servorum
1296 3968 1389 4021 Dei
1433 3969 1518 4022 vel
1568 3971 1803 4038 ipsorum
1852 3972 2098 4026 libertate
2151 3972 2358 4040 integra

788 4058 1108 4110 reservanda
1160 4060 1434 4127 requirere
1479 4078 1582 4114 non
1633 4073 1936 4130 praesumat,
1965 4075 2019 4117 et
2058 4066 2198 4118 sicut
2225 4067 2359 4118 anti-

787 4164 1012 4213 quorum
1062 4151 1146 4202 vel
1195 4152 1248 4203 in
1300 4169 1442 4205 novo
1488 4163 1731 4223 tempore
1786 4157 2110 4210 monasteria
2144 4160 2360 4226 prepria

785 4241 1062 4308 privilegia
1106 4243 1212 4295 sint
1255 4256 1566 4311 consecuta,
1598 4255 1652 4300 et
1688 4262 1718 4300 a
1749 4249 2149 4302 successoribus
2178 4258 2357 4306 custo-

783 4335 979 4399 diatur,
1011 4337 1348 4406 ut‘quicquid
1395 4339 1445 4390 in
1480 4338 1590 4404 ipsa
1637 4339 1856 4392 basilica
1889 4340 1973 4392 vel
2005 4339 2119 4406 ejus
2163 4356 2357 4394 mona-

781 4426 947 4481 sterio
978 4425 1174 4480 ibidem
1202 4429 1442 4493 oll'crtur,
1470 4429 1580 4497 ipse
1609 4429 1742 4481 abba
1777 4429 1860 4481 vel
1889 4431 2135 4484 monachi
2160 4431 2352 4487 ibidem

2479 595 2716 662 presenti
2749 594 2877 658 vita,
2910 597 3110 651 nostris
3149 597 3501 666 temporibus,
3537 613 3633 652 seu
3679 613 4041 656 successorum

2478 701 2744 747 meorum,
2804 701 2987 754 nequo
3033 701 3153 754 ego,
3198 686 3485 757 nullusque
3532 688 3632 743 sibi
3663 690 3905 759 pontifex
3959 701 4043 746 aut

2481 778 2674 846 aliquis
2703 791 2772 830 ex
2799 777 2987 831 ordine
3011 778 3334 833 clericorum
3363 780 3638 834 ordinatur
3656 781 4043 839 Taruannensis

2479 867 2742 929 Ecclesie,
2776 871 2888 923 suis
2921 870 3102 923 usibus
3135 886 3418 940 usurpare,
3447 884 3540 926 aut
3567 874 3831 940 minuere,
3864 886 3954 930 aut
3983 879 4043 932 ad

2479 961 2755 1013 civitatem
2805 963 2985 1029 aliqua
3034 963 3211 1030 specie
3248 963 3456 1016 deferre
3493 980 3596 1019 non
3649 976 3951 1033 przesmnat.
3983 967 4046 1021 Et

2478 1051 2622 1116 quod
2645 1049 2711 1102 ad
2743 1051 2859 1118 ipso
2881 1051 3074 1104 altario
3105 1053 3154 1105 in
3185 1052 3280 1107 Dei
3314 1056 3531 1108 nomine
3565 1056 3724 1110 fuerit
3755 1059 3988 1111 oblatum
4017 1075 4043 1111 a

2478 1141 2908 1209 quibuscumque
2945 1141 3053 1196 Deo
3085 1143 3380 1212 inSpirante
3413 1147 3746 1212 transmisso,
3793 1150 3923 1202 nihil
3951 1151 4045 1204 sibi

2479 1232 2694 1298 exinde,
2726 1247 2823 1300 pro
2846 1235 3144 1286 reverentia
3168 1244 3352 1288 sancte
3375 1236 3557 1302 Mat-ie,
3592 1239 3643 1291 in
3673 1239 3822 1306 cujus
3847 1242 4046 1295 honore

2480 1321 2593 1390 ipsa
2648 1323 2870 1377 basilica
2902 1327 2985 1379 vel
3025 1327 3355 1394 reliquorum
3398 1343 3707 1384 sanctorum
3740 1343 4045 1387 constructa

2479 1427 2598 1466 esse
2644 1414 2875 1480 videtur,
2930 1420 3173 1486 pontifex
3204 1430 3297 1474 aut
3343 1421 3458 1488 ejus
3495 1425 3936 1492 archidiaconus,
3967 1429 4046 1481 vel

2481 1507 2707 1574 quilibet
2760 1509 3038 1566 ordinator
3083 1511 3352 1568 Ecclesiae
3402 1516 3824 1584 Taruannensis,
3859 1522 4046 1574 audeat

2484 1595 2772 1660 vindicare,
2806 1601 2948 1654 vela
2995 1602 3202 1670 prefato
3234 1608 3584 1671 monasterio,
3616 1625 3792 1679 neque
3829 1613 3880 1664 in
3912 1614 4047 1678 agris

2483 1687 2650 1754 ipsius
2677 1690 2943 1756 convivia,
2968 1707 3066 1760 ego
3097 1695 3178 1748 vel
3197 1696 3474 1765 pontifices
3491 1714 3833 1754 successores
3857 1704 4042 1764 nostri,

2483 1781 2569 1834 vel
2603 1782 3013 1838 archidiaconus
3045 1801 3336 1855 preparare
3372 1807 3478 1844 non
3513 1803 3805 1861 presumat,
3843 1797 3942 1851 nisi
3983 1799 4048 1851 ab

2485 1872 2676 1926 abbate
2706 1877 2979 1943 sepedicto
3000 1880 3309 1932 monasterii
3333 1881 3525 1946 Sitdiu,
3541 1893 3838 1951 spontanea
3861 1888 4046 1941 volun-

2483 1968 2592 2012 tate
2620 1961 2778 2015 fuerit
2807 1979 3054 2031 rogatus;
3090 1975 3144 2020 et
3174 1977 3390 2035 peracto
3419 1970 3601 2026 divino
3631 1975 3897 2039 misterio,
3927 1980 4042 2030 abs-

2481 2065 2587 2118 que
2630 2053 2740 2106 ullo
2770 2055 3055 2109 commodo
3084 2056 3135 2110 in
3155 2074 3250 2112 sua
3268 2061 3484 2114 studeat
3503 2062 3702 2118 habere
3724 2082 4045 2135 regressum,

2482 2158 2656 2211 neque
2682 2145 2786 2198 ulla
2811 2147 2912 2199 alia
2938 2155 3208 2216 potestate
3236 2149 3288 2203 in
3316 2151 3430 2220 ipso
3455 2158 3802 2221 monasterio,
3827 2169 3885 2209 ut
3911 2159 4043 2211 dixi-

2480 2250 2618 2296 mus,
2659 2251 2831 2304 neque
2885 2237 2938 2291 in
2998 2239 3158 2293 rebus
3200 2255 3296 2293 seu
3350 2243 3700 2296 ministerium
3755 2254 3845 2298 aut
3893 2263 4049 2300 orna-

2479 2333 2720 2378 mentum
2747 2327 2936 2394 ipsius,
2969 2342 3147 2396 neque
3179 2331 3229 2384 in
3253 2335 3498 2402 personis
3515 2334 3747 2390 donandi
3779 2345 3870 2390 aut
3897 2353 4045 2392 com-

2479 2416 2746 2481 mutandi,
2777 2431 2873 2484 pro
2905 2420 3208 2474 reverentia
3260 2431 3448 2477 sancte
3477 2422 3661 2487 Marie,
3693 2425 3777 2478 vel
3827 2425 3968 2480 Petri
3997 2439 4048 2482 et

2481 2506 2631 2558 Pauli
2661 2507 3055 2575 apostolorum,
3079 2512 3164 2565 vel
3202 2529 3296 2581 pro
3328 2528 3412 2578 eo,
3446 2524 3503 2566 ut
3531 2516 3696 2582 quieti
3736 2519 3835 2570 sub
3868 2521 4047 2586 regula

2478 2605 2661 2649 sancta
2698 2597 2796 2665 ipsi
2830 2601 3077 2653 monachi
3120 2602 3302 2656 vivere
3346 2602 3598 2667 debeant,
3651 2607 3716 2660 ad
3748 2609 3901 2676 ipsud
3935 2625 4048 2663 mo-

2478 2688 2774 2740 nasterium
2826 2688 3218 2756 deservientes,
3255 2701 3311 2746 ut
3341 2693 3406 2747 de
3450 2695 3684 2763 perfecta
3725 2699 3904 2765 quiete
3935 2701 4045 2767 ipsa

2479 2779 2832 2847 congregatio
2883 2781 3078 2847 valeat,
3131 2783 3269 2838 duce
3319 2785 3567 2852 Domino,
3618 2789 3788 2843 inleso
3837 2793 4046 2846 tramite

2477 2882 2574 2937 per
2603 2877 2850 2935 tempora
2881 2871 3144 2935 exultare,
3173 2882 3228 2926 et
3251 2875 3317 2927 ad
3336 2887 3544 2943 portum
3577 2879 3774 2946 quietis
3801 2891 4044 2938 eternum

2475 2960 2706 3014 feliciter
2737 2965 3042 3032 pervenire.
3073 2965 3142 3019 Et
3185 2967 3326 3021 sicut
3373 2970 3521 3038 plura
3576 2977 3902 3029 monasteria
3949 2976 4044 3031 sub

2474 3051 2726 3107 libertate
2777 3055 3036 3123 viventes,
3065 3065 3123 3110 ut
3171 3073 3267 3126 pro
3316 3067 3456 3114 statu
3508 3061 3744 3118 Ecclesie
3794 3075 3849 3119 et
3877 3068 4044 3122 salute

2475 3143 2625 3209 egis,
2676 3144 2762 3198 vel
2814 3146 3108 3200 stabilitate
3156 3151 3306 3217 regni
3335 3164 3387 3204 et
3439 3155 3821 3222 tranquillitate
3850 3160 4040 3226 patrie,

2474 3237 2692 3291 valeant
2723 3238 2777 3290 in
2807 3238 2923 3307 ipso
2973 3240 3111 3303 loco,
3144 3241 3229 3296 vel
3276 3244 3342 3297 ad
3386 3261 3502 3314 ejus
3535 3249 3788 3318 reliquias
3827 3264 4040 3308 sancto-

2474 3344 2616 3394 rum,
2648 3329 2860 3394 plcnius
2906 3345 3151 3400 exorare,
3189 3345 3241 3388 et
3277 3335 3427 3403 juxta
3458 3338 3670 3393 decreta
3702 3344 4039 3410 antiquorum

2475 3429 2708 3490 patrum,
2760 3422 2991 3477 Domino
3044 3425 3349 3493 adjuvattte,
3405 3431 3618 3485 valeant
3670 3449 4035 3501 perseverare,

2473 3524 2741 3582 quatenus
2775 3515 2912 3570 hanc
2962 3517 3246 3584 epistolam
3275 3535 3394 3574 cum
3451 3523 3729 3590 privilegio
3781 3541 4036 3582 concesso

2472 3613 2631 3672 atque
2659 3605 2890 3670 indulto,
2938 3606 3036 3661 sub
3092 3622 3174 3671 ea,
3209 3618 3266 3660 ut
3292 3607 3544 3675 diximus,
3595 3613 3849 3669 libertate
3906 3619 4037 3672 sicut

2469 3699 2696 3768 plurima
2730 3702 3059 3755 monasteria
3090 3710 3146 3755 et
3173 3705 3422 3757 monachi
3466 3707 3658 3760 ibidem
3684 3713 4036 3768 consistentes

2469 3787 2706 3844 debeant
2744 3791 2797 3844 in
2839 3801 3156 3861 perpetuum
3204 3809 3520 3863 permanere
3567 3800 3947 3867 ﬁrmissimum,
3977 3815 4036 3858 ut

2461 3875 2574 3945 jam
2602 3878 2729 3934 dicti
2746 3881 2992 3934 monachi
3012 3897 3039 3934 a
3065 3883 3336 3951 sepedicto
3353 3891 3678 3943 monasterio
3693 3906 3719 3941 ρ
3721 3892 3918 3962 jusque
3929 3895 4033 3948 cel-

2468 3970 2622 4033 lulas,
2656 3973 2782 4040 quia
2813 3973 2942 4026 nihil
2973 3974 3040 4028 de
3062 3976 3318 4030 canonica
3347 3981 3666 4034 auctoritate
3697 3987 4029 4050 convellitur,

2466 4062 2722 4130 quicquid
2750 4064 3060 4119 domesticis
3085 4065 3206 4120 lidei
3235 4083 3333 4136 pro
3365 4072 3748 4137 tranquillitate
3779 4077 3924 4143 pacis
3951 4076 4030 4130 vel

2467 4160 2772 4211 reverentia
2798 4166 3104 4213 sanctorum
3134 4161 3406 4225 tribuitur,
3436 4162 3563 4216 illud
3594 4167 3753 4219 etiam
3779 4168 3898 4220 addi
3926 4169 4031 4237 pla-

2465 4247 2592 4312 cuit,
2626 4258 2682 4300 ut
2713 4249 2914 4316 absque
2956 4249 3177 4305 introitu
3205 4252 3489 4321 pontilicis.
3516 4254 3613 4322 ipsi
3645 4259 3893 4312 monachi
3935 4260 4028 4314 sub

2467 4339 2728 4406 religione
2780 4341 2861 4392 vel
2904 4343 3109 4410 regula,
3137 4345 3272 4398 sicut
3300 4349 3543 4414 superius
3574 4349 3823 4416 diximus,
3854 4353 4028 4408 vivere

2462 4425 2717 4494 debeant,
2743 4427 2960 4484 Christo
2993 4443 3330 4502 protegente,
3354 4438 3445 4507 qui
3491 4437 3708 4506 adjuvet
3751 4442 3887 4496 hanc
3917 4445 4027 4513 epi-

782 4518 1095 4582 sen-ientes,
1142 4521 1344 4588 absque
1393 4522 1553 4575 ullius
1609 4524 1996 4577 contrarietate
2034 4525 2117 4578 vel
2159 4527 2357 4596 repeti-
2383 4498 2438 4558 Ῑ)
2461 4519 2658 4574 stolam
2683 4524 3151 4578 conservantibus.
3181 4528 3347 4592 Quam
3375 4528 3735 4585 deﬁnitionem
3766 4539 4015 4591 constitu-

782 4609 936 4663 cione
982 4612 1377 4680 episcOpnrum,
1427 4615 1577 4668 liberi
1619 4632 1748 4669 cum
1796 4618 1887 4670 Dei
1938 4618 2210 4686 adjutorio
2254 4622 2358 4676 hoc

780 4701 1111 4768 possideant,
1169 4703 1394 4770 ctjuxta
1438 4708 1581 4773 quod
1637 4708 1913 4761 decretum
1955 4724 2054 4776 est,
2102 4711 2357 4780 quiequid

780 4791 1003 4857 predicti
1027 4793 1234 4846 basiliei
1269 4795 1352 4848 vel
1381 4798 1626 4851 monachi
1650 4800 1748 4852 sub
1770 4799 2021 4854 libertate
2043 4803 2354 4870 evangelica

776 4886 1092 4953 regulariter
1134 4888 1397 4954 viventes,
1442 4893 1588 4958 regio
1618 4909 1866 4959 munere,
1904 4910 2000 4948 seu
2029 4910 2059 4948 a
2092 4897 2356 4964 quibusli-

775 4977 866 5029 bet
901 4976 1232 5042 christianis,
1274 4979 1327 5032 in
1372 4981 1537 5047 agris,
1571 4985 1872 5051 mancipiis,
1911 4999 2122 5052 aurum,
2151 5001 2352 5055 argen-

775 5077 980 5129 tunive,
1005 5071 1174 5123 sacris
1195 5069 1571 5136 voluminibus,
1607 5074 1688 5127 vel
1723 5089 1752 5127 a
1770 5075 2198 5144 quibuscumque
2229 5092 2354 5144 spe-

777 5157 961 5210 ciebus
992 5172 1129 5225 quae
1164 5160 1228 5212 ad
1279 5174 1658 5217 ornamentum
1712 5165 1878 5218 divini
1929 5166 2126 5231 cultus,
2162 5169 2242 5222 vel
2285 5169 2354 5223 ad

779 5262 912 5312 opus
940 5260 1123 5301 eorum
1159 5252 1545 5306 monachorum
1596 5255 1867 5322 pertinere
1906 5268 2224 5322 noscuntur,
2263 5260 2350 5315 vel

778 5498 813 5537 ι.
847 5484 914 5567 V,
939 5500 1057 5567 pag.
1093 5487 1212 5567 l75_.
1271 5489 1385 5567 Alia
1435 5493 1680 5567 exempla
1712 5510 1961 5563 promere
2001 5499 2054 5551 in
2086 5508 2339 5567 promptu

776 5565 940 5620 esset,
984 5557 1295 5634 dentlltiittls
1345 5560 1457 5634 fuse
1509 5564 1558 5615 in
1596 5557 1981 5620 dissertatione
2012 5557 2101 5621 de.
2133 5557 2341 5634 origine

777 5627 1082 5680 monasterii
1113 5627 1171 5681 S.
1222 5628 1422 5684 liertini
1467 5647 1606 5687 anno
1644 5635 1772 5684 I737
1805 5637 1970 5696 edita,
2007 5653 2125 5706 pag.
2162 5627 2243 5690 8‘2“
2286 5648 2338 5694 et

775 5711 890 5749 seu.

849 5713 890 5801 ἑ.
913 5767 967 5819 ld
994 5777 1073 5821 est
1095 5784 1234 5823 anno
1259 5768 1385 5823 Chr.
1418 5773 1538 5835 (56:2,
1568 5791 1688 5828 cum
1719 5775 2060 5833 Chlodoveus
2086 5780 2147 5834 ll.
2179 5779 2334 5835 Chlo-

2461 4610 2622 4666 tionis
2663 4621 2883 4668 nostrae
2913 4616 3112 4671 nostris
3142 4625 3195 4669 et
3225 4617 3414 4674 futuris
3445 4624 3776 4690 temporibus
3805 4627 4025 4681 valitura

2461 4699 2556 4766 sit,
2585 4716 2775 4756 manus
2822 4711 3041 4758 nostrae
3085 4706 3478 4777 subscriptione
3531 4711 3932 4784 roboravimus,
3977 4727 4026 4771 et

2461 4791 2714 4847 fratribus
2739 4795 2937 4849 nosuis
2962 4804 3016 4850 et
3039 4797 3332 4855 illustribus
3353 4802 3497 4866 viris,
3517 4812 3573 4856 ut
3593 4805 3694 4874 ipsi
3720 4810 4025 4876 perlirmare

2458 4885 2689 4939 debeant
2709 4889 2911 4956 rogavi.
2939 4889 3129 4943 Actum
3167 4892 3232 4943 ad
3257 4892 3370 4961 ipsa
3399 4894 3642 4964 basilica,
3669 4899 3769 4953 sub
3796 4900 3883 4955 die
3905 4917 4024 4955 xvm

2460 4973 2718 5031 kalendas
2741 4976 2882 5042 Maii,
2918 4994 3059 5034 anno
3091 4997 3139 5034 v1
3169 4985 3316 5052 regni
3350 4985 3549 5040 domini
3600 4990 3767 5043 nostri
3813 4992 4024 5045 Clotba-

2458 5069 2586 5122 carii
2619 5069 2759 5136 regis
2791 5072 2837 5124 ".
2875 5071 2928 5123 In
2975 5072 3170 5127 Christi
3219 5076 3456 5144 nomine,
3481 5081 3724 5146 quamvis
3757 5093 4020 5150 peccator,

2458 5158 2796 5217 Audomarus
2824 5164 3059 5230 nomine,
3093 5165 3294 5236 absque
3325 5170 3518 5223 merito
3561 5171 3868 5241 episcopus,
3894 5173 4022 5227 hanc

2459 5253 2743 5320 epistolam
2779 5256 3108 5312 voluntarius
3161 5260 3357 5315 dictavi
3399 5270 3453 5317 et
3499 5278 3781 5320 recensere
3828 5266 4018 5332 audivi,

2461 5507 2581 5582 t_arii
2606 5505 2870 5582 lll_p_at_er,
2903 5507 3195 5582 decesserit
3225 5508 3442 5582 labente
3464 5525 3604 5582 anno
3646 5510 3777 5582 7656,
3812 5522 3872 5567 ut
3915 5514 4022 5582 ipse

2457 5577 2617 5629 docet
2647 5576 3003 5638 Mabillonius,
3037 5579 3103 5631 de
3129 5594 3268 5631 anno
3288 5581 3475 5634 mortis
3493 5579 3781 5636 Chlodovei
3814 5585 3864 5636 in
3888 5576 4020 5636 Ana-

2457 5647 2578 5698 lect.
2615 5661 2733 5714 pag.
2762 5643 2892 5710 5i7;
2947 5649 3088 5700 unde
3121 5650 3309 5701 mirum
3339 5657 3421 5704 est
3474 5654 3719 5705 eumdem
3781 5651 4018 5706 Mabillo-

2456 5717 2600 5768 nium
2635 5717 2736 5769 hnc
2767 5716 3175 5770 instrumentum
3210 5720 3559 5776 eoilocavisse
3586 5723 3684 5776 sub
3713 5738 3852 5779 anno
3894 5721 4018 5786 660,

2457 5787 2510 5838 in
2541 5786 2852 5850 Annalibus,
2875 5794 2914 5839 t.
2948 5786 2988 5853 Ι,
3016 5803 3135 5858 pag.
3166 5787 3286 5841 455.
