4206 6546
350 494 489 553 ΗἾἹ

349 616 405 663 et
443 604 534 676 qui
563 599 829 658 subterius
851 597 1149 653 scriberent
1194 592 1395 664 rogavi.
1453 589 1565 643 Hec
1620 588 1687 642 ab
1739 584 1923 676 ocellis
1950 589 2001 644 Α

349 675 474 760 feci,
505 703 559 749 et
580 692 715 748 alius
746 704 964 746 manum
996 701 1169 743 meam
1202 692 1394 740 tenens
1442 680 1652 751 scripsit
1696 685 1749 732 et
1803 675 1930 731 sub-

350 788 567 858 scripsit
598 795 646 839 η.

423 883 479 937 In
497 879 685 935 Christi
708 876 924 933 nomine
944 872 1324 930 Mummolinus
1337 869 1386 937 δ,
1402 883 1463 924 ac
1484 868 1527 922 si
1551 873 1805 937 peccator
1819 860 1931 930 epi-

350 982 791 1044 scopus,rogatus
808 984 905 1040 pro
922 967 1155 1022 indiculo
1173 963 1355 1019 domni
1373 958 1684 1023 Audomari,
1699 952 1933 1010 subscri-

351 1043 461 1137 psi.
489 1064 545 1119 ln
594 1061 790 1117 Christi
819 1059 1036 1114 nomine
1064 1054 1423 1116 Audebertus,
1452 1049 1695 1137 indignus
1726 1043 1932 1137 episco-

352 1135 796 1228 pus,subscripsi.
828 1149 885 1204 In
920 1147 1119 1202 Christi
1159 1144 1375 1200 nomine
1417 1135 1933 1202 Drausio,indignus

353 1252 657 1321 episcopus,
678 1244 986 1313 subscripsi.
1010 1242 1067 1295 In
1085 1238 1286 1294 Christi
1309 1236 1523 1290 nomine
1540 1233 1930 1297 Cravangerus,

354 1343 606 1411 indignus
638 1339 942 1407 episcopus,
967 1329 1282 1399 subscripsi.
1320 1325 1648 1382 Bcrtcfridus
1679 1328 1937 1391 peccator

355 1436 496 1489 hanc
526 1448 574 1500 e,
599 1430 810 1484 istolam
841 1426 1154 1495 subscripsi.
1183 1422 1237 1477 In
1268 1422 1464 1477 Christi
1501 1418 1714 1473 nomine
1746 1414 1933 1469 Ando-

356 1530 559 1591 bertns,
595 1530 852 1594 peccator
881 1512 1513 1589 episcopus,subscripsi.
1540 1509 1933 1573 Amlacharius,

356 1620 409 1674 in
440 1617 636 1671 Christi
670 1613 907 1675 nomine,
940 1611 1040 1667 etsi
1071 1618 1325 1679 peccator
1353 1606 1638 1673 episcopus
1659 1644 1671 1663 ,
1700 1598 1935 1655 subscri-

358 1710 459 1779 psi.
495 1707 744 1773 Baginus,
775 1719 839 1757 ac
880 1703 924 1755 si
968 1709 1222 1771 peccator
1271 1698 1572 1767 episcopus,
1620 1690 1931 1760 subscripsi.

356 1799 411 1851 In
442 1796 642 1851 Christi
689 1793 908 1849 nomine
952 1804 1053 1859 ego
1108 1787 1265 1855 Abel,
1292 1802 1356 1842 ac
1385 1788 1429 1843 si
1460 1787 1712 1853 indignus
1743 1782 1930 1847 abbas,

358 1888 694 1959 privilegium
724 1886 828 1940 hoc
854 1882 1167 1952 subscripsi.
1198 1878 1310 1948 Ego
1355 1878 1747 1933 Ramnebertus
1767 1917 1780 1942 ,
1810 1890 1933 1944 pec-

1110 478 1540 539 DONATIONES
1580 478 1667 533 AC
1706 470 2167 531 TKSTAMENTA
2208 465 2452 535 EPISC.,
2495 468 2669 534 ABB.,
2716 465 2869 521 ETC.

3484 465 3620 520 H78

2763 574 2878 629 XII.

2033 694 2227 750 Charta
2277 710 2374 762 qua
2451 692 2849 756 llerthcfredus,
2901 690 3283 763 Ambianensis
3326 694 3613 763 episcOpus,

2103 764 2397 820 Corbeiensi
2426 763 2740 817 monasterio
2786 763 3050 833 privilegia
3094 762 3328 818 concedit
3378 776 3399 802 ο
3455 762 3613 835 (mm.

2104 837 2210 891 662
2227 838 2266 905 ).

2106 949 2345 1006 Dominis
2374 950 2545 1004 sancti
2576 956 2631 1004 et
2655 946 2851 1003 summi
2883 946 3132 1003 culminis
3158 948 3310 1017 apice
3336 946 3619 1018 pontiflca-

2038 1044 2104 1099 lis
2132 1042 2402 1098 cathedra:
2434 1043 2651 1112 speeula
2674 1042 3087 1111 prtesidcntibus
3115 1042 3166 1094 in
3196 1040 3411 1096 Christo
3440 1041 3620 1095 fratri-

2034 1135 2169 1203 bus,
2198 1136 2388 1190 Nivoni
2424 1133 2678 1199 Ginesio,
2714 1133 3011 1193 Ethoaldo,
3054 1132 3332 1196 Emmoui,
3372 1132 3617 1198 Audoni,

2036 1229 2348 1284 Audomaro
2370 1270 2385 1295 ,
2418 1226 2668 1281 Audoino
2692 1267 2706 1289 ,
2748 1226 3087 1289 Audeberto,
3122 1224 3617 1293 Burgondofaroni,

2036 1323 2163 1378 item
2203 1321 2532 1384 Audeberto,
2576 1319 2889 1371 Drauscittni
2916 1361 2930 1385 ,
2969 1315 3357 1382 Berthefridus,
3402 1330 3620 1370 munere

2037 1412 2257 1481 superni
2288 1409 2559 1477 largitoris
2590 1408 2964 1461 Ambianensis
3012 1408 3263 1462 Ecclesiae
3312 1406 3616 1476 episcopus.

2037 1504 2188 1559 Licet
2217 1518 2316 1558 nos
2345 1502 2579 1571 antiqua:
2610 1499 2811 1565 regula:
2835 1499 3127 1552 constituta
3181 1498 3379 1553 salubri
3436 1497 3621 1551 obser-

2034 1598 2249 1653 Vatione
2274 1594 2553 1651 custodire
2578 1591 2888 1655 conveniat,
2926 1599 3104 1643 tamen
3146 1590 3262 1642 utili
3316 1589 3623 1658 provisione

2037 1697 2331 1745 tractantes
2359 1685 2743 1740 constituimus
2772 1694 2832 1736 ut
2861 1681 3003 1751 quod
3035 1681 3204 1735 sacris
3230 1680 3625 1734 deliberationi-

2034 1782 2131 1835 bus
2160 1795 2263 1833 non
2295 1778 2536 1843 derogat,
2562 1774 2823 1842 intrepida
2841 1774 3216 1826 observatione
3241 1780 3614 1825 conservetur.

2049 1872 2115 1925 Et
2143 1872 2268 1940 quia
2314 1868 2733 1939 gloriosissimus
2791 1865 3019 1920 domnus
3044 1863 3349 1919 Cblotarius
3374 1880 3489 1927 rex,
3523 1878 3622 1919 nec

356 1954 534 2045 calor,
555 1954 772 2046 rogatus
798 1979 939 2030 hanc
980 1974 1263 2043 epistolam
1301 1971 1467 2039 relegi
1514 1986 1576 2024 ac
1622 1969 1931 2038 subscripsi.
1965 1960 2011 2023 Β
2043 1982 2148 2021 non
2172 1974 2226 2018 et
2257 1962 2512 2033 praecelsa
2543 1960 2741 2014 domna
2766 1956 3048 2011 Balthildis
3101 1956 3307 2025 regina,
3337 1954 3516 2009 divino
3543 1956 3622 2009 in-

356 2069 469 2139 Ego
501 2069 893 2135 Landobertus,
919 2080 983 2122 ac
1003 2066 1047 2121 si
1079 2064 1328 2133 indignus
1360 2062 1675 2121 monachus.
1703 2061 1805 2114 hoc
1835 2059 1939 2128 pri-

357 2162 610 2231 vilegium
632 2169 851 2228 rogatus
872 2158 1064 2228 scripsi
1087 2166 1141 2211 et
1161 2155 1474 2225 subscripsi.

437 2438 462 2464 ι
504 2425 595 2478 "tl!
625 2438 786 2478 voces
817 2423 1019 2489 scripsi!
1062 2430 1107 2474 et
1149 2421 1466 2489 subscriptit,
1494 2420 1624 2474 nihil
1669 2419 1808 2473 aliud
1857 2422 1942 2476 hic

363 2496 593 2550 innuunt
618 2510 779 2563 quam
809 2492 1232 2559 subscriptionem
1271 2494 1506 2563 scripsit,
1531 2506 1689 2563 manu
1740 2491 1943 2545 ευίιὶερι

334 2568 545 2621 aliena
579 2561 792 2618 manum
822 2563 941 2631 ejus
996 2564 1298 2629 dirigente;
1360 2562 1473 2627 ipse
1529 2561 1669 2614 enim
1720 2570 1943 2613 test-tur

365 2645 537 2691 totum
583 2636 780 2688 charta:
825 2630 1135 2688 ccutextun
1181 2632 1401 2685 dictasse
1432 2631 1765 2683 elrccitutmn
1794 2630 1943 2683 audi-

364 2710 519 2760 visse.
551 2705 685 2759 lline
711 2706 872 2774 igitur
894 2704 1035 2757 nulla
1062 2702 1175 2755 falsi
1205 2702 1435 2774 suspicio
1461 2702 1706 2774 emergit,
1731 2710 1789 2754 ut
1833 2702 1943 2774 ipse

368 2778 540 2830 fassus
565 2785 646 2829 est
685 2770 820 2830 unus
854 2790 885 2829 e
916 2774 1154 2827 Bollanin
1195 2774 1372 2835 soeiis,
1404 2771 1636 2837 Stilting.
1681 2770 1799 2826 Act.
1842 2771 1939 2826 SS.

366 2846 647 2915 Septemb.
676 2856 714 2901 ι.
739 2846 800 2906 ΙΙ,
835 2860 954 2913 pag.
982 2842 1106 2909 506,
1126 2844 1219 2915 qui
1251 2843 1355 2915 alia
1388 2842 1503 2915 falsi
1544 2842 1738 2894 indicia
1769 2844 1944 2915 arguit

368 2910 691 2971 ex'testium
744 2910 1239 2984 subscriptionibus,
1268 2912 1361 2967 sed
1408 2911 1628 2977 frustra,
1655 2918 1713 2962 ut
1759 2910 1944 2967 videre

368 2996 453 3041 est
484 2988 535 3039 in
564 2996 689 3040 nota
714 2999 992 3056 sequente.

442 3056 467 3094 δ
507 3056 653 3110 Bene
680 3052 1153 3111 concordantcnm
1199 3053 1336 3107 notis
1374 3052 1766 3118 chronologicis
1822 3053 1944 3107 huic

366 3128 566 3183 charm.-
597 3127 852 3194 SUbjCCliL‘
880 3126 1301 3193 subscriptiones
1340 3124 1734 3194 episcoiiorunr
1776 3123 1943 3176 Mum-

367 3198 591 3264 moleni,
644 3192 879 3266 epistolii
932 3192 1321 3255 Noviomensis.
1356 3193 1673 3266 Audeberti“
1700 3192 1947 3266 Camera-

369 3263 910 3332 censis,Draucionis
941 3266 1361 3327 Suessionensis,
1398 3263 1674 3316 tlertcl'ridi
1722 3263 1939 3315 Ambia-

2043 2058 2288 2114 luminati
2345 2055 2580 2119 auxilio,
2615 2051 3001 2107 monasterium
3053 2066 3150 2103 suo
3201 2064 3383 2117 0pere,
3409 2047 3623 2105 Christo

2042 2149 2288 2219 praesule,
2316 2147 2367 2199 in
2396 2146 2517 2199 loco
2547 2152 2893 2213 nuncupante
2928 2140 3155 2196 Corbeia
3181 2150 3621 2208 construxerunt,

2042 2242 2345 2311 religiosam
2369 2240 2684 2311 petitionem
2728 2237 2927 2295 nostris
2970 2236 3185 2291 auribus
3230 2235 3620 2307 patefecerunt,

2043 2437 2097 2482 et
2150 2426 2266 2480 aliis
2320 2425 2627 2480 earumdem
2675 2434 2729 2478 et
2776 2424 3143 2494 proximorum
3172 2425 3521 2487 seculorum,
3554 2441 3617 2480 ac

2044 2498 2161 2551 aliis
2191 2496 2457 2562 adjunctis
2507 2511 2655 2563 aequa
2710 2497 2864 2549 lance
2912 2494 3205 2563 perpensis,
3236 2494 3363 2546 mihi
3412 2506 3617 2549 eertum

2047 2567 2488 2635 exploratumque
2517 2567 2681 2618 videri
2712 2566 2853 2635 quod
2886 2566 3088 2632 singula
3139 2581 3203 2617 ex
3254 2564 3333 2617 liis
3385 2576 3617 2631 quatuor

2046 2634 2459 2704 exemplaribus,
2490 2651 2608 2704 qua:
2640 2636 2688 2687 in
2723 2634 2970 2703 prmdirtn
2993 2635 3207 2687 archiva
3256 2635 3614 2701 a~si.'nantur,

2045 2724 2202 2769 vera,
2237 2708 2465 2772 genuina
2511 2716 2566 2760 et
2617 2706 2946 2774 autographa
2988 2706 3425 2773 comprobantur.
3466 2724 3483 2756 ι
3518 2704 3615 2759 Se-

2044 2786 2281 2846 quuntur
2340 2778 2557 2830 nomina
2606 2787 2811 2846 septem
2866 2775 3112 2836 testium,
3164 2790 3279 2843 qum
3336 2776 3615 2846 prieripttis

2044 2844 2270 2899 abbatize
2301 2846 2355 2899 S.
2393 2846 2590 2900 Ilertini
2621 2844 2811 2899 officiis
2843 2855 2968 2899 tunc
2997 2846 3369 2916 fungebantur.
3404 2844 3618 2916 [Liben-

2047 2926 2126 2968 ter
2155 2925 2356 2969 textum
2380 2919 2619 2970 eonl’eret
2650 2917 2818 2970 lector
2847 2931 2966 2971 eum
2991 2916 3316 2969 chartulario
3332 2915 3615 2971 S.’Bertini

2046 2988 2188 3039 esito
2217 3002 2339 3037 ann.
2370 2985 2524 3049 18H,
2554 3001 2670 3053 pag.
2706 2985 2818 3054 23.]

2120 3068 2141 3092 ο
2178 3055 2327 3107 Edita
2363 3056 2413 3107 in
2445 3056 2773 3110 Coilectione
2797 3057 3144 3111 conciliorum
3178 3058 3472 3124 Sirmondi,
3506 3067 3545 3110 t.
3572 3058 3611 3122 Ι,

2045 3139 2165 3193 pag.
2201 3124 2337 3186 5302;
2380 3124 2609 3191 Labbei,
2644 3139 2681 3180 t.
2713 3127 2803 3187 ΙΙ,
2837 3128 2940 3181 col.
2978 3128 3114 3191 527;
3150 3127 3422 3190 llarduini,
3457 3138 3494 3182 t.
3528 3126 3614 3191 Ill,

2047 3200 2151 3266 col.
2186 3195 2355 3256 lOlO;
2388 3198 2527 3266 etin
2564 3197 2858 3250 Annalibus
2888 3196 3107 3263 Cointii,
3144 3206 3181 3251 ι.
3221 3198 3305 3263 ΙΙΙ,
3339 3212 3458 3266 pag.
3492 3197 3614 3263 537,

2047 3264 2347 3331 iterumque
2391 3276 2424 3317 ι.
2455 3265 2787 3333 \’,pag.‘283.
2818 3267 3307 3336 llancitnpngnavit
3329 3264 3618 3331 Latinoins,

367 3332 1937 3405 nensis,AudebertiSilvancctensisetAnialcarii§agie_n-
1966 3334 2014 3397 C
2045 3336 2284 3403 luqttisit.
2348 3336 2398 3388 in
2452 3332 2687 3389 chartam
2750 3338 2807 3392 ὃ.
2864 3332 3068 3389 (Ξενηιᾘ
3104 3338 3295 3401 Paris...
3344 3348 3481 3405 part.
3540 3338 3613 3400 4,

366 3410 462 3471 sis,
499 3409 566 3461 de
594 3409 787 3474 quibus
812 3408 931 3459 vide
956 3407 1088 3459 Nov.
1122 3406 1258 3458 Call.
1290 3404 1475 3457 christ.
1508 3414 1547 3455 ι.
1581 3402 1665 3474 ΙΙΙ,
1694 3402 1759 3455 IX
1787 3414 1838 3455 et
1872 3403 1936 3456 Χ.

366 3473 761 3543 Gravaugerius
816 3491 944 3530 vero
997 3485 1050 3529 et
1081 3476 1271 3527 llainus
1302 3474 1535 3541 cpisropi
1566 3473 1899 3525 sub~cribuut
1925 3514 1938 3537 ,

367 3549 457 3615 qui
489 3549 647 3599 ambo
672 3547 981 3599 Audomaro
1005 3551 1374 3615 successerunt
1424 3543 1475 3596 in
1532 3544 1861 3612 episcopatu,
1887 3552 1940 3596 et

366 3613 591 3686 proinde
622 3617 718 3684 ipsi
748 3616 943 3669 chartae
965 3613 1304 3668 conlieieudzc
1327 3615 1719 3686 interessenon
1753 3622 1936 3686 potito.

368 3684 513 3741 runt.
543 3686 678 3739 Hinc
721 3686 954 3752 Stilting,
983 3686 1071 3738 ubi
1124 3699 1305 3752 supra,
1360 3692 1547 3735 auctor
1598 3684 1815 3736 llisscrz.
1870 3684 1936 3736 de

368 3759 524 3812 verit.
558 3758 746 3810 histor.
772 3755 903 3809 eccl.
937 3754 1166 3807 Audom.
1218 3768 1337 3821 pztg.
1373 3752 1492 3815 125,
1523 3762 1577 3806 et
1624 3752 1709 3805 alii
1758 3752 1936 3821 plures

369 3844 489 3883 eam
540 3828 841 3880 habuerunt
886 3840 983 3894 pro
1028 3823 1403 3893 supposititia;
1438 3822 1530 3877 sed
1566 3822 1769 3890 jamdiu
1800 3838 1932 3875 von-

368 3898 521 3952 fectzc
551 3895 749 3950 charta:
780 3911 974 3949 nomen
999 3910 1150 3948 sumn
1181 3894 1493 3962 apposuisse
1520 3903 1803 3959 utrumque
1837 3894 1935 3946 Au-

370 3968 579 4023 domari
605 3981 993 4031 successorem,
1017 3966 1131 4017 vice
1159 3962 1603 4025 confirmationis.
1631 3978 1696 4016 eo
1728 3962 1937 4017 videtur

371 4038 724 4106 probabilius,
750 4036 890 4104 quod
921 4035 1235 4106 id_priscisi
1262 4032 1590 4101 temporibus
1635 4033 1825 4106 satpius
1882 4034 1936 4106 in

376 4102 472 4161 usu
529 4109 643 4169 fuit,
672 4102 726 4160 ut
767 4102 926 4159 docet
968 4104 1326 4163 Mabillonius,
1353 4112 1406 4155 et
1447 4104 1709 4171 eu—mplis
1760 4102 1933 4156 allatis

371 4179 585 4242 asserit,
609 4179 670 4229 de
698 4177 772 4229 fle
801 4176 952 4243 dipl.,
981 4188 1099 4244 pag.
1294 4172 1422 4226 Vide
1446 4188 1662 4244 quoque
1712 4171 1929 4244 Dissert.

371 4249 437 4301 de
464 4241 653 4317 origin.
698 4247 760 4300 S.
802 4241 995 4317 Berl;
1021 4257 1149 4317 pag.
1176 4242 1278 4295 154
1325 4252 1379 4295 et
1404 4257 1555 4310 seqq.
1612 4241 1718 4317 Nec
1774 4242 1940 4317 allicit

369 4318 516 4387 quod
546 4313 826 4386 utriusque
871 4313 1289 4387 subscriptiones
1343 4322 1600 4387 apposita:
1651 4313 1758 4366 sint
1803 4313 1942 4387 inter

370 4383 593 4443 nomina
609 4383 833 4441 aliorum
865 4386 1234 4453 episcOpoi-um
1264 4385 1352 4452 qui
1386 4383 1737 4436 instrumento
1768 4383 1938 4436 conli—

373 4458 568 4514 ciendo
599 4459 899 4511 adfuerunt.
931 4453 1128 4520 Spatiis
1158 4454 1298 4506 enim
1329 4466 1445 4520 qua:
1475 4467 1641 4505 vacua
1690 4460 1939 4522 suppete-

371 4534 520 4592 bant,
552 4529 745 4581 inserta
770 4525 930 4578 fuisse
959 4524 1344 4594 posterioribus
1384 4523 1738 4594 temporibus
1760 4523 1943 4575 ainbo-

372 4615 495 4653 rum
526 4596 817 4651 Audornari
838 4592 1207 4650 successorum
1264 4592 1479 4647 nomina
1525 4592 1780 4645 credibile
1840 4600 1939 4645 est.

373 4670 472 4724 llic
493 4679 670 4722 autem
693 4682 868 4736 opera:
900 4665 1127 4735 pretium
1149 4662 1393 4736 ducimus
1415 4661 1720 4736 esscribere
1741 4676 1859 4730 qutc
1880 4662 1946 4716 de

370 4740 600 4795 veritate
633 4732 792 4806 hujus
818 4732 1056 4806 chartae,
1081 4740 1134 4787 et
1159 4733 1387 4806 plurium
1416 4732 1642 4806 aliarum
1674 4741 1945 4785 monaste-

370 4813 521 4866 riis.
567 4800 787 4871 Bertini,
812 4807 898 4860 die
944 4806 977 4858 5
1027 4800 1358 4872 Septembris
1407 4800 1546 4854 1772
1596 4810 1817 4855 testatus
1870 4812 1950 4857 est

369 4884 602 4936 domnus
631 4878 830 4937 Butler.
861 4876 1073 4943 collegii
1098 4873 1226 4941 regii
1269 4872 1560 4943 Anglorum
1615 4873 1948 4926 Audomaro-

373 4952 485 5023 poli
510 4961 635 5023 tunc
672 4962 901 5023 praeses,
931 4942 1107 5023 vir’nin
1161 4957 1239 5023 re”
1262 4942 1605 5022 diplomaiica
1653 4943 1948 5023 versatissi-

372 5011 512 5076 inus.
550 5039 567 5071 ι
603 5011 741 5072 Infra
768 5011 997 5085 scriptus
1029 5011 1353 5085 fidemfacio
1386 5026 1472 5066 me
1502 5012 1555 5066 in
1587 5013 1804 5085 archivo
1849 5013 1945 5067 ab-

370 5095 531 5146 batis:
562 5093 615 5143 S.
640 5082 991 5154 Bertinifper
1016 5095 1124 5138 tres
1161 5082 1295 5146 dies,
1326 5098 1508 5138 coram
1554 5084 1677 5135 viris
1728 5097 1948 5137 venera-

372 5163 593 5225 bilibus,
624 5157 951 5226 exemplaria
982 5154 1269 5226 archetypa
1304 5162 1634 5226 tractasseet
1655 5154 1950 5226 inspexisse

374 5221 587 5286 charue
608 5221 878 5290 Adroaldi,
906 5226 1101 5279 cha:t:e
1127 5221 1184 5277 Si
1209 5221 1518 5287 Audomari,
1550 5222 1749 5276 decreti
1778 5223 1950 5277 sancti

374 5302 647 5371 Folquini,
675 5310 730 5354 et
757 5297 913 5351 bullae
959 5294 1184 5371 Victoris
1199 5292 1445 5371 hl_l_pap:c_
1463 5333 1478 5357 ,
1508 5293 1559 5346 in
1590 5294 1813 5371 graliaip
1846 5294 1949 5371 βο.

374 5364 532 5426 vanis
564 5371 768 5426 abbatis
790 5378 843 5421 et
864 5365 1174 5420 monasterii
1197 5364 1513 5428 Sithiensis;
1543 5372 1737 5417 etcum
1762 5364 1948 5417 iisdem

373 5458 584 5498 summa
614 5442 884 5508 diligentia
917 5446 971 5491 et
1001 5435 1105 5488 fide
1137 5435 1453 5508 transcripta
1510 5435 1803 5508 contulisse
1830 5448 1950 5508 ;_ac

376 5517 430 5569 in
460 5502 786 5584 oninibusiet
814 5507 1034 5584 singulis
1064 5504 1301 5584 partibus
1330 5520 1447 5557 cum
1472 5504 1735 5584 praedictis
1763 5502 1951 5583 arche-

378 5588 537 5656 typis,
569 5585 701 5656 citra
726 5574 1047 5656 levissimam
1079 5575 1282 5656 minimi
1307 5574 1491 5654 puncti
1534 5574 1950 5656 discrepantiam

377 5643 537 5725 «fliam
566 5652 798 5725 indicare
821 5648 900 5702 fas
930 5655 1061 5708 erat,
1089 5646 1161 5725 ita
1189 5643 1511 5725 adamussim
1554 5643 1867 5725 convenire,
1890 5652 1951 5699 ut

378 5716 709 5791 exemplaria
737 5722 850 5791 haec
879 5717 1196 5791 transcripta
1221 5716 1288 5771 de
1315 5726 1477 5791 verbo
1500 5716 1569 5791 ad
1600 5717 1821 5791 verbum
1847 5729 1946 5791 au-

380 5784 617 5850 thentica
640 5784 904 5846 declarari
926 5798 980 5843 et
998 5784 1181 5842 haberi
1206 5790 1413 5857 possint
1437 5801 1501 5841 ac
1528 5785 1777 5839 debeant.
1806 5784 1950 5840 ldem

380 5874 551 5921 testor
576 5878 664 5917 me
693 5860 946 5931 prmdieta
977 5864 1269 5931 archetypa
1297 5857 1701 5931 diligentissime
1746 5857 1953 5931 exami-

381 5949 559 6000 nasse,
586 5941 645 5991 et
672 5925 961 5990 collatione
982 5930 1121 5985 facta
1146 5925 1267 5985 eum
1292 5925 1567 5998 scripturis
1596 5925 1952 5997 diplomaticis

1978 4633 2025 4691 D

2045 3424 2165 3473 cap.
2199 3422 2250 3464 κ,
2284 3412 2418 3458 sect.
2446 3420 2483 3470 ι,
2517 3406 2569 3469 li,
2593 3417 2647 3456 et
2675 3417 2796 3473 post
2823 3408 2993 3474 ipsum
3023 3406 3284 3471 Cointius,
3312 3408 3451 3461 Attii.
3482 3417 3517 3460 t.
3549 3407 3612 3473 V,

2044 3492 2162 3543 pag.
2189 3475 2369 3545 QS-et
2398 3490 2547 3543 seqq.
2599 3474 2799 3528 Eadem
2846 3476 3063 3529 omnino
3116 3487 3240 3530 sunt
3295 3486 3609 3545 argumenta

2043 3560 2160 3609 mre
2188 3544 2268 3597 alii
2293 3554 2480 3598 νιιίιιιη
2511 3556 2695 3599 contra
2723 3546 2962 3599 chartam
2992 3546 3267 3616 Einmonis
3296 3544 3393 3616 pro
3421 3563 3608 3602 mona-

2041 3615 2203 3667 sterio
2228 3616 2278 3668 S.
2318 3616 2482 3679 l’etri,
2509 3615 2642 3669 adeo
2666 3626 2722 3669 ut
2745 3617 2912 3670 altera
2958 3615 3023 3669 ad
3072 3615 3304 3672 alterius
3337 3618 3611 3686 exemplar

2041 3686 2342 3753 conscripta
2376 3686 2635 3738 videatur.
2663 3686 2907 3740 Coiutins
2933 3696 3113 3740 censet
3137 3689 3375 3741 chartam
3406 3696 3610 3741 utram-

2040 3771 2146 3822 que
2191 3755 2649 3809 einendationibus
2682 3756 2919 3823 indigere
2951 3756 3001 3809 in
3028 3757 3373 3823 inscriptione
3401 3766 3457 3811 et
3483 3758 3611 3812 sub-

2040 3826 2443 3899 scrip_tio_ue,_ae
2473 3827 2827 3899 e_i_tpungcnda
2860 3841 2977 3880 esse
3007 3841 3125 3894 qua:
3170 3827 3238 3880 ibi
3266 3827 3516 3881 dicuntur
3543 3828 3611 3883 de

2040 3895 2223 3964 regula
2248 3894 2301 3948 S.
2336 3893 2628 3949 Benedicti.
2660 3896 2783 3951 llaec
2806 3908 2984 3951 autem
3012 3893 3197 3964 parum
3221 3912 3319 3952 nos
3370 3906 3609 3952 movent.

2041 3962 2173 4018 Vide
2195 3972 2351 4017 notas
2371 3974 2580 4018 nostras
2611 3966 2879 4020 Emmonis
2905 3962 3105 4021 charta:
3124 3967 3409 4033 subjectas.
3440 3967 3610 4021 Caete-

2040 4034 2324 4104 rumnihil
2349 4034 2401 4087 in
2433 4035 2617 4089 charta
2663 4045 2886 4104 utraque
2939 4036 3294 4104 deprehendit
3351 4036 3616 4101 Cointius,

2041 4103 2182 4169 quod
2214 4105 2284 4158 sit
2315 4114 2507 4171 praeter
2543 4104 2632 4172 jus
2662 4103 2982 4169 commune;
3014 4103 3138 4159 imo
3187 4109 3367 4161 omnia
3424 4107 3621 4162 fatetur

2044 4174 2276 4248 llia_r_culll
2296 4174 2533 4248 formulis
2549 4184 2933 4248 consentanea.
2959 4176 3013 4229 Id
3034 4175 3243 4248 abunde
3258 4179 3621 4248 prosequitur,

2046 4251 2083 4295 t.
2112 4242 2182 4317 Υ,
2216 4260 2336 4313 pag.
2362 4243 2457 4317 29f
2488 4253 2683 4317 etseq.
2716 4246 2937 4317 collatis
2966 4246 3186 4313 singulis
3231 4242 3450 4301 cliartae'
3475 4242 3623 4317 capi;

2046 4314 2172 4366 tulis
2203 4330 2321 4387 cn_n_t
2344 4314 2868 4387 lorintiljsilliarculii.
2893 4315 3123 4379 Mineus,
3148 4319 3309 4385 Oper.
3343 4318 3471 4387 dipl.
3506 4314 3554 4370 ιζ
3580 4318 3619 4385 1,

2047 4397 2169 4462 pag.
2224 4381 2359 4447 659,
2390 4383 2857 4462 et_Mabilloniu_s,
2889 4389 3091 4462 Annal.
3144 4381 3281 4462 t.'_l,
3315 4381 3436 4456 pag.
3486 4381 3620 4451 470,

2048 4454 2633 4526 fragmentumchartae
2683 4455 3018 4526 Berthet'iedi
3068 4454 3626 4526 exscripserunt,nec

2050 4521 2101 4574 in
2132 4538 2195 4577 ea
2225 4521 2425 4592 aliquid
2449 4524 2872 4593 redarguendum
2905 4521 3261 4581 notaveruntf
3287 4521 3625 4584 Mabillonius

2050 4602 2235 4670 incitet
2256 4594 2412 4670 iiujus
2440 4594 2637 4670 chartae
2667 4596 2993 4670 mentionem
3031 4597 3142 4670 fieri
3176 4598 3227 4650 in
3258 4598 3416 4670 simili
3448 4601 3613 4670 privi-

2051 4661 2222 4738 iegio,
2254 4661 2504 4738 Ecclesiae
2553 4662 2870 4719 Messinensi
2912 4668 3107 4738 stnequ
3154 4682 3203 4719 xi
3252 4668 3318 4721 ab
3369 4661 3625 4738 episcopo

2056 4731 2435 4807 ei-vvaniietisi
2470 4748 2754 4807 concesso,
2787 4738 2928 4803 quod
2960 4737 3351 4807 habeturinter
3379 4731 3622 4807 ejusdem

2053 4801 2216 4875 Mirati
2245 4802 2419 4871 Opera
2452 4801 2821 4873 diplomatica,
2850 4814 2885 4857 t.
2922 4807 2961 4869 Ι,
2989 4821 3106 4873 pag.
3135 4806 3224 4870 64,
3256 4817 3311 4861 et
3334 4801 3474 4875 qtind
3524 4825 3624 4862 suo

2053 4872 2238 4926 ordine
2270 4872 2631 4927 recudendum
2655 4872 3264 4931 curabimusﬁChartain
3291 4872 3622 4933 Berthefrcdi

2046 4942 2198 5007 juxta
2223 4942 2506 4997 lectionem
2537 4944 2733 4998 Cointii
2755 4946 2981 5000 edimus.
3016 4945 3165 5000 Licet
3190 4946 3523 5002 Berthefredi
3570 4958 3626 5003 et

2051 5012 2324 5067 Emmonis
2352 5013 2564 5067 chartas
2588 5014 2882 5069 dixerimus
2917 5016 3237 5077 simillimas,
3262 5021 3479 5070 mutatis
3521 5019 3625 5073 sri-

2051 5083 2177 5136 licet
2226 5084 2515 5146 mutandis,
2548 5083 2883 5140 Berthefredi
2929 5095 3108 5139 tamen
3140 5087 3322 5139 charta
3353 5087 3620 5141 interdum

2051 5153 2330 5226 prolixior.
2360 5155 2411 5207 Id
2437 5155 2608 5226 primo
2640 5164 2858 5224 aspectu
2890 5157 3033 5209 oculi
3077 5164 3433 5223 assequuntur
3480 5158 3625 5226 apud

2049 5222 2345 5289 Cointium,
2364 5225 2453 5292 qui
2476 5222 2716 5278 chartam
2741 5226 2967 5278 alteram
2992 5222 3383 5280 altenusitateri
3411 5222 3626 5281 aflisam

2050 5293 2308 5366 exhibuit.
2339 5294 2443 5347 Nos
2472 5296 2735 5363 praecipua
2766 5310 2832 5349 ex
2862 5296 2944 5350 his
2966 5313 3081 5366 qua:
3114 5296 3164 5348 in
3196 5297 3379 5366 charta
3408 5296 3629 5350 Bel-the-

2052 5361 2182 5418 fredi
2220 5361 2490 5417 abundant
2533 5361 2942 5433 parenthesibus
2966 5361 3301 5421 inclusimus.
3341 5364 3523 5421 Varias
3555 5368 3627 5422 le-

2051 5438 2259 5488 ctiones
2300 5435 2436 5505 inter
2474 5450 2643 5505 uncos
2672 5436 3083 5505 adseripsitnus,
3116 5451 3249 5505 quas
3277 5452 3337 5505 ex
3393 5453 3496 5492 ms.
3537 5440 3630 5493 de-

2052 5516 2326 5576 promptas
2359 5504 2416 5556 Ι).
2467 5504 2692 5568 Labbat,
2725 5504 3158 5576 congregationis
3202 5505 3256 5559 S.
3310 5504 3501 5572 Mauri,
3535 5524 3627 5561 n0-

2050 5575 2254 5629 biSL-um
2287 5576 2672 5631 humanissime
2701 5575 3150 5643 communicavit,
3177 5586 3394 5644 paratas
3418 5578 3482 5631 ad
3512 5580 3627 5632 edi-

2053 5646 2249 5699 tionem
2266 5646 2628 5700 Conciliorum
2653 5648 2862 5713 Galliae,
2888 5650 2972 5703 cui
2997 5663 3119 5702 mox
3148 5647 3419 5715 vulganda:
3442 5650 3629 5700 sedulo

2051 5715 2327 5789 incumbit.
2365 5716 2462 5785 [De
2494 5717 2871 5789 liaeieditioue
2890 5735 2995 5789 non
3020 5719 3282 5781 absoluta,
3308 5716 3461 5787 cujus
3482 5720 3631 5789 vplu-

2050 5800 2170 5839 men
2204 5787 2435 5861 primum
2466 5787 2663 5861 prodiit
2692 5803 2831 5842 anno
2852 5788 3012 5861 ΠΨ),
3040 5790 3233 5845 νίάοδίε
3259 5803 3378 5856 qua:
3434 5787 3631 5861 scripta

2052 5864 2176 5913 sunt
2209 5865 2248 5912 t.
2279 5855 2317 5919 Ι,
2349 5858 2416 5913 ad
2438 5856 2661 5927 calcem,
2688 5872 2808 5929 pag.
2842 5857 2959 5931 67.]
