4206 6544
729 433 866 492 H79

1497 431 1760 491 SIECUL.
1808 432 1890 486 V'll
1936 433 2022 488 ET
2070 431 2743 492 Vlll.ECCLESIASTlCA
2785 433 3238 492 MONUMENTA.

3846 440 3982 495 ll8e

727 571 844 624 qua:
871 547 1115 604 viscerali
1141 547 1357 618 pietatis
1379 546 1576 602 all'ectu
1608 547 1678 600 ita
1705 561 1800 602 cor
1822 548 2146 605 intrinsecus
2171 549 2306 605 mol-
2332 565 2383 621 Α
2409 560 2554 608 etum
2577 551 2986 618 monasterium,
3009 551 3092 606 vel
3125 551 3375 607 monachi
3403 550 3596 608 ibidem
3625 553 3983 610 consistentes

726 645 864 712 livit,
896 655 956 700 ut
983 645 1153 716 petita
1182 658 1287 698 non
1313 641 1634 708 concedere,
1657 651 1751 696 aut
1778 655 1927 700 certe
1955 646 2306 703 libentissime

725 755 836 793 non
869 736 1140 808 implesse,
1172 743 1358 788 noster
1387 733 1599 790 animus
1627 735 1989 806 inreligiosum
2048 737 2165 792 fore
2207 755 2302 808 pu-

729 837 886 884 taret.
911 827 1111 883 Sancto
1141 825 1305 896 igitur
1331 841 1516 882 amore
1545 829 1811 884 succensi.
1841 837 2036 883 nostra;
2083 830 2303 886 vilitatis

726 919 1127 976 extremitatem
1153 919 1424 989 petierunt
1447 927 1504 971 ut
1533 926 1588 973 et
1616 935 1717 974 nos
1745 927 1802 974 et
1829 927 2007 973 vestra
2048 919 2298 975 fraterni-

729 1021 810 1066 tas
837 1012 1262 1076 consentientes,
1291 1026 1390 1080 pro
1418 1011 1719 1065 reverentia
1745 1020 2052 1066 sanctorum
2085 1011 2228 1066 l’etri
2250 1020 2303 1066 et

727 1105 877 1159 l’auli
907 1103 1295 1174 apostolorum,
1323 1112 1379 1158 et
1405 1102 1579 1156 sancti
1628 1101 1889 1172 Stephani
1931 1114 2295 1175 protomarty-

721 1199 816 1262 ris,
837 1200 926 1266 qui
955 1197 1028 1252 ob
1046 1197 1338 1264 gloriosum
1359 1211 1421 1251 ac
1445 1195 1768 1266 triumphale
1784 1205 1968 1252 votum
1997 1214 2097 1268 pro
2116 1214 2303 1254 amore

723 1287 920 1344 Christi
948 1304 1200 1344 coronam
1228 1288 1465 1358 martyrii
1490 1288 1808 1356 consequuti
1839 1297 1984 1354 sunt,
2008 1289 2073 1343 ad
2103 1290 2297 1360 przcdi-

724 1390 871 1436 etum
903 1382 1285 1436 monasterium
1317 1380 1366 1434 in
1414 1396 1600 1436 eorum
1645 1380 1854 1435 honore
1904 1389 2297 1448 constructum,

723 1475 1055 1545 privilegium
1087 1474 1388 1529 concedere
1409 1474 1755 1528 deberemus.
1773 1473 1923 1528 Licet
1951 1483 2138 1530 sancta
2167 1475 2300 1530 Car-

725 1566 1054 1634 thaginensis
1104 1565 1341 1636 syuodus
1393 1580 1422 1618 a
1481 1566 1638 1618 bona:
1694 1563 1967 1618 meritoria:
2026 1565 2299 1621 Bonifacio

724 1656 948 1724 ejusque
971 1655 1309 1724 coepiscopis
1338 1657 1404 1709 fat
1425 1663 1497 1720 ta,
1532 1655 1614 1708 vel
1648 1655 1814 1726 ipsius
1837 1654 2133 1711 sacerdotis
2179 1659 2293 1728 epi-

721 1748 874 1802 stolae
899 1747 966 1801 ad
997 1747 1267 1802 Liberium
1300 1756 1581 1816 porrectae.
1613 1763 1720 1802 non
1751 1747 2072 1816 prohibeant
2109 1763 2298 1803 numa-

721 1836 854 1892 chos
902 1837 1003 1891 sub
1053 1839 1328 1907 privilegio
1376 1838 1596 1910 prOprio
1627 1837 1767 1909 [llos
1813 1839 2015 1894 verbum
2062 1841 2201 1896 deest
2246 1844 2300 1894 in

2409 640 2764 711 possideant).
2799 641 3003 696 Altaria
3055 642 3121 696 ad
3177 643 3519 712 sepedietum
3573 646 3979 714 monasterium,

2407 731 2492 784 vel
2521 731 2732 793 tabula',
2765 731 2808 786 si
2833 732 3120 796 defuerint,
3153 734 3438 802 episcopus
3469 734 3846 790 Ambianeusis
3889 735 3982 790 Ec-

2407 822 2588 878 clesia:
2619 823 2672 876 in
2696 822 2788 876 Dei
2824 825 3039 878 nomine
3061 823 3367 887 benedicat,
3399 836 3452 880 et
3479 827 3708 880 chrisma
3739 837 3977 882 sanctum

2405 917 2661 971 conficiat
2702 917 2818 972 sine
2862 921 3036 988 pretio
3091 919 3192 990 [Ine
3219 920 3336 972 duo:
3361 936 3506 974 vocas
3530 921 3713 974 desum
3739 919 3791 972 in
3822 921 3974 990 ms.|,

2406 1016 2464 1062 et
2483 1009 2642 1064 annis
2664 1009 2886 1076 singulis
2917 1025 3017 1079 pro
3044 1011 3345 1066 reverentia
3375 1021 3705 1076 sanctorum,
3727 1013 3843 1067 sine
3873 1013 3977 1068 ullo

2403 1101 2646 1170 praemio,
2674 1105 2908 1158 muneris
2935 1119 3117 1168 causa,
3143 1123 3257 1158 ton:
3278 1107 3420 1160 edat.
3449 1104 3512 1158 Et
3547 1107 3688 1174 quod
3713 1108 3777 1161 ad
3810 1108 3976 1176 ipsum

2403 1197 2789 1252 monasterii-un
2836 1197 2888 1251 in
2945 1197 3035 1252 Dei
3090 1199 3308 1253 nomine
3360 1201 3516 1254 fuerit
3546 1199 3806 1265 oblatum,
3830 1201 3917 1254 vel
3947 1217 3976 1255 a

2403 1301 2579 1355 quocu
2604 1300 2762 1356 :zquc,
2791 1287 2901 1340 Deo
2933 1287 3244 1356 inspirante,
3283 1291 3670 1353 transmissum,
3705 1292 3833 1346 nihil
3875 1292 3974 1348 sibi

2403 1377 2596 1431 exinde
2624 1379 2861 1448 pontifex
2883 1389 2976 1433 aut
3002 1379 3118 1449 ejus
3141 1381 3572 1446 :n'thidiaconus,
3605 1394 3695 1438 aut
3722 1384 3977 1454 quislibet

2403 1468 2681 1524 ordiuator
2709 1469 2974 1536 Erclcsim,
3003 1487 3068 1525 au
3093 1473 3199 1526 leat
3235 1473 3510 1529 vindicare
3539 1480 3657 1543 (nec
3685 1476 3751 1528 ad
3784 1477 3973 1545 pra-fi-

2405 1566 2517 1612 tum
2559 1565 2946 1617 monasterium
2969 1578 3048 1616 aet
3069 1563 3252 1630 edere,
3274 1581 3372 1619 nec
3399 1567 3449 1619 in
3481 1567 3622 1634 agris
3653 1566 3820 1636 ipsius
3848 1583 3974 1620 eou-

2401 1648 2540 1706 vivia
2575 1664 2698 1720 ego,
2731 1655 2815 1707 vel
2847 1655 3127 1722 pontilires
3158 1671 3492 1709 successores
3541 1657 3728 1712 nostri.
3765 1658 3846 1710 vel
3893 1675 3974 1710 ar~

2405 1743 2752 1797 chidiaeonus
2801 1753 2893 1796 aut
2933 1745 3186 1812 quislibet
3225 1747 3498 1800 ordinatur
3546 1745 3794 1800 Ecclesia:
3851 1755 3975 1802 Am-

2403 1833 2716 1899 biauensis,
2774 1835 3078 1905 prtcparare
3135 1847 3459 1905 pra-sumat,
3515 1837 3614 1892 nisi
3665 1839 3731 1890 ab
3784 1838 3976 1894 abbate

720 1929 846 2000 min]
887 1929 1143 1993 residere,
1171 1929 1254 1982 vel
1286 1931 1458 1983 :-nncti
1489 1930 1770 1996 Augustini
1799 1931 2038 1998 prarelari
2065 1931 2302 1994 doctoris
2329 1932 2377 1994 Β
2404 1928 2679 1996 smpedicti
2742 1931 3054 1984 monasterii
3125 1939 3419 2000 spuntanea
3490 1933 3766 1987 voluntate
3817 1933 3977 1989 fuerit

719 2024 840 2080 libri
867 2023 934 2078 de
955 2023 1208 2092 gradibus
1225 2023 1606 2076 ecclesiasticis
1627 2021 1859 2077 doceant
1881 2024 2175 2079 monachos
2195 2028 2295 2080 sub

718 2115 901 2184 quiete
926 2113 1241 2180 regulariter
1285 2114 1546 2175 viventes,
1573 2111 1780 2182 absque
1801 2113 2168 2182 inquietudine
2197 2117 2300 2170 cle-

699 2209 954 2264 ricorum
980 2205 1062 2259 vel
1093 2205 1471 2274 episcoporum
1511 2207 1750 2260 residere
1781 2207 1951 2274 (tpiod
1993 2221 2093 2261 nos
2120 2210 2297 2263 consi-

719 2297 990 2360 dei-antes,
1015 2294 1139 2348 dum
1169 2303 1224 2348 et
1253 2295 1508 2348 canonica
1545 2297 1807 2349 institutio
1853 2295 1920 2350 de
1955 2297 2052 2352 hac
2093 2313 2152 2352 re
2198 2316 2296 2354 nos

719 2403 826 2442 non
856 2387 1188 2457 prtejuiiicat,
1219 2388 1300 2440 vel
1331 2386 1670 2454 supradictus
1699 2385 1927 2442 domnus
1951 2396 2006 2442 et
2043 2388 2294 2457 przedicta

719 2479 934 2543 domna,
967 2479 1092 2532 dum
1119 2495 1176 2531 se
1197 2477 1522 2546 pat.-ociuio,
1549 2485 1656 2530 tam
1687 2486 1742 2532 et
1783 2477 1836 2531 in
1890 2493 1982 2548 pra
2002 2479 2140 2533 senti
2187 2481 2294 2534 vita

720 2585 879 2642 uuam
911 2579 963 2624 et
1003 2569 1054 2623 in
1085 2571 1342 2635 futurum,
1373 2572 1719 2639 prtclatorum
1743 2579 2050 2624 sanctorqu
2101 2573 2298 2641 plenis-

719 2678 853 2718 suua
885 2661 1173 2717 devotione
1201 2660 1557 2726 tradiderunt,
1589 2669 1644 2714 ut
1682 2659 1758 2713 eis
1790 2660 1987 2730 ubique
2014 2662 2153 2730 apud
2182 2661 2294 2718 cle-

719 2755 1112 2810 mentissimum
1141 2763 1194 2809 et
1222 2754 1644 2822 onmip'atentetn
1673 2753 1958 2806 Dominum
2001 2769 2186 2809 eorum
2216 2756 2296 2809 in-

723 2849 981 2904 terea-ssio
1013 2845 1252 2916 pra-bere
1272 2847 1522 2914 dignetur
1551 2844 2053 2911 adminiculum,vel
2084 2861 2182 2916 pro
2213 2862 2300 2900 re-

719 2919 958 2996 verentia
990 2946 1260 2993 tantorum
1285 2947 1600 3006 martyrum,
1630 2951 1724 2992 seu
1747 2945 1903 3004 prout
1919 2936 2166 2991 monachi
2197 2936 2296 2990 ibi-

705 3033 842 3089 dem
875 3033 1128 3100 degentes
1158 3032 1256 3084 sub
1285 3030 1810 3097 regulasanctorum
1869 3029 2084 3083 l‘atrum
2127 3030 2294 3096 quieti

721 3109 1031 3178 conversari
1054 3123 1258 3192 pOSsiitt
1284 3139 1295 3172 :
1323 3122 1426 3174 hoc
1445 3119 1783 3190 [itit/degitan
1816 3120 1970 3188 plena
2000 3120 2294 3189 voluntate,

2380 2025 2692 2094 -rogatus).
2756 2025 2824 2079 Et
2883 2043 3005 2081 cum
3067 2027 3232 2082 abbas
3293 2029 3454 2082 fuerit
3510 2029 3576 2086 de
3624 2030 3823 2085 sneculo
3872 2031 3976 2086 isto

2403 2125 2703 2180 evocatus,
2760 2132 2920 2184 quem
2990 2119 3317 2172 unazimiter
3385 2123 3734 2190 congregatio
3810 2123 3977 2190 ipsius

2402 2207 2712 2261 monasterii
2767 2222 2832 2260 ex
2887 2209 3186 2276 semetipsis
3251 2210 3446 2262 bonum
3498 2219 3552 2264 et
3598 2211 3815 2278 dignum
3862 2214 3974 2267 ele-

2400 2296 2613 2363 gcrint,
2665 2297 2787 2350 data
2853 2298 3176 2352 auctoritate
3228 2314 3257 2352 a
3315 2302 3535 2368 pnelbto
3589 2302 3830 2370 print-ipe
3887 2305 3970 2360 vel

2400 2387 2516 2454 ejus
2563 2377 2984 2455 surcessoribus,
3015 2406 3046 2444 a
3075 2391 3230 2444 nobis
3285 2392 3370 2445 vel
3424 2394 3822 2448 successoribus
3875 2412 3945 2450 no

2398 2478 2553 2541 Siris,
2623 2480 2826 2547 absque
2885 2481 2995 2533 ullo
3061 2481 3346 2536 eonnuodo
3405 2485 3696 2538 secundum
3757 2497 3972 2542 sanctos

2399 2583 2633 2622 canones
2657 2571 2954 2625 ordinetur.
2977 2572 3104 2626 Sinti
3132 2574 3232 2627 iter
3261 2583 3315 2628 et
3341 2574 3576 2643 reliquos
3597 2577 3792 2642 gradus
3813 2578 3970 2632 cleri—

2399 2677 2585 2716 eorum
2613 2665 2848 2718 minores
2895 2681 2958 2718 ac
3008 2668 3424 2736 magorcs,quos
3473 2669 3636 2724 abbas
3676 2669 3788 2738 jam
3843 2671 3972 2726 dicti

2400 2757 2714 2810 monasterii
2744 2757 2982 2825 elegerit,
3013 2759 3128 2815 sive
3157 2761 3294 2814 intra
3350 2770 3442 2816 aut
3496 2773 3648 2818 extra
3703 2775 3974 2822 monaste-

2401 2846 2538 2900 rium
2566 2847 2582 2920 [
2610 2855 2625 2895 ι’
2643 2841 2954 2920 ητηηὶηίιιςε
2979 2868 3124 2906 rores
3150 2853 3332 2907 dcsuul
3362 2856 3415 2907 in
3448 2872 3542 2908 ms.
3569 2855 3622 2925 1,
3648 2857 3764 2911 sine
3793 2857 3970 2926 aliqua

2401 2938 2607 3004 prarniii
2636 2942 2970 3008 acceptione,
2999 2941 3151 3009 juxta
3179 2943 3322 3010 quod
3353 2944 3511 2998 lectio
3556 2945 3734 3012 docet,
3769 2949 3972 3002 consti-

2397 3029 2596 3082 tuimus
2617 3046 2955 3086 consecrare.
2989 3032 3197 3100 (Neque
3227 3034 3330 3088 ulla
3359 3035 3460 3088 alia
3482 3043 3742 3104 potestate
3772 3037 3825 3090 in
3855 3037 3969 3106 ipso

2399 3123 2727 3176 monasterio
2749 3131 2950 3188 utatur,
2983 3132 3042 3177 ut
3070 3123 3318 3191 diximus,
3351 3142 3526 3196 neque
3563 3129 3617 3182 in
3643 3129 3970 3184 monasterio

720 3231 826 3269 una
850 3231 972 3268 eum
1001 3225 1267 3283 consensu
1299 3212 1526 3266 fratrum
1551 3225 1816 3276 meorum,
1843 3213 2180 3270 concessisse
2206 3214 2294 3269 vel
2320 3235 2368 3298 ο
2399 3212 2531 3284 [haec
2563 3225 2662 3268 tres
2687 3231 2828 3270 roccs
2857 3218 3038 3270 desunt
3069 3221 3120 3270 in
3149 3217 3290 3286 meo],
3319 3233 3414 3274 seu
3444 3222 3495 3274 in
3516 3219 3672 3274 rebus
3693 3229 3785 3274 aut
3805 3237 3966 3276 orna-

722 3307 1006 3362 indu’sisse
1029 3306 1174 3360 visus
1226 3321 1368 3371 sum,
1396 3321 1489 3373 per
1534 3303 1679 3372 quod
1727 3300 1984 3370 decerno,
2015 3313 2178 3374 atque
2223 3308 2294 3364 ob

723 3403 1158 3457 testitit-atiouem
1193 3398 1356 3452 divini
1401 3398 1635 3452 noininis
1657 3399 1851 3452 iuterdi
1877 3415 1941 3463 ~o,
1965 3407 2148 3454 utnec
2173 3414 2294 3468 ego,

721 3507 820 3547 nec
844 3493 982 3546 ullus
1009 3491 1387 3560 episcoporum
1411 3503 1776 3543 successorum
1809 3504 2056 3543 ineorum
2087 3489 2190 3544 hoc
2211 3491 2294 3544 in-

719 3602 973 3654 rumpere
1004 3592 1308 3652 pras'nnat.
1337 3581 1448 3636 Nec
1475 3597 1574 3635 nos
1599 3581 1702 3636 hoc
1743 3583 1973 3653 proprie
2025 3582 2294 3638 delibera-

722 3680 882 3735 tionis
931 3679 1178 3732 instituto
1219 3675 1506 3745 posteritas
1530 3675 1760 3728 :estimet
1789 3674 2138 3743 decrevisse),
2169 3691 2290 3730 eum

718 3775 882 3830 etiam
914 3771 1240 3840 antiquiora,
1272 3771 1354 3844 vel
1387 3768 1440 3822 in
1465 3783 1604 3821 novo
1647 3777 1770 3836 tem;
1793 3783 1888 3823 ore
1941 3769 2290 3840 monasteria,

716 3865 937 3935 propria
967 3861 1245 3933 privilegia
1275 3860 1724 3914 sintconsecuta.
1761 3857 1950 3928 [Addit
1979 3861 2140 3914 codex
2169 3876 2285 3926 ms.,

715 3972 784 4011 ex
810 3955 1004 4024 quibus
1035 3953 1120 4008 vel
1141 3966 1338 4022 pauca,
1365 3950 1490 4004 dum
1514 3951 1732 4020 longum
1757 3960 1838 4004 est
1885 3950 2064 4004 omnia
2117 3952 2290 4004 exsol-

713 4066 862 4112 vere,
902 4045 1288 4113 uoininetou~.|
1319 4045 1450 4098 Nam
1475 4053 1527 4118 et
1549 4044 1888 4120 Agaunensiu
1913 4061 1942 4096 n
1959 4041 2123 4114 quod,
2144 4043 2290 4098 velut

714 4142 855 4198 istud
882 4183 897 4206 ,
930 4143 1076 4206 regio
1099 4149 1181 4194 est
1212 4154 1436 4192 ItlllltCl'c
1455 4136 1700 4200 ditatum,
1719 4144 1772 4190 et
1802 4134 2178 4202 Lirinensium,
2202 4135 2286 4190 vel

714 4233 1137 4290 l.a~iliea'do.oni
1183 4230 1417 4284 Marcelli
1475 4229 1743 4298 iuuiioque
1791 4238 1843 4283 et
1901 4227 2283 4282 monasterium

713 4325 1191 4391 l.uxovieuse,lioc
1223 4323 1468 4376 videntur
1516 4321 1712 4374 habire
1752 4335 2066 4375 concessum
2117 4319 2284 4390 [addit

711 4436 806 4472 ms.
835 4428 890 4472 ct
917 4433 1130 4472 onatiem
1161 4415 1464 4482 lii.er.atetn
1515 4421 1640 4467 sunt
1688 4409 2011 4482 consecuti],
2040 4420 2096 4465 et
2143 4412 2213 4465 ita
2252 4425 2282 4464 a

709 4511 1123 4568 Stltit'tttlt‘llllblls
1153 4510 1471 4572 custoditur,
1501 4517 1552 4560 ut
1583 4506 1842 4576 quicquid
1873 4505 2072 4558 ibidem
2123 4503 2282 4557 olior-

2398 3308 2594 3362 mentis
2623 3310 2807 3378 ipsius,
2839 3326 3016 3378 neque
3046 3311 3098 3364 in
3145 3313 3410 3380 personis,
3435 3313 3556 3368 dqu
3589 3315 3720 3367 tanti
3769 3315 3968 3382 glorio-

2399 3399 2598 3452 sissimi
2625 3399 2880 3469 principis
2911 3401 3096 3470 petitio
3128 3401 3445 3468 intercessit,
3465 3404 3548 3457 vel
3573 3407 3696 3472 quia
3724 3405 3822 3474 ip~i
3855 3421 3970 3458 mo-

2395 3489 2686 3544 uasterium
2737 3491 2910 3559 ipsum
2965 3499 3379 3546 construxerunt
3433 3504 3488 3547 et
3529 3493 3854 3557 ditaverunt,
3884 3493 3967 3548 vel

2395 3600 2494 3654 pro
2520 3585 2822 3639 reverentia
2851 3591 3162 3639 sanctorum
3189 3585 3551 3652 apostolorum
3575 3611 3586 3633 ι
3609 3595 3627 3637 ι
3650 3597 3964 3654 ιιηιι-εμηιιη,

2393 3692 2486 3731 seu
2511 3692 2608 3746 pro
2635 3692 2700 3732 eo
2737 3688 2788 3730 ut
2821 3679 2986 3747 quieti
3017 3677 3116 3730 sub
3144 3677 3324 3744 regula
3355 3686 3534 3731 sancta
3565 3676 3664 3746 ipsi
3715 3677 3963 3731 monachi

2392 3773 2576 3836 vivere
2603 3770 2835 3826 debeant
2855 3771 2922 3824 ad
2945 3771 3116 3840 ipsum
3156 3779 3378 3825 n:onast~
3400 3771 3536 3825 rium
3577 3771 3960 3836 dcservientes,

2393 3864 2813 3932 necepiscOpus,
2845 3879 2944 3918 nee
2983 3864 3386 3920 archidiaconus
3433 3871 3524 3918 aut
3565 3862 3816 3932 quadibet
3858 3864 3959 3918 alia

2392 3971 2622 4027 persona
2650 3957 2930 4012 ordinatur
2953 3957 3011 4010 Et
3030 3958 3158 4012 clesi
3179 3981 3205 4008 ι·
3234 3957 3626 4020 Ambiauensis,
3658 3957 3956 4025 qnodeum~

2389 4062 2496 4116 que
2515 4047 2581 4102 de
2602 4047 2792 4102 eodem
2817 4048 3316 4111 monasterio,sicut
3337 4047 3402 4100 de
3428 4046 3646 4113 reliquis
3671 4047 3958 4114 parochiis,

2391 4153 2649 4207 usurpare
2672 4149 2764 4192 art
2814 4151 3169 4204 commutare,
3192 4148 3282 4192 aut
3339 4137 3540 4206 aliquas
3600 4152 3684 4190 res
3727 4138 3956 4202 anteire,

2388 4229 2470 4282 vel
2494 4229 2705 4297 species
2733 4244 2850 4298 qua:
2872 4229 2936 4283 ad
2963 4231 3138 4299 ipsum
3167 4227 3546 4282 monasterium
3565 4237 3692 4281 sunt
3711 4228 3956 4293 conlato,

2387 4319 2597 4374 deferre
2627 4321 2693 4374 ad
2725 4321 2996 4374 civitatem
3047 4320 3260 4385 amicat,
3291 4327 3347 4373 ut
3387 4321 3452 4371 de
3495 4317 3730 4387 perfecta
3775 4319 3960 4386 quiete

2395 4411 2602 4466 valeant
2627 4412 2726 4480 ipsi
2753 4412 3022 4480 monachi,
3043 4413 3131 4480 qui
3162 4413 3228 4465 ad
3249 4410 3524 4481 praefatum
3577 4412 3958 4464 monasterium

2385 4503 2708 4566 deserviant,
2741 4504 2878 4559 duce
2920 4504 3175 4568 Domino,
3207 4519 3300 4572 per
3349 4511 3588 4570 tempora
3615 4502 3876 4567 exultare,
3907 4512 3960 4556 et

711 4618 814 4669 tu-,
850 4605 946 4674 ipsi
980 4605 1200 4658 abbates
1245 4601 1329 4656 vel
1377 4600 1624 4654 monachi
1683 4599 1871 4652 ibidem
1919 4597 2282 4674 deservientes
2310 4598 2818 4660 Dsicntantedicta
2858 4599 3184 4653 monasteria
3235 4598 3333 4652 sub
3379 4596 3624 4651 libertate
3672 4596 3874 4662 vivant,
3901 4605 3962 4651 ut

710 4700 910 4766 absque
931 4697 1310 4751 contrarietate
1339 4694 1421 4747 vel
1453 4691 1773 4762 repetitione
1795 4691 2190 4760 episcoporum,
2222 4689 2285 4742 li-

711 4794 855 4852 l-ere,
887 4804 1006 4844 cum
1049 4788 1140 4841 Dei
1199 4787 1482 4854 adjutorio,
1512 4784 1613 4838 hoc
1639 4783 1968 4853 possideant.
1997 4780 2137 4850 Ergo
2167 4795 2287 4834 ont-

709 4898 804 4936 ues
842 4881 998 4934 unius
1024 4879 1416 4947 (Ὁιιενὶπ-ςιιίιηιε
1437 4890 1748 4938 consensus,
1779 4873 2063 4928 antedictis
2087 4873 2286 4944 princi-

709 4973 865 5041 pibus
891 4971 1247 5039 postulatione
1277 4968 1420 5022 socia
1467 4966 1814 5025 libentissime
1854 4975 2176 5030 aunuentes,
2207 4965 2285 5020 sic

709 5066 1044 5118 decrevttnus
1073 5071 1128 5114 nt
1157 5076 1500 5129 ipnermnque
1548 5059 1800 5128 pne-dicto
1849 5058 2171 5132 monasterio
2199 5057 2284 5112 vel

711 5154 986 5208 monachis
1008 5169 1045 5204 γε
1065 5153 1150 5220 gio
1175 5167 1392 5203 nmnere
1414 5166 1509 5205 seu
1532 5165 1559 5203 a
1587 5149 1914 5220 quibuslibet
1957 5147 2278 5210 rltristianis,

713 5245 761 5296 in
811 5244 968 5308 agris,
1001 5243 1294 5310 mancipiis,
1321 5242 1484 5308 tineis
1508 5280 1524 5306 ,
1568 5239 1736 5306 silvis,
1785 5255 1916 5291 auro
1941 5277 1958 5303 ,
2013 5246 2231 5306 argento
2264 5278 2278 5302 ,

715 5340 794 5390 vel
849 5338 1131 5399 vestibus,
1185 5339 1268 5389 vel
1324 5335 1646 5402 quibuslibet
1701 5333 1980 5401 speciebus
2035 5332 2280 5394 conlata,

714 5437 801 5480 aut
829 5428 1082 5496 deinceps
1109 5442 1136 5480 c
1161 5426 1426 5478 nil-nenda
1457 5431 1576 5477 sunt
1619 5424 1741 5475 vita:
1771 5431 1967 5476 nostra}
2025 5422 2279 5492 tempori-

711 5519 834 5584 bus,
865 5534 958 5571 seu
989 5534 1358 5572 successorum
1393 5525 1719 5582 i.o:lr0:uut,
1743 5531 1838 5567 nec
1861 5529 1983 5583 ego,
2015 5529 2114 5568 nec
2143 5514 2280 5568 ullus

711 5614 806 5664 sibi
839 5610 1099 5681 pontifex,
1121 5621 1211 5664 illi.
1241 5611 1430 5678 aliqui»;
1458 5641 1465 5656 ι
1491 5627 1523 5663 x
1552 5607 1743 5662 ordine
1773 5608 2096 5662 clericorum
2145 5609 2276 5660 Atii-

715 5709 982 5760 b‘ianensii
1010 5705 1284 5766 l‘Ierlesize,
1314 5705 1424 5760 suis
1451 5705 1634 5756 usibus
1659 5717 1948 5771 usurpare,
1979 5711 2070 5753 aut
2101 5701 2276 5753 mino-

715 5814 836 5852 rare
869 5801 980 5866 (aut
1011 5797 1074 5850 ad
1108 5795 1380 5850 υἰνίιςιιριη
1409 5795 1611 5863 aliquas
1640 5792 1843 5863 species
1885 5790 2098 5845 deferre
2139 5806 2278 5860 prm-

713 5898 906 5958 sutuat,
931 5889 1022 5946 sed
1052 5891 1148 5946 sub
1171 5889 1314 5945 oumi
1346 5887 1592 5942 libertate
1619 5886 1704 5942 vel
1726 5885 2021 5942 emunitate
2051 5883 2277 5954 saepedi-

2391 4708 2489 4761 pro
2517 4702 2664 4747 statu
2690 4691 2968 4758 Ecclesiae,
3014 4701 3067 4746 et
3107 4692 3277 4746 salute
3304 4703 3487 4758 regum
3538 4687 3618 4742 vel
3666 4688 3960 4744 stabilitate

2389 4783 2541 4851 regni
2567 4793 2622 4838 et
2651 4783 3037 4852 tranquillitate
3063 4785 3253 4854 patria:
3303 4783 3511 4836 valeant
3557 4781 3766 4850 plenius
3809 4781 3960 4850 pium

2387 4874 2670 4930 Dominum
2701 4890 2944 4928 exorare.
2978 4873 3113 4926 Etsi
3151 4869 3342 4941 aliquis
3391 4870 3458 4924 de
3505 4870 3632 4940 ipsis
3682 4870 3959 4924 monachis

2385 4974 2678 5022 contumax
2701 4965 2877 5032 fcerit,
2903 4967 2968 5018 ab
2999 4964 3189 5018 abbate
3231 4962 3464 5032 prtulieti
3513 4962 3820 5015 monasterii
3872 4978 3958 5016 se-

2385 5057 2614 5110 cundum
2643 5055 2954 5110 canonicam
2985 5055 3370 5110 institutionem
3398 5054 3736 5116 emendetur,
3764 5060 3822 5105 ut
3849 5053 3956 5109 hoc

2385 5147 2715 5215 privilegium
2761 5147 2863 5200 sub
2891 5159 2976 5208 ea,
3007 5154 3065 5198 ut
3085 5144 3333 5205 diximus,
3361 5143 3604 5198 libertate
3649 5159 3752 5212 qua
3797 5153 3955 5198 ante-

2383 5239 2522 5292 dit-ta
2550 5238 2878 5294 monasteria
2910 5245 2964 5291 et
2997 5236 3241 5291 monachi
3273 5237 3476 5300 vivunt,
3508 5235 3699 5289 debeat
3727 5235 3778 5288 in
3831 5251 3954 5304 per-

2382 5342 2602 5400 petuum
2627 5345 2941 5399 permanere
2962 5329 3344 5395 lirmissimum,
3371 5337 3426 5382 ut
3451 5327 3562 5396 jam
3585 5327 3709 5382 dicti
3756 5343 3968 5385 "1008-.

2383 5422 2469 5478 chi
2519 5422 2806 5492 saepedicto
2858 5421 3182 5476 monasterio
3233 5420 3848 5484 deservientes,nostris
3897 5430 3953 5474 et

2382 5515 2574 5570 futuris
2619 5513 2950 5583 temporibus
3003 5511 3100 5566 sub
3156 5510 3400 5566 libertate
3455 5510 3781 5573 consistant,
3823 5511 3950 5578 quia

2380 5609 2510 5663 nihil
2539 5608 2605 5660 de
2651 5605 2910 5661 canonica
2959 5602 3280 5659 auctoritate
3329 5601 3650 5658 convellitur
3695 5601 3950 5670 quiequid

2377 5697 2688 5752 domesticis
2717 5695 2836 5750 fidei
2870 5710 2963 5761 pro
2992 5694 3376 5762 tranquillitate
3418 5694 3584 5764 pacis,
3608 5693 3690 5747 vel
3723 5708 3820 5762 pro
3863 5707 3948 5746 re-

2379 5790 2617 5844 verentia
2649 5798 2956 5842 sanctorum
2981 5785 3251 5839 tribuitur.
3307 5784 3463 5856 (Illud
3492 5787 3648 5840 etiam
3681 5784 3801 5838 addi
3833 5783 3945 5854 pla-

2380 5882 2510 5950 cuit,
2542 5889 2599 5936 ut
2621 5879 2722 5951 ipsi
2751 5877 3000 5936 monachi
3031 5879 3131 5934 sub
3159 5877 3342 5948 regula
3362 5877 3533 5936 sancti
3559 5876 3831 5934 Benedicti
3860 5875 3943 5930 vel
