4206 6554
763 417 905 475 1185

1497 418 1764 475 SECUL.
1813 421 1902 475 VII
1942 422 2030 477 ΕΤ
2074 421 2185 477 νιιι
2225 421 2759 479 ECCLESIASTICA
2799 420 3257 478 MONUMENTA.

3877 432 4011 489 1184

758 527 1174 595 scriptionesvel
1189 528 1460 597 signacula
1481 529 1667 585 subter
1689 531 1944 587 tenentur
1973 532 2098 602 [M.,
2128 534 2335 605 tenens]
2366 537 2419 597 Α
2444 536 2626 602 habet,
2655 543 2715 589 ut
2754 531 2891 588 infra
2919 544 3073 604 septa
3127 538 3441 593 monasterii
3466 539 3709 610 virgines
3755 550 3812 598 et
3867 556 4014 603 caste

753 620 955 675 inserta
986 629 1033 675 ι.

1480 733 1634 790 XIVJ

753 824 949 900 Charta
976 841 1077 900 qua
1106 822 1411 900 Drauscius,
1437 826 1832 900 Suessionensis
1855 830 2143 900 episwpus,
2176 830 2334 885 Suet.-

820 896 1048 970 sionensi
1070 896 1475 970 sanctagdlariar
1507 897 1829 953 Parlltenoni
1847 896 2119 970 privilegia
2145 917 2333 956 conce-

821 968 897 1021 dit
930 970 953 1005 ιι
981 967 1128 1038 [cum
1161 965 1309 1039 MSS].

824 1082 1065 1137 Dominis
1084 1085 1288 1139 sanctis
1329 1092 1386 1140 et
1414 1083 1722 1154 apostolicis
1771 1082 2028 1140 fratribus
2075 1085 2348 1142 Sucssio-‘

750 1192 878 1231 num
902 1177 1135 1234 civitatis
1153 1187 1172 1208 ⁸
1199 1178 1741 1248 comprovincialibus
1764 1178 1955 1233 Nivoni
1978 1180 2247 1250 episcopi,
2276 1187 2332 1235 et

747 1268 1108 1337 Landeberto,
1123 1271 1505 1338 Mummoleno,
1520 1271 1980 1336 Audeberto,item
1997 1270 2327 1338 Audeberto,

743 1361 1043 1428 Clemente,
1076 1362 1448 1432 Berthel‘redo,
1480 1363 1805 1427 Audomaro,
1849 1362 2161 1430 Drauseius,
2215 1364 2326 1418 acsi

744 1454 997 1523 indignus
1024 1456 1330 1526 episcopus,
1370 1456 1596 1525 supplex
1629 1455 1681 1508 in
1713 1455 1940 1509 Domino
1970 1454 2134 1508 mittit
2172 1455 2321 1510 salu-

742 1552 869 1599 tem.
901 1545 1054 1602 Licet
1080 1549 1314 1619 antiquae
1358 1548 1553 1615 regni-.e
1588 1547 1881 1602 constituta
1908 1563 2027 1628 .nos
2069 1546 2327 1602 convenit

746 1646 801 1692 et
831 1648 1047 1708 oportet
1076 1641 1345 1695 custodire
1375 1656 1472 1710 per
1493 1641 1698 1707 omnia,
1724 1649 1906 1694 tamen
1935 1639 2064 1693 illud
2080 1639 2324 1694 adnecti-

751 1737 838 1784 tur
863 1732 1540 1802 conservandum,utquod
1565 1732 1923 1787 orthodoxam
1949 1732 2320 1788 deﬁnitionem

746 1835 852 1874 non
882 1822 1141 1890 maculat,
1176 1832 1231 1877 et
1282 1824 1350 1877 ad
1376 1823 1650 1891 religionis
1676 1822 1911 1892 quietem
1939 1830 2185 1891 tempore
2207 1839 2323 1879 ser-

2439 625 2697 679 reclausat
2717 623 2947 679 debeant
2974 624 3203 682 Domino
3223 628 3453 683 militare
3473 669 3488 696 ,
3515 631 3811 689 secundum
3831 647 4011 692 votum

2437 731 2579 787 Smpe
2600 716 2864 772 dictorum
2888 719 2998 773 Deo
3029 719 3331 775 timentium
3346 724 3436 792 qui
3464 734 3886 783 construxerunt
3924 747 4012 786 re-

2441 811 2619 879 gulam
2648 818 2704 864 et
2729 825 2944 866 cursum
2970 814 3145 867 sancti
3178 813 3471 883 Benedicti,
3506 826 3733 875 eatenus
3763 830 3821 875 ut
3863 831 4010 891 post-

2433 919 2596 974 quam
2627 905 2679 958 in
2710 905 2828 974 ipso
2857 907 3184 961 monasterio
3213 907 3521 964 introierint
3549 912 3778 967 Domino
3806 916 4007 970 milita-

2434 1013 2515 1063 re,
2546 998 2686 1052 l'oras
2714 997 2783 1053 de
2805 998 2921 1068 ipso
2949 1000 3278 1056 monasterio
3305 1001 3460 1056 exire
3489 1002 3762 1059 licentiam
3786 1021 3895 1060 non
3925 1008 4010 1061 ha

2433 1085 2617 1151 beant,
2650 1093 2708 1140 et
2734 1087 2802 1140 ad
2823 1087 3038 1143 modum
3073 1088 3426 1145 Luxoviensis
3482 1095 3817 1158 monasterii,
3850 1110 4010 1164 quem

2434 1176 2626 1232 beatus
2651 1177 3026 1235 Columbanus
3081 1181 3271 1244 tenuit,
3324 1182 3559 1251 regulam
3598 1183 3666 1237 ad
3712 1186 4011 1254 profectum

2435 1271 2732 1325 animarum
2760 1287 2943 1326 earum
2974 1273 3223 1328 studeant
3251 1274 3307 1328 in
3333 1276 3581 1332 omnibus
3610 1280 3906 1336 custodire.
3938 1282 4009 1335 Et

2433 1375 2533 1415 nec
2582 1375 2682 1414 nos
2735 1360 2985 1416 subsidua
3011 1362 3317 1419 fraternitas
3379 1368 3724 1422 sacerdotum
3774 1386 4010 1440 praesens

2432 1450 2769 1521 privilegium
2801 1453 3019 1522 propria
3071 1453 3464 1512 deliberatione
3517 1467 3613 1512 aut
3665 1477 3804 1515 nova
3854 1463 4011 1517 adin-

2432 1542 2690 1596 ventione
2710 1542 3263 1598 aestimetdecrevisse
3288 1554 3381 1600 aut
3407 1547 3709 1615 indulsisse,
3766 1568 3889 1606 cum
3941 1556 4010 1609 ad

2431 1630 2588 1699 hujus
2632 1635 3032 1688 constitutionis
3089 1650 3333 1705 numnam
3384 1648 3691 1695 sanctorum
3720 1642 4008 1711 Agaunen-

2428 1723 2566 1779 sium
2596 1723 2793 1791 locum,
2825 1726 3099 1793 immoque
3129 1735 3185 1781 et
3236 1730 3553 1784 monasterii
3604 1730 3901 1787 Lirinensis
3954 1743 4009 1789 et

2430 1816 2786 1871 Luxuviensis
2836 1816 2921 1871 vel
2970 1818 3190 1873 basilica
3249 1821 3422 1874 sancti
3470 1820 3729 1889 Marcelli,
3779 1833 3891 1879 tam
3939 1826 4008 1881 de

738 1918 897 1965 vetur
926 1912 1089 1966 etiam
1146 1913 1312 1966 multa
1337 1921 1393 1967 et
1434 1912 1712 1983 perhenne
1765 1911 2028 1966 custodia.
2075 1910 2140 1965 Et
2193 1913 2319 1982 quia
2351 1907 2399 1968 B
2427 1905 2872 1962 iuhabitatoribus
2902 1908 3226 1974 libertatem,
3275 1923 3437 1978 quam
3490 1927 3519 1965 a
3574 1914 4008 1985 quibuscumque

736 2004 891 2058 bona:
921 2005 1041 2058 vitae
1066 2004 1291 2059 inluster
1311 2005 1395 2058 vir
1418 2004 1685 2061 Ebroinus
1710 2001 2134 2073 major—domus,
2170 2004 2318 2073 ejus-

741 2108 847 2164 que
874 2094 1117 2150 inlustris
1145 2105 1395 2150 matrona
1452 2094 1761 2165 Leutrudis,
1814 2104 2085 2150 eteorum
2131 2098 2321 2152 unicus

736 2187 1117 2243 dilectissimus
1147 2188 1289 2243 lilius
1312 2188 1481 2251 Bovo,
1509 2188 1759 2257 religiosa
1785 2188 2079 2257 postulatio
2130 2202 2318 2243 eorum

744 2280 955 2333 aurium
993 2289 1299 2335 nostrarum
1324 2279 1551 2333 forensis
1572 2279 1845 2348 pulsantes
1866 2278 2098 2344 auditus,
2129 2280 2319 2333 intima

740 2371 901 2424 etiam
926 2370 1105 2425 cordis
1144 2378 1495 2440 penetrarunt
1541 2369 1797 2434 archauva,
1820 2368 2071 2437 quatinus
2098 2375 2155 2423 et
2209 2368 2318 2424 vis-

738 2460 919 2514 cerale
948 2461 1161 2530 pietatis
1189 2459 1458 2524 allectum,
1492 2460 1565 2512 ita
1604 2473 1700 2513 cor
1729 2458 2052 2512 intrinsecus
2080 2458 2318 2514 caritatis

737 2568 926 2608 eorum
956 2552 1142 2621 petitio
1166 2552 1419 2617 molliret,
1448 2560 1507 2605 ut
1551 2551 1718 2620 petita
1739 2566 1847 2604 non
1877 2551 2178 2605 concedere
2222 2559 2318 2605 aut

746 2653 896 2699 certe
950 2643 1301 2698 libentissime
1329 2657 1448 2710 qua:
1498 2650 1751 2711 petuntur
1785 2657 1894 2695 non
1925 2641 2171 2710 implere,
2219 2656 2319 2695 no-

740 2746 867 2791 stra:
894 2737 1085 2790 anima:
1106 2735 1469 2804 inreligiosum
1497 2735 1613 2788 fore
1636 2743 1906 2804 putarent.
1937 2734 2121 2787 Sancti
2153 2733 2317 2802 igitur
2340 2745 2344 2749 '

742 2826 993 2881 desiderii
1018 2826 1213 2882 ardore
1256 2826 1519 2888 succensi,
1554 2825 1694 2878 intra
1724 2824 1958 2878 ctenubii
1986 2831 2138 2891 septa
2170 2824 2313 2877 basi-

737 2922 869 2977 licas
916 2922 970 2976 in
1001 2922 1209 2978 honore
1228 2931 1427 2976 sanctae
1449 2922 1652 2988 Marha,
1683 2921 1958 2989 genitricis
1981 2921 2190 2975 Domini
2214 2937 2315 2975 no-

740 3015 837 3069 stri
863 3014 987 3069 Jesu
1023 3015 1236 3078 Christi,
1260 3022 1318 3068 et
1338 3014 1509 3068 sancti
1536 3012 1679 3067 Petri
1709 3022 1765 3067 et
1785 3021 1984 3065 sanctae
2014 3010 2317 3066 Grnuvevae

737 3106 817 3158 vel
840 3115 1143 3160 ceterorum
1167 3115 1491 3167 sanctorum,
1517 3104 1568 3157 in
1584 3104 1701 3158 loco
1720 3112 2027 3172 nuncupato
2043 3104 2176 3156 intra
2200 3119 2289 3157 mu

737 3213 829 3250 rus
853 3198 998 3251 urbis
1011 3196 1312 3252 Sucssionis
1332 3195 1564 3249 civitatis
1581 3194 2312 3263 construxeruntmbipuellae
2341 3210 2387 3273 ρ

737 3287 971 3353 virgines
998 3301 1062 3341 ac
1091 3286 1201 3339 Deo
1248 3294 1469 3339 sacratae
1494 3283 1723 3338 Etherio:
1769 3284 2071 3346 abbatissae,
2126 3284 2312 3339 relicta

736 3394 930 3446 pompa
961 3374 1155 3440 seculi,
1186 3375 1285 3430 sub
1308 3374 1490 3443 regula
1517 3374 1950 3427 beatissimorum
1981 3384 2215 3442 patrum,
2245 3374 2313 3428 ad

739 3470 930 3524 laudes
955 3469 1153 3524 Christi
1184 3468 1271 3523 die
1293 3477 1563 3538 noctuque
1587 3468 1857 3522 canendus
1883 3468 1966 3519 vel
1990 3483 2085 3536 pro
2113 3477 2312 3522 :rterna

737 3562 1093 3616 retributione
1121 3571 1243 3615 sunt
1271 3560 1588 3624 conlocatae,
1619 3568 1815 3614 nostra:
1866 3559 2080 3614 vilitatis
2129 3568 2310 3614 extre-

735 3656 921 3708 mitate
949 3654 1188 3722 supplice
1216 3653 1608 3721 deprecationis
1640 3652 1902 3721 petitione
1949 3653 2311 3722 deposcerunt

737 3754 795 3799 ut
832 3753 887 3798 et
913 3760 1009 3798 nos
1035 3745 1335 3812 fratresque
1383 3743 1571 3807 nostri,
1625 3744 1940 3808 abbatibus,
1969 3746 2303 3814 presbyteri-

740 3838 837 3891 bus
868 3836 1138 3906 immoque
1162 3844 1218 3891 et
1242 3836 1558 3890 diaconibus
1584 3835 1670 3889 vel
1701 3836 1847 3889 omni
1891 3836 2036 3890 clero
2059 3838 2309 3891 Suessio-

737 3946 863 3983 num
895 3929 1167 3995 Εςοιοεὶω,
1217 3943 1446 3999 quorum
1476 3927 1963 3996 subscriptionibus
1994 3930 2129 3982 infra
2158 3936 2310 3984 tene-

739 4032 848 4075 tur.
874 4022 1023 4086 Quod
1072 4037 1171 4074 nos
1222 4029 1514 4074 tractantes
1559 4020 1835 4072 caritatem
1888 4019 1954 4072 de
2002 4020 2310 4075 domesticis

741 4116 860 4169 lidci
893 4114 1148 4168 benevola
1178 4114 1586 4179 deliberatione,
1617 4115 1719 4166 hoc
1749 4112 2085 4181 privilegium
2115 4113 2169 4166 in
2216 4113 2309 4168 Dei

741 4209 977 4268 nomine,
1038 4208 1103 4260 ad
1161 4206 1547 4260 monasterium
1605 4204 1918 4273 praedictum
1970 4205 2105 4258 infra
2165 4205 2310 4259 urbis

736 4300 1035 4354 SueSsionis
1049 4300 1276 4354 civitatis
1290 4307 1683 4362 constructmn,
1714 4298 2058 4352 tribuendum
2083 4298 2308 4353 indulsi-

736 4406 870 4444 mus.
932 4395 1047 4454 Quo
1096 4392 1274 4456 potius
1335 4391 1458 4443 dum
1507 4389 1660 4457 juxta
1708 4406 1896 4444 sexum
1949 4389 2308 4458 predictarum

737 4483 843 4536 lleo
868 4491 1197 4536 sacratarum
1227 4482 1485 4549 virginum
1534 4482 1764 4535 munitas
1792 4488 1979 4536 sancta
2038 4480 2306 4535 institutio

2329 4576 2382 4636 Ι)

802 4683 826 4708 ⁸³
858 4684 917 4741 Ατ
943 4682 1008 4735 tul
1037 4682 1314 4735 Marlolnm
1347 4682 1523 4735 addita
1555 4689 1679 4735 sunt
1702 4696 1818 4747 qme
1849 4688 2149 4744 sequuntur
2179 4680 2302 4747 :Ut,

727 4755 856 4823 sicut
879 4752 992 4823 jam
1014 4770 1171 4820 supra
1200 4754 1390 4806 dictum
1431 4762 1528 4816 est,
1556 4751 1922 4823 monasterium
1946 4753 2116 4823 ipsum
2168 4751 2303 4803 Alti-

729 4815 940 4876 ril'la..'..
972 4815 1411 4904 (Izeteradeﬂ‘tnt;
1446 4815 2301 4904 tntile_seqtt_iturhancphartam,

727 4908 941 4972 «litotqu
969 4903 1210 4962 tnnpore
1236 4888 1431 4962 scripta
1469 4893 1647 4959 l‘nerit,
1686 4894 1945 4960 integram
1975 4888 2045 4942 ad
2076 4905 2173 4944 nos
2196 4905 2303 4945 non

728 4977 1051 5032 pervenisse.

814 5028 839 5059 ἰ
877 5026 1042 5093 Ilujus
1063 5031 1270 5103 charta:
1301 5041 1403 5094 qua
1435 5030 2176 5103 llrattscins,ASuessioueusis
2206 5037 2324 5103 epl-

736 5110 965 5163 scapus,
1000 5096 1331 5162 privilegium
1362 5099 1606 5151 concedit
1648 5098 1867 5164 puellari
1898 5101 2109 5153 Sancta:
2142 5096 2324 5159 Maria

738 5169 1064 5235 monasterio
1085 5207 1099 5229 ,
1129 5167 1438 5235 rogantibus
1484 5168 1723 5221 Ebroino
1770 5169 1970 5235 majore
2001 5174 2193 5227 domus
2221 5213 2234 5235 ,
2271 5183 2327 5230 et

738 5239 855 5302 ejus
876 5234 1103 5303 conjuge
1127 5234 1415 5309 Leutrude,
1441 5256 1466 5287 a
1496 5238 1688 5305 quibus
1722 5234 2088 5295 constructum
2123 5234 2321 5309 fuerat,

739 5308 1029 5379 l'ragmenta
1062 5308 1263 5379 pluries
1278 5307 1420 5360 edita
1454 5319 1597 5379 sunt,
1629 5324 1657 5362 a
1689 5307 2318 5379 Reginaldo,Cnmpend.

739 5375 876 5430 Hist.
907 5379 1120 5439 Suess.,
1155 5378 1306 5444 prob.
1340 5394 1455 5444 pag.
1482 5377 1545 5441 2;
1579 5375 1849 5446 Dormeio,
1879 5381 2011 5434 “ist.
2039 5375 2246 5447 Suess.,
2279 5395 2319 5440 ι.

737 5447 779 5520 l,
815 5463 930 5515 pag.
962 5448 1061 5502 271
1099 5448 1365 5520 ;Co_intio,
1404 5449 1594 5520 Annal.
1632 5461 1667 5502 t.
1696 5449 1781 5513 lll,
1816 5467 1932 5520 pag.
1964 5454 2099 5519 606;
2136 5457 2319 5511 lllahil-

737 5517 1100 5593 lpnio,_Ann.
1135 5528 1173 5571 t.
1210 5517 1267 5593 l,_
1296 5534 1439 5593 pag._
1460 5518 1584 5573 482.
1626 5521 1758 5593 Illud
1796 5517 2053 5593 integrum
2090 5517 2321 5584 illicitael

737 5587 989 5641 Germain
1018 5628 1031 5651 ,
1065 5603 1127 5661 ex
1161 5589 1382 5642 arcltivo
1417 5590 1767 5645 Parthenonis
1800 5587 2171 5661 depromptum
2193 5638 2207 5660 ,
2255 5614 2319 5654 ne

737 5670 933 5734 mutata
986 5660 1201 5734 quidem
1257 5675 1358 5734 una
1408 5661 1646 5734 syllaba,
1677 5663 1798 5715 cudi
1847 5660 1983 5734 typis
2014 5660 2224 5722 curavit
2254 5671 2317 5724 ad

736 5730 958 5805 calcent
987 5732 1236 5805 llistortm
1276 5731 1514 5805 ejusdem
1560 5730 1917 5796 monasterii,
1943 5753 2067 5805 pag.
2111 5741 2225 5801 iiii,
2264 5753 2318 5797 et

739 5799 879 5876 {rotis
909 5800 1229 5876 illustravit,
1251 5802 1318 5876 ad
1362 5801 1513 5871 cujus
1557 5805 1713 5858 Iidem
1753 5799 2082 5871 recudinuis;
2111 5799 2233 5876 quin
2265 5823 2318 5867 et

742 5870 945 5928 Gallice
976 5872 1167 5939 vertit,
1199 5872 1326 5929 ibid.
1356 5870 1474 5944 pag.
1510 5877 1577 5931 14
1609 5885 1663 5930 et
1691 5892 1832 5946 seq.,
1862 5878 1982 5935 aliis
2012 5870 2314 5950 subj'unctis

2431 1998 2627 2052 ibidem
2643 2000 2840 2069 aliquid
2862 2000 3154 2069 deligatum
3177 2010 3400 2057 eatenus
3424 2001 3524 2058 fuit
3546 2006 3837 2060 sancitum.
3862 2006 4004 2077 Ergo

2428 2091 2602 2145 unicis
2629 2092 3114 2161 conspirationibus
3152 2109 3473 2149 consensum
3502 2095 3575 2150 ita
3596 2096 3871 2152 decretum
3905 2108 4004 2162 est,

2430 2190 2489 2236 ut
2534 2181 2792 2250 quidquid
2813 2182 3058 2252 predicto
3086 2187 3436 2252 monasterio,
3493 2188 3577 2241 vel
3625 2191 3849 2243 sacratis
3899 2190 4005 2245 Deo

2430 2272 2723 2340 virginibus
2753 2272 2956 2326 ibidem
2981 2273 3082 2328 sub
3109 2275 3413 2343 evangelica
3468 2276 3729 2346 religione
3768 2280 4005 2334 viventi-

2428 2360 2550 2428 bus,
2580 2361 2648 2415 ab
2674 2361 2806 2430 ipsis
2826 2362 3092 2432 praedictis
3114 2364 3328 2419 inlustri
3372 2366 3490 2421 viro
3537 2367 3776 2422 Ebroino
3833 2370 4002 2438 majo-

2430 2448 2805 2516 rum-domus,
2851 2451 3074 2519 ejusque
3128 2452 3340 2508 inlustri
3393 2465 3655 2522 matrona,
3705 2473 4002 2531 eorumque

2429 2546 2536 2598 tilio
2568 2546 2790 2611 liovoni,
2823 2547 2964 2601 vela
2993 2547 3141 2615 regio
3168 2564 3411 2611 munere,
3444 2567 3540 2606 seu
3569 2554 3637 2607 ab
3666 2568 3855 2607 eorum
3906 2569 3999 2623 pa-

2427 2637 2685 2702 rentibus,
2719 2637 2803 2690 vel
2835 2637 3158 2705 quibuslibet
3186 2638 3502 2694 Christianis
3523 2681 3538 2707 ,
3569 2643 3622 2695 in
3651 2645 3811 2711 agris,
3847 2660 3999 2700 man-

2429 2728 2605 2796 cipiis,
2643 2729 3019 2795 ministerium,
3049 2731 3218 2786 sacris
3244 2733 3616 2803 voluminibus,
3642 2739 3728 2792 vel
3771 2741 3997 2809 quihus-

2422 2817 2563 2873 libet
2594 2819 2874 2887 speciebus
2901 2835 3021 2888 quae
3045 2821 3110 2875 ad
3140 2834 3388 2878 ornatum
3429 2826 3592 2880 divini
3617 2828 3794 2883 cultus
3823 2831 3997 2898 perti-

2421 2923 2549 2964 nere
2575 2920 2892 2976 noscuntur,
2942 2921 3035 2966 aut
3062 2913 3269 2968 caeteris
3298 2915 3456 2969 rebus
3484 2916 3693 2971 conlata
3726 2920 3808 2973 vel
3837 2920 3993 2973 dein-

2421 3016 2545 3069 ceps
2568 3002 2846 3057 conlatura
2875 3012 3018 3068 sunt,
3051 3020 3146 3059 seu
3175 3006 3320 3075 quod
3350 3008 3403 3061 in
3427 3008 3617 3064 altario
3640 3008 3801 3065 fuerit
3843 3012 3995 3067 obla-

2422 3103 2551 3157 tum,
2577 3103 2672 3149 aut
2694 3111 2724 3149 a
2750 3111 3110 3164 quocumque,
3143 3098 3254 3152 Deo
3283 3098 3596 3169 inspirante,
3654 3102 3710 3155 iu
3744 3118 3812 3158 co
3835 3105 3997 3160 mise-

2420 3186 2544 3250 rint,
2574 3195 2869 3254 praesentes
2902 3190 3023 3242 vita:
3069 3197 3268 3244 nostra:
3321 3193 3669 3262 temporibus,
3719 3210 3995 3252 successo-

2418 3291 2638 3343 rutnque
2696 3288 3025 3342 nostrorum,
3076 3280 3254 3336 nullus
3308 3282 3379 3336 ibi
3428 3284 3626 3353 aliquid
3671 3286 3994 3343 clericorum

2421 3367 2505 3419 vel
2534 3367 2848 3436 pontiﬁcum
2870 3377 2962 3422 aut
3009 3371 3204 3440 regalis
3231 3358 3598 3442 sublimitatis,
3645 3378 3756 3431 suis
3812 3380 3992 3435 usibus

2416 3474 2676 3529 usurpare
2706 3468 2799 3514 aut
2850 3460 3094 3515 minuare
3123 3475 3430 3531 prmsumat.
3463 3465 3674 3521 Etcum
3723 3468 3991 3525 abbatissa

2419 3549 2656 3616 ejusdem
2682 3553 2991 3605 monasterii
3021 3550 3087 3606 de
3112 3555 3309 3609 sacculo
3353 3555 3512 3610 fuerit
3535 3568 3810 3626 revocata,
3856 3576 3991 3629 quas

2414 3644 2734 3696 unanimiter
2761 3643 2937 3697 omnis
2983 3646 3325 3713 congregatio
3381 3647 3470 3701 illa
3495 3649 3811 3704 ancillarum
3868 3652 3986 3723 Dei,

2411 3748 2475 3789 ex
2507 3735 2826 3804 semetipsis,
2857 3736 3058 3805 optime
3086 3739 3323 3805 regulam
3348 3748 3676 3809 compertam
3706 3743 3986 3813 eligerent,

2413 3840 2508 3895 pro
2538 3840 2617 3890 se,
2649 3825 2862 3879 Christo
2892 3826 3138 3894 praesule,
3164 3828 3265 3881 sibi
3287 3828 3556 3885 seniorem
3584 3831 3902 3899 instituant;
3928 3842 3984 3890 et

2412 3920 2573 3975 etiam
2598 3919 2641 3973 si
2669 3927 3031 3987 opportunum
3060 3919 3239 3984 fuerit,
3274 3921 3478 3976 tabulas
3506 3921 3572 3976 ad
3608 3923 3800 3979 altaria
3832 3926 3985 3981 bene-

2413 4013 2717 4080 dicendum,
2748 4025 2841 4069 ant
2869 4016 3142 4081 chrismal,
3173 4025 3264 4071 aut
3295 4026 3469 4072 vestes
3524 4020 3577 4072 in
3626 4018 3720 4074 Dei
3769 4022 3985 4077 nomine

2411 4107 2834 4162 consecrandum
2866 4124 2897 4162 a
2939 4124 3281 4178 quocumque
3324 4110 3542 4180 speciali
3589 4113 3842 4181 pontilice
3892 4116 3983 4169 de-

2410 4201 2701 4267 creverint,
2733 4201 2837 4256 hoc
2857 4201 3217 4257 discurrentes
3235 4203 3401 4271 geruli
3444 4202 3715 4257 licentiam
3748 4206 3984 4259 habeant

2412 4292 2695 4363 expetendi
2719 4292 2803 4347 vel
2834 4293 3156 4362 explicandi,
3182 4303 3253 4357 et,
3282 4301 3341 4348 ut
3365 4296 3611 4364 superius
3652 4297 3979 4364 continetur,

2411 4389 2610 4443 nullam
2640 4390 2833 4445 exinde
2861 4398 3179 4460 potestatem
3225 4405 3399 4459 neque
3429 4392 3482 4446 in
3509 4392 3692 4460 rebus,
3724 4409 3898 4463 neque
3927 4396 3981 4450 in

2409 4478 2714 4533 ordinandis
2741 4487 2831 4533 aut
2876 4480 3112 4535 velandis
3166 4482 3429 4549 personis,
3478 4492 3705 4553 excepto
3754 4486 3797 4538 si
3854 4487 3979 4555 ipsa:

2407 4681 2859 4751 annotationibus.
2937 4681 3100 4736 Lecta
3159 4694 3288 4734 vero
3333 4678 3601 4751 difﬁcilem
3645 4683 3973 4751 scripturam

2405 4749 2567 4805 docet
2599 4750 2894 4811 Dormcius,
2929 4751 3018 4820 qui
3050 4751 3330 4805 lectionem
3354 4750 3468 4819 ejus
3508 4753 3640 4806 satis
3667 4749 3880 4822 assequi
3920 4771 3977 4810 se

2408 4835 2512 4874 non
2541 4821 2778 4886 potuisse
2804 4822 2974 4875 fassus
2998 4828 3099 4873 est.

2478 4901 2500 4929 ο
2526 4890 2591 4944 Hi
2625 4890 2774 4945 fuere
2803 4891 3283 4958 comprovinciales
3321 4890 3637 4946 Rhemensis
3660 4898 3977 4961 metropolis

2406 4961 2693 5027 antistites,
2742 4961 2808 5014 ad
2873 4976 3012 5032 quos
3050 4961 3288 5014 chartam
3359 4964 3458 5032 sub
3522 4963 3764 5032 epistola:
3810 4965 3972 5019 l'orma

2402 5040 2716 5101 conceptam
2750 5032 2945 5101 dirigit
2999 5031 3280 5085 Drauscius
3304 5031 3568 5101 scilicet,
3620 5034 3755 5087 Nivo
3810 5037 3971 5101 ipsius

2405 5096 2721 5169 Rhemensis
2748 5096 2996 5155 Ecclesiae
3042 5101 3257 5169 praesul,
3303 5096 3667 5157 Landebertus
3714 5096 3963 5157 Catalau-

2404 5160 2586 5223 nensis
2609 5172 2910 5240 episcopus,
2944 5160 3330 5240 Mumttiolenus
3358 5170 3752 5232 Noviomensis,
3787 5175 3966 5227 Ande-

2405 5240 2584 5293 bertus
2613 5239 3012 5293 Cameracensis
3030 5280 3044 5303 ,
3076 5239 3412 5294 Audehertus
3440 5241 3576 5294 alter
3601 5241 3964 5298 Silvanccten-

2403 5309 2495 5369 sis,
2520 5311 2766 5364 Clemens
2790 5310 3205 5376 Bellovacensis,
3238 5311 3614 5363 llerthel‘redns
3643 5312 3969 5366 Atnltianeu-

2402 5379 2494 5441 sis,
2528 5379 2860 5434 Audomarus
2892 5380 3223 5433 Mutinensis.
3258 5378 3422 5432 Nemo
3450 5382 3639 5441 nescit,
3674 5380 3966 5435 Eerlesiarn

2402 5446 2842 5505 Camer-accusem
2870 5449 3153 5504 Rhemensi
3185 5449 3466 5512 metropoli
3496 5451 3789 5517 subjectam
3812 5454 3969 5506 fuisse

2403 5533 2569 5593 usque
2600 5523 2664 5572 ad
2696 5529 2936 5593 tempora
2960 5517 3107 5571 Pauli
3137 5533 3286 5593 papae
3321 5517 3404 5583 IV,
3461 5520 3551 5593 qui
3599 5523 3966 5593 episcopatum

2402 5587 2839 5658 Caium-accusem
2885 5590 2936 5642 in
2997 5587 3332 5658 metmpoltm
3377 5590 3567 5643 erexit.
3613 5587 3829 5645 Priorés
3876 5594 3969 5645 hu-

2398 5656 2484 5723 jus
2511 5661 2866 5712 annotationis
2909 5659 3077 5712 lineas
3103 5656 3404 5721 aniandavi,
3449 5674 3567 5712 cum
3596 5661 3749 5715 iniis
3794 5662 3969 5718 editor

2403 5738 2696 5802 exponeret
2727 5730 3092 5802 tantummodo
3133 5744 3236 5802 qu_a_
3283 5728 3349 5783 de
3398 5743 3558 5782 causa
3606 5732 3709 5802 hoc
3738 5732 3968 5802 diploma

2404 5799 2687 5853 inserui-rit
2741 5801 3141 5869 Supplemento.
3195 5799 3345 5853 Nunc.
3400 5813 3499 5853 suo
3553 5801 3742 5857 ordine
3785 5799 3968 5872 vulga-

2407 5878 2507 5922 ltti'.
3834 5896 3837 5897 ν
