4206 6534
300 380 430 436 1183

1049 379 1478 436 ΒΟΝΛῚἸΟΝΕΞ
1515 382 1605 436 AC
1647 381 2104 438 TESTAMENTA
2146 383 2387 448 EPISC.,
2429 384 2608 451 ABB.,
2650 384 2805 441 E'l'C.

3408 388 3553 447 “86

292 494 497 547 ancillm
528 492 623 548 Dei
672 496 994 551 unanimiter
1022 498 1240 567 propria
1289 498 1565 553 voluntate
1609 506 1875 567 poposce-
1901 501 1956 561 Δ
1982 502 2230 551 teneatur
2256 496 2521 551 obnoxius
2547 513 2561 563 ;
2592 505 2648 551 et
2691 496 3040 552 nihilominus
3068 495 3168 551 hoc
3211 498 3551 569 privilegium

294 587 421 650 rint,
454 604 550 644 nos
579 589 663 643 vel
714 589 1144 657 archidiaconus,
1186 606 1639 660 successoresque
1678 593 1868 659 nostri,

293 679 379 735 vel
401 680 654 749 quaelibet
684 697 966 751 personam
987 681 1189 738 habere
1216 699 1321 738 non
1344 682 1560 748 debeat,
1589 692 1680 739 aut
1700 683 1873 754 quod-

294 786 530 840 cumque
585 771 653 826 de
689 772 879 827 eodem
904 774 1232 829 monasterio
1251 774 1468 830 sicutde
1496 775 1762 844 parochiis
1782 782 1877 829 aut

291 866 491 920 ceteris
519 867 878 929 monasteriis,
907 870 1147 925 muneris
1172 884 1357 935 causa,
1381 870 1579 925 audeat
1618 885 1875 940 superare

292 954 380 1008 vel
412 955 664 1022 aulTerre,
696 966 752 1011 et
773 958 873 1012 nisi
896 962 1311 1026 congregatione
1339 960 1504 1030 ipsius
1530 961 1615 1015 vel
1644 960 1875 1015 abbatis-

292 1057 365 1097 sae
395 1052 556 1099 votus
584 1053 640 1099 et
668 1046 857 1115 petitio
884 1046 1272 1117 intercesserit,
1294 1058 1349 1103 et
1378 1050 1680 1118 proanimze
1700 1050 1875 1105 salute

291 1134 495 1201 fuerit;
528 1151 652 1190 nam
682 1136 837 1191 aliter
869 1137 1000 1192 nulli
1031 1145 1340 1194 nostrorum
1371 1140 1534 1196 liceat
1559 1141 1874 1196 monasterii

290 1227 463 1299 ipsius
501 1228 650 1284 adire
671 1239 877 1286 secreta
904 1240 998 1285 aut
1029 1231 1233 1301 ingredi
1256 1240 1431 1302 septa.
1462 1231 1575 1289 Nec
1608 1235 1784 1290 nullus
1807 1234 1876 1291 de

290 1320 533 1374 virorum
561 1334 693 1375 sexu
723 1321 857 1375 infra
898 1330 1080 1392 portas
1136 1322 1303 1392 ipsius
1330 1324 1645 1380 monasterii
1690 1324 1870 1389 fuerit,

289 1420 582 1479 praesumat
608 1412 783 1467 cibum
806 1412 892 1466 vel
940 1426 1125 1483 petum
1178 1414 1503 1470 manducare
1553 1416 1641 1471 vel
1691 1417 1877 1471 bibere

289 1505 391 1559 nisi
422 1513 625 1560 tantum
648 1508 1079 1563 communionem
1134 1519 1398 1565 sanctam.
1455 1509 1523 1564 Et
1549 1511 1629 1567 sic
1677 1512 1745 1565 ab
1799 1511 1877 1567 eis

288 1596 534 1665 pontifex
564 1598 865 1666 postulatus
889 1614 984 1667 pro
1011 1600 1187 1655 danda
1219 1608 1428 1655 tantum
1477 1601 1562 1655 vel
1612 1601 1873 1657 lucranda

289 1687 542 1742 oratione
563 1688 872 1753 accesserit,
906 1690 991 1742 ubi
1018 1690 1172 1757 juxta
1193 1691 1377 1759 regula
1410 1691 1560 1746 locus
1591 1693 1874 1760 permittit,

288 1775 490 1830 ibidem
539 1776 805 1843 singulum
847 1793 969 1832 cum
998 1779 1262 1847 religiosis
1284 1780 1651 1835 sacerdotibus
1700 1782 1876 1851 ingre-

1978 595 2034 642 tn
2061 586 2266 641 nullum
2296 589 2463 656 possit
2491 587 2819 656 convellere,
2849 588 2944 644 sed
2974 590 3224 660 prmsenti
3272 596 3327 644 et
3370 595 3552 645 futuro

1976 684 2244 748 tempore,
2274 678 2489 735 Christo
2522 679 2753 736 Domino
2783 688 2968 737 nostro
2997 689 3336 752 protegente,
3383 683 3554 741 incor-

1973 781 2161 842 ruptus
2188 772 2365 829 valeat
2404 775 2714 843 perdurare.
2755 774 2930 842 Quam
2984 778 3425 835 constitutionem
3454 795 3554 835 no-

1974 870 2140 917 stram
2190 874 2249 919 ut
2276 864 2445 921 firmis
2487 869 2742 921 subsistat
2772 868 3062 937 vigoribus,
3112 884 3300 927 manus
3353 876 3552 927 nostra:

1974 957 2460 1027 subscriptionibus
2518 960 2846 1022 roboratam,
2902 962 3174 1032 perpetuis
3224 964 3552 1031 temporibus

1972 1046 2277 1114 valituram,
2301 1050 2448 1104 vobis
2469 1050 2552 1105 vel
2582 1052 2777 1106 ceteris
2799 1051 3061 1121 episcopis
3086 1052 3469 1111 destinavimus
3497 1064 3554 1111 et

1972 1137 2278 1206 rogavimus
2313 1138 2528 1210 insuper
2568 1142 3009 1209 confirmandam,
3047 1144 3389 1215 stipulatione
3424 1147 3553 1203 sub-

1973 1241 2131 1282 nexa.
2165 1226 2360 1283 Actum
2387 1227 2623 1298 Augusta
2653 1231 2935 1287 Suession.
2964 1231 3077 1288 Sub
3096 1234 3181 1289 die
3222 1251 3273 1289 v1
3294 1236 3402 1291 kal.
3442 1236 3550 1292 Jul.

1974 1315 2077 1372 An.
2100 1334 2136 1372 ι
2166 1327 2190 1353 δι
2222 1319 2425 1374 domini
2454 1321 2620 1375 nostri
2639 1322 2896 1378 Chlotarli
2924 1325 3293 1393 gloriosissimi
3317 1330 3475 1397 regis.

2047 1407 2324 1474 Drauscio,
2353 1412 2464 1466 acsi
2494 1421 2766 1482 peccator,
2801 1414 2902 1469 hoc
2931 1419 3207 1488 privilegio
3237 1422 3550 1490 subscripsi.

1975 1496 2133 1565 Nivo,
2165 1501 2274 1555 acsi
2304 1512 2557 1571 peccator
2585 1505 2890 1576 episcopus,
2916 1508 3056 1564 hunc
3088 1512 3371 1583 privilegio
3423 1516 3550 1569 sub-

1975 1594 2184 1664 scripsi.
2226 1595 2280 1647 ln
2309 1594 2507 1650 Christi
2535 1599 2771 1665 nomine,
2805 1600 3098 1668 Cenesius,
3134 1606 3243 1660 acsi
3274 1616 3546 1676 peccator,

1976 1682 2082 1737 hoc
2112 1684 2393 1755 privilegio
2417 1689 2731 1758 subscripsi.
2772 1690 3081 1756 Audoenus,
3135 1696 3346 1751 Christo
3391 1700 3554 1752 mise-

1976 1783 2133 1828 rante
2164 1776 2469 1847 episcopus,
2503 1778 2646 1834 hunc
2677 1781 3013 1851 privilegium
3040 1786 3195 1855 juxta
3222 1787 3556 1844 institutione

289 1864 490 1929 diatur,
516 1873 570 1919 et
591 1865 862 1921 celebrato
899 1882 961 1921 ac
987 1876 1207 1936 peracto
1237 1869 1419 1924 divino
1446 1870 1726 1942 mysterio,
1744 1886 1874 1927 con-

1980 1866 2240 1921 canonica
2266 1881 2388 1922 cum
2418 1868 2620 1937 pietate
2648 1872 2959 1942 subscripsi.
3002 1875 3060 1929 In
3090 1875 3287 1932 Christi
3318 1879 3554 1947 nomine,

292 1956 448 2011 tiuuo
478 1957 681 2025 absque
704 1958 813 2013 ullo
835 1959 1095 2028 requisito
1135 1960 1276 2015 dono
1305 1961 1526 2017 studeat
1554 1963 1753 2018 habere
1782 1979 1870 2019 re-

288 2063 566 2117 gressum;
600 2066 699 2104 nec
722 2050 841 2105 aliis
868 2052 1076 2105 clericis
1105 2061 1197 2105 aut
1226 2054 1553 2122 quibuslibet
1582 2058 1863 2111 sccculari—

289 2140 393 2195 bus
440 2141 686 2209 personis
727 2141 923 2195 ibidem
954 2142 1283 2210 ingressione
1317 2185 1332 2208 ,
1384 2156 1635 2215 excepto,
1682 2148 1728 2202 si
1779 2162 1875 2216 pro

291 2234 435 2288 bona
479 2233 802 2289 necessitate
829 2243 921 2287 aut
951 2236 1183 2289 utilitate
1209 2236 1377 2303 ipsius
1426 2239 1735 2293 monasterii
1764 2237 1877 2292 fue-

289 2326 383 2390 rit,
411 2335 505 2379 aut
528 2341 676 2380 meus
707 2324 818 2381 Deo
841 2326 1032 2380 devota
1063 2327 1297 2396 petierit,
1329 2330 1511 2398 regula
1542 2340 1718 2384 tamen
1772 2330 1873 2384 do-

292 2426 473 2484 cente,
503 2428 663 2487 atque
688 2417 997 2485 religionem
1023 2419 1075 2472 in
1101 2422 1347 2476 oninibus
1369 2433 1640 2487 servante,
1665 2424 1717 2477 in
1746 2424 1873 2478 reli-

290 2528 402 2582 quo
459 2512 763 2566 nullatenus
810 2512 1055 2567 habitare
1112 2512 1491 2583 permittimus,
1551 2516 1642 2569 sed
1695 2530 1873 2570 coram

294 2606 523 2660 Domino
552 2605 919 2674 prohibemus,
970 2606 1094 2675 quia
1145 2608 1347 2662 cunctis
1394 2618 1542 2677 patet
1592 2609 1874 2662 manifesta

291 2696 554 2759 Conditio,
584 2696 726 2763 quod
756 2696 1054 2765 puellarum
1079 2699 1463 2754 monasterium
1516 2700 1719 2767 absque
1765 2700 1875 2754 frc—

291 2786 512 2857 quentia
543 2788 777 2842 virorum
804 2786 958 2843 decet
986 2798 1041 2843 et
1066 2798 1283 2859 oportet
1309 2806 1428 2847 esse
1449 2791 1772 2856 reclausum,
1792 2801 1868 2859 ut,

292 2880 537 2933 solitaria
571 2880 674 2934 vita
706 2881 962 2947 fruentes,
989 2882 1055 2936 de
1078 2886 1315 2951 perfecta
1338 2884 1520 2953 quiete
1543 2900 1605 2938 ac
1630 2884 1696 2938 de
1746 2898 1873 2938 con—

291 2983 508 3028 servata
541 2975 789 3029 castitate
818 2975 1052 3042 valeant,
1080 2978 1215 3031 duce
1237 2976 1484 3045 Domino,
1511 2992 1607 3047 per
1631 2987 1872 3046 tempora

294 3067 560 3131 exultare,
586 3076 641 3121 et
668 3084 827 3139 supra
858 3069 1002 3124 dicta
1043 3069 1228 3137 regula
1259 3070 1520 3134 viventes,
1556 3081 1610 3126 et
1656 3082 1874 3125 sancta-

294 3177 415 3215 rum
447 3161 708 3229 virginum
754 3163 916 3216 vitam
968 3171 1254 3227 sectantes,
1306 3178 1400 3232 pro
1428 3171 1571 3218 statu
1622 3162 1875 3218 Ecclesiae

295 3264 349 3309 et
371 3253 546 3308 salute
570 3253 709 3321 regis
737 3253 824 3308 vel
848 3254 1032 3323 patria:
1071 3261 1187 3308 vale
1225 3262 1283 3308 nt
1332 3255 1541 3325 plenius
1590 3255 1873 3309 Dominum

294 3344 594 3414 deprecari.
626 3342 693 3396 Et
717 3346 760 3398 si
794 3344 961 3414 aliqui
992 3345 1235 3412 forsitan,
1265 3346 1408 3413 quod
1441 3360 1555 3400 non‘
1586 3346 1873 3411 credimus,

295 3436 671 3491 excedendum
699 3435 827 3511 ipsa:
872 3444 1072 3490 sanctae
1109 3436 1370 3492 moniales
1399 3436 1467 3491 de
1517 3451 1700 3492 carum
1748 3438 1875 3491 reli-

294 3528 457 3595 gione
477 3524 658 3593 tepide
686 3540 869 3580 secum
890 3526 1141 3581 duxerint
1166 3543 1324 3598 supra
1353 3528 1608 3597 scriptam
1631 3540 1871 3582 sanctam

294 3616 561 3685 regulam,
619 3618 688 3670 ab
731 3630 915 3671 earum
961 3619 1231 3671 abbatissa
1278 3620 1509 3673 debeant
1566 3621 1872 3690 corrigere,

296 3708 530 3781 qualiter
557 3709 612 3763 in
639 3709 885 3764 omnibus
910 3708 1141 3765 debeant
1166 3719 1365 3765 sanctae
1392 3710 1594 3780 vivere,
1625 3712 1747 3781 quia
1795 3713 1875 3767 ui-

294 3802 373 3856 hil
403 3801 471 3856 de
498 3801 754 3857 canonica
784 3802 1105 3857 auctoritate
1133 3804 1473 3869 convellitur,
1521 3805 1778 3875 quidquid
1809 3805 1877 3861 de

296 3893 613 3948 domesticis
641 3892 761 3948 fidei
790 3909 887 3963 pro
923 3896 1103 3963 quiete
1153 3897 1542 3967 tranquillitate
1589 3898 1873 3954 tribuetur.

293 3984 455 4051 Quod
482 3985 528 4039 si
567 3985 688 4055 quis
740 3985 1031 4041 calliditate
1078 3996 1172 4041 aut
1223 3989 1516 4058 cupiditate
1568 4001 1871 4061 preventus,

296 4077 447 4130 visus
494 4074 655 4128 fuerit
715 4090 776 4130 ea
833 4091 952 4145 quae
997 4086 1122 4132 sunt
1193 4080 1437 4149 superius
1488 4085 1874 4152 comprehensa

298 4169 593 4225 temerario
643 4169 836 4238 spiritu
868 4170 1093 4240 violare,
1131 4171 1307 4228 divina
1336 4174 1541 4232 ultione
1579 4185 1876 4246 prostratus

297 4271 485 4318 reatus
510 4264 836 4318 anathemati
859 4264 1111 4332 subiciat,
1139 4274 1193 4320 et
1216 4267 1436 4337 insuper
1464 4270 1635 4325 tribus
1659 4272 1813 4327 annis
1844 4286 1873 4324 a

297 4354 677 4409 communione
704 4354 1080 4426 episcoporum
1125 4372 1185 4412 se
1213 4359 1422 4414 noverit
1467 4375 1587 4416 esse
1618 4361 1872 4428 alienum,

295 4444 385 4498 vel
412 4444 549 4499 iram
581 4444 815 4500 caelestis
841 4446 1099 4512 incurrat,
1132 4457 1335 4504 etcum
1366 4449 1536 4517 Judae,
1601 4452 1871 4508 traditoris

302 4536 517 4592 Domini
547 4537 716 4592 nostri
744 4535 868 4592 Jesu
896 4537 1114 4605 Christi,
1144 4555 1203 4594 se
1249 4542 1560 4611 participem
1607 4558 1728 4599 esse
1773 4559 1872 4601 co.

298 4635 529 4697 gnoscat
572 4636 628 4682 et
652 4636 903 4696 tanquam
937 4639 1161 4699 negator
1207 4646 1500 4702 pauperum
1530 4632 1584 4688 in
1635 4634 1872 4692 futurum

372 4820 399 4847 ο
432 4812 641 4865 Annum
662 4810 879 4884 Clotarii
906 4810 976 4884 10
1010 4826 1117 4884 non
1145 4810 1319 4884 solum
1368 4814 1421 4865 in
1472 4813 1877 4884 archetypogtn-

299 4891 629 4943 struinento,
672 4881 763 4935 sed
787 4881 837 4951 in
884 4881 1221 4935 ehartulariis
1268 4890 1518 4951 quatuor,
1571 4896 1631 4937 se
1663 4881 1875 4950 ’legisse

302 4962 487 5006 monet
520 4952 747 5004 domnus
774 4949 1023 5020 Germain
1049 4968 1063 5014 ;
1090 4949 1333 5020 adeoque
1359 4952 1499 5006 hanc
1537 4949 1776 5006 chartam
1806 4953 1873 5006 ad

301 5036 503 5076 annum
523 5020 719 5074 Christi
743 5018 845 5074 (366
872 5020 1205 5074 referendam
1235 5018 1539 5087 censemus,
1566 5035 1727 5091 quam
1750 5020 1875 5076 edi-

301 5101 452 5146 tores
506 5091 594 5143 alii
646 5105 791 5159 anno,
830 5090 1049 5145 Clotarii
1105 5091 1285 5155 tertio,
1309 5102 1527 5159 quarto,
1564 5090 1870 5159 undecimo,

298 5158 711 5231 quartodecimo
728 5158 893 5231 (Hist,
922 5167 1151 5231 monast.
1176 5161 1234 5231 Β.
1267 5158 1339 5213 bl.
1371 5160 1554 5214 Suess.
1583 5158 1876 5231 [λεδ-4Ξῶ

304 5228 628 5285 tribuerunt.
679 5228 817 5283 Obiit
848 5230 1128 5283 Drauscius
1156 5230 1297 5285 circa
1336 5245 1535 5284 annum
1567 5228 1699 5289 674.
1728 5228 1875 5286 Nova

301 5300 446 5356 Gall.
473 5300 671 5352 Christ.
708 5306 745 5351 t.
776 5298 867 5363 IX,
899 5298 1025 5353 col'l.
1051 5296 1155 5352 5'58

379 5370 405 5408 ιι
440 5368 649 5423 Primus
680 5371 815 5424 banc
839 5372 1079 5424 chartam
1107 5383 1174 5422 ex
1204 5369 1420 5424 archivo
1439 5367 1769 5425 Floriacensi
1788 5367 1878 5423 de-

300 5438 912 5509 scripsitgllelgaudus,
974 5438 1264 5509 inopachus
1298 5438 1725 5509 “Floriacensis,
1776 5452 1872 5509 gap.

300 5506 505 5565 Cliesn.
538 5506 695 5563 Hist.’
725 5506 911 5563 I‘Tranc.
959 5518 996 5560 t.
1028 5506 1113 5572 IV,
1144 5523 1263 5577 pag.
1294 5507 1382 5562 5‘).
1432 5509 1639 5564 Recusa
1687 5506 1878 5572 legitur

300 5581 443 5650 apud
476 5580 821 5650 Sausseyum,
869 5578 1060 5632 Annal.
1093 5579 1249 5650 ecgl.
1272 5578 1453 5650 Aurel.
1502 5594 1622 5650 pag.
1666 5577 1792 5644 154,
1823 5585 1880 5632 et

300 5647 599 5729 C'ointium,
639 5647 778 5729 Qun.
814 5659 852 5729 ις
884 5650 967 5715 ltl,
1007 5662 1127 5729 pag:
1157 5647 1278 5729 $89.
1316 5647 1483 5729 Hujus
1523 5648 1878 5729 fragmentum

303 5733 357 5782 et
386 5721 810 5789 subscriptiones
830 5719 1052 5789 inseruit
1084 5717 1424 5789 Herbertusin
1456 5718 1878 5789 Antiquitatibus

297 5793 545 5867 ecclesia
573 5785 747 5867 sancti
777 5787 968 5867 Aniani
993 5788 1391 5867 _Aprel_ia_nensis
1411 5788 1631 5867 ,nprob.
1667 5785 1822 5867 ρ..ἶῖ
1862 5803 1876 5840 :

296 5866 652 5921 characteres
697 5857 1057 5929 cbronologici
1102 5856 1383 5913 adulterati
1432 5856 1880 5914 Ceintio’viden-

1898 4581 1949 4641 ο

1978 1952 2353 2021 Leudtgarius,
2385 1957 2494 2011 acsi
2519 1968 2776 2026 peccator
2815 1962 3119 2032 episcopus,
3166 1967 3306 2022 hunc
3338 1968 3553 2038 privile-

1982 2044 2129 2112 gium
2161 2047 2411 2104 consensi
2439 2056 2494 2103 et
2538 2051 2857 2121 subscripsi.
2902 2051 3040 2110 Boso
3090 2055 3143 2109 in
3194 2058 3289 2112 Dei
3341 2062 3555 2116 nomine

1983 2139 2296 2208 subscripsi.
2352 2139 2411 2194 ln
2465 2140 2666 2195 Christi
2715 2144 2952 2209 nomine,
2987 2146 3394 2215 tiauciobertus,
3446 2152 3557 2206 acsi

1981 2241 2238 2300 peccator
2292 2233 2612 2302 episcopus,
2658 2233 2761 2289 hoc
2817 2235 3153 2305 privilegium
3212 2244 3556 2299 consentiens

1980 2324 2287 2392 subscripsi.
2326 2326 2671 2380 Desideratus
2720 2338 2972 2396 peccator
3023 2330 3167 2386 hunc
3219 2334 3551 2405 privilegium

1983 2416 2329 2470 consentiens
2353 2418 2664 2485 subscripsi.
2698 2416 2955 2485 Virgilius
2980 2430 3235 2491 peccator
3258 2425 3402 2481 hunc
3431 2429 3552 2496 pri-

1982 2506 2234 2573 vilegium
2265 2509 2606 2563 consentiens
2628 2510 2936 2580 subscripsi.
2983 2511 3043 2566 In
3091 2512 3286 2570 Christi
3317 2519 3550 2585 nomine,

1982 2599 2358 2668 lmportunus,
2414 2602 2524 2655 acsi
2587 2612 2845 2671 peccator
2910 2605 3192 2676 episcopus
3235 2610 3549 2681 subscripsi.

1982 2690 2260 2746 Emradius
2289 2692 2569 2763 episcopus
2619 2695 2930 2764 subscripsi.
2981 2695 3041 2750 In
3088 2698 3285 2753 Christi
3314 2704 3548 2770 nomine,

1983 2783 2310 2852 Burgunlo,
2358 2786 2469 2840 acsi
2531 2785 2783 2852 indignus
2838 2787 3160 2859 episcopus,
3214 2797 3554 2850 consentiens

1980 2874 2291 2942 subscripsi.
2322 2872 2382 2928 1n
2410 2875 2607 2929 Christi
2642 2878 2880 2943 nomine,
2926 2878 3096 2947 Abbo,
3145 2882 3255 2937 acsi
3305 2885 3553 2955 indignus

1979 2966 2285 3033 episcopus,
2318 2965 2421 3021 hoc
2450 2967 2783 3035 privilegium
2835 2972 3178 3027 consentiens
3225 2978 3542 3046 subscripsi.

1980 3056 2247 3121 Clemens,
2275 3072 2339 3111 ac
2366 3058 2409 3111 si
2445 3067 2700 3128 peccator
2729 3060 3038 3132 episcopus,
3073 3064 3176 3120 hoc
3207 3068 3544 3137 privilegium

1978 3151 2323 3206 Consentiens
2370 3153 2679 3223 subscripsi.
2729 3154 2786 3209 ln
2839 3157 3037 3212 Christi
3070 3160 3306 3227 nomine,
3340 3162 3553 3231 Hagno—

1904 3218 1948 3280 C
1980 3242 2182 3308 bertus,
2243 3244 2355 3299 acsi
2402 3244 2651 3314 indignus
2700 3248 3019 3320 episcopus,
3072 3252 3174 3308 hoc
3219 3254 3551 3324 privilegiu'n

1980 3335 2326 3392 consentiens
2378 3340 2689 3409 subscripsi.
2725 3340 2783 3395 lu
2844 3344 3040 3399 Christi
3087 3349 3319 3414 nomine,
3376 3350 3550 3414 Audo,

1981 3427 2089 3480 acsi
2118 3427 2365 3497 indignus
2412 3433 2721 3502 episcopus,
2776 3434 2882 3491 hoc
2928 3439 3267 3510 privilegium
3322 3458 3550 3500 consen-

1980 3522 2119 3576 tiens
2167 3524 2485 3594 subscripsi.
2536 3526 2595 3580 ln
2626 3527 2824 3583 Christi
2874 3533 3111 3596 nomine,
3163 3534 3554 3608 llagnomarus,

1978 3614 2087 3668 acsi
2115 3614 2363 3684 indguus
2383 3618 2685 3687 episcopus,
2719 3619 2823 3675 hoc
2853 3622 3187 3692 privilegium
3209 3631 3553 3684 consentiens

1977 3705 2284 3774 subscripsi.
2318 3705 2376 3761 lu
2413 3706 2609 3762 Christi
2643 3714 2881 3777 nomine,
2914 3712 3233 3782 Concessus,
3267 3719 3380 3773 acsi
3409 3717 3550 3774 iudi-

1978 3807 2114 3864 gnus
2159 3796 2480 3867 episcopus,
2512 3798 2616 3855 hoc
2656 3801 2992 3872 privilegium
3039 3808 3381 3865 consentiens
3428 3812 3554 3867 sub-

1982 3886 2192 3953 scripsi.
2227 3886 2604 3943 Leudeboldus
2633 3902 2903 3960 peccator,
2932 3889 3051 3949 acsi
3073 3895 3320 3967 indignus
3341 3900 3555 3971 episco-

1977 3991 2093 4046 pus,
2109 3977 2212 4033 hoc
2231 3980 2568 4048 privilegium
2589 3986 2931 4041 consentiens
2956 3989 3269 4059 subscripsi.
3300 3990 3549 4060 Sigobol-

1974 4068 2076 4123 dus
2122 4079 2377 4139 peccator
2424 4072 2565 4128 hunc
2592 4074 2923 4145 privilegium
2946 4078 3133 4148 scripsi
3161 4088 3215 4135 et
3234 4082 3550 4151 subscripsi.

2712 4167 2824 4221 XV.

1976 4251 2170 4335 Charta
2190 4269 2289 4324 qua
2317 4253 2678 4335 [.eodebodus,
2709 4256 2867 4335 quas
2898 4262 3305 4335 sanctipAniani,
3328 4267 3551 4335 plurima

2043 4322 2178 4395 dona
2203 4322 2407 4395 confert
2453 4329 2780 4382 monasteriis
2850 4334 3017 4385 sancti
3045 4333 3241 4386 Arriani
3284 4322 3339 4389 ei
3388 4322 3555 4394 salicti

2047 4391 2194 4447 Petri
2222 4391 2577 4451 Floriacensis
2607 4396 2629 4435 δ
2664 4400 2811 4466 (ann.
2839 4399 2988 4469 (567).

2046 4527 2103 4581 In
2129 4528 2346 4583 nomine
2371 4526 2567 4595 Patris,
2587 4538 2642 4584 et
2667 4529 2809 4599 Filii,
2836 4540 2890 4586 et
2913 4532 3142 4602 Spiritus
3170 4539 3360 4593 sancti.
3390 4544 3545 4595 Anno

1972 4618 2209 4674 secundo
2251 4629 2509 4690 regnante
2553 4620 2750 4675 domno
2791 4630 2977 4679 nostro
3005 4622 3315 4683 Cblodoveo
3344 4630 3515 4699 glorio

1973 4809 2076 4864 tur,
2107 4810 2163 4855 et
2193 4800 2317 4855 hinc
2364 4801 2466 4856 hoc
2506 4800 2919 4856 instrumentum
2963 4802 3031 4857 de
3072 4802 3206 4858 falso
3233 4806 3482 4862 criminat
3522 4826 3547 4862 s

1972 4879 2052 4926 est
2077 4868 2407 4943 Longueval,
2445 4871 2579 4926 llist.
2612 4872 2746 4943 eccl.
2771 4870 2911 4943 Call.
2945 4880 2985 4926 t.
3012 4871 3101 4939 ΙΙΙ,
3131 4888 3252 4943 pag.
3286 4874 3409 4933 563i.
3442 4881 3546 4933 Sed

1972 4944 2038 5012 ab
2089 4944 2234 5012 (Itlllli
2283 4940 2589 5012 criticorum
2656 4941 2856 5012 familia
2904 4940 3223 5012 absolutum
3281 4947 3543 5012 judicant,

1973 5011 2591 5084 Cointiusubisupra;
2626 5010 2836 5084 _M_a_bill.
2884 5010 3106 5084 Anth}.
3159 5016 3200 5078 l,
3248 5010 3371 5084 pag.
3409 5017 3543 5083 580;

1972 5079 2119 5135 Nova
2148 5080 2511 5156 Gall:_christ.
2544 5079 2751 5156 ιᾈγιιι,
2783 5094 2907 5151 pag.
2949 5080 3078 5135 1518
3107 5092 3163 5138 et
3192 5079 3360 5147 1538';
3408 5079 3546 5156 Dipl.

1974 5160 2245 5226 nova,_t._
2273 5148 2337 5214 V,
2385 5165 2507 5226 pag.
2546 5149 2676 5226 dit,
2716 5148 2877 5226 _not.,:
2912 5160 3016 5226 etc.
3071 5170 3091 5226 :_
3134 5155 3373 5210 Cointius
3409 5148 3545 5226 ipse,

1976 5220 2463 5296 emendatis__notis
2510 5220 2903 5296 chronologicis
2950 5221 3017 5276 ab
3070 5224 3323 5296 imperita
3382 5220 3550 5284 manu

1974 5292 2260 5360 corruptis,
2292 5290 2421 5345 illud
2446 5289 2610 5346 habet
2635 5305 2733 5360 pro
2763 5292 3019 5359 legitimo.
3060 5289 3176 5348 Jan":
3207 5297 3453 5351 exstabat
3496 5298 3550 5355 in

1975 5361 2194 5433 archivo
2234 5360 2560 5433 Floriacensi
2601 5361 2796 5433 saeculi
2835 5376 2995 5426 nono,
3047 5371 3184 5419 teste
3223 5366 3541 5433 Adrevaldo,

1976 5430 2302 5503 litoriacensi
2319 5432 2604 5503 monacho,
2615 5431 2719 5503 _qui
2740 5432 2839 5486 hac
2855 5440 3015 5503 etate
3035 5434 3265 5503 scripsit,
3290 5430 3540 5493 Bibliotb.

1982 5500 2214 5557 Floriac.
2246 5514 2363 5569 pag.
2400 5499 2452 5567 Ξ,
2481 5508 2587 5557 etc.
2615 5498 2859 5568 Pugnant
2886 5502 3098 5571 quidem
3135 5498 3276 5560 inter
3295 5521 3355 5561 se
3392 5508 3549 5562 chro-

1978 5571 2234 5644 nologica:
2266 5577 2424 5644 notae,
2470 5571 2543 5644 ita
2574 5578 2640 5644 ut
2658 5571 3065 5644 conciliariAnon
3099 5577 3322 5644 possint,
3374 5590 3429 5633 et
3466 5580 3547 5633 in-

1978 5638 2559 5714 solitaestinvocatio.
2608 5638 2715 5714 Sed
2763 5642 2885 5696 inde
2932 5638 3120 5714 falsum
3148 5638 3395 5714 arguere,
3424 5664 3547 5703 cum

1979 5710 2192 5765 aliunde
2219 5710 2348 5781 nihil
2369 5710 2561 5781 falsum
2580 5711 2769 5780 sapiat,
2788 5712 3028 5767 severius
3046 5728 3178 5768 sane
3198 5710 3253 5769 et
3277 5710 3549 5781 acerbius;

1979 5782 2132 5855 plura
2151 5780 2305 5855 enim
2336 5780 2441 5835 alia
2467 5780 2819 5855 instrumenta
2850 5796 2947 5851 pro
2973 5783 3197 5839 sinceris
3227 5796 3442 5855 recepta
3468 5788 3555 5842 his

1980 5850 2126 5908 vitiis
2151 5850 2420 5919 laborant,
2468 5865 2585 5921 qua:
2629 5850 2925 5907 oscitantur:
2954 5850 3366 5910 amauuensiuni
3391 5858 3555 5912 tribui
