4206 6532
759 433 898 487 1187

1493 425 1758 485 ΞᾸΞΟυΙι.
1806 427 1892 483 VII
1937 428 2024 483 ET
2069 425 2178 483 VIII
2221 425 2745 511 ECCLESIA§TICA
2785 426 3231 483 MONUMEN'I‘A.

3895 430 4029 484 MSS

755 548 966 603 sissimo
1017 559 1161 616 rege,
1206 543 1302 599 sub
1331 540 1417 596 die
1442 557 1474 595 v
1503 539 1622 596 Kal.
1651 541 1777 598 Julii
1810 554 1854 595 ει,
1896 541 2101 597 Virtute
2140 551 2195 596 et
2244 543 2334 595 lir-
2362 545 2411 605 Λ
2439 556 2545 611 que
2591 555 2787 612 genere
2816 540 3104 612 pecudum,
3145 550 3201 596 et
3229 538 3491 595 beneficio
3532 554 3648 605 suo,
3694 539 3836 595 sicut
3872 556 3902 595 a
3948 560 4033 598 uie

754 639 996 695 missiqu
1068 637 1259 692 robore
1323 633 1623 703 adquiritur
1687 643 1745 687 ut
1793 641 2022 704 agreslte
2071 640 2127 688 et
2174 633 2344 687 doctae

754 733 921 789 menti
961 728 1264 785 testiﬁcatio
1308 728 1647 797 sull'ragetnr.
1706 723 1771 780 Et
1810 726 2066 794 quoniam
2122 725 2194 778 ita
2242 732 2342 790 est,

754 825 849 880 Dei
892 828 1210 894 protegente
1249 820 1497 886 dextera,
1548 833 1649 888 ego
1686 815 2043 873 Leodebodus
2082 816 2185 870 ista
2214 831 2345 871 con-

752 920 951 983 scribo,
986 917 1096 972 acsi
1136 914 1379 982 indignus
1407 920 1462 967 et
1490 920 1747 984 peccator
1767 910 1925 964 abba.
1970 908 2103 962 Dum
2145 921 2231 963 me
2260 906 2342 961 di-

752 1012 876 1065 vina
907 1009 1077 1081 pictas
1106 1004 1340 1061 basilica:
1367 1003 1550 1058 domui
1598 1000 1790 1054 Aniani
1821 999 1912 1055 tbi
1961 1000 2076 1069 ipse
2116 998 2343 1054 domnus

753 1104 807 1159 in
839 1113 1063 1170 cn'pore
1102 1096 1423 1167 requiescit,
1472 1093 1700 1147 abbati-.1:
1737 1092 2083 1147 sublimatum
2117 1091 2342 1155 honore,

753 1193 989 1263 ejusdem
1049 1192 1156 1247 loci
1210 1189 1486 1245 custodem
1545 1202 1667 1241 esse.
1724 1187 1996 1251 instituit,
2044 1198 2344 1253 congruum

753 1286 904 1353 duxi,
934 1292 991 1339 et
1013 1282 1298 1338 devcdione
1329 1279 1638 1349 plenissima
1684 1276 1813 1330 mihi
1856 1273 2131 1330 consensit
2150 1274 2343 1329 volun-

752 1384 853 1441 tas,
890 1384 947 1429 ut
983 1379 1047 1429 de
1076 1390 1132 1427 re
1164 1370 1511 1441 pwprietatis
1540 1385 1691 1434 mete,
1724 1377 1831 1421 tam
1872 1367 1926 1422 in
1968 1367 2081 1437 ipsa
2120 1365 2343 1421 basilica

751 1484 912 1539 quant
960 1476 1012 1520 et
1061 1463 1293 1519 basilica:
1339 1462 1547 1517 domine
1602 1459 1801 1522 Μαι-ἰπὶ,
1854 1474 2015 1528 quam
2068 1455 2345 1512 Iohannes

752 1560 1029 1615 Floriacus
1059 1573 1088 1611 a
1121 1572 1264 1611 novo
1311 1554 1582 1624 quondam
1627 1552 1949 1616 construxit,
1985 1550 2077 1605 ubi
2118 1563 2345 1603 venera-

754 1651 873 1705 bilis
904 1649 983 1705 vir
1017 1647 1311 1703 Fulcaldus
1337 1647 1473 1700 abba
1499 1654 1684 1700 custos
1726 1659 1960 1715 praeesse
1986 1642 2339 1714 dignoscitur,

714 1720 847 1798 .seu
892 1750 947 1798 et
988 1741 1044 1795 in
1088 1757 1216 1810 agro
1259 1737 1505 1793 Floriaco
1550 1751 1733 1807 quem,
1767 1752 1889 1791 cum
1919 1735 2156 1806 glorioso
2184 1743 2344 1802 atque

752 1838 1010 1909 prmeelso
1040 1836 1239 1889 domno
1265 1831 1580 1888 Chlodoveo
1610 1846 1737 1899 rege
1779 1838 1834 1884 et
1863 1829 2099 1898 gloriosa
2144 1827 2342 1882 domna

2447 648 2751 704 possessum
2781 643 2881 689 est.
2914 634 3084 689 Simili
3114 634 3274 689 modo
3301 642 3355 689 et
3378 636 3679 704 portionem
3711 649 3885 691 meam
3911 652 4030 705 quc

2446 736 2528 783 est
2557 728 2606 781 in
2633 727 2755 781 villa
2777 726 3021 784 Frietoni
3044 728 3096 781 in
3122 727 3429 793 Secalonia,
3463 726 3601 781 sicut
3620 743 3647 778 a
3673 742 3760 782 me
3780 743 4027 798 possessa

2446 832 2548 887 est,
2579 838 2699 877 cum
2729 824 2949 888 mansis,
2997 823 3299 889 accolabus,
3348 823 3529 895 sylvis,
3574 824 3758 894 pratis,
3801 827 4026 896 eampis,

2445 914 2658 982 pascuis
2700 914 2755 968 in
2796 914 3082 982 integrum,
3132 931 3255 969 cum
3309 914 3563 979 termino,
3610 913 3696 969 vel
3742 916 4029 982 omnigeno

2446 1004 2653 1073 pecude
2704 1004 2900 1061 ibidem
2949 1005 3243 1074 residente,
3274 1006 3539 1075 simulque
3570 1013 3740 1061 terras
3764 1006 3850 1061 vel
3879 1017 4029 1077 prata

2445 1112 2562 1166 qua:
2591 1099 2658 1153 ab
2684 1099 2892 1153 Albuna
2923 1100 2976 1154 in
3002 1113 3137 1172 pago
3158 1098 3466 1171 Stampensi
3497 1100 3640 1153 visus
3667 1115 3785 1154 sum
3809 1114 4028 1169 compa-

2447 1202 2614 1253 rasse,
2644 1189 2783 1243 sicut
2827 1204 2858 1244 a
2910 1204 2996 1244 me
3042 1204 3350 1259 possessum
3380 1200 3462 1243 est
3495 1189 3546 1244 in
3579 1190 3867 1259 integrum.
3911 1187 4030 1246 Pari

2446 1281 2606 1337 modo
2635 1298 2761 1336 vasa
2790 1283 2931 1338 dono
2962 1293 3238 1353 argentea,
3270 1282 3538 1363 anacleta,
3570 1282 3851 1353 pensantia
3883 1282 4031 1336 libris

2446 1392 2537 1430 vm
2565 1385 2620 1431 et
2641 1376 2823 1431 uncias
2845 1376 2998 1443 duas,
3023 1377 3264 1433 sandalia
3297 1394 3331 1432 ιι
3361 1377 3427 1431 ad
3456 1376 3667 1440 missas,
3689 1384 3745 1431 et
3765 1375 3935 1431 oralia
3966 1374 4032 1429 ad

2447 1481 2709 1535 mensam,
2728 1482 2833 1522 una
2857 1483 2977 1521 cum
3001 1468 3185 1537 cappis
3209 1478 3265 1523 et
3290 1469 3434 1522 enini
3456 1476 3737 1536 apparatu,
3768 1475 3824 1520 et
3858 1466 3973 1520 vela
3999 1482 4033 1520 ιι

2447 1576 2544 1615 acu
2572 1561 2737 1629 picta.
2763 1559 2869 1614 Ista
2896 1562 3095 1628 omnia,
3132 1571 3184 1615 ut
3210 1560 3262 1615 in
3293 1569 3563 1631 potestate
3587 1567 3643 1614 et
3670 1559 4034 1614 dominatione

2448 1654 2614 1722 ipsius
2644 1654 2959 1708 monasterii
3007 1663 3061 1708 et
3105 1654 3494 1709 monachorum
3528 1652 3722 1708 ibidem
3765 1653 3875 1707 Deo
3919 1667 4031 1705 ser-

2447 1742 2708 1797 vieatimn
2761 1744 3071 1813 perenniter
3124 1753 3424 1810 maneant,
3485 1744 3688 1812 integra
3748 1743 4035 1796 devotione

2449 1835 2692 1891 instituo.
2724 1836 3003 1905 Simulque
3029 1844 3083 1892 et
3112 1836 3258 1907 quod
3294 1836 3347 1889 in
3381 1851 3518 1906 pago
3552 1836 3787 1891 Biturieo
3833 1851 4033 1905 cogno-

753 1947 922 1985 “XOW
952 1927 1068 1996 elus
1095 1925 1323 1980 Βίλίίίιάθ
1356 1923 1561 1992 resina.
1590 1922 1738 1977 Visus
1766 1935 1883 1974 sum
1914 1918 1981 1973 de
2005 1918 2168 1973 rebus
2205 1915 2339 1971 ῐηθίε
2369 1919 2418 1980 Β
2445 1927 2684 1981 minante
2714 1927 2913 1994 Monte,
2947 1928 3039 1997 qui
3088 1936 3171 1982 est
3202 1929 3355 1996 juxta
3385 1928 3610 1982 Cabrias
3641 1928 3782 1997 vito,
3828 1928 4033 1997 portio-

751 2036 984 2092 proprns
1040 2028 1440 2083 eonunutasse,
1502 2016 1591 2070 ubi
1650 2030 1748 2086 pro
1809 2013 1983 2069 salute
2050 2012 2198 2082 regia
2254 2009 2338 2063 vel

752 2121 952 2167 cuncto
983 2110 1181 2180 populo
1211 2106 1566 2170 exorandum,
1601 2103 1984 2160 monasterium
2029 2102 2083 2156 in
2133 2102 2339 2155 honore

750 2203 923 2257 sancti
953 2200 1097 2253 l’etri
1127 2199 1399 2254 :edilieare
1424 2198 1661 2254 delibero
1708 2196 1754 2261 δ,
1789 2196 1876 2249 ubi
1918 2193 2028 2262 jam
2061 2193 2235 2247 dictus
2257 2191 2337 2245 vir

752 2296 847 2352 Dei
892 2303 1131 2357 sanctus,
1184 2294 1440 2347 videlicet
1494 2292 1687 2362 pnesul
1737 2291 2011 2353 Anianus,
2072 2289 2335 2357 condigne

745 2391 891 2460 jacet
944 2388 1272 2455 tumulatus,
1325 2388 1375 2441 in
1426 2403 1533 2455 quo
1587 2384 1838 2440 monachi
1883 2384 2038 2452 juxta
2097 2381 2335 2451 regulam

750 2482 1075 2541 sanctissimi
1126 2480 1400 2534 Benedicti
1452 2488 1506 2533 et
1555 2478 1755 2532 domini
1807 2476 2123 2531 Columbam
2157 2474 2335 2529 consi-

750 2587 896 2633 stere
924 2578 1173 2641 debeant,
1207 2574 1551 2642 singulariter
1577 2572 1644 2626 de
1684 2571 1945 2625 facultate
1992 2569 2338 2639 proprietatis

751 2684 902 2732 mere,
943 2667 1156 2724 Christo
1202 2666 1447 2737 praesule,
1481 2664 1729 2719 conferre
1751 2662 2011 2718 delibero.
2045 2661 2194 2715 Dono
2235 2661 2336 2731 igi-

752 2770 837 2815 tur
867 2758 1150 2814 antedictzr
1180 2757 1412 2811 basilica:
1439 2756 1640 2809 domini
1668 2754 1886 2819 Aniani,
1929 2752 2015 2807 vel
2057 2753 2338 2808 monachis

751 2854 950 2910 ibidem
999 2851 1449 2917 deservientihus,
1498 2849 1586 2904 ubi
1634 2849 1702 2903 ad
1750 2862 2009 2917 pta‘scns,
2063 2846 2343 2900 divinitate

749 2949 1004 3020 prapitia,
1050 2950 1342 3016 funguntur
1384 2944 1586 3007 ol'tieio,
1630 2951 1685 2996 et
1736 2942 1803 2997 de
1847 2941 1969 3010 jure
2005 2954 2126 2995 meo
2166 2940 2219 2993 in
2257 2938 2343 3008 jus

751 3040 1042 3095 antedictzn
1083 3038 1316 3092 basilica:
1346 3051 1376 3089 a
1411 3036 1499 3089 die
1531 3034 1782 3102 pucsenti
1830 3030 2167 3096 transfundo,
2219 3046 2344 3100 por—

754 3135 934 3189 tiones
977 3132 1191 3187 tcrrnl.e
1238 3130 1377 3184 inl'ra
1405 3144 1590 3199 agrum
1623 3128 2096 3193 Nogronictenscm
2129 3125 2258 3179 sitas
2287 3124 2341 3178 in

751 3229 1025 3284 territorio
1055 3225 1315 3291 Biturico,
1365 3230 1702 3292 nuncupatas
1731 3219 1972 3274 Litinaro
2000 3228 2055 3272 et
2094 3218 2339 3273 Marinia-
2369 3250 2416 3313 α

748 3336 832 3384 co,
866 3334 1002 3389 quas
1035 3317 1104 3372 de
1153 3317 1355 3370 Aviana
1388 3322 1443 3369 et
1488 3313 1843 3382 l’rosperiana
1896 3310 2109 3365 feminis
2138 3324 2232 3379 per
2262 3309 2341 3363 in-

748 3420 1045 3468 strmnenta
1093 3411 1402 3463 chartarum
1458 3406 1606 3459 visus
1667 3419 1787 3457 sum
1845 3402 2152 3470 recepisse;
2222 3418 2342 3455 cum

747 3501 1022 3566 domibus,
1050 3498 1312 3564 :rdiliciis,
1344 3494 1625 3564 mancipiis
1667 3494 1759 3561 qui
1792 3510 1820 3546 a
1852 3509 1937 3546 me
1987 3492 2197 3546 liberati
2236 3508 2341 3545 non

747 3592 982 3657 fuerunt,
1016 3590 1203 3654 vineis,
1242 3588 1423 3658 syliis,
1464 3585 1689 3654 campis.
1715 3585 1902 3654 pratis,
1946 3583 2176 3654 pascuis,
2222 3599 2343 3636 cum

750 3683 896 3735 ωηιιὶ
933 3683 1057 3749 jure
1108 3690 1162 3735 et
1206 3678 1470 3734 bcueliio
1510 3693 1629 3742 suo,
1679 3676 1761 3730 vel
1810 3675 2098 3744 omnigeno
2141 3675 2344 3744 pecude

760 3775 958 3828 ἱὶιίίζειιι
990 3773 1279 3838 residente,
1314 3772 1456 3825 sicut
1497 3787 1525 3823 a
1570 3785 1654 3823 me
1681 3784 1839 3839 pose
1870 3786 1985 3823 sum
2017 3777 2116 3823 est.
2146 3769 2345 3822 Simili-

751 3874 829 3920 ter
880 3866 1185 3935 portionem
1252 3878 1448 3926 meam,
1505 3876 1625 3929 quae
1672 3868 1755 3914 est
1784 3861 1921 3913 iul'ra
1961 3876 2144 3926 agrum
2192 3858 2344 3912 Litti-

748 3957 872 4011 dum
929 3957 981 4010 in
1043 3954 1349 4020 Secalonia,
1414 3967 1575 4021 quam
1621 3951 1692 4005 de
1735 3952 1918 4019 Agaua
1969 3951 2167 4004 femina
2216 3950 2342 4005 dato

750 4049 927 4117 pretio
957 4063 1050 4116 per
1076 4045 1402 4100 venditionis
1430 4043 1640 4097 titulum
1668 4043 1813 4097 visus
1834 4058 1953 4097 sum
1977 4058 2337 4112 comparasse,

749 4156 870 4193 eum
914 4138 1185 4201 domibus,
1219 4136 1479 4198 aediliciis,
1522 4135 1824 4203 mancipiis,
1872 4145 2065 4204 praeter
2093 4149 2228 4202 quos
2261 4137 2339 4189 iu-

748 4248 953 4303 genus
1010 4233 1348 4294 rclaxavero,
1400 4229 1593 4295 vineis,
1637 4228 1823 4298 sylvis,
1876 4229 2097 4297 campis,
2154 4229 2342 4298 pratis,

748 4325 987 4395 pascuis,
1016 4323 1278 4390 omnique
1323 4322 1583 4375 benclicio
1613 4336 1729 4384 suo,
1766 4322 1905 4375 sicut
1948 4336 1977 4374 a
2021 4337 2108 4375 me
2133 4338 2343 4390 posscs-

750 4438 867 4477 smu
900 4430 1002 4475 cst.
1049 4418 1289 4485 Itemque
1339 4425 1392 4470 et
1444 4417 1747 4487 portionem
1788 4432 1959 4469 meam
1991 4430 2111 4484 quae
2153 4425 2235 4471 cst
2277 4417 2343 4471 ad

749 4512 998 4569 Vctnlam
1030 4525 1214 4567 casam
1246 4524 1408 4578 quam
1439 4508 1506 4562 de
1539 4509 1761 4563 Abbonc
1801 4517 1856 4563 et
1885 4508 1991 4563 lilio
2020 4523 2119 4564 suo
2155 4516 2345 4563 lratcr-

2450 2034 2571 2072 nem
2604 2020 2816 2073 ιρττυιιυ
2855 2034 3015 2087 quam
3046 2020 3112 2073 de
3140 2019 3367 2075 Domolo
3399 2029 3454 2074 et
3483 2035 3651 2075 uxore
3686 2035 3783 2076 sua
3827 2021 4029 2091 lngara,

2449 2111 2533 2166 vel
2582 2111 2649 2165 de
2690 2111 2931 2183 plurilsus
2978 2112 3285 2167 hominibus
3332 2112 3476 2166 visus
3514 2128 3632 2167 sum
3668 2128 4030 2182 comparasse,

2450 2202 2626 2268 dono;
2674 2204 2757 2258 vel
2788 2204 3166 2273 quodcumque
3208 2204 3424 2269 ibidem,
3469 2221 3564 2274 per
3592 2205 3898 2260 donationis
3919 2206 4034 2275 epi-

2449 2292 2641 2346 stolam
2687 2303 2779 2347 aut
2808 2296 3049 2363 quolibet
3077 2304 3382 2361 contractu,
3413 2296 3479 2349 ad
3522 2310 3608 2350 me
3635 2296 3902 2367 pervenit,
3937 2310 4031 2350 seu

2448 2394 2501 2439 et
2545 2387 2688 2455 quod
2728 2386 2782 2441 in
2832 2388 2968 2454 liria,
3014 2404 3132 2458 qua:
3179 2398 3259 2443 est
3302 2405 3463 2459 super
3510 2389 3728 2443 lluvium
3770 2389 4029 2454 Fliroute,

2447 2475 2640 2535 habeo,
2675 2493 2794 2546 qtae
2822 2478 2888 2531 de
2918 2479 3162 2548 pluribus
3206 2480 3508 2534 hominibus
3539 2480 3680 2532 visos
3719 2496 3838 2533 sum
3881 2496 4027 2534 com-

2448 2584 2685 2636 patasse,
2719 2578 2773 2622 cl.
2804 2570 2870 2623 ad
2901 2571 3072 2638 ipsum
3102 2571 3338 2626 Montem
3382 2572 3743 2642 subjungitur,
3787 2589 3909 2626 cum
3938 2574 4030 2628 do-

2447 2660 2640 2723 mibus,
2681 2661 2939 2725 mdiliciis,
2987 2664 3266 2733 mancipiis
3303 2665 3395 2735 qui
3443 2681 3474 2719 a
3524 2681 3609 2719 me
3654 2665 3865 2719 liberati
3923 2684 4027 2719 non

2449 2753 2669 2820 fuerint,
2695 2753 2883 2819 vineis,
2915 2754 3096 2825 sylvis,
3121 2756 3344 2826 campis,
3369 2759 3553 2825 pratis,
3587 2774 3708 2813 cum
3740 2759 3887 2813 omni
3911 2758 4033 2827 jure

2451 2848 2502 2895 et
2533 2844 2762 2897 termino
2792 2860 2998 2910 earum,
3027 2846 3280 2916 omnique
3304 2863 3501 2919 genere
3526 2849 3809 2918 pecudum,
3843 2850 3981 2902 sicut
4002 2864 4032 2902 ει

2450 2946 2536 2987 me
2562 2950 2869 3004 possessum
2914 2948 3019 3008 est,
3044 2941 3206 2995 dono.
3232 2940 3483 3013 Idemque
3510 2952 3564 2997 et
3594 2943 3773 2998 villam
3805 2942 4030 2997 Canthe-

2450 3044 2570 3089 ron,
2600 3045 2717 3098 «pne
2747 3042 2824 3086 est
2855 3033 3005 3102 juxta
3042 3035 3328 3089 terminum
3359 3036 3696 3091 Clariaeeuse
3730 3037 3813 3092 vel
3850 3036 4030 3093 L'ccllo

2449 3121 2587 3184 vico,
2622 3135 2783 3187 quam
2809 3120 2874 3176 de
2903 3124 3203 3179 luere'iihus
3228 3124 3492 3182 Nununoli
3520 3167 3535 3192 ,
3564 3127 3689 3181 dato
3716 3129 3914 3198 pretio,
3937 3143 4031 3199 per

2449 3226 2530 3264 vc.
2556 3211 2773 3265 ditionis
2805 3215 3017 3268 titulum
3049 3216 3194 3272 visus
3221 3233 3333 3272 sum
3381 3235 3742 3289 comparasse,
3781 3237 3904 3275 eum
3936 3223 4029 3278 do-

2449 3305 2643 3369 mihns,
2674 3306 2935 3371 :editieiis,
2967 3310 3247 3380 mancipiis
3269 3313 3415 3381 quia
3447 3328 3531 3367 me
3554 3314 3765 3369 liberati
3794 3332 3900 3369 non
3923 3316 4032 3372 lue-

2446 3398 2571 3462 rint,
2595 3398 2783 3463 vineis,
2814 3401 2995 3471 sylvis,
3022 3404 3244 3473 campis,
3276 3405 3466 3473 pratis,
3501 3407 3735 3475 pascuis,
3769 3409 4028 3479 omnique

2445 3505 2642 3557 genere
2673 3492 2959 3558 pecudum,
3016 3508 3137 3547 cum
3195 3495 3339 3549 οηιηὶ
3382 3496 3503 3564 jure
3544 3506 3599 3551 et
3636 3499 3897 3555 beneﬁcio
3943 3500 4022 3554 vel

2448 3582 2676 3636 termino
2704 3582 2767 3635 ad
2799 3599 2856 3637 se
2890 3586 3216 3651 pertinente,
3241 3588 3379 3641 sicut
3403 3604 3433 3642 a
3459 3605 3546 3644 me
3586 3606 3892 3659 possessum
3917 3602 4019 3659 est,

2443 3672 2586 3727 dono
2615 3683 2804 3728 sancto
2847 3672 3011 3730 Petro
3052 3673 3397 3733 Floriacensi.
3435 3678 3683 3749 Idemque
3711 3683 3842 3737 etin
3873 3681 4016 3739 itau-

2444 3763 2643 3817 sedone
2674 3763 2814 3827 villa,
2848 3780 2968 3833 qua:
2996 3773 3079 3820 est
3106 3766 3158 3820 in
3189 3783 3325 3837 pago
3355 3757 3732 3840 Migdunense,
3765 3789 3929 3843 quam
3954 3776 4023 3831 de

2446 3853 2745 3909 luercdilms
2773 3854 2968 3918 Magni,
3000 3856 3125 3910 dato
3157 3858 3328 3926 pretio
3354 3870 3469 3915 οη..
3494 3862 3866 3935 Suprascripta
3895 3882 4020 3936 pars

2444 3950 2729 4005 antedictm
2776 3951 3009 4006 basilica:
3046 3954 3229 4008 domui
3271 3953 3417 4012 Petri
3445 3957 3801 4013 Floriacensis
3832 3975 4018 4029 perpe~

2445 4050 2537 4096 tuo
2582 4044 2705 4111 jure
2752 4053 2913 4112 atque
2958 4047 3316 4116 proprietario
3367 4058 3426 4104 ut
3475 4051 3760 4121 possideat,
3819 4053 4021 4117 integra

2441 4135 2721 4190 voluntate
2804 4136 3060 4193 decerno.
3129 4139 3389 4209 Idemque
3450 4143 3731 4199 antcdicta:
3787 4146 4019 4201 basilica:

2444 4228 2655 4282 domum
2696 4228 2872 4283 Mariae
2902 4232 3207 4300 portionem
3238 4248 3414 4288 meam
3456 4250 3575 4304 quae
3617 4248 3701 4291 est
3732 4237 3886 4307 juxta
3912 4240 4020 4297 Co-

2444 4319 2639 4374 lumna:
2668 4320 2867 4386 vicum,
2897 4331 3143 4392 quartam
3172 4334 3376 4394 partem
3407 4342 3475 4381 ex
3505 4328 3620 4398 ipso
3646 4344 3778 4398 agro
3808 4332 4022 4386 (solom-

2444 4412 2635 4479 nensi,
2686 4427 2808 4467 cum
2861 4415 3097 4480 mansis,
3139 4417 3458 4485 accolabus,
3511 4420 3714 4489 campis
3757 4422 3916 4477 cultis
3969 4432 4022 4477 et

2446 4505 2677 4568 incultis,
2712 4521 2832 4560 cum
2875 4509 3019 4561 onmi
3069 4523 3266 4575 genere
3293 4509 3578 4578 pecudum,
3627 4511 3680 4566 in
3728 4514 4016 4581 integrum,

750 4620 841 4665 uo,
880 4602 1004 4657 dato
1054 4604 1247 4671 pretio,
1286 4614 1381 4666 per
1407 4598 1731 4653 venditionis
1759 4599 1969 4653 titulum
2007 4601 2337 4671 comparavi,
2363 4615 2421 4678 ι)
2443 4602 2580 4658 sicut
2600 4616 2629 4655 a
2655 4616 2742 4656 me
2767 4616 3072 4671 possessum
3098 4611 3202 4670 est,
3231 4603 3417 4672 delego
3443 4606 3828 4674 perpetualiter
3850 4609 4015 4676 possi~

754 4706 807 4750 et
838 4711 957 4761 qua:
984 4708 1080 4761 per
1107 4691 1362 4759 epistolas
1390 4690 1694 4745 donationis
1716 4706 1744 4743 a
1769 4692 1779 4740 l
1811 4705 1896 4744 me
1926 4694 2182 4760 pervenit,
2211 4708 2330 4747 cum

750 4786 972 4849 mansis,
1004 4783 1192 4846 vincis,
1219 4782 1442 4851 eampis.
1474 4781 1659 4850 pratis,
1690 4782 1877 4851 sylvis,
1904 4784 2135 4851 pascuis,
2161 4783 2333 4840 omni-

752 4928 945 4984 Stdent.
968 4924 1113 4979 Adde
1133 4922 1466 4978 commodam
1492 4920 1809 4975 emendandi
1834 4921 2095 4975 rationem
2120 4936 2148 4974 a
2171 4920 2334 4976 Coin-

752 5000 827 5054 tio
858 4996 1173 5051 adhibitam.
1202 4994 1407 5046 scilicet
1435 5009 1525 5060 pt‘-‘
1562 4992 1775 5045 nomine
1799 4991 2075 5055 Clodavci,
2108 4990 2330 5047 Clotarii

753 5086 945 5124 nomen
989 5081 1083 5131 rep
1108 5067 1198 5116 mit
1228 5064 1504 5119 (Σενηιίυεξ
1537 5077 1632 5128 pro
1665 5078 1805 5115 anno
1846 5064 1993 5128 regni
2041 5078 2101 5124 ll,
2134 5077 2328 5115 annum

754 5140 903 5208 regni
933 5152 1028 5191 xu.
1065 5136 1254 5208 Facilis
1286 5142 1508 5208 uterque.
1537 5134 1817 5208 scribentis
1842 5133 2017 5201 Ittp‘tlS
2065 5132 2331 5208 Evtiuugit

757 5204 924 5262 annos
968 5208 1034 5259 ab
1065 5204 1438 5257 locat-natione
1470 5205 1745 5270 repetitos,
1780 5216 1965 5256 contra
1996 5218 2201 5254 "torem
2234 5204 2333 5254 hu-

752 5280 839 5346 jus
863 5278 1056 5341 astatis,
1081 5275 1170 5341 qui
1198 5274 1527 5346 irequenlith
1555 5274 1766 5338 optima:
1788 5280 1934 5346 nota
1958 5273 2330 5346 instrumentis

759 5342 960 5402 temere.
1005 5364 1033 5399 a
1080 5345 1366 5398 neoteri-is
1398 5343 1580 5395 inserti
1625 5345 1980 5410 reperiuntur.
2035 5342 2123 5395 His
2151 5351 2327 5394 autent

757 5419 1002 5472 admissis
1047 5413 1540 5475 νιιιρηιὶίιιὴυιιίιιυε,
1582 5421 1728 5479 patet
1753 5413 1992 5467 chartam
2028 5410 2330 5465 Leodehodi

757 5488 1025 5542 eontlitam
1073 5486 1231 5537 fni-se
1260 5498 1400 5535 anno
1442 5484 1584 5550 regni
1626 5482 1844 5536 Clotarii
1878 5482 1940 5535 III
1985 5482 2330 5545 duinleeimo,

758 5558 953 5612 Christi
1002 5554 1125 5608 ΜΠ.
1169 5556 1324 5606 (lt-rte
1375 5554 1444 5605 ibi
1495 5570 1599 5606 non
1648 5553 1823 5620 agitur
1878 5553 1944 5605 de
1990 5552 2237 5605 tLlodovei
2291 5552 2331 5605 ll

760 5644 900 5681 anno
930 5627 1077 5691 regni
1101 5626 1368 5686 secundo;
1402 5639 1523 5675 nam
1555 5633 1680 5677 tunc
1714 5626 1795 5675 vix
1826 5624 2103 5691 septennis
2132 5622 2330 5676 Clodo-

761 5714 887 5751 veus
915 5712 1139 5751 uxorem
1171 5709 1276 5747 non
1303 5703 1512 5760 poterat.
1541 5694 1790 5747 habuisse
1814 5694 2133 5755 liathildeni,
2168 5707 2329 5760 quam

763 5783 866 5821 non
911 5776 1032 5820 ante
1074 5766 1335 5819 decimum
1386 5766 1531 5831 regni
1579 5780 1775 5819 annum
1834 5764 1884 5817 in
1933 5764 2327 5817 matrimonium

761 5836 929 5897 duxit,
962 5846 1017 5889 et
1059 5836 1127 5889 de
1175 5850 1276 5904 qua
1326 5843 1502 5889 tamen
1546 5837 1747 5889 mentio
1798 5835 1851 5887 tit
1908 5835 1959 5888 in
2009 5843 2333 5890 testamento

767 5906 1086 5963 Lt‘ﬂilclimll.

2436 4694 2690 4749 dendum.
2745 4693 2997 4761 Idemque
3043 4693 3096 4747 in
3145 4693 3603 4763 Simpliciacense.
3652 4697 3795 4765 quod
3840 4707 3923 4753 est
3966 4700 4017 4753 in

2433 4784 2733 4853 Secalonia,
2776 4784 2920 4854 quod
2969 4784 3037 4842 de
3078 4785 3295 4842 homine
3316 4785 3570 4856 quedam,
3603 4787 3869 4859 Aregisilo
3918 4808 4014 4845 no-

2508 4921 2534 4949 “
2572 4915 2679 4972 IIas
2706 4924 2862 4972 notas
2890 4917 3253 4974 emendandas
3279 4935 3562 4976 censemus
3588 4937 3709 4976 cum
3741 4920 3978 4980 Cointio.

2506 4982 2532 5020 ι’
2566 4989 2809 5062 tlointins
2858 4988 3139 5062 legendum
3177 4999 3362 5044 censet
3400 4990 3676 5061 aediﬁcavi,
3708 5009 3805 5062 pro
3844 4996 4007 5061 cedi/i-

2436 5077 2553 5115 tare
2582 5060 2826 5114 delibero.
2860 5057 2905 5111 Β
2928 5068 3215 5132 ἐχιοᾲηριαι
3254 5075 3320 5115 ex
3353 5057 3870 5118 serie'instr’uinenti
3901 5057 4012 5132 plu-

2436 5136 2540 5184 ries
2568 5131 2894 5185 mentionem
2944 5128 3055 5183 lieri
3084 5130 3152 5185 de
3174 5132 3501 5186 monasterio
3528 5134 3702 5187 sancti
3729 5133 3874 5187 Petri
3900 5128 4010 5200 jam

2434 5203 2672 5274 condito.
2726 5201 2829 5263 Sed
2858 5200 2989 5274 nihil
3017 5200 3197 5274 obstat
3227 5204 3369 5274 quin,
3387 5202 3498 5258 haec
3523 5204 3707 5270 verba,
3750 5205 4011 5274 aediﬁcare

2436 5272 2678 5334 delibero,
2714 5270 3044 5337 propositum
3092 5270 3314 5326 innnant
3341 5271 3406 5326 de
3438 5287 3575 5327 nova
3607 5270 4009 5330 constructione

2435 5341 2797 5396 instauranda.
2829 5339 2982 5404 Quod
3011 5353 3189 5394 autem
3216 5340 3302 5395 hic
3331 5341 3523 5396 dicitur
3547 5342 3659 5409 jam
3684 5346 4007 5398 tumulatum

2438 5412 2489 5463 in
2520 5409 2690 5463 sancti
2719 5409 2861 5463 Petri
2887 5411 3215 5479 tnonasterio
3232 5411 3416 5479 jacere
3441 5423 3684 5467 sanetum
3716 5414 4004 5477 Auianum,

2436 5481 2487 5534 id
2522 5482 2691 5547 ipsum
2719 5481 2912 5554 asserit
2942 5475 3203 5554 Coiutius,
3234 5475 3344 5535 'ubi
3390 5499 3568 5550 supra,
3602 5499 3723 5554 pag.
3750 5483 3875 5549 596,
3917 5475 4007 5554 qui

2433 5561 2605 5604 sancti
2637 5550 2823 5603 Aniani
2852 5565 3048 5619 corpus
3077 5552 3130 5605 in
3166 5552 3268 5607 boc
3308 5550 3695 5609 monasterium
3734 5570 3878 5609 anno
3906 5550 4007 5610 6‘54

2433 5620 2599 5695 fuisse
2645 5620 2969 5695 translatum
3002 5636 3255 5695 expresse
3285 5631 3526 5680 testatur.
3570 5624 3713 5695 Ergo
3742 5626 3878 5681 nihil
3908 5630 4005 5683 hoc

2437 5692 2561 5746 loco
2591 5700 2758 5745 restat
2783 5691 3195 5748 emendandum.

2513 5773 2535 5801 ε
2568 5762 2663 5843 Sie_
2699 5762 2839 5832 apud
2880 5761 3246 5834 Sausseyum;
3293 5766 3381 5823 hic
3425 5766 3759 5826 decidantur
3810 5771 4006 5841 aliquid

2437 5849 2491 5889 ν.
2516 5847 2595 5904 8.,
2618 5848 2752 5889 mus
2781 5849 2893 5888 sunt
2921 5850 3263 5903 comparasse.
