4206 6542
181 424 317 480 1189

939 424 1373 487 DONATIONES
1413 427 1504 486 AC
1542 431 2006 493 TESTAMEN’I‘A
2049 437 2286 507 EPISC.,
2328 439 2506 509 ABB.,
2551 440 2703 500 ETC.

3309 450 3446 510 “90

174 538 338 641 mine.
359 535 447 592 vel
466 535 535 592 de
549 536 690 603 aliis,
714 537 843 595 dato
859 538 1056 641 pretio,
1077 555 1178 611 per
1195 540 1519 599 venditionis
1538 544 1755 601 titulum
1786 554 1839 614 Α
1861 549 1992 605 dato
2021 550 2218 619 pretio,
2251 563 2348 621 per
2370 551 2694 610 venditionis
2725 552 2939 611 titulum
2962 554 3112 613 visus
3145 570 3266 615 sum
3295 576 3417 622 com

172 633 318 724 visus
342 646 465 724 sum
506 646 875 703 comparasse,
904 633 1212 703 portionem
1243 634 1415 705 ipsam
1442 651 1569 691 cum
1608 651 1764 693 man—
1864 658 2102 715 parasse,
2147 644 2238 701 ubi
2275 644 2571 705 Leobastus
2599 649 2784 706 accola
2814 665 3162 709 commanere
3207 653 3444 724 videtur,

171 722 263 788 sis,
286 723 475 794 sylvis,
505 724 692 794 pratis,
726 724 951 796 campis,
984 726 1221 796 pascuis,
1262 726 1352 784 vel
1391 727 1539 783 omni
1563 741 1762 797 genere

172 812 442 883 pecudum
472 822 527 868 et
554 813 819 871 beneficio
848 831 969 884 suo,
993 816 1134 872 sicut
1157 830 1189 872 a
1213 832 1306 874 me
1328 832 1635 888 possessum
1654 827 1758 889 est,

168 905 406 960 basilica:
450 906 682 962 dominze
710 906 893 963 Mariae
925 908 1127 978 tribuo,
1165 918 1225 965 et
1260 917 1321 965 ut
1357 910 1410 966 in
1436 920 1758 982 perpetuum

168 1000 447 1069 possideat
467 1000 780 1071 plenissima
810 1002 1089 1059 voluntate
1117 1014 1336 1074 exopto.
1369 1003 1488 1060 Pari
1519 1008 1682 1065 modo
1704 1018 1761 1065 et

166 1091 232 1145 ad
275 1100 639 1148 memoratum
665 1096 1075 1160 monasterium,
1108 1096 1253 1166 quod
1282 1098 1337 1153 in
1367 1100 1626 1155 honorem
1656 1103 1757 1157 do-

167 1180 295 1237 mini
342 1183 508 1249 Petri,
558 1186 699 1241 sicut
748 1187 1049 1256 predictum
1092 1196 1193 1253 est,
1240 1189 1293 1244 in
1336 1205 1466 1260 agro
1509 1191 1757 1249 Floriaco

163 1276 433 1333 aadificare
454 1277 714 1343 delibero,
739 1281 828 1335 ubi
852 1281 1101 1337 monachi
1125 1284 1442 1353 regulariter
1460 1286 1757 1342 consistere

163 1369 418 1438 debeant,
468 1372 614 1427 dono
657 1388 688 1428 a
736 1374 975 1443 presenti
1026 1376 1214 1430 iiscum
1256 1375 1579 1442 Floriacum,
1633 1392 1757 1434 cum

167 1461 437 1529 domibus,
492 1464 753 1531 aediliciis,
804 1466 1088 1537 mancipiis
1136 1482 1272 1539 quos
1307 1468 1437 1539 jugo
1483 1469 1756 1526 servitutis

165 1572 271 1611 non
328 1559 671 1623 relaxavero,
725 1559 911 1630 sylvis,
980 1561 1206 1631 campis,
1269 1563 1459 1632 pratis,
1517 1563 1752 1633 pascuis,

163 1651 362 1719 vineis,
403 1652 555 1721 aquis
600 1667 931 1721 aquarumve
966 1652 1301 1718 decursibus,
1331 1670 1452 1709 cum
1490 1653 1755 1723 adjunctis

163 1756 217 1801 et
245 1746 617 1815 adiat-cutibus
646 1748 777 1810 suis,
812 1749 1067 1818 omnique
1092 1762 1291 1817 genere
1313 1748 1600 1818 pecudum,
1630 1762 1753 1803 cum

164 1833 313 1888 omni
355 1832 478 1901 jure
524 1840 581 1889 et.
630 1836 861 1889 termino
906 1851 1028 1902 suo,
1075 1834 1216 1891 sicut
1244 1843 1365 1891 acto
1410 1843 1657 1904 tempore
1686 1834 1753 1888 ad

165 1925 355 1980 fiscum
382 1926 480 1979 fuit
507 1941 835 1995 possessum,
869 1928 950 1982 vel
981 1928 1048 1982 ad
1075 1943 1177 1984 nos
1199 1929 1463 1998 pervenit.
1499 1928 1751 1997 Idemque
1781 1932 1826 1991 Β

164 2019 216 2074 in
254 2029 528 2091 potestate
558 2021 820 2086 Me'liato,
850 2022 992 2092 quod
1036 2039 1131 2093 per
1180 2024 1508 2079 venditionis
1537 2024 1748 2077 titulum

164 2112 313 2167 visus
338 2128 455 2168 sunt
488 2128 846 2182 comparasse,
873 2130 994 2168 cum
1021 2115 1288 2181 domibus,
1320 2115 1577 2179 aediliciis,
1602 2130 1751 2169 man-

163 2206 320 2277 cipiis
362 2206 455 2276 qui
502 2220 533 2261 a
580 2221 667 2261 me
711 2207 921 2262 liberati
968 2223 1078 2263 non
1116 2208 1336 2275 fuerint,
1384 2224 1507 2265 cum
1548 2209 1752 2278 campis

163 2302 329 2357 cultis
376 2311 432 2356 et
477 2300 717 2370 incultis,
764 2317 860 2357 seu
906 2303 1120 2357 officina
1172 2302 1465 2357 molendini
1506 2303 1648 2372 quod
1696 2304 1748 2357 in

165 2395 345 2450 Malua
388 2396 444 2450 in
483 2395 600 2466 ipso
630 2396 901 2452 territorio
950 2410 1069 2451 esse
1114 2396 1341 2462 videtur,
1386 2396 1440 2450 in
1486 2397 1749 2461 integrum

161 2503 283 2543 cum
320 2488 552 2543 termino
581 2504 679 2543 suo
722 2498 779 2544 et
816 2488 962 2543 omni
990 2502 1187 2557 genere
1229 2489 1516 2559 pecudum,
1553 2488 1690 2543 sicut
1721 2503 1751 2543 a

160 2596 246 2637 me
270 2596 581 2652 possessum
602 2589 705 2649 cst,
728 2581 987 2649 concedo,
1011 2596 1109 2638 seu
1130 2591 1185 2638 et
1203 2582 1344 2654 quod
1366 2581 1431 2637 de
1453 2582 1751 2637 hazredibus

158 2672 412 2737 Pauloni,
441 2673 804 2745 negociatoris
832 2675 1125 2746 quondam,
1178 2674 1321 2730 visus
1361 2690 1479 2731 sum
1526 2691 1747 2744 compa-

159 2783 331 2831 rasse,
363 2784 538 2834 areas,
570 2768 798 2835 scilicet,
830 2769 885 2824 iti
913 2768 1112 2839 oppido
1139 2769 1370 2824 civitatis
1397 2769 1751 2824 Aurelianen-

157 2864 318 2930 siutn,
339 2878 465 2919 cum
486 2863 732 2919 domibus
755 2862 987 2932 desuper
1006 2862 1216 2932 positis,
1242 2862 1529 2918 accolabus
1554 2862 1749 2917 ibidem

159 2955 548 3022 residentibus,
608 2955 685 3011 vel
716 2955 897 3011 vincas
929 2955 996 3009 ad
1026 2954 1281 3026 oppidum
1332 2955 1499 3025 ipsius
1521 2953 1752 3010 civitatis

159 3053 529 3122 pertinentes;
580 3065 675 3105 seu
730 3058 785 3104 et
842 3049 1035 3105 locella
1083 3049 1326 3104 villarum
1376 3049 1750 3118 cognominata

158 3141 366 3211 Curun,
415 3142 759 3207 Canavarias,
812 3142 1176 3212 Siutpliciacii,
1227 3150 1285 3197 et
1322 3141 1558 3207 Caliace,
1612 3140 1752 3195 ultra

1862 736 1929 792 ad
1952 735 2271 807 pmdictum
2298 740 2684 797 monasterium
2711 741 2917 797 domini
2960 741 3108 799 Petri
3136 744 3222 801 vel
3253 760 3443 807 mena-

1860 830 1977 887 chis
2006 830 2204 888 ibidem
2235 832 2575 901 degentibus,
2623 834 2834 905 integra
2877 837 3157 895 voluntate
3194 837 3328 896 dare
3353 840 3448 898 de—

1861 938 2044 981 cerno.
2076 924 2336 981 Similiter
2361 932 2419 982 et
2448 926 2681 983 caballos
2706 944 2817 983 xxx
2859 929 3050 995 bonos,
3073 944 3263 1000 greges
3288 933 3444 1003 equi-

1858 1033 1957 1073 nos
1984 1034 2018 1074 ν
2045 1033 2170 1075 cum
2189 1019 2479 1076 emissariis
2503 1030 2717 1089 eorum,
2754 1020 2919 1077 boum
2960 1036 3151 1093 greges
3190 1040 3282 1093 xx,
3308 1041 3443 1087 vac-

1859 1124 2045 1166 carum
2074 1127 2127 1177 v,
2158 1121 2528 1168 armentorum
2557 1129 2611 1168 x.
2642 1112 2938 1181 Argentum
2967 1116 3114 1184 quod
3157 1116 3223 1172 ad
3268 1118 3443 1190 ipsum

1857 1194 2246 1259 monasterium
2272 1204 2477 1261 domini
2506 1205 2653 1262 Petri
2682 1206 2766 1261 vel
2796 1206 3075 1263 monachis
3112 1207 3308 1263 ibidem
3349 1208 3443 1265 de-

1857 1296 2215 1355 servientibus
2246 1296 2412 1363 dono,
2444 1314 2542 1370 per
2570 1297 2730 1366 hujus
2764 1300 2897 1354 texti
2930 1299 3170 1369 vigorem
3200 1300 3445 1357 inseren-

1856 1391 1980 1445 dum
2038 1391 2253 1462 putavi;
2305 1391 2409 1447 hoc
2459 1399 2564 1459 est,
2616 1392 2973 1448 bacchraicba
3019 1408 3151 1463 pura
3208 1393 3441 1461 sigillata

1857 1484 2239 1552 transmarina,
2293 1485 2573 1554 pensantia
2635 1485 2814 1555 pondo
2872 1485 3038 1541 libras
3095 1502 3148 1550 χ,
3212 1500 3444 1556 quorum

1858 1592 1994 1631 unus
2024 1576 2188 1631 habet
2219 1576 2271 1631 in
2300 1576 2475 1631 medio
2506 1592 2723 1632 crucem
2760 1591 3001 1632 auream.
3045 1578 3197 1634 Dono
3234 1587 3289 1633 et
3316 1594 3443 1635 scu-

1858 1669 2037 1724 tellam
2068 1683 2187 1738 quae
2216 1668 2377 1723 habet
2400 1668 2456 1723 in
2487 1668 2662 1722 medio
2694 1668 2928 1736 effigiem
2959 1669 3154 1739 capitis
3185 1670 3439 1734 hominis,

1856 1762 2017 1817 simili
2044 1762 2204 1817 modo
2235 1775 2474 1817 auream.
2509 1760 2760 1829 idemque
2800 1768 2855 1814 et
2891 1760 3147 1816 scutellas
3184 1758 3316 1815 duas
3346 1760 3445 1815 mi-

1858 1869 2017 1909 nores
2044 1852 2403 1909 Massilienses
2431 1852 2738 1919 deauratas,
2772 1867 2891 1921 qua:
2937 1852 3129 1908 habent
3178 1851 3233 1907 in
3263 1852 3443 1909 medio

1856 1961 2043 2001 cruces
2067 1946 2347 2011 niellatas;
2376 1961 2496 2016 qua:
2524 1945 2732 2015 species
2760 1944 2993 2011 argenti,
3026 1943 3078 1997 in
3098 1942 3222 2013 jure
3246 1952 3302 1998 et
3340 1943 3443 1999 do-

1857 2038 2154 2093 minatione
2204 2037 2492 2092 memorati
2542 2035 2859 2091 monasterii
2894 2032 3099 2088 domini
3145 2031 3291 2087 Petri
3343 2047 3442 2104 pe-

1856 2132 2093 2186 renniter
2124 2138 2476 2201 permaneant
2509 2128 2654 2184 volo.
2683 2127 2759 2183 De
2787 2126 3120 2181 vestimentis
3164 2139 3293 2180 vero
3322 2140 3444 2195 qua:

1853 2229 1908 2282 in
1941 2236 2255 2298 paupertate
2308 2242 2426 2282 mea
2476 2226 2674 2281 habere
2718 2227 2926 2292 videor,
2976 2235 3169 2296 praeter
3208 2225 3261 2281 id
3299 2224 3444 2296 quod

1854 2320 2099 2388 superius
2128 2318 2363 2374 basilica:
2394 2318 2598 2373 domini
2624 2317 2819 2373 Aniani
2860 2318 3124 2387 delegavi,
3174 2318 3443 2387 reliquum

1858 2413 2003 2484 quod
2056 2411 2399 2483 superfuerit,
2453 2412 2829 2482 pars.domini
2884 2412 3029 2467 Petti
3083 2410 3443 2467 Floriacensis

1859 2505 2087 2575 recipiat
2116 2505 2180 2559 ad
2204 2504 2613 2574 possidendum.
2642 2502 2815 2575 Spero
2843 2513 3023 2559 autem
3048 2519 3153 2560 non
3179 2503 3440 2573 futurum,

1856 2612 1956 2653 nec
1983 2597 2221 2668 quolibet
2260 2597 2421 2653 modo
2459 2598 2571 2652 fieri
2609 2611 2767 2666 posse
2806 2597 2987 2663 credo,
3034 2605 3092 2652 ut
3136 2597 3330 2667 aliquis
3374 2598 3442 2654 de

1857 2691 2155 2746 bmredibus
2185 2692 2339 2759 meis,
2371 2698 2461 2745 aut
2489 2691 2736 2761 quaalibet
2787 2706 3038 2760 persona,
3068 2700 3258 2747 contra
3288 2706 3430 2761 pra:-

1857 2792 2063 2840 sentetn
2095 2784 2277 2839 venire
2327 2791 2497 2838 tentet
2525 2784 2830 2854 epistolam.
2865 2784 3021 2850 Quod
3062 2784 3108 2839 si
3141 2782 3351 2849 fecerit,
3383 2792 3441 2840 et

1855 2878 2055 2933 factum
2086 2892 2263 2933 meum
2294 2892 2638 2947 corrumpere
2666 2885 2889 2933 conatus
2919 2879 3097 2942 fuerit,
3146 2878 3200 2932 in
3249 2878 3439 2948 primis

1854 2973 1986 3026 iram
2009 2970 2240 3027 deleatis
2268 2971 2506 3026 incurrat
2534 2970 2834 3038 Trinitatis,
2860 2979 2915 3026 et
2943 2971 3163 3040 insuper
3190 2971 3437 3040 partibus

1855 3066 2087 3123 basilica.-
2115 3066 2317 3121 domini
2348 3066 2536 3119 Aniani
2563 3072 2619 3120 et
2646 3064 2882 3120 basilica:
2902 3064 3131 3119 domina:
3154 3063 3333 3119 Mariae
3351 3064 3440 3121 vel

1854 3156 2182 3213 monasterio
2211 3157 2384 3213 sancti
2415 3153 2559 3210 Petri
2590 3155 2734 3225 quod
2780 3164 2864 3211 est
2893 3163 3265 3211 constructum
3312 3153 3438 3211 Flo-

156 3233 384 3290 ﬂuviuui
412 3234 637 3305 Ligeris,
662 3236 825 3304 quod,
850 3236 978 3288 dato
1002 3235 1178 3304 pretio
1205 3242 1459 3289 auteacto
1484 3244 1747 3304 tempere,

1854 3251 2023 3317 riaco,
2077 3249 2299 3317 duplum
2340 3246 2486 3317 quod
2528 3247 2593 3300 ad
2642 3247 2784 3316 ipsas
2830 3246 3079 3302 basilicas
3116 3245 3259 3313 dedi,
3284 3246 3437 3315 juxta

161 3330 310 3385 visus
338 3344 459 3385 sum
489 3341 855 3397 comparasse.
888 3325 1038 3382 Unde
1058 3333 1114 3379 et
1140 3326 1191 3380 in
1208 3325 1414 3394 judicio
1438 3333 1562 3380 ante
1580 3326 1750 3379 virum

157 3421 521 3493 apostolicum
550 3420 823 3475 dominum
856 3419 1173 3473 Audoenutn
1204 3418 1515 3487 episcopum
1536 3458 1551 3483 ,
1601 3423 1655 3469 et
1684 3415 1748 3469 il-

153 3518 385 3573 lustrem
430 3516 608 3571 virum
647 3513 997 3569 Chranulfum
1050 3513 1365 3583 optimatem
1396 3511 1481 3567 vel
1513 3510 1751 3580 reliquos

156 3612 384 3668 abbates
415 3608 690 3674 convenit,
714 3615 777 3662 ιιι
805 3620 871 3662 es
901 3606 1167 3671 omnibus,
1196 3613 1303 3660 tam
1325 3605 1379 3659 in
1409 3604 1567 3660 terris
1589 3617 1750 3672 quam

153 3707 208 3761 in
241 3704 555 3775 mancipiis,
587 3717 685 3758 seu
721 3709 777 3756 et
805 3701 995 3767 vineis,
1028 3699 1372 3755 medietatem
1402 3698 1597 3753 exinde
1624 3711 1751 3767 pars

156 3798 393 3854 basilica:
423 3795 654 3851 dominre
679 3793 857 3848 Maria:
887 3794 1163 3859 retineret,
1197 3800 1254 3848 et
1293 3792 1455 3846 aliam
1484 3790 1748 3846 medieta-

160 3902 266 3948 tem
300 3891 355 3946 in
384 3903 507 3943 meo
533 3887 655 3957 jure
682 3887 734 3941 in
766 3886 974 3954 integro
1002 3885 1254 3940 deberem
1282 3883 1529 3954 recipere
1550 3899 1563 3946 ;
1588 3897 1748 3952 quam

158 3983 508 4040 medietatem
557 3995 748 4036 eorum
798 3978 1004 4048 judicio
1054 3978 1200 4033 visus
1248 3992 1367 4031 sum
1414 3976 1682 4045 recepisse
1734 3994 1745 4027 :

158 4081 336 4151 ipsam
360 4078 502 4132 enim
525 4077 577 4129 in
599 4075 864 4142 integrum
890 4074 957 4126 ad
980 4077 1335 4128 memoratum
1360 4068 1748 4124 monasterium

158 4172 338 4228 sancti
367 4168 516 4224 Petri
559 4166 809 4223 Florizco
838 4172 1207 4220 constructum
1236 4161 1426 4229 delego
1456 4167 1749 4230 perpetua-

159 4268 285 4323 liter
340 4260 756 4336 possidendam;
805 4258 1073 4328 simulque
1120 4264 1175 4310 et
1223 4254 1494 4308 Asinarias
1544 4251 1749 4318 villam,

159 4375 279 4432 qua:
311 4368 399 4415 est
428 4358 481 4413 in
517 4354 679 4422 valle,
708 4368 869 4423 quam
900 4350 965 4405 dc
1007 4351 1215 4403 iatinne
1242 4346 1462 4402 illustris
1490 4344 1590 4399 viri
1618 4342 1751 4399 Tro-

158 4456 346 4523 donei,
378 4470 476 4524 per
507 4446 945 4507 commutationis
966 4445 1244 4515 epistolas,
1274 4449 1537 4512 quantum
1573 4446 1752 4494 textus

159 4569 351 4611 earum
382 4548 643 4615 declarat,
676 4544 743 4599 ad
772 4558 857 4598 me
885 4539 1161 4613 pervenit;
1212 4536 1337 4592 dum
1368 4549 1468 4605 ego
1501 4550 1533 4591 e
1561 4540 1752 4590 contra

1855 3345 1999 3416 quod
2028 3360 2115 3399 res
2141 3344 2268 3413 ipsa:
2298 3342 2589 3397 tueliorate
2618 3341 2836 3406 fuerint,
2880 3340 3011 3411 ipsis
3040 3339 3323 3397 abbatibus
3353 3340 3439 3395 vel

1852 3436 2134 3491 monachis
2187 3434 2383 3489 ibidem
2433 3433 2860 3489 deservientibus
2898 3432 3173 3498 reformet,
3218 3440 3275 3488 et
3321 3433 3435 3488 lisci

1848 3526 2057 3594 juribus
2092 3524 2207 3579 auri
2247 3524 2409 3578 libras
2462 3538 2540 3589 ut,
2586 3522 2796 3590 argenti
2833 3521 3012 3593 pondo
3054 3538 3147 3590 xx,
3191 3529 3440 3576 teneatur

1852 3617 2137 3674 obnoxius.
2174 3618 2344 3682 Quam
2388 3616 2753 3679 donationem,
2804 3622 2863 3668 ut
2909 3613 3112 3668 firmior
3154 3612 3437 3678 habeatur,

1852 3710 2015 3778 gestis
2042 3706 2456 3776 municipalibus
2506 3705 2729 3772 alligare
2768 3702 3002 3767 decrevi,
3049 3712 3105 3759 et
3148 3703 3281 3759 duas
3318 3705 3437 3774 epi-

1851 3802 2020 3857 stolas
2068 3815 2177 3856 uno
2219 3809 2411 3855 tenore
2457 3797 2793 3867 conscriptas
2823 3796 2923 3851 feci
2965 3796 3033 3851 de
3078 3811 3137 3851 re
3191 3798 3439 3867 superius

1852 3894 2128 3948 nominata
2179 3910 2193 3945 :
2262 3906 2367 3946 una
2412 3904 2532 3960 quae
2578 3889 2631 3943 in
2678 3886 2898 3943 arcbivo
2946 3887 3152 3943 domini
3203 3890 3440 3945 resideat

1851 3984 2067 4050 Aniani,
2109 3983 2268 4039 aliam
2297 3997 2429 4037 vero
2459 3990 2667 4053 partem
2698 3980 3010 4036 monasterii
3049 3978 3253 4035 domini
3293 3977 3439 4034 Petri

1850 4092 1948 4148 per
1976 4075 2153 4130 futura
2188 4086 2429 4144 tempora
2475 4072 2856 4128 reservandam
2904 4071 3153 4141 recipiat,
3201 4070 3438 4140 qualiter

1850 4166 2101 4222 monachi
2144 4165 2343 4221 ibidem
2390 4163 2502 4219 Deo
2548 4163 2864 4228 servientes,
2918 4162 2971 4217 id
3020 4160 3166 4231 quod
3225 4162 3303 4217 eis
3342 4176 3441 4233 per

1855 4261 2024 4331 ipsam
2055 4259 2202 4326 dedi,
2232 4256 2516 4313 defensare
2564 4255 2802 4322 valeant,
2852 4263 2909 4312 et
2952 4269 3191 4325 praesens
3236 4255 3435 4313 nihilo-

1852 4351 2029 4406 minus
2075 4366 2106 4405 a
2152 4363 2239 4404 me
2278 4346 2417 4403 facta
2444 4346 2685 4413 donatio,
2719 4345 2871 4402 ﬁrma
2914 4347 3060 4402 omni
3103 4355 3346 4418 tempore
3383 4358 3441 4404 et

1852 4442 2109 4499 inviolata
2148 4449 2484 4513 permaneat,
2524 4439 2871 4510 stipulatione
2900 4439 2953 4494 in
2984 4440 3234 4495 omnibus
3279 4455 3440 4496 com-

1852 4536 2141 4606 prehensa.
2195 4534 2388 4588 Actum
2434 4531 2782 4600 Aurelianis,
2826 4529 3057 4600 publice.
3116 4529 3254 4585 Addi
3309 4545 3439 4586 viro

157 4646 471 4718 portionem
504 4640 646 4693 illam
671 4651 790 4707 qua:
820 4644 901 4691 est
931 4634 983 4689 in
1014 4631 1291 4687 Suncanto
1314 4628 1399 4684 vel
1422 4626 1747 4689 Warentias,
1780 4640 1832 4702 ι)
1856 4627 2107 4685 convenit
2151 4625 2293 4695 quod
2349 4624 2597 4695 superius
2649 4623 2903 4679 intimare
2956 4620 3331 4685 debueratnus,
3382 4628 3441 4676 ut

158 4738 306 4809 quod
334 4737 405 4790 dc
435 4730 693 4787 Machilde
724 4730 941 4784 ftemina
965 4726 1262 4796 quondam,
1290 4725 1416 4778 dato
1442 4721 1637 4793 pretio,
1654 4734 1751 4790 per

160 4825 493 4884 venditionis
526 4822 733 4877 titulum
762 4817 1093 4889 comparavi,
1127 4824 1182 4870 et
1211 4816 1316 4870 hoc
1345 4816 1415 4869 ad
1438 4813 1608 4867 vicem
1638 4825 1752 4864 me-

159 4917 362 4974 morati
395 4913 665 4969 Trodonei
694 4911 905 4966 dedisse
937 4910 1084 4963 visus
1114 4905 1187 4960 fui
1230 4907 1283 4960 in
1326 4905 1439 4975 ipsa
1471 4902 1597 4957 villa
1628 4902 1751 4957 Asi-

161 5014 370 5080 uarias,
405 5024 529 5080 pars
558 5007 841 5063 memorati
864 5004 1180 5060 monasterii
1210 5002 1413 5057 domini
1438 4999 1581 5055 Petri
1605 4998 1753 5067 quod

160 5117 241 5160 est
264 5104 518 5159 Floriaco
540 5108 931 5160 constructum,
955 5097 1009 5151 in
1033 5096 1321 5165 integrum,
1346 5094 1548 5161 absque
1570 5091 1752 5159 cujus-

162 5203 296 5257 libet
328 5196 740 5268 impedimento,
773 5207 895 5248 cum
925 5191 1070 5245 omni
1101 5190 1217 5258 iure
1245 5195 1301 5241 et
1331 5185 1581 5249 termino,
1614 5184 1753 5239 sicut

162 5310 190 5345 a
235 5308 323 5347 me
377 5302 685 5362 possessum
714 5294 817 5349 est,
862 5297 1131 5352 omneque
1156 5296 1324 5351 genus
1354 5279 1618 5351 pecudum
1649 5277 1754 5332 ibi-

166 5385 287 5440 dem
332 5380 598 5446 residens,
655 5377 880 5448 recipiat
930 5372 1339 5446 possidendum.
1400 5370 1567 5427 Areas
1624 5384 1753 5425 vero

164 5478 299 5532 infra
339 5488 527 5531 muros
572 5469 896 5538 Aurelianis,
943 5482 1080 5537 quas
1121 5465 1189 5521 de
1232 5462 1501 5520 Chonulfo
1527 5460 1751 5527 clerico,

239 5688 265 5716 ι
296 5676 445 5733 Inter
489 5674 775 5744 episcopos
812 5667 1213 5744 subscribentes
1243 5663 1511 5744 Loititius,
1545 5660 1635 5744 ubi
1660 5675 1752 5716 su-

170 5767 282 5819 pra,
334 5761 459 5817 pag.
480 5734 629 5819 _5'9:l,
678 5734 893 5819 prohat
917 5740 1229 5819 Audo‘enum
1259 5744 1313 5790 et
1345 5734 1751 5819 Leodegarium,

171 5806 435 5878 l-ch'Iesiis
480 5806 895 5885 [lotliomagensi
949 5807 1419 5885 eptiAurelianensi
1484 5806 1756 5885 praefuisse

170 5874 319 5947 anno
340 5888 539 5945 Christi
564 5884 689 5948 667,
712 5874 817 5955 quo
848 5881 1196 5955 Leodebodus
1223 5881 1471 5955 chartam
1493 5874 1751 5955 condidit.

175 5965 321 6021 Nulla
365 5960 433 6018 de
470 5947 745 6017 Audoeno'
773 5953 1176 6023 controversia;
1218 5951 1288 6011 de
1330 5947 1685 6019 Leodegario,
1723 5959 1754 6003 α

1850 4719 2106 4791 quicquid
2152 4717 2374 4789 prmfato
2416 4718 2747 4773 monasterio
2790 4715 2995 4772 domini
3047 4714 3193 4771 Petri
3232 4713 3438 4769 Floria-

1852 4816 2049 4882 ceusis,
2070 4812 2213 4883 quod
2237 4827 2338 4868 nos
2358 4827 2387 4865 a
2413 4826 2554 4867 novo
2596 4810 3020 4874 construximus,
3049 4806 3436 4874 delegavimus,

1852 4921 1907 4968 et
1945 4927 1975 4966 a
2017 4911 2281 4965 timoratis
2307 4908 2437 4962 viris
2477 4904 2783 4976 delegatum
2830 4903 2991 4959 fuerit
3032 4902 3085 4957 in
3138 4909 3437 4971 posterum,

1852 5001 2108 5073 quicquid
2136 5000 2300 5055 abbas
2328 4998 2420 5068 qui
2451 4996 2648 5052 ibidem
2678 4996 2953 5067 przel'uert
2981 4992 3176 5049 exinde
3204 4990 3440 5046 voluerit

1855 5095 2033 5149 facere
2082 5106 2184 5163 pro
2230 5106 2331 5147 usu
2359 5098 2454 5145 aut
2481 5088 2712 5144 utilitate
2757 5084 3072 5142 monasterii
3117 5083 3304 5154 ipsius,
3351 5080 3439 5137 vel

1855 5188 2003 5242 lucro
2033 5185 2224 5240 animat
2247 5194 2339 5239 aut
2366 5183 2590 5237 fratrum
2622 5180 2966 5245 necessitate,
2995 5179 3218 5233 liberam
3242 5175 3439 5231 habeat

1853 5285 2199 5350 potestatem,
2224 5277 2425 5346 absque
2452 5275 2778 5331 detrimento
2805 5282 2860 5328 et
2889 5271 3275 5342 impedimento
3290 5283 3439 5340 saepe

1853 5370 1978 5424 dicti
2005 5368 2336 5423 monasterii.
2381 5364 2753 5428 Leodebodus,
2804 5371 3057 5435 peccator
3094 5361 3283 5429 abbas,
3316 5360 3435 5429 epi-

1854 5460 1992 5517 stola
2022 5475 2051 5516 a
2082 5476 2170 5517 me
2213 5460 2371 5515 facta.
2423 5458 2716 5514 Audoenus
2748 5464 2801 5527 α,
2833 5462 3087 5526 peccator
3126 5454 3434 5525 episcopus,

1856 5655 2067 5715 Cointio
2112 5654 2435 5711 dissentiunt
2465 5652 2806 5710 Mabillonius
2862 5660 2917 5708 et
2971 5658 3222 5706 auctores
3271 5646 3436 5704 Nom

1856 5730 2039 5787 Galliae
2069 5726 2418 5792 Christianae;
2469 5725 2563 5780 sed
2608 5724 2805 5779 fatetur
2844 5722 3204 5792 Mabillonius,
3228 5718 3430 5792 Annal.

1859 5810 1896 5857 t.
1929 5800 1967 5867 I,
1999 5814 2051 5870 p.
2086 5796 2210 5863 380,
2239 5797 2303 5870 in_
2318 5789 2463 5870 tanta
2497 5810 2675 5850 rerum
2690 5796 3034 5870 Aobscurita‘te
3059 5789 3276 5870 difﬁcile
3296 5803 3438 5870 _esse

1857 5860 1971 5928 rem
1996 5860 2246 5927 accurate
2276 5868 2497 5923 delinire
2528 5884 2539 5931 ;
2585 5874 2655 5931 rt,
2687 5868 2740 5921 in
2771 5881 2827 5921 re
2856 5865 3037 5929 dubia,
3068 5866 3268 5921 charte
3296 5860 3438 5920 Leo-

1858 5941 2051 6002 debodi
2080 5939 2456 5999 auctoritatem
2488 5938 2779 6011 praevalere
2808 5937 3101 5996 arbitratur
