4206 6560
779 435 911 489 1191

1499 432 1761 490 SA‘JCUL.
1805 433 1895 489 VII
1932 432 2021 488 ET
2064 432 2172 490 VIII
2214 432 2743 495 ECCLESIASTICA
2789 434 3241 496 MONUMENTA.

3898 442 4039 497 U92

777 563 998 625 rogante
1044 554 1335 610 venerabili
1388 554 1504 610 viro
1556 554 1883 611 Leodebodo
1939 554 2151 618 abbate,
2210 554 2349 609 hanc
2373 555 2427 615 Δ
2451 568 2638 613 norma
2671 564 2775 612 tam
2807 558 2873 612 de
2915 554 3393 612 inhabitationibus
3435 569 3598 627 quam
3626 571 3658 611 a
3686 556 4037 625 quibuscum-

775 645 1059 716 epistolam
1107 644 1273 712 relegi
1316 651 1372 699 et
1417 644 1729 715 subscripsi.
1764 644 2145 714 Leodegarius,
2195 659 2259 698 ac
2303 644 2347 698 si

775 738 1024 810 indignus
1043 738 1351 809 episcopus,
1374 748 1598 809 rogante
1621 738 1949 795 Leodebodo
1974 738 2191 805 abbate,
2216 738 2351 793 hanc

775 828 1079 885 devotionis
1102 827 1220 899 ejus
1248 830 1532 900 epistolam
1560 828 1767 885 ﬁrmavi
1791 830 1846 884 in
1877 829 2076 884 Christi
2111 831 2346 885 nomine.

774 921 1103 979 Beecelenus
1130 923 1312 977 abbas.
1345 921 1462 977 Ado
1487 922 1676 979 abbas.
1705 920 1964 978 Salomon
1995 922 2181 977 abbas.
2216 922 2350 977 Leo-

775 1019 980 1077 tsnidus
1008 1021 1189 1075 abbas.
1224 1018 1497 1088 Bulgulfus
1537 1019 1839 1089 presbyter.
1884 1018 2134 1087 Hige‘cius
2162 1017 2348 1073 diaco-

771 1133 876 1174 nus
920 1126 975 1174 et
1023 1117 1422 1175 vicediaconus.
1454 1113 1718 1170 Martinus
1746 1113 2025 1169 diaconus.
2060 1112 2200 1168 Boso
2228 1111 2349 1165 dia-

770 1224 958 1266 conus.
1010 1208 1360 1277 Agneramus.
1395 1205 1746 1275 Dagobertus.
1792 1204 2193 1259 Nummolenus.
2243 1203 2350 1256 Va-

769 1301 979 1373 pingus.
1012 1298 1258 1369 Sigirius.
1307 1296 1706 1353 Framesindus.
1756 1295 2068 1352 Ambenus.
2093 1294 2348 1352 Salomon

768 1391 882 1447 sive
908 1389 1068 1446 Boso.
1102 1388 1388 1459 Pappolus.
1415 1386 1729 1443 Sirobaldus
1755 1386 1869 1443 sive
1896 1386 2062 1441 Saxo.
2088 1385 2343 1453 Amnegi-

767 1484 917 1541 silius
932 1484 1103 1539 testis.
1117 1482 1404 1539 Manasses.
1428 1480 1807 1537 Autbacarius.
1825 1480 2038 1537 Nonno.
2063 1477 2342 1535 Hildulfus.

769 1577 1113 1634 Grumoldus.
1140 1575 1428 1647 Segonius.

1488 1691 1626 1746 XVI.

766 1787 959 1844 Charta
1005 1798 1030 1825 ἰ
1064 1805 1162 1858 qua
1210 1784 1561 1840 Numerianus
1588 1784 2016 1858 archiepiscopus
2074 1783 2344 1858 privilegia

841 1854 1399 1914 concedit'monasterio
1417 1858 1555 1909 intra
1577 1855 1741 1909 locum
1763 1855 1849 1925 qui
1869 1862 2079 1907 vocatur
2104 1854 2341 1920 (ialilwa,

841 1931 909 1983 ad
937 1946 1108 2000 preces
1137 1928 1356 1982 Deodati
1385 1926 1608 1996 episcoyi
1640 1924 1787 1993 (ann.
1820 1924 1967 1994 667).

839 2043 1078 2097 Dominis
1117 2041 1313 2097 sanctis
1343 2050 1397 2095 et
1427 2041 1620 2095 summi
1658 2041 1905 2097 culminis
1939 2041 2096 2111 apici,
2128 2041 2344 2112 pontili-

764 2132 1000 2201 calisque
1027 2130 1295 2187 cathedra:
1324 2131 1559 2200 specula:
1590 2128 1993 2198 praesidentibus
2040 2132 2089 2184 in
2132 2132 2344 2186 Christo

763 2226 1036 2285 fratribus.
1082 2224 1372 2289 Cltildull'o,
1405 2223 1699 2290 Gisloaldo,
1743 2220 1976 2279 Ebroino
2006 2223 2341 2295 [Clodoald0,

762 2316 1036 2388 Eboriro’[,
1070 2317 1335 2387 episcopis
1379 2316 1939 2386 comprovincialibus,
1988 2316 2346 2372 Numerianns

763 2409 1203 2478 archiepiscOpus
1247 2408 1472 2478 supplex
1519 2416 1576 2463 et
1622 2408 1795 2464 ﬁdelis
1845 2416 2024 2463 vester
2069 2407 2342 2476 praesumit

762 2490 995 2559 mittere
1022 2504 1270 2560 salutem.
1322 2501 1470 2558 Licet
1516 2510 1570 2556 et
1618 2516 1715 2556 nos
1752 2501 2056 2569 [antiquitus
2102 2501 2344 2569 regulam

761 2598 1108 2652 constitutam
1153 2595 1353 2651 salubri
1406 2594 1783 2649 observatione
1826 2594 2099 2648 custodire
2145 2608 2345 2648 convc-

761 2698 896 2751 mat,
928 2699 1107 2743 tamen
1151 2695 1207 2741 ut
1256 2695 1433 2741 vestra
1486 2686 1792 2755 provisione
1822 2685 2153 2756 [provisione
2201 2694 2340 2738 trac-

762 2780 931 2849 tante]
977 2781 1085 2843 tiat,
1135 2779 1507 2833 constituimus
1534 2785 1593 2831 ut
1631 2777 1775 2846 quod
1808 2778 1973 2830 sacris
2000 2775 2345 2830 deliberatio-

762 2871 1067 2925 nibus'nou
1110 2870 1330 2933 derogat
1376 2867 1641 2940 [deroget]
1672 2868 1933 2938 intrepida
1966 2868 2343 2921 observatione

760 2961 1099 3021 observetur.
1133 2960 1198 3014 Et
1223 2962 1346 3028 quia
1377 2960 1698 3015 venerabilis
1728 2960 1808 3015 vir
1837 2958 2106 3013 Deodatus
2136 2959 2342 3028 episco-

761 3070 859 3126 pus
888 3053 1134 3119 religiosa
1168 3053 1528 3121 postulatione
1572 3066 1780 3105 aurium
1813 3060 2118 3105 nostrarum
2151 3050 2339 3104 intima

759 3144 1062 3214 penetravit
1088 3142 1341 3197 visceralc
1366 3145 1575 3212 pictatis
1605 3142 1817 3208 allectu,
1863 3142 1937 3196 ita
1968 3158 2064 3197 cor
2092 3151 2337 3195 nostrum

2455 663 2560 717 que
2602 649 2799 702 ibidem
2848 648 3047 717 aliquid
3091 648 3392 718 delegatum
3442 657 3547 715 est,
3598 657 3828 705 eatenus
3877 649 4039 706 fuerit

2453 740 2672 796 factum.
2718 740 2845 796 lnde
2885 753 3015 809 ergo
3042 756 3142 794 nos
3168 747 3224 796 et
3251 738 3446 795 fratres
3494 742 3686 809 nostri,
3732 741 3961 797 abbates
3988 753 4038 797 et

2451 833 2752 905 presbyteri
2778 842 2834 889 et
2861 834 3063 900 clerici,
3086 832 3483 904 conspiratione
3517 848 3620 887 una
3650 842 3707 887 et
3745 849 4032 901 consensu,

2447 926 2557 996 jam
2587 927 2713 981 dicti
2735 927 2833 982 viri
2862 927 3210 996 postulationi
3255 932 3579 991 annuentes,
3616 928 3723 983 hoc
3753 927 3823 982 ab
3854 928 4034 983 omni-

2451 1017 2549 1071 bus
2579 1017 2735 1072 nobis
2770 1018 3043 1072 decretum
3072 1027 3173 1084 est,
3209 1027 3267 1072 ut
3301 1017 3559 1089 quidquid
3602 1018 3873 1089 praedictis
3922 1035 4033 1076 rno-

2451 1111 2695 1165 nasteriis
2739 1109 3108 1182 [monasterio]
3153 1119 3209 1166 et
3252 1112 3528 1167 monachis
3570 1112 3672 1165 sub
3717 1112 4029 1180 evangelica

2451 1203 2706 1272 religione
2752 1202 3076 1268 viventibus,
3109 1203 3177 1255 ab
3208 1202 3328 1272 ipso
3372 1202 3662 1258 venerabili
3709 1211 3866 1273 patre
3895 1203 4031 1258 Deo-

2451 1297 2576 1351 (lato
2601 1296 2875 1365 episcopo,
2908 1305 2963 1350 et
2982 1310 3012 1350 a
3041 1294 3263 1366 reliquis
3292 1294 3615 1353 Christianis
3646 1298 3776 1353 viris
3801 1307 3857 1353 et
3880 1297 4032 1352 femi-

2452 1391 2553 1457 nis,
2585 1399 2676 1445 aut
2698 1390 2846 1457 regio
2878 1405 3118 1454 munere,
3149 1406 3245 1446 seu
3294 1407 3325 1444 a
3368 1392 3694 1462 quibuslibet
3724 1393 4032 1448 hominibus

2450 1482 2646 1537 ibidem
2691 1482 2946 1538 collatum
2975 1482 3134 1539 fuerit
3173 1484 3475 1549 ministerii,
3506 1492 3563 1541 et
3588 1485 3657 1540 de
3682 1486 3854 1541 sacris
3879 1486 4029 1541 volu-

2450 1573 2703 1640 minibus,
2732 1582 2787 1628 et
2813 1574 2963 1643 quod
3011 1575 3244 1644 propriis
3271 1575 3545 1631 laboribus
3570 1577 3809 1647 poterint
3831 1577 4031 1633 addere

2450 1677 2505 1720 et
2530 1666 2908 1736 multiplicare,
2935 1674 3029 1721 aut
3053 1681 3386 1737 quaecunque
3414 1667 3484 1724 ad
3515 1678 3768 1724 ornatum
3798 1685 4028 1725 noscun-

2450 1767 2537 1811 tur
2564 1758 2757 1813 ibidem
2795 1758 3083 1825 pertinere,
3117 1759 3469 1825 praesentibus
3495 1760 3618 1815 vitae
3647 1769 3848 1816 nostra:
3897 1769 4029 1815 tem-

2451 1851 2686 1921 poribus,
2734 1862 3212 1920 successorumque
3259 1860 3564 1906 nostrorum
3618 1851 3797 1906 nullus
3837 1852 4030 1907 exinde

2373 1922 2417 1984 Β
2445 1944 2644 2013 aliquid
2675 1944 3009 2013 pontiﬁcum,
3041 1944 3318 2010 abbatum,
3349 1946 3786 2014 presbyterorum
3831 1954 3886 1998 et
3915 1943 4027 1998 cle-

2448 2037 2681 2090 ricorum
2713 2050 2808 2090 seu
2846 2043 2902 2090 et
2943 2034 3465 2100 archidiaconorum,
3495 2044 3589 2089 aut
3616 2035 3814 2103 regalis
3856 2035 4026 2089 subli-

2448 2132 2627 2193 mitas,
2666 2129 2775 2183 suis
2802 2129 2985 2183 usibus
3012 2127 3203 2182 audeat
3231 2141 3489 2196 usurpare
3527 2134 3621 2181 aut
3660 2127 3932 2182 minuere.
3960 2124 4028 2180 Et

2450 2238 2571 2276 cum
2601 2222 2917 2289 saepedictus
2957 2219 3224 2275 Deodatus
3263 2220 3569 2289 epiSCOpus,
3620 2220 3713 2287 qui
3752 2227 3838 2274 est
3875 2228 4029 2288 pater

2450 2313 2617 2381 ipsius
2642 2310 2978 2376 monasterii,
3005 2310 3071 2365 de
3102 2312 3203 2365 hoc
3231 2310 3414 2364 seculo
3444 2319 3698 2364 evocatus
3740 2307 4023 2380 [vocatus],

2445 2406 2592 2461 illttm
2639 2420 2798 2475 quem
2846 2403 3173 2460 unanimiter
3217 2405 3394 2458 omnis
3440 2402 3789 2472 congregatio
3831 2400 3921 2457 illa
3961 2418 4025 2455 ex

2445 2499 2747 2568 semetipsis
2790 2497 2997 2568 optime
3036 2496 3221 2566 regula
3270 2503 3604 2564 compertum
3651 2493 3896 2561 elegerit,
3943 2506 4027 2547 se—

2446 2593 2654 2647 niorem
2683 2601 2738 2646 et
2769 2594 3018 2646 abbatem
3046 2590 3148 2644 sibi
3176 2590 3458 2654 instituat;
3490 2597 3546 2643 et
3588 2588 3632 2642 si
3671 2587 3752 2642 eis
3774 2581 4025 2657 [etiamsi]

2447 2694 2814 2756 Opportunum
2841 2683 3002 2739 fuerit
3030 2682 3312 2737 ecclesiam
3342 2680 3433 2754 [ad
3470 2678 3778 2747 ecclesiam]
3808 2676 4024 2732 benedi-

2449 2782 2678 2837 cendam
2723 2788 2777 2833 et
2821 2793 3003 2833 sacros
3025 2776 3242 2832 ordines
3284 2774 3679 2845 percipiendos.
3712 2788 3740 2825 a
3768 2786 4027 2839 quocum—

2451 2886 2556 2942 que
2583 2872 2836 2940 pontitice
2864 2866 3220 2934 decreverint,
3244 2865 3513 2921 licentiam
3553 2865 3748 2918 habeat
3772 2872 4027 2932 eapeten»

2447 2962 2540 3017 di:
2572 2962 2854 3031 nullusque
2900 2960 2968 3014 de
2994 2959 3187 3015 eodem
3225 2955 3573 3019 monasterio,
3620 2970 3715 3008 seu
3759 2954 3830 3008 de
3871 2969 4027 3021 paro-

2448 3056 2582 3111 clnis
2611 3066 2703 3110 aut
2745 3056 2939 3110 ceteris
2982 3053 3339 3119 monasteriis,
3382 3052 3585 3120 absque
3613 3048 3720 3103 ulla
3748 3045 3935 3116 regula
3978 3050 4027 3098 ιιι

2450 3148 2741 3219 privilegiis
2768 3146 3092 3211 viventibus,
3120 3141 3361 3199 muneris
3386 3156 3548 3197 causa
3586 3139 3782 3193 audeat
3809 3150 4024 3205 sperare

761 3236 1081 3291 intrinsecus
1125 3235 1352 3290 mollivit
1404 3233 1714 3306 [innolivit],
1757 3242 1815 3288 nt
1861 3234 2024 3301 petita
2080 3235 2341 3288 duntaxat
2365 3238 2410 3301 ο
2442 3248 2497 3295 et
2525 3237 2768 3301 auferre;
2800 3246 2855 3292 et
2886 3236 2988 3291 nisi
3015 3235 3271 3289 invitatus
3306 3235 3375 3287 ab
3406 3231 3601 3287 abbate
3626 3238 3681 3285 et
3706 3229 3874 3284 totius
3897 3242 4025 3281 una-

760 3346 869 3386 non
913 3329 1123 3393 cadere,
1170 3328 1267 3384 "sed
1298 3327 1650 3382 libentissime
1697 3342 1801 3381 non
1853 3328 2103 3396 implese
2146 3329 2343 3381 nostris

762 3417 965 3475 animis
1003 3420 1358 3487 irreligiosum
1400 3419 1515 3473 fore
1554 3430 1743 3489 putare
1775 3417 2121 3488 [putaretur].
2161 3417 2343 3472 Sancti

762 3513 925 3578 igitur
954 3511 1205 3566 desiderii
1239 3510 1430 3565 ardore
1469 3525 1781 3578 succensus,
1833 3509 2169 3579 supradictus
2204 3510 2345 3564 Deo-

765 3606 922 3658 datus
947 3602 1229 3672 episcopus
1254 3601 1486 3655 etenobii
1516 3609 1668 3670 septa
1697 3601 1751 3655 in
1790 3601 1998 3655 honore
2022 3610 2219 3656 sancta:
2249 3600 2343 3655 Dei

763 3693 1049 3763 genetricis
1088 3692 1287 3755 Mariae,
1333 3692 1414 3747 vel
1443 3701 1753 3745 sanctorum
1797 3691 2163 3762 apostolorum
2200 3689 2340 3746 Petri

762 3793 818 3841 et
844 3784 994 3838 Pauli
1024 3793 1078 3839 et
1105 3784 1372 3839 sociorum
1397 3798 1584 3838 eorum
1612 3782 1761 3853 [add.
1788 3790 1843 3837 et
1870 3782 2043 3838 sancti
2066 3781 2338 3848 Eucharii,

765 3878 1013 3943 Materni,
1061 3884 1116 3931 et
1163 3875 1454 3941 Maximini,
1488 3883 1543 3930 et
1568 3875 1855 3944 omniuml,
1898 3882 1954 3930 et
1999 3876 2168 3931 sancti
2197 3875 2347 3951 Mau-p

764 3969 881 4034 rici,
941 3968 1222 4037 lixsuperii
1269 3976 1325 4022 et
1366 3967 1612 4033 Candidi,
1670 3968 1757 4022 vel
1799 3968 2069 4023 sociorum
2130 3982 2339 4038 eorum,

764 4060 1013 4115 basilicas
1060 4059 1199 4113 intra
1240 4058 1405 4113 eremi
1458 4068 1726 4114 secretum
1776 4059 1950 4115 locum
1999 4069 2343 4130 nuncupante

764 4150 1001 4217 Galilaea,
1033 4134 1176 4221 quod
1204 4151 1351 4220 prius
1396 4149 1683 4205 iuncturas
1708 4151 2022 4218 vocabatur,
2050 4166 2212 4220 supra
2240 4152 2341 4206 llu-

765 4247 884 4302 vios
912 4245 1135 4301 Murthre
1174 4251 1227 4299 et
1274 4242 1642 4298 Raurobaccio
1675 4241 1946 4316 [ﬂuviolos
1973 4243 2163 4299 Murtee
2199 4243 2341 4300 Rau-

766 4334 1067 4407 robachio},
1122 4336 1175 4389 in
1206 4334 1538 4404 proprietate
1574 4344 1753 4389 autem
1791 4350 1887 4390 sua
1926 4350 2085 4404 quam
2129 4351 2196 4390 ex
2226 4337 2341 4391 fisci

767 4430 1015 4499 largitate
1070 4430 1404 4499 promeruit,
1457 4430 1844 4483 monasterium
1901 4431 2202 4485 construxit
2250 4430 2342 4485 ubi

768 4516 1059 4577 monacbOs
1089 4529 1145 4575 et
1174 4522 1484 4589 peregrinos
1524 4522 1622 4575 sub
1651 4519 1834 4589 regula
1878 4521 2023 4575 beati
2067 4521 2337 4576 Benedicti

2443 3330 2699 3383 nintitntis
2745 3327 3182 3397 congregatione,
3216 3324 3388 3382 liceat
3415 3324 3467 3380 ei
3504 3322 3820 3380 monasterii
3860 3321 4023 3390 ipsius

2442 3429 2674 3475 atterere
2701 3428 2875 3487 septa.
2915 3418 2975 3473 Si
3002 3432 3131 3487 ergo
3158 3417 3227 3472 ab
3252 3416 3332 3473 eis
3370 3416 3618 3487 pontifex
3663 3414 4024 3471 communiter

2442 3512 2744 3582 postulatus
2786 3526 2884 3578 pro
2935 3511 3174 3577 ipsorum
3222 3509 3454 3565 utilitate
3501 3509 3831 3570 accesserit,
3878 3508 4020 3577 quod

2442 3602 2556 3673 ipse
2585 3605 2751 3656 abbas
2780 3610 2873 3656 aut
2917 3601 3262 3670 congregatio
3310 3615 3405 3655 sua
3450 3609 3639 3656 sancta
3672 3599 3918 3670 elegerit,
3949 3600 4021 3653 ita

2443 3693 2564 3759 tiat;
2591 3703 2646 3748 et
2674 3693 2959 3749 celebratis
2989 3708 3054 3748 ac
3081 3691 3315 3762 peractis
3337 3690 3531 3746 divinis
3558 3689 3844 3761 mysteriis,
3895 3703 4020 3744 mox

2442 3786 2645 3856 absque
2688 3786 2797 3841 ullo
2847 3785 3111 3853 requisito
3136 3784 3281 3839 dono
3307 3782 3521 3839 studeat
3558 3782 3727 3851 abire,
3756 3790 4019 3851 quatenus

2440 3876 2724 3943 monachi,
2779 3875 2871 3945 qui
2919 3874 3148 3931 solitarii
3202 3881 3600 3943 nuncupantur,
3651 3873 3720 3927 de
3767 3880 4017 3942 percepta

2440 3972 2620 4042 quiete
2649 3970 2879 4033 valeant,
2907 3968 3131 4037 juvante
3169 3967 3421 4032 Domino,
3466 3981 3565 4037 per
3590 3975 3838 4037 tempora
3867 3966 4016 4021 exul-

2443 4072 2594 4129 tare;
2626 4072 2681 4118 et
2709 4064 2809 4117 sub
2835 4061 2950 4131 ipsa
2987 4071 3174 4116 sancta
3209 4061 3393 4130 regula
3422 4060 3683 4123 viventes,
3714 4058 4017 4113 beatorum-

2441 4170 2546 4224 que
2571 4156 2737 4209 vitam
2781 4162 2994 4224 patrum
3018 4160 3305 4217 sectantes,
3351 4166 3451 4221 pro
3478 4158 3621 4205 statu
3646 4148 3902 4205 Ecclesia:
3929 4164 4015 4204 ca-

2444 4248 2673 4313 tholicre,
2699 4257 2756 4302 et
2783 4262 2882 4317 pro
2908 4244 3250 4301 desiderabili
3265 4242 3442 4302 salute
3462 4228 3774 4309 Childerici,
3798 4244 4014 4313 gloriosi

2441 4340 2719 4410 principis,
2752 4338 2962 4408 plenius
2998 4338 3280 4394 Dominum
3314 4337 3529 4393 valeant
3575 4350 3822 4392 exorare.
3866 4335 3934 4389 Et
3972 4336 4013 4390 si

2443 4431 2643 4501 aliquid
2674 4432 2774 4499 ipsi
2801 4431 3056 4488 monachi
3082 4432 3625 4501 quantulumcumque
3650 4432 3717 4486 de
3759 4432 4017 4502 religione

2445 4526 2675 4581 indebite
2694 4527 2901 4595 egerint
2929 4525 3268 4597 [exegerint],
3309 4526 3606 4582 secundum
3651 4525 4012 4595 supradictam

768 4626 823 4671 et
865 4615 1036 4669 sancti
1076 4613 1393 4668 Columbani
1429 4614 1637 4669 abbatis
1679 4613 1984 4679 collocavit,
2033 4622 2089 4670 et
2138 4623 2335 4669 nostra:
2363 4597 2418 4659 D
2446 4615 2683 4687 regulam
2706 4616 2888 4671 domni
2913 4617 3185 4672 Benedicti
3206 4625 3261 4672 et
3276 4618 3448 4672 sancti
3470 4614 3787 4672 Columbani
3811 4617 4016 4670 abbatis

770 4708 989 4763 vilitatis
1011 4707 1406 4761 extremitatem
1431 4706 1661 4776 supplici
1691 4707 2067 4775 deprecatione
2097 4708 2341 4777 poposeit

770 4809 828 4854 nt
869 4814 965 4852 nos
1011 4799 1309 4867 fratresque
1348 4800 1514 4852 nostri
1545 4798 1618 4852 illi
1649 4799 1835 4871 [illius]
1863 4801 2102 4855 ecclesia)
2142 4801 2340 4856 Ibidem

769 4890 1091 4945 deberemus
1136 4890 1481 4959 previlegium
1514 4890 1808 4958 impertire.
1859 4889 1924 4942 Et
1968 4906 2037 4945 ne
2085 4892 2188 4945 hoc
2241 4907 2342 4947 nos

771 4981 1028 5049 improbae
1055 4981 1749 5048 deliberationisinstinctu,
1780 4982 2127 5037 sacerdotalis
2155 4992 2339 5052 poste-

769 5071 898 5126 ritas
924 5072 1154 5126 :estimet
1188 5071 1517 5140 decrevisse,
1549 5086 1668 5127 cum
1695 5073 1859 5131 etiam
1897 5075 1996 5130 sub
2034 5077 2340 5146 huiusmodi

841 5254 866 5282 ιι
896 5247 1146 5323 vulgavit
1173 5247 1537 5323 Mabillonius,
1580 5252 1773 5307 Annal.
1808 5259 1849 5307 t.
1881 5252 1920 5316 l,
1960 5268 2081 5323 pag.
2116 5252 2241 5315 696.
2274 5271 2342 5309 ex

771 5318 1290 5389 velerii‘lixempluri,
1333 5322 1475 5387 quod
1525 5337 1688 5389 penes
1731 5338 1790 5376 sc
1838 5318 2034 5377 habere
2077 5328 2170 5386 ait,
2209 5326 2336 5380 ibid.

768 5401 888 5463 pag.
922 5386 1400 5463 508.1iecnderunt
1427 5386 1780 5463 llotiteituius,
1811 5392 1943 5446 llist.
1972 5394 2182 5448 Trevir.
2210 5396 2337 5463 tlipl.

768 5464 808 5509 t.
851 5457 889 5521 Ι,
917 5470 1057 5535 pag.
1098 5457 1204 5535 δὴ
1253 5461 1551 5535 Catmelus,
1589 5462 1721 5535 llist.
1768 5457 1952 5535 Lotar.
1999 5474 2034 5517 t.
2077 5464 2140 5530 Ii,
2183 5457 2336 5535 prun.

766 5540 887 5606 pag.
917 5527 984 5581 79
1002 5529 1279 5606 acciperes
1313 5530 1472 5584 None
1516 5533 2079 5606 Callia;Christianae,
2129 5527 2336 5601 t.'Xlll,

769 5598 920 5650 instr.
953 5599 1054 5652 col.
1086 5598 1213 5666 291,
1242 5615 1426 5655 omnes
1457 5616 1522 5654 ex
1555 5601 1880 5658 Mabillonio.
1911 5604 2099 5658 Exstat
2128 5607 2194 5659 ad
2224 5598 2337 5660 cal?

770 5681 886 5720 cem
916 5668 1158 5742 ll_i5_tori:e
1189 5671 1424 5742 ecclesiae
1451 5673 1621 5729 sancti
1661 5674 1921 5728 Adeodati
1952 5691 1980 5727 a
2012 5675 2334 5742 Sommiero,

771 5750 889 5816 pag.
914 5736 1039 5802 257,
1061 5755 1127 5816 ex
1148 5739 1315 5816 veteri
1338 5744 1643 5811 apographo
1660 5744 1717 5816 in
1739 5745 1969 5799 archivis
1992 5746 2149 5814 hujus
2173 5736 2339 5801 eccle;

769 5810 859 5885 sine
888 5810 1171 5885 reposito;
1212 5818 1267 5885 et
1296 5810 1804 5885 interprebationes
1847 5810 2115 5885 subiectas
2154 5816 2338 5872 defen-

769 5878 904 5934 sioni
934 5878 1184 5938 Ecclesiae
1213 5878 1496 5950 Tullensis,
1545 5897 1665 5952 pag.
1711 5884 1761 5953 l,
1813 5878 2172 5956 quae'prodiit
2198 5885 2336 5943 Tulli

2442 4727 2473 4765 a
2515 4710 2734 4781 proprio
2780 4709 3134 4780 objurgantur
3171 4710 3387 4765 abbate.
3437 4710 3503 4763 Et
3550 4709 3615 4773 si,
3665 4708 3808 4777 quod
3857 4710 4011 4775 absit,

2443 4804 2562 4859 talis
2591 4804 2730 4859 inter
2753 4804 3006 4858 abbatem
3034 4813 3091 4859 et
3119 4802 3417 4858 monachos
3459 4801 3725 4857 dissensio
3754 4802 3935 4871 aliqua
3964 4811 4017 4855 et

2441 4911 2684 4951 murmur
2734 4910 3060 4965 consurgere
3107 4894 3395 4962 videatur,
3458 4894 3631 4965 qualis
3682 4894 3901 4948 minime
3951 4896 4015 4947 ab

2441 4987 2632 5042 eodem
2680 4988 2874 5040 abbate
2916 4984 3115 5040 ibidem
3162 4984 3339 5040 sedari
3393 4983 3607 5052 possit;
3654 4991 3781 5038 tunc
3822 4985 4014 5038 missus

2440 5078 2722 5146 episcOpus
2741 5090 2931 5131 eorum
2957 5076 3024 5129 ad
3053 5074 3197 5129 alios
3221 5074 3445 5128 abbates
3473 5073 3564 5141 qui
3598 5071 3904 5142 huiusmodi
3934 5090 4014 5128 rc-

2439 5272 2581 5311 anno
2605 5256 2762 5322 1727,
2790 5256 2944 5324 juxta
2972 5256 3335 5324 apographum
3364 5255 3507 5324 quod
3535 5256 3730 5311 dicitur
3762 5273 3877 5311 cum
3908 5258 4011 5311 ori-

2441 5329 2601 5397 ginali
2660 5328 2932 5381 collatum.
3002 5326 3295 5381 Mabillonii
3356 5324 3657 5397 Ediitioncm
3715 5330 4008 5396 sequimur,

2439 5396 2723 5460 adscriptis
2776 5398 2913 5450 inter
2960 5397 3183 5451 uncinos
3234 5396 3394 5450 variis
3447 5396 3766 5451 lectionibus
3818 5414 3886 5451 ex
3922 5399 4012 5451 de-

2439 5467 2680 5521 fensione
2732 5465 2996 5521 Tullensis
3022 5466 3274 5521 Ecclesia:
3300 5466 3614 5534 destunptis.
3665 5465 3796 5521 Cum
3838 5467 4012 5521 desint

2440 5547 2580 5591 notae
2629 5537 3043 5604 chronologb-m,
3096 5537 3193 5590 has
3239 5551 3307 5591 ex
3352 5537 3771 5605 synchronismis
3824 5551 4011 5591 eruere

2439 5606 2617 5667 licuit;
2652 5622 2831 5677 verum
2858 5609 2923 5660 de
2951 5607 3032 5662 bis
3055 5608 3108 5661 in
3134 5608 3314 5660 ultima
3340 5606 3839 5675 prolegomenorum
3862 5615 4010 5677 parte

2439 5677 2762 5731 disserimus.
2796 5675 3045 5731 Chartam
3098 5686 3277 5731 autem
3323 5677 3462 5731 hanc
3487 5691 3672 5745 quam,
3721 5675 4009 5733 teste—Cal-

2440 5756 2602 5811 mcto,
2637 5748 2728 5801 ubi
2760 5762 2942 5816 supra,
2973 5748 3167 5801 eruditi
3194 5748 3372 5816 plures
3401 5746 3576 5802 dubia:
3602 5746 3728 5803 ﬁdei
3755 5746 4007 5818 pradica-

2439 5827 2648 5883 verant,
2687 5821 2905 5871 omnino
2943 5818 3296 5887 supposititiis
3340 5819 3708 5874 instrumentis
3747 5830 4007 5875 annume-

2438 5889 2658 5943 randam
2684 5888 3121 5944 monstrabimus.
