4206 6534
159 422 303 481 “93

921 419 1351 480 DONATIONES
1393 418 1477 475 AC
1521 415 1980 474 ΤΙλὸΤΑΜΕΝΤΑ
2022 416 2263 480 ΕΡΙΞΟ..
2310 415 2484 480 ABB.,
2530 411 2680 468 ETC.

3305 413 3444 470 ΗΜ

158 539 342 608 gulam
367 545 611 603 teneant,
641 534 963 591 conveniant
991 534 1042 588 in
1075 535 1191 603 ipso
1215 533 1563 601 monasterio,
1597 546 1754 584 sean-
1783 532 1834 593 Δ
1861 529 2016 598 cipiis
2044 544 2180 596 quos
2213 528 2406 581 ibidem
2448 526 2700 591 stabilivi,
2731 525 2911 579 omnia
2968 540 3034 579 ex
3087 529 3334 584 omnibus
3385 531 3452 584 ad

157 632 454 699 dalumque
501 628 808 698 deprimant
848 625 1114 680 sententia
1146 624 1378 692 regulari
1415 641 1428 677 :
1461 624 1584 694 quia
1627 621 1758 676 nihil

158 723 228 778 de
275 722 540 777 canonica
591 720 915 774 auctoritate
961 717 1309 781 convellitur,
1360 715 1617 785 quidquid
1663 714 1758 767 do-

158 814 402 870 mesticis
433 811 557 866 lidei
607 827 704 881 pro
746 811 986 880 quietate
1036 808 1443 878 tranquillitatis
1486 807 1756 860 tribuitur.

157 904 316 971 Quod
362 904 406 959 si
452 903 576 971 quis
626 904 926 956 inveniatur
967 915 1128 955 ausus
1175 915 1294 969 qua:
1337 899 1584 970 superius
1634 907 1761 951 sunt

157 996 556 1065 comprehensa
587 994 875 1050 temerario
917 993 1114 1062 Spiritu
1144 992 1370 1055 violare,
1408 1006 1438 1043 a
1464 990 1645 1043 divina
1675 989 1758 1041 ul-

159 1088 311 1141 tione
357 1084 745 1156 [estimationej
797 1092 1120 1156 prostratus,
1175 1081 1347 1135 reatui
1395 1080 1759 1133 anathematis

155 1178 501 1246 subjiciatur,
522 1185 578 1232 et
602 1178 820 1245 insuper
837 1175 970 1229 iram
995 1172 1384 1242 omnipotentis
1404 1170 1498 1225 Dei
1521 1175 1760 1224 incurrat

154 1270 516 1338 eniniuinque
545 1279 873 1323 sanctorum.
915 1270 979 1322 Ut
1020 1282 1148 1336 ergo
1178 1263 1515 1336 privilegium
1561 1263 1663 1318 hoc
1706 1263 1759 1316 in

155 1364 310 1420 nullo
344 1365 513 1433 possit
541 1363 791 1427 convelli,
823 1365 916 1418 sed
962 1361 1211 1430 praesenti
1265 1368 1509 1428 tempore
1543 1359 1756 1412 futuro-

153 1473 286 1525 qne,
321 1455 539 1511 Christo
587 1456 814 1510 Domino
859 1464 1198 1524 protegente,
1247 1456 1619 1521 incorruptum
1667 1467 1754 1502 va-

153 1549 267 1603 leat
313 1551 626 1619 perdurare,
686 1565 751 1602 ac
804 1548 1122 1600 lirmissimis
1172 1548 1432 1600 subsistat
1464 1546 1756 1614 vigoribus,

154 1656 327 1694 manu
373 1649 560 1693 nostra
587 1647 638 1693 et
686 1639 909 1691 fratrum
941 1649 1250 1693 nostrorum
1296 1640 1673 1707 episc0poium
1708 1648 1761 1690 et

156 1737 442 1802 abbatum,
490 1735 576 1788 vel
627 1736 1063 1803 presbyterorum
1112 1743 1203 1785 aut
1252 1732 1760 1784 archidiaconorum

155 1825 649 1894 subscriptionibus
681 1824 989 1885 roboratur,
1038 1831 1091 1875 et
1128 1824 1347 1888 insuper
1379 1821 1632 1874 fratribus
1665 1837 1761 1873 no-

1865 621 2150 689 integrum.
2187 621 2420 688 Ideoque
2457 619 2602 674 dono
2633 620 2799 690 ipsius
2845 621 3078 674 basilica:
3109 635 3263 676 areas
3319 623 3454 678 infra

1862 727 2049 765 murus
2073 713 2234 780 ipsius
2263 711 2513 775 civitatis,
2541 727 2674 780 quas
2703 723 2825 766 cum
2869 711 3063 768 illustri
3093 713 3210 766 viro
3234 707 3456 770 llelchi-

1863 801 1987 857 leno
2018 803 2346 858 commutavi
2390 803 2618 872 ideoque
2647 813 2702 858 et
2730 797 2862 859 alias
2905 820 3060 860 areas
3090 804 3236 861 foras
3267 822 3454 862 murus

1862 892 2093 946 civitatis
2119 894 2308 960 ipsius,
2332 893 2484 962 juxta
2515 902 2726 962 portam
2757 896 3007 971 superius
3036 895 3234 950 dictam
3259 937 3274 964 ,
3340 898 3458 965 ipso

1864 999 2018 1038 muro
2048 983 2362 1052 adherente,
2391 1000 2524 1053 quas
2567 984 2636 1039 de
2665 983 2892 1056 Lupono
2917 988 3111 1044 abbate
3134 1029 3149 1053 ,
3193 990 3318 1044 dato
3342 996 3460 1058 pre-

1862 1076 1967 1138 cio,
2000 1077 2330 1144 comparavi.
2365 1075 2553 1132 Simile
2601 1081 2764 1133 modo
2805 1079 3106 1147 portionem
3158 1096 3458 1138 meam.....

1865 1164 2183 1232 Bcreuiaco,
2211 1181 2317 1236 que
2348 1167 2415 1222 de
2459 1167 2618 1222 alode
2647 1167 2733 1224 vel
2765 1169 3140 1239 undecumque
3168 1171 3364 1226 ibidem
3390 1173 3459 1227 ad

1863 1272 1950 1311 me
2001 1260 2243 1312 noscitur
2289 1261 2635 1329 pervenisse,
2692 1271 2785 1315 aut
2833 1264 3225 1332 prmsentaliter
3272 1273 3462 1322 tenere

1862 1349 2067 1413 videor,
2104 1365 2206 1403 una
2237 1367 2358 1405 cum
2416 1359 2567 1420 prata
2596 1366 2758 1420 super
2787 1352 2949 1408 lluvio
2980 1354 3212 1418 Belchm,
3241 1373 3305 1410 ex
3338 1357 3457 1426 ipso

1865 1454 1993 1508 agro
2028 1440 2434 1507 Bercuiacense,
2467 1458 2625 1511 quem
2671 1445 2945 1512 genitores
2976 1445 3084 1500 mei
3130 1456 3460 1519 tenuerunt,

1863 1534 1955 1600 qui
1986 1534 2207 1588 adheret
2236 1533 2302 1589 de
2335 1550 2440 1588 uno
2474 1535 2628 1590 latus
2660 1545 2715 1590 et
2744 1537 2932 1591 ambos
2979 1537 3184 1594 frontes
3215 1541 3283 1594 ad
3330 1539 3466 1598 lines

1865 1625 2286 1691 I’atriniacense,
2320 1642 2417 1696 per
2464 1628 2740 1683 fontanam
2770 1646 2888 1699 qua:
2933 1641 3160 1687 vocatur
3210 1633 3415 1691 Dianna
3441 1680 3456 1702 ,

1864 1719 2094 1785 qualiter
2121 1719 2188 1772 ab
2215 1720 2326 1788 ipsa
2359 1720 2579 1776 basilica
2612 1722 3004 1790 praesentaliter
3031 1732 3218 1780 tenere
3249 1728 3457 1792 videor.

1869 1828 1970 1864 una
2001 1828 2120 1866 cum
2146 1815 2390 1868 colonica
2415 1830 2575 1883 quam
2620 1815 2887 1881 Quentilla
2921 1817 3148 1873 condam
3171 1797 3332 1891 super
3357 1821 3460 1876 llu-

153 1919 286 1972 stris
320 1915 715 1970 venerabilibus
746 1915 871 1968 viris
902 1913 1179 1966 lllidoaldo
1218 1910 1494 1982 [Blisaldo]
1529 1914 1755 1979 presby-

1863 1904 2005 1955 \‘iolo
2037 1904 2226 1958 Belclta
2259 1908 2467 1971 tenuit;
2508 1909 2686 1961 omnia
2717 1917 2770 1960 et
2818 1923 2883 1962 ex
2915 1911 3163 1966 omnibus
3192 1913 3259 1967 ad
3316 1915 3459 1970 inte-

157 2021 303 2073 tero,
333 2010 568 2064 Archivo
597 2006 818 2080 [Altino]
843 2008 1094 2068 diacono,
1121 2020 1228 2070 quo
1255 2012 1516 2072 perpetuo
1540 2011 1758 2055 maneat

155 2099 505 2163 inviolatum,
541 2098 931 2152 destinavimus
957 2096 1022 2148 ad
1056 2095 1508 2149 conlirmandum.

230 2193 458 2260 Signum
510 2190 818 2244 Numeriani
868 2190 1283 2257 archiepiscopi,
1335 2189 1428 2256 qui
1493 2190 1593 2242 hoc
1643 2189 1756 2241 lieri

158 2295 516 2356 przcceptum.
588 2284 644 2338 S.
699 2283 1001 2351 Dragobodi
1059 2281 1446 2354 [Dragobontli]
1495 2283 1754 2350 episcopi.

159 2381 216 2432 S.
255 2378 585 2433 Groleharii.
618 2377 675 2432 S.
727 2377 949 2430 Baldoni
999 2377 1260 2446 episcopi.
1300 2375 1356 2429 S.
1404 2377 1610 2430 Dodoni
1641 2378 1759 2444 epi-

156 2471 336 2540 scopi.
366 2471 422 2525 S.
457 2469 784 2524 Chroabaldi
816 2470 1077 2538 epismpi.
1111 2470 1164 2522 ς.
1198 2468 1467 2522 Gariberti
1493 2468 1761 2522 archidia-

159 2563 309 2616 coni.
345 2561 403 2616 S.
434 2561 685 2630 Prodagii
712 2563 976 2632 episcOpi.
1003 2560 1114 2630 Ego
1137 2561 1405 2615 Filbertus
1427 2561 1758 2634 [Filibertusl

158 2664 385 2724 rogatus
418 2655 629 2723 scripsi.
1679 2671 1682 2675 ‘

876 2747 1034 2800 XVll.

157 2837 364 2894 Charta
391 2856 495 2910 qua
537 2840 776 2910 Vigilins,
811 2844 1079 2908 episcopus
1122 2842 1607 2902 Autissiodurensis,
1643 2843 1760 2909 plu-

231 2915 367 2964 rima
395 2915 627 2965 concedit
657 2914 969 2964 monasterio
994 2912 1157 2964 beata:
1192 2912 1383 2966 Maria:
1413 2925 1562 2966 extra
1590 2930 1760 2966 muros

231 2983 584 3036 Autissiodori
613 2982 818 3036 condito
853 2993 874 3019 α
908 2985 1058 3053 (ann.
1091 2981 1238 3047 670).

235 3119 441 3173 Sancta
471 3133 533 3172 ac
573 3118 893 3173 venerabilis
924 3118 1139 3173 basilica
1178 3118 1385 3174 domn-.e
1413 3118 1592 3173 Maria:
1616 3158 1630 3179 ,
1668 3133 1762 3186 ge-

161 3213 374 3267 nitricis
423 3211 869 3267 Domini..........
901 3227 1061 3281 quam
1116 3227 1283 3282 Opere
1320 3227 1442 3266 meo
1475 3215 1526 3265 in
1572 3215 1760 3266 subur-

161 3310 252 3362 bio
286 3322 475 3360 murus
519 3305 752 3360 civitatis
783 3306 852 3361 de
875 3305 1236 3361 Altbisiodero
1263 3304 1358 3368 visi
1384 3304 1579 3358 fuimus
1625 3319 1756 3357 con-

161 3397 546 3453 struxisse.....
566 3398 650 3452 vel
674 3398 949 3452 monachis
967 3397 1164 3451 ibidem
1189 3397 1635 3461 deservientibus,
1658 3411 1757 3464 ego

169 3491 394 3557 Vigitius
425 3499 703 3558 peccator,
733 3489 1084 3558 inspiratione
1134 3490 1431 3543 divina.....
1465 3491 1566 3543 hoc
1595 3504 1756 3557 opor-

163 3584 265 3636 tuit
298 3591 353 3635 et
384 3583 633 3648 congruit
665 3582 968 3648 pontilicale
1013 3583 1198 3636 ordine
1226 3581 1519 3650 prtcvidere
1567 3582 1759 3634 adsen-

163 3692 307 3734 sum,
336 3674 479 3728 unde
509 3674 784 3741 religionis
807 3689 1002 3730 nomen
1035 3674 1311 3729 adcrescat
1352 3674 1403 3727 in
1432 3673 1655 3738 melius,
1704 3681 1760 3727 et

161 3777 480 3827 sanctorum
509 3770 626 3823 loca
657 3768 1060 3822 venerationem
1084 3767 1378 3835 condigna,
1407 3767 1619 3820 Christo
1652 3765 1758 3820 Do-

163 3863 317 3916 mino
337 3860 654 3928 inSpirante.
688 3860 920 3928 ideoque
946 3859 1090 3913 dono
1123 3859 1286 3926 ipsius
1301 3857 1534 3912 basilicce
1552 3858 1759 3912 Sancte

161 3955 368 4017 hlarize,
401 3951 452 4004 in
483 3952 734 4006 alimonia
776 3966 1070 4021 pauperum
1126 3951 1322 4006 ibidem
1372 3950 1717 4004 resident7um
1743 3991 1758 4015 ,

162 4050 498 4101 donatumve
539 4054 660 4113 post
691 4044 829 4098 diem
864 4045 1040 4098 obitus
1071 4045 1173 4097 inci
1201 4044 1249 4097 in
1284 4053 1601 4113 perpetuum
1643 4058 1761 4096 esse

165 4140 322 4203 volo,
351 4139 454 4191 hoc
477 4147 578 4199 est,
601 4139 786 4189 vineas
831 4137 948 4190 illas
979 4136 1065 4189 ubi
1100 4136 1209 4203 ipsa
1243 4137 1461 4188 basilica
1510 4143 1591 4188 est
1635 4148 1760 4188 con-

164 4241 395 4294 structa.
427 4232 511 4286 cui
542 4229 867 4297 subjungunt
894 4231 959 4282 ab
991 4245 1095 4282 uno
1128 4230 1267 4283 latus
1305 4228 1482 4282 strada
1514 4227 1720 4295 publica
1747 4267 1760 4291 ,

165 4323 260 4390 qui
291 4322 359 4376 de
391 4322 501 4390 ipsa
531 4328 690 4390 porta
715 4319 981 4375 Parisfaca
1030 4321 1096 4373 ad
1126 4321 1370 4374 Senones
1401 4320 1592 4388 pergit.
1618 4328 1670 4372 et
1697 4318 1762 4371 ab

166 4417 279 4468 alio
313 4413 453 4466 latus
485 4412 664 4464 stratla
698 4412 926 4481 publica,
957 4413 1047 4479 qui
1074 4413 1138 4465 de
1170 4413 1281 4481 ipsa
1311 4421 1464 4480 porta
1495 4412 1761 4465 Parisiaca

163 4506 237 4558 ad
272 4504 451 4558 Broile
498 4507 662 4564 vadit,
696 4513 750 4556 et
805 4505 870 4557 de
917 4504 1179 4572 superiori
1228 4502 1376 4557 ferite
1432 4505 1763 4570 subjungunt

1860 2011 2032 2063 grum.
2054 1996 2305 2064 Idemque
2334 1999 2476 2051 dono
2506 2000 2674 2067 ipsius
2702 1999 2932 2055 basilch
2963 2012 3160 2066 terram
3193 2006 3460 2073 partionis

1863 2104 1993 2140 ine-.c
2019 2088 2069 2140 in
2106 2088 2538 2152 t'illa.Cauliaca,
2587 2106 2749 2159 super
2777 2093 2940 2160 lluvio
2990 2093 3186 2161 lgauna
3215 2134 3232 2160 ,
3281 2111 3457 2165 quan-

1865 2187 2100 2232 tunicnm
2124 2196 2207 2246 lue
2238 2181 2512 2247 genitores
2543 2182 2646 2235 mei
2679 2182 2746 2247 ibi
2782 2192 3092 2250 tenuerunt,
3123 2187 3208 2241 vel
3235 2188 3458 2258 insuper

1864 2269 1929 2321 ad
1960 2286 2046 2322 me
2076 2272 2318 2325 noscitur
2368 2273 2696 2342 pervenisse,
2731 2289 2853 2327 cum
2903 2276 3126 2340 mansis,
3161 2277 3423 2335 hediﬁciis

1863 2363 2143 2430 acolabus,
2175 2364 2369 2431 vincis,
2399 2367 2568 2428 silvis,
2597 2369 2820 2435 eampis,
2853 2370 3039 2436 pratis,
3074 2373 3307 2439 pascuis,
3343 2374 3465 2428 cul~

1866 2453 1931 2507 tis
1949 2462 2004 2507 et
2027 2454 2260 2519 incultis,
2280 2457 2432 2523 aquis
2455 2473 2786 2525 aquarumve
2809 2460 3163 2531 discursibus,
3179 2464 3468 2531 peculium-

1867 2563 1992 2600 vero
2027 2550 2301 2618 utriusque
2323 2567 2505 2604 sexus.
2548 2551 2667 2606 l‘ari
2699 2553 2859 2608 modo
2888 2555 3145 2612 Pauliaco
3175 2559 3323 2623 villa,
3351 2560 3458 2616 sita

1809 2702 1811 2704 _
1866 2641 1916 2692 in
1951 2655 2085 2708 pago
2108 2640 2565 2696 Autissiodcrin-e
2595 2684 2610 2707 ,
2670 2646 3016 2714 preprietatis
3067 2664 3263 2715 mea},
3295 2667 3456 2722 super

1776 2776 1783 2784 .
1864 2731 2025 2785 lluvio
2057 2731 2281 2800 Ligeris,
2313 2748 2431 2786 cum
2466 2735 2726 2789 hediliciis
2758 2777 2773 2803 ,
2822 2738 3012 2803 vineis,
3053 2741 3223 2806 silvis,
3256 2747 3454 2812 pratis.

1862 2825 2087 2892 campis,
2113 2825 2269 2878 cultis
2293 2833 2348 2878 et
2396 2827 2630 2890 incultis,
2663 2843 2692 2879 a
2717 2831 2815 2889 nn’s
2843 2844 3174 2896 aquarumve
3197 2831 3457 2889 discursi-

1863 2916 1983 2979 bus,
2017 2917 2285 2984 peculium
2333 2919 2614 2986 utriusque
2644 2935 2824 2973 sexus.
2861 2920 3034 2976 Simili
3079 2923 3244 2981 modo
3287 2927 3457 2994 ipsius

1863 3010 2094 3065 basilica:
2126 3021 2319 3065 terram
2375 3028 2492 3081 qua:
2537 3013 2784 3081 conjacet
2832 3016 2884 3070 in
2919 3017 3042 3072 villa
3070 3032 3187 3086 qua:
3231 3029 3460 3076 vocatur

1866 3105 2222 3171 Flivenasam,
2256 3107 2440 3173 eingas
2489 3106 2600 3160 llll.
2637 3107 2757 3162 Pari
2801 3111 2960 3165 modo
3011 3113 3258 3183 relinquo
3292 3117 3457 3185 ipsius

1867 3196 2098 3250 basilica:
2130 3197 2383 3251 terrolnn
2435 3200 2698 3267 portionis
2748 3217 2880 3256 mea:
2929 3220 3048 3270 quae
3084 3206 3333 3273 conjacet
3390 3209 3457 3263 ad

1789 3259 1830 3321 (ἶ
1865 3286 2118 3352 Jarricas,
2152 3304 2313 3358 super
2365 3287 2526 3344 lluvio
2554 3291 2800 3358 Belelne,
2857 3309 3102 3350 mansum
3153 3313 3341 3354 unum.
3394 3299 3462 3355 Et

1866 3397 2077 3433 rursum
2108 3381 2176 3434 do
2203 3381 2369 3450 ipsius
2405 3383 2637 3437 basilica:
2667 3386 2845 3438 villam
2877 3389 3249 3455 .prOprietat-is
3278 3407 3410 3446 mea:
3439 3434 3455 3458 ,

1866 3488 1985 3541 qua:
2015 3483 2354 3543 nuncupatur
2388 3477 2644 3531 lliisciaeo
2677 3479 3029 3546 super‘lluvio
3060 3480 3288 3550 Belelnc,
3316 3501 3463 3541 man-

1867 3566 1958 3634 sis,
1995 3567 2157 3631 silvis,
2191 3569 2375 3636 pratis,
2411 3569 2690 3636 acolabus,
2713 3569 2872 3624 cultis
2901 3579 2954 3624 et
2977 3572 3195 3628 incultis
3221 3615 3236 3640 ,
3286 3591 3456 3646 pecu-

1867 3657 1993 3710 lium
2021 3660 2300 3728 ut*iusque
2328 3675 2507 3715 sexus.
2553 3661 2796 3730 Itemque
2828 3662 2881 3716 in
2905 3677 3042 3732 pago
3071 3664 3366 3734 Senonico,
3399 3670 3459 3725 in

1867 3749 1990 3802 villa
2009 3750 2118 3803 Bon
2160 3760 2262 3813 rto,
2287 3766 2406 3819 qua:
2431 3759 2515 3805 est
2544 3752 2642 3805 sita
2667 3767 2827 3822 super
2855 3754 3019 3808 ﬂuvio
3048 3755 3277 3823 lraunaa,
3296 3776 3460 3830 quam

1870 3856 1964 3910 per
1988 3841 2210 3895 inultam
2259 3843 2539 3912 pecuniam
2563 3843 2740 3898 dando
2768 3845 2820 3898 in
2853 3847 3185 3915 preprietate
3241 3853 3461 3921 recepi,

1869 3951 2085 3990 mansos
2116 3938 2208 4005 vij.
2242 3953 2361 3992 cum
2393 3937 2678 4006 adjunctis,
2711 3941 3074 4009 appendiciis,
3135 3942 3411 4000 beneliciis
3447 3987 3462 4010 ,

1868 4029 2059 4090 vineis,
2091 4029 2324 4096 pascuis.
2352 4029 2522 4095 silvis,
2557 4031 2744 4098 pratis,
2776 4031 2935 4085 cultis
2965 4041 3019 4086 et
3047 4033 3262 4088 incultis
3288 4075 3303 4100 ,
3344 4051 3460 4091 ser-

1871 4135 1965 4174 vos
1995 4129 2049 4174 et
2076 4137 2174 4174 anc
2196 4121 2311 4185 llas,
2343 4122 2522 4175 omnia
2571 4131 2628 4176 et
2675 4139 2740 4176 ex
2789 4125 3037 4180 omnibus
3077 4126 3142 4180 ad
3191 4127 3458 4196 integrum

1867 4211 2010 4264 dono
2035 4211 2086 4264 in
2115 4211 2454 4281 eleemosyna
2480 4228 2776 4282 pauperum
2803 4215 2998 4269 ibidem
3015 4216 3455 4278 deservientium.

1866 4302 2036 4357 Simili
2068 4302 2230 4358 modo
2261 4303 2312 4356 in
2343 4318 2481 4372 pago
2508 4302 2880 4368 Tornotrinse,
2911 4309 3188 4376 portiones
3221 4325 3370 4367 meas
3403 4313 3456 4367 in

1865 4395 1992 4450 villa
2023 4395 2310 4450 Flauniaco
2331 4436 2345 4461 ,
2403 4412 2563 4464 quam
2617 4397 2685 4451 de
2714 4399 2940 4453 iniustro
2993 4402 3110 4454 viro
3141 4399 3457 4458 llelchileno

1868 4498 1919 4542 et
1949 4503 2257 4557 germanam
2299 4505 2474 4543 meam
2526 4489 2799 4544 Frautilde
2831 4491 2973 4546 visus
2998 4510 3115 4546 sum
3147 4495 3416 4564 recepisse
3445 4537 3461 4563 ,

162 4600 358 4652 vineas
390 4595 724 4650 Midranicas.
755 4591 884 4651 inde
925 4596 1074 4665 juxta
1107 4598 1288 4650 vineas
1317 4595 1383 4649 ad
1416 4597 1541 4651 here
1564 4600 1639 4649 tes
1670 4599 1760 4648 At-

1867 4602 1987 4640 cum
2018 4600 2202 4640 servos
2231 4595 2287 4638 et
2308 4587 2444 4639 ancil
2472 4602 2529 4642 as
2551 4596 2604 4641 et
2636 4586 2930 4652 hedetieiis,
2960 4589 3235 4654 acolabus,
3263 4591 3457 4658 vineis,

167 4702 302 4745 tone
333 4689 624 4757 quor-iam,
657 4703 823 4756 usque
851 4687 917 4741 ad
949 4690 1133 4742 vineas
1151 4688 1329 4742 domui
1359 4687 1647 4750 Germani;
1711 4694 1765 4739 et

165 4783 296 4837 inde
326 4779 392 4834 ad
442 4789 608 4835 strata
642 4779 884 4847 superius
923 4781 1195 4832 nominata
1229 4821 1244 4844 ,
1300 4780 1389 4848 qui
1428 4779 1493 4833 ad
1521 4788 1762 4833 sanctum

164 4876 484 4928 Simeonem
513 4872 697 4936 vadit,
751 4873 1003 4940 quicquid
1033 4873 1226 4926 ibidem
1280 4855 1622 4940 unil'ique.ad
1678 4887 1763 4927 me

165 4965 437 5036 pervenit,
461 4963 545 5018 vel
577 4965 964 5033 praesentaliter
1010 4965 1176 5019 teneri
1207 4964 1436 5033 videtur,
1470 4983 1587 5020 cum
1617 4982 1792 5019 man-'

241 5151 268 5178 ι
311 5140 462 5217 ηλιξο
490 5139 636 5217 solus
681 5139 913 5208 vulgavit
953 5141 1327 5217 illabillonius,
1381 5145 1573 5198 Annal.
1634 5154 1672 5200 t.
1705 5146 1760 5217 Ι,

168 5228 293 5283 pag.
325 5210 454 5276 604,
481 5211 660 5277 aliqua
684 5223 845 5283 pirte
874 5215 1117 5265 mutilam
1149 5231 1161 5277 ;
1197 5230 1297 5267 nec
1327 5217 1487 5269 docet
1519 5217 1659 5271 unde
1692 5210 1765 5283 ἡμζ

168 5280 285 5337 sam
315 5282 740 5358 deprompserit.
774 5280 974 5358 llujus
1000 5285 1155 5337 [idem
1191 5293 1408 5358 tuentur
1439 5287 1598 5358 Gesta
1649 5280 1764 5358 epi-

170 5367 465 5422 scoporum
525 5350 1068 5406 Autissiodorensium
1123 5371 1147 5407 a
1207 5357 1423 5410 Labbeo
1479 5357 1640 5418 edita.
1676 5350 1762 5416 lii-

170 5426 363 5480 blioth.
400 5437 529 5477 mss.
560 5430 596 5474 t.
635 5422 669 5486 l,
699 5437 821 5490 pag,
847 5423 968 5487 427,
1003 5435 1055 5478 et
1077 5423 1385 5482 Chronicon
1415 5427 1763 5486 Autissiodo-

170 5511 353 5560 rense,
375 5492 558 5566 [οὶη67
597 5505 678 5557 v0,
713 5496 853 5562 quod
880 5497 1196 5550 Camusatus
1221 5498 1357 5564 juris
1390 5501 1584 5566 publici
1616 5503 1758 5558 iecit.

172 5569 226 5620 In
258 5566 439 5620 Gestis
464 5564 662 5617 dicitur
691 5568 1077 5620 monasterium
1138 5569 1187 5620 in
1220 5564 1474 5624 suburbio
1527 5573 1763 5630 civitatis

172 5635 662 5710 Autissiodorensis
690 5649 718 5688 a
749 5635 938 5702 Vigilio
969 5647 1332 5692 constructtnn
1363 5682 1376 5702 ,
1434 5651 1482 5693 et
1535 5648 1763 5710 p’nribus

171 5711 394 5762 ditatum
425 5707 759 5779 muneribus,
821 5717 874 5758 ut
927 5711 1214 5761 testamenti
1257 5710 1416 5779 ipsius
1464 5707 1623 5766 series
1670 5717 1763 5769 de-

171 5785 468 5855 monstrat):
507 5789 628 5846 qua:
652 5778 815 5832 verba
846 5780 976 5855 satis
1006 5781 1246 5855 indicant
1273 5778 1512 5835 Chartam
1560 5785 1627 5837 de
1659 5804 1764 5855 qna

171 5852 403 5919 agimus.
430 5847 567 5902 Cum
592 5861 657 5900 ex
684 5850 934 5918 exemplo
964 5852 1108 5920 quod
1136 5855 1188 5904 in
1221 5856 1322 5906 line
1352 5861 1653 5909 truncatum
1667 5847 1762 5913 -est

464 5943 736 6005 Parnm"
779 5944 1010 6004 LXXX
1030 5946 1190 6006 l'lll.

1867 4676 2163 4746 mancipiis,
2193 4676 2361 4740 silvis,
2391 4677 2576 4745 pratis,
2605 4679 2810 4746 campis
2837 4716 2851 4738 ,
2902 4679 3116 4746 pascuis
3140 4720 3156 4746 ,
3210 4681 3368 4734 cultis
3399 4691 3456 4734 et

1866 4767 2117 4830 incultis,
2174 4766 2326 4834 aquis
2381 4781 2708 4833 aquarumve
2755 4766 3118 4829 discursibus,
3183 4770 3454 4837 peculium

1868 4860 2144 4928 utriusque
2173 4876 2351 4922 sexus,
2380 4875 2500 4912 cum
2532 4859 2821 4927 adjunctis,
2855 4859 3186 4928 appendiciis
3211 4903 3226 4928 ,
3284 4863 3458 4918 bene-

1866 4951 2018 5016 liciis,
2050 4952 2130 5005 vel
2161 4950 2658 5020 opportunitatibus
2686 4967 2892 5014 earum,
2927 4953 3111 5007 omnia
3141 4961 3194 5007 et
3215 4968 3282 5008 ex
3327 4969 3450 5009 om-

1867 5132 2004 5185 hanc
2034 5131 2379 5198 exscripserit
2407 5129 2746 5184 Illabillonius
2773 5170 2785 5192 ,
2819 5130 3017 5183 desunt
3046 5137 3187 5184 nota:
3215 5131 3455 5188 chrono-

1868 5202 2069 5269 logictc.
2105 5215 2200 5253 nec
2232 5201 2430 5267 liquido
2463 5201 2706 5255 videntur
2747 5200 2867 5254 elici
2898 5217 3074 5267 posse.
3113 5199 3333 5268 Vigilius
3365 5218 3453 5256 se-

1869 5273 1986 5326 dent
2019 5271 2550 5326 Autissiodurcnsem
2608 5272 2893 5339 occupavit
2949 5279 3015 5324 ab
3075 5287 3217 5324 anno
3251 5271 3354 5325 660
3386 5273 3455 5326 ad

1868 5357 2060 5396 annum
2093 5341 2216 5394 68‘}.
2274 5341 2436 5395 Nobis
2471 5341 2643 5408 Vigilii
2676 5343 2917 5394 chartam
2956 5341 3098 5395 circa
3123 5357 3322 5396 annum
3347 5341 3456 5396 670

1867 5414 2135 5466 collocare
2183 5415 2260 5465 las
2293 5414 2380 5475 sit,
2415 5413 2631 5480 auspice
2664 5410 2997 5476 Mabillonio,
3024 5416 3113 5480 qui
3148 5414 3317 5482 ipsam
3349 5418 3450 5470 sub

1867 5485 1968 5539 hoc
1999 5499 2139 5536 anno
2170 5484 2221 5536 in
2255 5483 2537 5536 Annalium
2583 5494 2840 5536 contextu
2881 5493 3166 5538 memorat.
3223 5484 3296 5538 De
3346 5485 3453 5539 hoc

1867 5555 2222 5607 instrumento
2254 5553 2420 5606 multa
2469 5562 2863 5606 commentatus
2916 5564 2998 5608 est
3029 5554 3195 5607 abbas
3229 5555 3460 5611 Lebmuf

1865 5626 1916 5678 in
1949 5624 2182 5678 Historia
2216 5622 2693 5688 Autissiodurensi,
2728 5633 2766 5676 t.
2809 5623 2848 5688 Ι,
2878 5638 2999 5693 pag.
3044 5624 3168 5692 Ml,
3196 5626 3340 5680 circa
3371 5626 3452 5679 loc

1865 5711 2051 5749 eorum
2105 5696 2320 5762 antiqua
2354 5694 2606 5765 nomina,
2653 5695 2723 5765 in
2782 5697 2977 5764 quibus
3033 5696 3456 5765 interpretandis

1867 5766 2151 5836 plurimum
2183 5782 2211 5820 a
2245 5764 2552 5820 Mabillonio
2582 5764 2778 5820 κηποι-ι.

3090 5953 3168 6014 38
