4206 6530
752 434 881 487 1195

1489 430 1752 485 S:I§CUI..
1782 430 1868 485 VII
1914 431 1996 485 Ii'l'
2042 429 2152 484 VIII
2198 428 2734 484 I'ICCLESIASTICA
2779 428 3230 484 MONUMEN'I'A.

3878 424 4016 483 H96

743 550 900 602 uibus
929 546 995 602 ad
1051 546 1334 613 integrum.
1382 545 1641 599 Similiter
1690 546 1991 614 portionem
2046 560 2219 598 meam
2276 545 2326 598 in
2360 551 2402 604 Λ
2436 560 2556 598 cum
2591 545 2847 612 portionis
2877 544 2927 597 in
2961 559 3089 611 agro
3129 543 3544 609 Domitiacmse,
3605 544 3657 597 in
3686 544 3810 599 vilia
3868 545 4016 601 Miri-

742 641 859 707 ipso
892 652 1047 707 pago,
1092 639 1141 690 in
1172 637 1292 689 villa
1325 635 1596 701 Cassiaco,
1630 651 1790 704 quam
1823 637 2021 691 Dolcna
2050 636 2244 690 femina
2271 644 2326 689 et

745 728 883 779 lilius
913 742 1040 778 suus
1071 727 1179 777 Ade
1212 726 1339 778 mihi
1370 725 1744 789 vendiderunt,
1770 740 1893 780 cum
1912 726 2329 789 mansis,scrvos

742 828 796 871 et
827 819 1071 877 ancillas,
1104 818 1401 886 mancipiis.
1433 817 1600 882 silvis,
1631 820 1855 887 campis,
1881 817 2069 886 pratis,
2094 817 2325 885 pascuis,

742 909 902 962 cultis
932 918 985 960 et
1016 908 1253 974 incultis,
1285 909 1438 977 aquis
1454 923 1781 977 aquarumve
1823 908 2176 969 discursibus,
2207 923 2326 960 om-

739 999 825 1051 nia
856 1007 909 1050 ct
936 1014 1000 1051 ex
1032 998 1278 1051 o'nnibus
1326 1000 1389 1051 aii
1448 999 1831 1067 integrum.....
1880 995 2010 1050 Item
2060 997 2129 1051 do
2166 998 2328 1064 ipsius

742 1092 972 1144 liasiiiczc
1002 1090 1215 1144 domum
1244 1090 1439 1154 Μαι-ἰεῦ,
1476 1090 1527 1143 in
1559 1103 1698 1159 pago
1726 1089 1994 1144 Senonico
2022 1099 2075 1143 et
2116 1088 2325 1141 Torno-

741 1182 930 1245 trinse,
966 1182 1014 1235 in
1046 1182 1202 1234 villas
1232 1182 1625 1248 eoguominatis
1644 1180 1979 1247 Treviciaco,
2012 1181 2322 1245 Molarione,

738 1272 978 1339 Cadugio
1010 1310 1023 1333 ,
1082 1271 1303 1324 Imantia
1331 1311 1344 1331 ,
1397 1271 1604 1338 integra
1636 1271 1961 1334 medietate,
2012 1271 2077 1323 de
2134 1272 2328 1337 quibus

740 1370 911 1435 Asper
933 1366 1202 1434 quendam
1234 1364 1425 1417 ibidem
1459 1364 1668 1425 tenuit,
1720 1362 1862 1430 quod
1898 1376 2174 1430 germano
2229 1376 2326 1414 suo

740 1457 969 1512 condam
996 1456 1190 1509 abbate
1218 1454 1476 1522 Gregorio
1505 1463 1661 1522 pacto
1690 1454 1782 1519 ivi,
1814 1462 2074 1521 quantum
2105 1455 2171 1506 de
2212 1453 2327 1521 ip~o

742 1555 900 1615 pacto
928 1546 995 1601 de
1025 1546 1137 1613 ipsa
1170 1544 1424 1597 facultate
1482 1545 1533 1597 in
1580 1543 1910 1612 quibuslibet
1960 1544 2121 1597 rebus
2165 1552 2327 1612 atque

740 1638 1056 1707 corporibus
1083 1637 1448 1705 suprascripta
1480 1634 1597 1689 loca
1639 1635 1704 1687 ad
1736 1650 1821 1688 me
1853 1633 2119 1704 pervenit,
2140 1648 2328 1687 servos

739 1744 955 1799 quoque
985 1737 1041 1782 et
1069 1728 1308 1791 ancillas,
1342 1742 1464 1781 cum
1500 1727 1717 1790 mansis,
1746 1723 2323 1789 hediliciis,acolabus,

738 1820 931 1884 vineis,
961 1818 1241 1886 mancipiis
1271 1818 1360 1887 qui
1400 1832 1428 1870 a
1460 1832 1545 1871 me
1576 1816 1940 1871 libertinitatis
1972 1830 2077 1870 non
2106 1829 2322 1884 prome-

2431 636 2561 699 scla,
2594 644 2649 689 et
2678 636 2973 689 mansionis
3002 635 3301 704 Arigisillo,
3356 643 3857 705 quantumcumque
3887 638 4016 693 mihi

2431 727 2626 781 ibidem
2672 727 2969 793 justissime
3022 729 3104 781 vel
3154 727 3526 796 prcsentaliter
3570 729 3740 781 teneri
3789 730 4013 793 videor,

2430 832 2546 870 mea
2577 818 2853 871 voluntate
2882 819 3151 887 prmdicta:
3201 819 3433 873 basilica:
3465 819 3711 887 relinquo
3740 822 3919 874 omnia
3960 831 4017 876 et

2429 921 2496 960 ex
2529 908 2777 961 omnibus
2809 909 2873 961 ad
2901 910 3187 976 integrum.
3222 910 3483 964 Similiter
3506 912 3808 980 portionem
3840 929 4013 967 turam

2431 1000 2482 1052 iu
2515 1000 2635 1051 villa
2686 1000 3013 1065 Scubiliaco,
3042 1017 3204 1070 quam
3232 1002 3569 1056 Ranesindus
3618 1012 3672 1057 et
3735 1020 3871 1057 uxor
3919 1021 4014 1058 sua

2430 1089 2703 1141 Artbemia
2738 1091 3011 1158 possidere
3036 1091 3299 1156 videntur,
3315 1102 3370 1147 et
3391 1094 3518 1147 mihi
3538 1093 3822 1161 dederunt,
3838 1097 4017 1151 ethoc

2430 1180 2575 1231 usuri
2602 1180 2789 1233 ordine
2817 1180 3093 1248 possidere
3122 1182 3394 1247 videnlur,
3427 1184 3605 1238 omnia
3637 1196 3689 1237 et
3721 1201 3784 1237 cx
3836 1187 4011 1239 omni-

2428 1271 2547 1333 bus,
2578 1272 2810 1339 qualiter
2839 1274 3093 1327 transitus
3123 1289 3310 1328 eorum
3368 1274 3420 1328 in
3474 1276 3799 1344 quibuslibet
3856 1277 4015 1330 rebus

2428 1371 2591 1431 atque
2644 1364 2964 1431 corporibus
3014 1364 3456 1433 derclinquerunt
3485 1366 3549 1419 ad
3599 1367 3890 1436 integrum.
3923 1367 4009 1422 Si-

2431 1454 2646 1521 mulque
2676 1456 2949 1519 portiones
2976 1471 3122 1509 meas
3165 1456 3215 1509 in
3243 1456 3393 1511 villas
3414 1456 3533 1510 Sari
3572 1470 3640 1524 go
3679 1465 3733 1511 ct
3785 1458 4011 1520 Casido,

2428 1553 2922 1612 quantumcumque
2943 1543 3217 1610 genitores
3248 1544 3373 1597 mihi
3403 1545 3498 1599 visi
3513 1544 3722 1599 fuerunt
3756 1546 4012 1606 tenuisse,

2426 1648 2534 1695 una
2567 1646 2686 1686 cum
2719 1636 2967 1701 portione
2999 1634 3049 1686 in
3082 1635 3326 1687 colonica
3359 1636 3666 1699 Quaciaria,
3698 1650 3859 1704 quem
3892 1652 4013 1690 cum

2430 1736 2683 1790 germana
2714 1739 2832 1777 mea
2866 1724 3100 1778 Avolana
3143 1726 3466 1779 commutavi
3492 1766 3504 1786 ,
3538 1725 3678 1795 quod
3712 1741 3806 1794 per
3849 1734 4013 1780 testa-

2438 1821 2675 1867 mentum
2732 1814 3005 1882 genitricis
3054 1830 3188 1869 mca:
3237 1816 3302 1869 ad
3348 1817 3515 1885 ipsam
3553 1819 3836 1886 pervenit,
3893 1835 4013 1873 cum

736 1919 980 1972 ruerunt,
1014 1912 1181 1974 silvis,
1212 1911 1434 1978 campis,
1474 1909 1662 1977 pra'is,
1696 1909 1931 1977 pascuis,
1966 1909 2127 1963 cultis
2155 1916 2210 1961 et
2238 1907 2322 1961 in-
2358 1894 2401 1955 Β
2432 1906 2652 1970 mansis,
2683 1906 2963 1968 heliliciis,
2997 1922 3180 1961 servos
3226 1917 3281 1961 et
3310 1909 3551 1973 ancillas,
3586 1910 3839 1963 acolabus
3864 1952 3879 1975 ,
3940 1911 4015 1963 vi-

736 2001 914 2066 cultis,
945 2002 1095 2069 aquis
1123 2015 1448 2069 aquarumve
1476 2001 1823 2063 discursibus,
1843 2000 2323 2069 peculiumutrius-

737 2110 844 2162 que
892 2108 1073 2156 sexus,
1106 2108 1225 2144 cum
1257 2092 1544 2159 adiunctis,
1586 2092 1915 2161 appendiciis
1939 2132 1953 2156 ,
2010 2091 2283 2146 beneliciis
2309 2133 2324 2159 ,

735 2184 822 2239 vel
847 2183 1338 2253 Opportunilatibus
1386 2197 1569 2235 carum
1596 2223 1610 2247 ,
1664 2184 1844 2236 omnia
1875 2194 1929 2238 et
1957 2200 2022 2237 ex
2076 2184 2327 2237 omnibus

737 2273 806 2328 ad
844 2274 1128 2341 integrum.
1183 2270 1301 2324 I’aii
1332 2274 1490 2325 modo
1544 2272 1775 2326 libenter
1808 2274 2039 2342 prazl'atae
2090 2273 2325 2327 basilica:

736 2375 938 2419 sancta:
984 2364 1184 2430 Mariaa,
1209 2364 1463 2418 terrolam
1506 2366 1767 2433 portionis
1797 2380 1928 2420 mea:
1954 2368 2005 2419 in
2034 2381 2162 2435 agro
2192 2365 2315 2420 Tre-

736 2460 952 2527 soginse
980 2467 1035 2513 et
1063 2466 1187 2511 ante
1210 2457 1512 2512 Maiacensc
1559 2459 1691 2513 situs
1722 2459 1774 2512 in
1824 2472 1962 2528 pago
1994 2458 2327 2514 Autissiode-

738 2551 903 2612 rinse,
933 2549 1196 2617 simulque
1218 2549 1493 2617 portiones
1525 2563 1672 2603 meas
1693 2547 1747 2602 in
1776 2562 1933 2617 agros
1954 2547 2328 2603 Matiriacense

736 2652 793 2693 ct
821 2639 1279 2700 Solctuniacense.
1312 2640 1445 2693 sitos
1474 2639 1525 2693 iu
1572 2654 1708 2709 pago
1752 2638 2159 2707 Tornoterinse,
2182 2638 2327 2709 quod

740 2729 877 2784 infra
924 2731 1037 2783 loca
1074 2729 1239 2784 Diddo
1287 2730 1559 2797 quondam
1592 2730 1916 2799 episcopus,
1961 2730 2044 2785 vel
2097 2730 2189 2783 filii
2244 2730 2328 2785 sui

738 2821 994 2876 Claudius
1025 2830 1080 2875 et
1118 2834 1404 2888 germanus
1450 2836 1581 2877 suus
1612 2820 1945 2879 Warnl‘erius
1982 2823 2081 2877 visi
2113 2822 2329 2877 fuerunt

739 2914 996 2976 tenuisse,
1029 2929 1148 2967 cum
1171 2918 1339 2969 servis
1370 2912 1711 2968 manentibus
1738 2922 1793 2967 ct
1814 2914 2033 2968 ancillas
2060 2955 2075 2981 ,
2125 2914 2326 2968 manci-

736 3006 858 3076 piis,
889 3005 1169 3068 bediliciis,
1204 3004 1479 3065 acolabus,
1512 3004 1703 3069 vineis,
1746 3005 1914 3068 silvis,
1944 3005 2166 3073 campis,
2198 3019 2321 3074 pra-

736 3100 827 3162 tis,
861 3098 1116 3167 pascuis,
1169 3096 1330 3149 cultis
1388 3103 1444 3149 et
1490 3094 1739 3161 incultis,
1789 3097 1944 3163 aquis
1993 3109 2323 3163 aquarumve

2435 1996 2568 2056 nci-‘,
2601 1996 2772 2061 silvis,
2800 1998 3024 2064 campis,
3060 1997 3243 2065 pratis,
3277 1998 3489 2065 pascuis
3514 2037 3530 2061 ,
3572 1998 3731 2051 cultis
3757 2008 3811 2051 et
3842 1998 4014 2052 incul-

2436 2086 2523 2147 tis,
2547 2086 2699 2152 aquis
2729 2102 3058 2155 aquarumve
3109 2086 3140 2138 d
3164 2087 3457 2151 scursibus,
3487 2103 3682 2156 pecora
3738 2090 4018 2160 utriusque

2433 2188 2610 2237 sexus,
2631 2177 2807 2228 omnia
2824 2185 2878 2229 ct
2894 2189 2957 2228 ex
2973 2176 3219 2230 omnibus
3242 2178 3290 2230 in
3310 2179 3638 2245 quibuslibet
3668 2180 3826 2234 rebus
3854 2188 4016 2247 atque

2433 2268 2754 2335 corporibus
2780 2305 2797 2332 ,
2857 2269 3230 2323 consentiente
3258 2270 3391 2338 ipsa,
3426 2269 3529 2325 hoc
3554 2271 3667 2338 ipsa
3701 2270 3920 2325 basilica
3950 2272 4016 2325 ad

2434 2362 2698 2427 integrum
2741 2361 2981 2430 recipere
3021 2362 3233 2416 debeat.
3269 2364 3333 2415 lit
3381 2362 3600 2432 insuper
3627 2363 3696 2417 do
3730 2363 4017 2432 quemdam

2432 2454 2690 2507 rusticum
2724 2452 3131 2507 Wulbertauum
3180 2453 3398 2508 nomine
3429 2494 3443 2519 ,
3501 2462 3555 2509 et
3604 2454 3833 2509 infantes
3889 2472 4016 2511 suos

2437 2542 2705 2598 Wascono
2736 2550 2790 2597 et
2817 2543 3203 2611 Magnctrude,
3255 2560 3375 2600 cum
3430 2547 3630 2614 ingenti
3678 2547 4018 2604 multitudine

2434 2640 2733 2702 parentum.
2767 2628 2887 2685 Pari
2911 2632 3069 2685 modo
3105 2632 3353 2701 portione
3380 2649 3497 2687 mea
3549 2635 3600 2688 iu
3635 2636 3758 2688 villa
3788 2636 4019 2707 Compe-

2436 2725 2638 2791 sciago,
2670 2739 2829 2794 quem
2862 2724 2928 2779 de
2952 2724 3290 2793 Ilebercapto
3344 2726 3536 2781 ibidem
3565 2728 3765 2783 habere
3793 2730 3979 2784 videor
4001 2774 4016 2796 ,

2435 2830 2555 2869 cum
2586 2816 2833 2870 omnibus
2865 2814 3221 2885 appendiciis,
3264 2833 3383 2872 cum
3416 2819 3708 2887 pecudibus
3738 2822 4018 2890 utriu~que

2433 2918 2612 2966 sexus,
2650 2906 2831 2959 omnia
2863 2914 2919 2959 et
2965 2921 3031 2961 ex
3062 2908 3332 2975 omnibus,
3378 2909 3429 2964 iu
3481 2911 3807 2980 quibuslibet
3858 2916 4017 2970 rebus

2432 3003 2593 3064 atque
2622 2995 2938 3064 corporibus
2970 2996 3035 3050 ad
3067 2997 3356 3066 integrum.
3383 2999 3644 3055 Praeterea
3677 3018 3853 3056 meum
3879 3006 3999 3071 agel

2430 3086 2539 3139 lum
2596 3088 2685 3156 qui
2734 3097 2957 3143 vocatur
2986 3088 3285 3157 Lanovilla,
3318 3107 3477 3161 quem
3509 3094 3576 3149 de
3606 3093 3873 3151 Ebroaldo
3919 3098 4017 3150 ab-

736 3189 1087 3247 discursibus.
1123 3186 1388 3255 peculium
1421 3187 1695 3255 utriusque
1742 3202 1923 3252 st-xus,
1955 3202 2075 3241 cum
2127 3186 2319 3254 adjun-
2352 3209 2395 3266 η
2429 3175 2554 3230 bate
2579 3176 2662 3231 vel
2692 3178 2975 3233 heredibus
3020 3180 3150 3242 suis,
3182 3189 3237 3236 et
3291 3180 3704 3252 Longo-Campo
3750 3198 3908 3252 quem
3950 3187 4017 3241 de

736 3282 862 3348 ctis,
907 3279 1272 3349 appendmiis,
1332 3277 1645 3343 beneﬁciis,
1694 3282 1777 3333 vel
1832 3278 2324 3349 Opportunitatibus

734 3385 960 3425 muticte
1008 3371 1278 3423 donorqu
1343 3370 1441 3420 l'u.t
1490 3383 1747 3422 concessa
1777 3409 1790 3432 ,
1836 3379 2325 3437 quantumcumque

735 3465 865 3517 mihi
896 3464 1260 3532 superscripta
1294 3460 1410 3514 loca
1439 3469 1624 3515 tenere
1654 3461 1841 3515 viileor
1870 3503 1884 3524 ,
1945 3461 2124 3514 omnia
2156 3470 2212 3514 ct
2259 3476 2323 3513 cx

738 3557 989 3609 omnibus
1014 3555 1065 3607 in
1097 3554 1425 3621 quibuslibet
1453 3553 1615 3607 rebus
1663 3553 1730 3606 ad
1758 3553 2040 3621 integrum.
2072 3551 2324 3620 Idemque

736 3649 949 3704 colonia
981 3647 1238 3708 l'otiolus,
1263 3662 1421 3713 quem
1472 3644 1539 3698 de
1582 3644 1869 3699 heredibus
1901 3642 2124 3712 IIelegio
2154 3659 2324 3712 quon-

735 3745 859 3800 dam
892 3742 1034 3796 visus
1064 3756 1180 3793 Sum
1244 3740 1511 3807 recepisse
1536 3780 1552 3803 ,
1606 3754 1709 3790 una
1749 3754 1868 3790 eum
1924 3738 2166 3791 colonica
2198 3736 2327 3789 Fer-

738 3837 927 3898 rarias,
971 3850 1092 3887 cum
1146 3832 1313 3885 mansi
1350 3870 1363 3891 ,
1398 3830 1677 3893 bezliliciis,
1712 3830 1967 3883 acolab;:s
1995 3868 2008 3891 ,
2063 3828 2232 3882 servis
2272 3835 2327 3880 et

737 3930 981 3990 ancillas,
1014 3927 1201 3987 vineis,
1234 3924 1397 3985 δὶινὶς,
1432 3922 1655 3991 campis,
1691 3920 1880 3989 pratis,
1914 3919 2325 3988 pascuis,cultis

740 4031 793 4074 ct
837 4018 1069 4082 incuftis,
1102 4016 1253 4083 aquis
1303 4028 1633 4084 aqua:umve
1662 4013 2011 4075 discursibus,
2039 4019 2326 4078 quantum-

740 4129 847 4181 que
899 4108 1152 4182 prmsenli
1216 4118 1455 4175 tempore
1510 4104 1855 4173 pUSsidctur,
1924 4104 2103 4157 omnia
2159 4113 2214 4155 et
2258 4117 2323 4155 cx

745 4205 996 4258 omnibus
1024 4194 1089 4253 ad
1123 4202 1405 4265 iutrgruni.
1440 4196 1697 4249 Similiter
1751 4196 1925 4263 agello
1986 4194 2327 4264 proprietatis

740 4312 894 4355 nia-az,
924 4295 1042 4346 villa
1076 4292 1300 4354 Donato,
1336 4304 1437 4343 una
1469 4304 1587 4342 cuzu
1653 4289 1911 4357 portiunis
1966 4288 2014 4339 iu
2043 4288 2163 4338 villa
2197 4284 2328 4338 Tre-

740 4387 893 4440 sovio
924 4384 1063 4451 quod
1100 4384 1291 4435 ibiilcm
1336 4380 1531 4433 habere
1581 4381 1779 4431 videor.
1832 4376 1953 4431 Pari
2011 4380 2170 4429 tuolo
2200 4377 2249 4428 vi
2276 4376 2323 4427 Ia

741 4478 948 4538 bulum,
980 4489 1096 4541 qua:
1137 4470 1325 4538 canjac
1364 4482 1381 4522 t
1410 4470 1557 4537 juxta
1589 4468 1717 4521 lines
1743 4468 2083 4531 lntraanse,
2115 4474 2168 4520 et
2208 4482 2327 4534 per-

2380 3249 2395 3269 ⁴
2430 3268 2720 3325 Leotberto
2787 3275 2869 3327 vel
2939 3274 3227 3331 btredibus
3296 3249 3430 3332 suis
3460 3249 3725 3346 quondam
3769 3249 4012 3348 recepi;

2427 3361 2663 3432 itemque
2707 3364 2758 3417 in
2787 3365 3084 3422 Lanosicco
3142 3384 3317 3423 meam
3367 3372 3702 3440 portionem,
3754 3387 3911 3440 quam
3946 3372 4015 3427 de

2428 3450 2675 3506 Nestorio
2720 3453 2801 3508 vel
2836 3454 3121 3513 heredibus
3145 3460 3256 3514 suis
3298 3461 3566 3529 quondam
3596 3462 3808 3532 recepi;
3842 3473 3897 3517 et
3953 3465 4016 3518 ii-

2427 3540 2531 3595 Iam
2565 3544 2868 3612 portionem
2900 3546 2950 3599 in
2983 3550 3268 3617 quemdam
3317 3560 3553 3606 montem
3584 3552 3971 3622 Compesciagn
3997 3596 4015 3621 ,

2425 3647 2583 3701 quem
2615 3633 2681 3688 de
2710 3635 2945 3703 Odgisilo
2976 3642 3323 3705 commutavi,
3357 3658 3479 3698 cum
3503 3646 3724 3709 mansis,
3754 3647 4011 3709 mdiliciis,

2427 3727 2848 3798 habitatoribus,
2880 3748 3065 3789 servos
3117 3746 3172 3791 et
3226 3739 3469 3803 ancillas,
3501 3743 3703 3810 campis
3728 3783 3743 3808 ,
3799 3746 3967 3812 pratis
3997 3783 4011 3803 .

2428 3822 2662 3889 pascuis,
2689 3823 2847 3880 cultis
2878 3834 2933 3880 et
2958 3826 3193 3894 incultis,
3227 3831 3380 3898 aquis
3397 3846 3726 3901 aquarumve
3753 3835 4008 3889 discursi-

2426 3913 2544 3978 bus,
2576 3931 2696 3969 cum
2726 3919 3017 3987 pecudibus
3048 3921 3325 3991 utriusque
3372 3938 3533 3979 sexus
3557 3966 3573 3992 ,
3630 3927 3811 3981 omnia
3842 3937 3895 3980 et
3947 3948 4011 3984 et

2430 4006 2680 4060 omnibus
2712 4008 2777 4060 ad
2811 4008 3095 4077 integrum.
3131 4009 3388 4066 Similiter
3405 4012 3474 4067 do
3505 4015 3568 4067 ad
3599 4031 3757 4068 uuam
3786 4031 4009 4085 cappam

2430 4098 2608 4151 villam
2642 4098 2954 4157 Leodebaro
3008 4119 3156 4157 meas
3182 4107 3457 4174 portiones
3484 4122 3615 4176 quas
3647 4109 3712 4163 de
3741 4111 3932 4178 Sperio
3960 4121 4011 4163 (ι

2431 4191 2765 4250 Domnoleno
2797 4198 3109 4267 presbytero
3138 4199 3337 4253 habere
3387 4200 3587 4263 vileor,
3617 4210 3671 4255 et
3707 4203 3849 4256 illam
3904 4214 4009 4257 ter-

2430 4301 2541 4338 ram
2569 4303 2728 4355 quam
2760 4289 2830 4342 de
2858 4288 3095 4344 Ebolena
3129 4292 3324 4346 ibidem
3365 4295 3671 4361 c':mparavi
3695 4336 3710 4359 ,
3768 4304 3823 4349 et
3855 4294 4013 4350 Esca-

2431 4376 2575 4430 Iittas
2607 4379 2725 4430 villa
2759 4395 2921 4448 quam
2952 4382 3226 4449 genitores
3250 4384 3357 4438 mei
3387 4392 3691 4449 tenuerunt,
3728 4394 3781 4440 et
3812 4386 4012 4443 Cardo-

2430 4481 2645 4525 naretas
2673 4486 2791 4539 qua:
2820 4474 3104 4541 conjaceut
3124 4484 3250 4530 ante
3264 4486 3505 4531 sanctum
3530 4477 3862 4541 Ferreolum,
3892 4497 4010 4533 cum

743 4576 927 4621 manet
957 4568 1094 4619 iutcr
1125 4564 1220 4617 bas
1272 4567 1518 4630 praelatus
1561 4561 1735 4625 villas,
1763 4560 1864 4612 hoc
1896 4568 1977 4611 est
2004 4600 2018 4624 ,
2071 4558 2209 4610 inter
2239 4555 2321 4609 ln-
2358 4563 2402 4620 ι)
2429 4562 2650 4623 mansis,
2683 4561 2965 4629 bediliciis,
3001 4564 3275 4630 acolabus,
3308 4568 3473 4620 servis
3497 4577 3553 4621 et
3581 4568 3830 4633 ancillas,
3864 4585 4014 4623 cam-

746 4660 1003 4714 tranimse
1054 4664 1107 4710 et
1142 4655 1259 4709 \illa
1290 4655 1470 4707 Dulcia
1502 4662 1556 4707 et
1588 4653 1709 4705 villa
1743 4652 1944 4704 Donata
1975 4690 1989 4713 ,
2045 4661 2099 4703 et
2129 4648 2324 4701 Treso-

743 4756 835 4808 vio
863 4753 951 4821 viij
981 4760 1035 4807 et
1065 4750 1339 4812 dimidius,
1373 4762 1507 4814 quos
1554 4745 1716 4798 amita
1760 4759 1877 4796 mea
1925 4741 2166 4795 Flotildis
2197 4739 2324 4793 mihi

744 4852 869 4915 post
898 4859 995 4897 suo
1017 4841 1257 4893 discessu
1289 4838 1394 4889 via
1422 4845 1504 4889 est
1533 4834 1764 4898 dedisse,
1796 4848 1917 4887 c..m
1950 4832 2119 4886 servis
2146 4839 2202 4883 et
2230 4844 2325 4883 an-

742 4938 897 5000 cillis,
932 4934 1205 4995 acolabus,
1240 4929 1624 4990 vincis,silvis,
1661 4928 1864 4995 campis
1891 4966 1905 4990 ,
1964 4925 2129 4995 pratis
2159 4962 2174 4988 ,
2231 4939 2327 4989 pa-

745 5030 909 5092 scuis,
944 5026 1100 5079 cultis
1131 5033 1185 5079 et
1240 5023 1471 5088 incultis,
1499 5021 1651 5090 aquis
1698 5034 2025 5088 aquarumve
2079 5018 2326 5072 discursi-

747 5122 869 5181 bus,
901 5116 1234 5183 accessisque
1260 5113 1526 5177 omnibus,
1550 5126 1671 5165 cum
1718 5109 2016 5181 pecudibus
2048 5109 2325 5177 utriusque

748 5230 929 5277 sexus,
960 5210 1190 5279 qualiter
1220 5209 1381 5259 amita
1408 5220 1522 5259 mea
1554 5204 1658 5258 hoc
1687 5202 1898 5257 usuario
1927 5202 2116 5256 ordine
2155 5200 2323 5269 possi-

749 5303 876 5355 dere
906 5302 1134 5361 videtur,
1166 5297 1248 5351 vel
1298 5296 1411 5349 dies
1466 5295 1719 5348 transitus
1763 5294 1843 5346 sui
1900 5290 2318 5358 dereiittquerit,

747 5402 873 5463 post
918 5392 1214 5445 discessum
1245 5388 1439 5455 ipsius,
1475 5387 1539 5440 ad
1586 5387 1753 5455 ipsam
1785 5384 2053 5438 basilicam
2087 5385 2137 5434 in
2189 5384 2322 5435 intc-

747 5488 939 5553 giitate
970 5485 1162 5537 debeat
1191 5481 1491 5550 pervenire.
1547 5476 1799 5545 Idemque
1853 5476 2131 5545 portiones
2176 5488 2323 5527 meas

750 5582 800 5631 iu
834 5581 950 5633 villa
982 5576 1446 5632 Patriciniaco.....
1496 5572 1736 5642 llispatio
1771 5614 1785 5638 ,
1840 5568 2164 5633 Brilauiola,
2216 5583 2319 5622 una

2434 4651 2537 4719 pis,
2562 4652 2746 4719 pratis,
2772 4652 2934 4715 silvis,
2962 4655 3176 4722 pascuis
3199 4698 3211 4717 ,
3271 4655 3425 4710 cultis
3470 4665 3525 4709 et
3552 4657 3760 4711 incultis
3784 4696 3800 4719 ,
3860 4660 4013 4726 aquis

2432 4755 2762 4809 aquarumve
2787 4740 3148 4808 discursibus,
3182 4746 3446 4814 peculium
3487 4749 3761 4816 utriusque
3810 4765 3972 4804 sexus
3995 4793 4010 4814 ,

2434 4834 2612 4887 omnia
2643 4842 2697 4887 ct
2724 4849 2789 4887 ex
2820 4836 3067 4889 omnibus
3113 4837 3175 4887 ad
3208 4836 3490 4905 integrum.
3521 4838 3722 4892 Deinde
3754 4840 4002 4909 relinquo

2437 4924 2666 4991 Lcugam
2698 4925 2898 4992 villam,
2929 4942 3047 4994 qua:
3083 4935 3164 4981 est
3192 4944 3354 4989 super
3383 4928 3597 4983 ﬂuvium
3645 4929 4009 4997 Lupam,cum

2434 5015 2845 5077 habitatoribus,
2877 5018 3078 5071 mansis
3108 5057 3123 5079 ,
3180 5018 3459 5085 hediliciis,
3494 5029 3547 5074 et
3598 5023 3776 5075 omnia
3828 5039 4012 5078 come-

2434 5105 2655 5169 nicntia,
2690 5107 2790 5161 nisi
2813 5107 3016 5171 vineas,
3043 5110 3106 5161 ad
3136 5108 3422 5178 integrum.
3458 5109 3575 5163 Pari
3607 5111 3766 5165 modo
3798 5113 3851 5167 in
3872 5111 4010 5168 Odo-

2434 5212 2555 5249 nam
2583 5196 2785 5261 villam,
2816 5212 3031 5252 mansos
3077 5213 3213 5267 quos
3245 5200 3629 5268 przcsentaliter
3674 5201 3880 5255 habere
3935 5203 4011 5255 vi-

2430 5289 2581 5353 deor,
2608 5298 2661 5343 ct
2689 5290 2739 5342 ii
2780 5290 2988 5345 catellis
3017 5307 3177 5345 unum
3226 5308 3470 5347 mansum
3517 5305 3571 5347 et
3600 5292 3783 5349 Osello
3832 5296 4007 5350 villam

2432 5390 2620 5446 totam,
2644 5398 2765 5436 cum
2796 5383 3015 5447 mansis,
3051 5383 3310 5439 lieJiliciis
3332 5427 3345 5448 ,
3397 5401 3585 5439 servos
3642 5396 3697 5440 et
3750 5388 4003 5449 ancillas,

2433 5477 2621 5541 vineis,
2651 5478 2875 5547 campis,
2929 5479 3096 5550 pratis
3122 5523 3136 5545 ,
3200 5480 3428 5547 pascuis,
3461 5481 3616 5535 cultis
3653 5490 3707 5533 ct
3758 5481 4001 5545 incultis,

2429 5570 2596 5637 siivis,
2627 5570 2797 5640 aquis,
2830 5571 3007 5627 omnia
3040 5580 3093 5625 et
3122 5586 3184 5625 ex
3218 5572 3467 5626 omnibus
3495 5572 3561 5625 ad
3607 5572 3901 5641 integrum.
