4206 6538
192 431 321 489 1197

866 542 1051 599 XVIII.

178 662 372 716 Charta
396 677 494 733 qua
526 658 847 733 Iluntbertns
878 656 1039 733 abitas
1078 652 1412 733 Mat'irglensi
1450 660 1768 706 monasterio

574 732 712 786 dona
738 733 938 799 comfort
970 739 992 761 ιι
1022 728 1173 798 (ann.
1206 725 1357 795 671).

249 871 404 925 Anno
425 868 746 925 duodecimo
763 867 910 935 regni
943 864 1125 919 domui
1152 864 1317 919 nostri
1347 861 1629 917 Chihlerici
1655 861 1772 929 glo-

174 961 303 1015 riosi
331 961 470 1027 regis
497 959 542 1025 b,
575 959 783 1013 decimo
812 957 1004 1026 quinto
1036 956 1303 1009 Kalendas
1336 955 1551 1022 Aprilis.
1581 952 1691 1019 ligo
1720 952 1770 1004 in

179 1052 268 1106 Dei
299 1052 517 1105 nomine
548 1051 894 1113 IIuntbertus,
922 1051 1021 1104 etsi
1048 1050 1295 1115 indignus
1323 1057 1601 1117 peccator,
1626 1046 1773 1113 cogi-

174 1152 293 1198 tans
323 1143 391 1196 de
422 1143 512 1196 Dei
542 1143 752 1205 timore,
785 1143 866 1195 vel
894 1141 1080 1195 :eterni
1115 1140 1238 1193 boni
1264 1140 1648 1200 retributione,
1674 1153 1767 1190 seu

172 1233 453 1287 abluendis
482 1233 613 1303 meis
641 1234 900 1302 peccatis,
929 1234 1051 1302 quia
1077 1232 1203 1285 dicit
1231 1232 1510 1301 Scriptura
1540 1248 1552 1281 :
1590 1229 1772 1283 Faci'e

170 1325 312 1379 vobis
343 1327 533 1379 amicos
564 1326 623 1379 de
657 1344 945 1379 mammona
975 1328 1283 1395 iniquitatis,
1316 1327 1401 1393 qui
1450 1341 1535 1375 ros
1586 1323 1772 1393 perdu-

170 1429 293 1474 cant
340 1423 392 1473 in
444 1431 660 1475 wternas
708 1423 1003 1473 mansiones
1053 1428 1398 1479 sanctorum;
1448 1434 1770 1486 rursumque

169 1511 304 1564 dicit
338 1531 347 1563 :
381 1511 553 1563 Facite
586 1511 721 1564 vobis
753 1528 925 1563 saccos
956 1511 1295 1575 elcrtnosym‘t.‘
1326 1510 1409 1577 qui
1443 1526 1542 1561 non
1578 1520 1772 1561 retern-

166 1612 339 1655 scnnt.
372 1602 570 1657 Idcirco
601 1604 741 1655 dono
771 1603 912 1672 quod
947 1604 997 1655 in
1030 1612 1348 1671 perpetuum
1374 1602 1632 1654 donatum
1658 1616 1773 1654 esse

170 1696 300 1750 volo
350 1697 415 1749 ad
468 1705 874 1749 sacrosanctum
917 1696 1306 1749 monasterium
1359 1695 1504 1761 quod
1555 1702 1775 1747 vocatur

169 1788 476 1851 Maricolas,
507 1789 650 1859 quod
676 1790 752 1842 vir
775 1790 993 1841 illustris
1015 1789 1425 1841 (lltroncberlus
1453 1798 1473 1825 ο
1500 1786 1774 1855 quondam

166 1895 272 1934 suo
301 1895 463 1949 opere
493 1880 813 1945 construxit,
846 1879 933 1932 tibi
968 1894 1067 1947 ego
1103 1880 1217 1947 ipse
1246 1878 1492 1945 indignus
1524 1888 1776 1945 peccator

169 1973 342 2025 abbas
369 1988 596 2042 praeesse
618 1973 821 2033 videor,
858 1983 1234 2025 consecratum
1261 1970 1309 2021 in
1347 1972 1551 2023 honore
1577 1980 1774 2023 sancta:

172 2063 375 2125 Marizc,
419 2063 605 2116 matris
636 2062 843 2115 Domini
890 2063 1055 2114 ttOtll‘l
1094 2060 1218 2113 Iesu
1271 2060 1490 2121 Christi,
1526 2069 1577 2112 rt
1606 2062 1775 2114 sancti

173 2154 323 2207 I’etri
356 2162 407 2207 ct
441 2153 585 2206 Pauli
615 2154 1001 2221 apostolorum,
1039 2152 1118 2203 vel
1153 2153 1481 2217 rebijuorutn
1524 2150 1773 2203 domino-

170 2262 298 2299 rum
344 2246 435 2313 qui
468 2247 515 2299 in
547 2247 659 2314 ipsa
704 2246 919 2298 basilica
954 2252 1300 2307 venerantur,
1348 2244 1505 2295 situm
1540 2242 1590 2293 in
1637 2254 1773 2309 pago

172 2336 616 2397 Fanomarcensi,
648 2352 809 2405 super
849 2336 1123 2387 limiolum
1155 2336 1244 2403 qui
1276 2341 1499 2386 vocatur
1530 2334 1721 2400 Ilelpre
1756 2349 1769 2384 :

172 2430 284 2482 hoc
314 2438 416 2495 est,
445 2437 657 2497 partem
690 2429 974 2479 maximam
1021 2426 1086 2478 de
1130 2427 1475 2493 possessione
1507 2433 1689 2477 nostra
1723 2424 1774 2475 in

170 2520 300 2572 villa
333 2528 637 2591 nuncupata
673 2520 955 2579 Macer-ias,
991 2519 1092 2571 sita
1136 2519 1188 2571 in
1223 2533 1361 2586 pago
1397 2516 1771 2579 Laudunensi,

170 2626 340 2677 super
367 2609 583 2663 lluvium
613 2609 832 2672 Iseram,
863 2626 1022 2679 quam
1052 2609 1118 2662 de
1141 2610 1259 2661 avia
1287 2623 1405 2661 mea
1430 2608 1538 2661 Deo
1563 2616 1772 2660 sacrata

173 2702 472 2755 Audeliana
524 2703 815 2770 quendam,
864 2702 991 2754 dato
1044 2700 1248 2770 prccio,
1301 2715 1399 2769 per
1449 2698 1772 2753 venditionis

171 2791 391 2845 titulum
421 2792 749 2860 comparavi,
791 2792 893 2845 hoc
934 2800 1034 2854 est,
1084 2806 1297 2845 mansos
1328 2791 1647 2851 dominicos,
1682 2789 1771 2842 ubi

174 2884 289 2951 ipsa
323 2883 617 2936 Aude'iana
657 2884 872 2949 mansit,
900 2884 983 2937 vel
1020 2893 1205 2951 postea
1239 2898 1335 2936 nos
1365 2883 1767 2947 cedilicavimus,

170 2985 225 3029 et
264 2975 612 3041 terrationes,
653 2984 707 3027 et
746 2990 930 3029 servos
978 2982 1034 3029 et
1076 2975 1321 3037 ancillas,
1357 2974 1478 3027 illos
1526 2982 1579 3027 et
1628 2974 1767 3027 illas.

167 3068 284 3120 llos
317 3066 478 3134 igitur
504 3082 719 3120 mansos
748 3084 869 3121 cum
903 3069 1060 3123 terris
1101 3070 1338 3122 concidis
1368 3078 1422 3121 et
1451 3068 1681 3137 pascuis,
1716 3067 1768 3121 in

164 3158 462 3227 integrum,
495 3174 589 3226 per
619 3160 753 3213 hanc
782 3161 974 3214 seriem
1020 3162 1261 3229 epistol-.e
1292 3171 1489 3216 nostra:
1518 3160 1767 3212 donatio-

165 3250 274 3313 nis,
310 3264 473 3319 quam
506 3248 743 3303 Ulsinum
778 3251 1045 3305 notarium
1076 3252 1313 3306 scribere
1342 3252 1667 3319 rogavimus,
1702 3249 1767 3303 ad

164 3340 347 3407 ipsam
378 3340 647 3393 basilicam
670 3350 866 3395 sancta:
893 3340 1071 3395 Mariae
1095 3341 1363 3395 Maricolis
1382 3348 1764 3402 constructam,

166 3446 195 3481 a
233 3430 489 3499 prasenti
519 3429 606 3483 die
627 3431 886 3485 tradimus
909 3431 971 3485 ad
997 3432 1400 3501 possidendum.
1431 3430 1555 3483 IIa:c
1586 3430 1765 3481 omnia

162 3539 334 3591 Supra
365 3524 641 3576 nominata
673 3522 737 3576 ad
769 3525 938 3593 ipsum
965 3526 1350 3578 monasterium
1381 3522 1763 3589 delegavitnus,

166 3624 231 3667 ut
261 3615 365 3683 ipsi
395 3615 646 3668 monachi
675 3615 757 3667 vel
788 3631 1127 3669 successores
1152 3615 1318 3668 nostri
1343 3614 1393 3667 in
1417 3628 1515 3667 suo
1540 3614 1659 3680 jure
1684 3610 1768 3663 vel

162 3705 543 3758 dominatione
571 3721 599 3759 a
626 3705 871 3774 praesenti
901 3706 986 3759 die
1017 3706 1280 3775 recipiant
1301 3705 1364 3758 ad
1389 3702 1765 3775 possidendum

162 3809 281 3853 tam
334 3799 385 3851 in
421 3799 574 3852 terris
622 3813 780 3867 quam
829 3799 1098 3865 domibus,
1150 3796 1409 3861 :ediliciis,
1461 3794 1764 3862 mancipiis,

162 3890 367 3954 vincis,
399 3890 563 3951 silvis,
596 3890 779 3958 pratis,
813 3890 1047 3957 pascuis,
1080 3890 1229 3956 aquis
1270 3901 1637 3955 aquarumque
1667 3885 1765 3938 de-

160 3983 443 4049 cursibus,
475 3982 675 4050 absque
718 3984 874 4035 ullius
913 3982 1109 4049 judicis
1158 3979 1624 4049 interpellatione,
1670 3976 1740 4028 Ita

163 4073 449 4139 beantque
479 4072 532 4124 in
562 4087 657 4125 sua
694 4080 960 4139 potestate
990 4072 1226 4136 tenendi,
1262 4071 1443 4127 dandi.
1480 4066 1763 4131 vendendi,

242 4254 268 4280 α
307 4244 512 4299 Pluries
559 4243 701 4298 edita
746 4246 929 4299 charta
967 4261 979 4297 :
1013 4245 1065 4298 l°
1106 4246 1155 4300 in
1200 4244 1468 4300 Chronico
1511 4242 1767 4297 Camera-

162 4316 323 4370 censi
370 4316 661 4379 ltalderici,
699 4330 816 4383 pag.
851 4315 951 4381 52,
984 4333 1011 4369 a
1052 4317 1386 4374 Colomerio.
1438 4315 1525 4367 ubi
1570 4313 1767 4383 dicitur

166 4389 497 4454 deprompta
524 4401 592 4439 ex
620 4379 837 4441 arclnvo
877 4379 1116 4440 caelesitc
1159 4388 1327 4440 sancti
1369 4386 1681 4447 Hutnberti;
1712 4379 1765 4431 2ο

166 4472 200 4510 a
248 4455 461 4519 Mirati),
495 4456 655 4523 Oper.
688 4456 814 4521 dipl.
861 4465 897 4509 t.
933 4456 982 4522 I,
1019 4474 1141 4525 pag.
1167 4458 1228 4516 9,
1258 4458 1348 4523 qni
1390 4458 1601 4508 videtur
1645 4464 1765 4505 eam

165 4526 550 4581 emendat/isse
596 4542 664 4578 ex
710 4530 1046 4594 autographa
1090 4530 1233 4594 quod
1266 4526 1765 4594 Maricolenses‘as-

164 4604 423 4657 servant;
451 4596 504 4648 ὅθ
534 4612 721 4649 recusa
755 4613 780 4647 τι
814 4591 1023 4651 (lutatio
1045 4636 1057 4658 ,
1107 4591 1242 4651 Ann.
1278 4607 1317 4649 t.
1347 4596 1440 4658 Ill,
1472 4609 1593 4663 pag.
1625 4591 1760 4653 629,

167 4683 240 4720 ex
272 4666 549 4721 Baldcrzco
593 4676 646 4719 et
686 4666 901 4730 Maneo;
935 4667 989 4718 4⁸⁵
1018 4685 1047 4721 a
1084 4669 1533 4720 Bollandistarutn
1579 4666 1754 4717 conti-

168 4737 509 4799 nuatoribus,
546 4752 729 4789 mense
764 4739 911 4790 Mart.
955 4747 991 4790 t.
1038 4738 1131 4800 Ill,
1164 4753 1229 4790 ex
1280 4738 1417 4804 ipso,
1450 4746 1509 4788 ut
1549 4743 1756 4803 putant,

168 4810 529 4875 autograplto.
574 4808 845 4859 liditiones
874 4809 1030 4861 Mirzei
1060 4809 1332 4875 sequimur
1363 4819 1415 4858 et
1446 4805 1755 4866 Colomerti,

168 4893 295 4945 qua:
340 4893 448 4930 non
478 4877 730 4930 dill'erunt
762 4880 858 4930 nisi
899 4881 1040 4945 quod
1076 4880 1125 4930 in
1156 4878 1529 4931 (jolomeriana
1562 4890 1757 4927 nomen

173 4947 459 5001 Humberti
506 4948 697 5011 legitur
748 4964 843 5015 pro
895 4950 1111 5001 nomine
1150 4948 1525 5007 Cbroneberti,
1558 4953 1611 4997 et
1644 4946 1759 4998 vice

170 5034 354 5073 versa.
391 5016 802 5071 Ilestitutionem
839 5027 1053 5071 tuentur
1098 5017 1433 5083 Exemplaria
1466 5032 1583 5086 qua:
1614 5016 1759 5068 vide-

171 5096 301 5141 runt
356 5087 563 5141 Mimos
611 5096 665 5140 et
714 5087 1068 5151 Bollattdisttc,
1114 5100 1169 5143 et
1210 5091 1322 5155 ipse
1369 5096 1653 5140 contextus
1682 5086 1758 5139 sic

171 5157 572 5210 eniendandum
618 5167 817 5211 monet.
853 5158 1108 5212 Proclivis
1137 5168 1313 5210 autem
1356 5172 1509 5210 error
1538 5159 1590 5209 in
1621 5156 1758 5208 scri-

172 5228 367 5279 bendis
406 5228 712 5280 nominibus
743 5228 1086 5294 Iinmhertus,
1128 5244 1221 5281 seu
1262 5226 1616 5290 Ilttntbertns,
1665 5241 1760 5279 seu

174 5297 565 5357 Cltuncbertus,
593 5314 714 5351 t‘ttnt
764 5314 957 5366 sacpius
998 5302 1137 5366 apud
1179 5308 1386 5350 veteres
1421 5299 1587 5349 vocali
1621 5297 1761 5363 api-

174 5381 303 5421 rata:
358 5370 712 5435 puemittatttr
768 5368 941 5420 littera
987 5387 1043 5431 c,
1079 5378 1134 5420 ut
1181 5379 1331 5420 notat
1384 5368 1632 5418 Mabtllon
1664 5385 1755 5429 us,

170 5439 365 5490 Annal.
397 5448 435 5491 t.
458 5440 498 5502 Ι,
526 5453 644 5507 pag.
676 5437 798 5504 «III,
823 5443 945 5490 dum
976 5441 1112 5493 haue
1134 5440 1302 5508 ipsam
1329 5439 1758 5491 CIIICttdalIuttCJt

171 5521 383 5564 as‘Sct‘lt.

246 5582 271 5617 ι»
315 5579 481 5645 Ιὶ.·ςιιὶ
530 5578 813 5631 ιλῑιιιιςιρτιρι
859 5579 899 5633 II
954 5597 1123 5634 annus
1167 5598 1237 5634 xu
1295 5585 1590 5638 cuicordat
1637 5602 1756 5640 cum

169 5668 316 5704 anno
340 5650 539 5702 Christi
574 5648 695 5700 671.
733 5652 1041 5717 Bollaudus,
1067 5652 1131 5704 ad
1156 5653 1295 5705 diem
1330 5653 1349 5704 I
1388 5655 1668 5719 Februan,
1707 5661 1754 5709 in

170 5721 569 5773 commentario
616 5736 810 5787 put-tuo
858 5721 986 5774 Vitae
1026 5723 1192 5774 sancti
1226 5724 1491 5791 Sigiberti,
1527 5735 1579 5779 et
1612 5726 1756 5779 Ilen-

167 5794 262 5844 sch
290 5793 460 5854 nius,
502 5791 575 5841 lle
628 5792 795 5864 tribus
838 5792 1179 5864 Dagobcrtzs,
1227 5793 1316 5846 lib.
1350 5812 1379 5848 ιι
1404 5838 1415 5853 .
1452 5814 1568 5864 cap.
1605 5796 1669 5860 4,
1707 5799 1755 5850 in

169 5866 514 5929 nutugrapho
560 5863 767 5915 munito
815 5866 974 5931 Ipsius
1021 5862 1297 5917 IIUIIIl)L‘l'lI
1336 5862 1532 5935 sigiilo,
1562 5878 1755 5938 negant

939 426 1377 484 DONATIUNES
1419 424 1505 481 AC
1547 421 2008 480 TES'I'AMENTA
2050 420 2291 488 EPISC.,
2335 421 2511 485 ΛΒΒ..
2560 420 2705 475 ETC.

3332 426 3471 481 1198

1803 544 1847 602 Α
1877 538 2264 602 connnuutndi,
2313 538 2398 590 vel
2448 537 2589 606 quod
2638 536 2836 590 exinde
2890 536 3159 592 voluerint
3214 539 3468 601 faciendi.

1874 626 2166 697 Propterea
2198 630 2250 682 in
2298 628 2400 682 ista
2430 627 2656 696 epistola
2685 627 3004 693 delinitnus,
3038 637 3097 683 ut
3123 631 3268 686 nulla
3298 633 3470 691 altera

1874 718 2081 772 ratione
2128 718 2398 773 calumnia
2455 719 2851 787 inpostmodum
2905 720 3046 775 inter
3096 724 3244 792 ipsos
3278 739 3471 783 servos

1874 809 1968 863 Dei
2005 809 2088 863 vel
2121 810 2361 865 hacredes
2393 817 2607 864 nostros
2638 826 2744 863 non
2775 810 3072 865 adcrrscat.
3104 811 3162 868 Si
3187 813 3310 884 quis
3337 831 3468 872 vero

1874 912 1995 973 post
2024 918 2143 965 nos,
2171 905 2312 971 quod
2341 903 2578 959 futurum
2601 918 2722 958 esse
2755 919 2858 958 non
2882 906 3171 973 credimus,
3200 909 3246 964 si
3276 909 3472 979 aliquis

1872 998 1939 1051 dc
1966 997 2263 1057 ltairedibus
2288 998 2502 1062 nostris,
2536 1004 2629 1053 aut
2655 997 2911 1067 qualibet
2937 1001 3183 1068 opposita
3212 1018 3466 1069 persona,

1873 1100 2062 1144 contra
2088 1090 2227 1145 hanc
2253 1090 2601 1145 donationem
2631 1098 2891 1156 nostram,
2921 1104 3080 1158 quam
3109 1092 3221 1146 lieri
3254 1095 3469 1162 rogavi-

1874 1196 2010 1244 nus,
2041 1180 2223 1237 venire
2248 1190 2342 1236 aut
2386 1182 2677 1250 infringere
2730 1180 2982 1247 voluerit,
3022 1183 3270 1253 primitus
3325 1186 3461 1239 iram

1874 1276 2029 1329 trina:
2052 1274 2346 1345 Majestatis
2371 1278 2612 1331 incurrat
2638 1284 2694 1329 et
2716 1275 2785 1329 sit
2807 1276 3116 1345 anathema,
3133 1286 3188 1332 et
3216 1276 3465 1335 deleatur

1874 1384 2071 1423 nomen
2102 1369 2216 1437 ejus
2246 1370 2317 1423 de
2347 1369 2483 1423 libro
2509 1370 2802 1423 viventium
2833 1369 3054 1432 erlesti,
3079 1378 3134 1422 et
3160 1384 3279 1423 cu:n
3303 1370 3468 1440 justis

1874 1476 1980 1512 non
2035 1461 2358 1526 scribantur,
2408 1460 2501 1514 sed
2539 1460 2646 1513 sint
2691 1468 2970 1514 consortes
3014 1458 3165 1513 Juda:
3196 1458 3471 1517 Iscariotis

1874 1553 1965 1619 qui
1996 1551 2278 1605 Dominum
2310 1551 2564 1618 tradidit;
2597 1560 2650 1606 et
2680 1552 2723 1606 si
2755 1552 3044 1607 emendare
3073 1553 3326 1616 noluerit,
3359 1569 3473 1609 mu-

1878 1653 1952 1695 tet
1982 1644 2120 1698 Deus
2148 1659 2362 1697 sensum
2394 1644 2529 1711 ejus,
2559 1653 2614 1698 et
2644 1644 2696 1697 in
2728 1643 2817 1696 illo
2844 1643 3046 1712 judicio
3076 1645 3301 1713 recipiat
3323 1648 3466 1714 quod

1876 1734 2115 1788 Ananias
2159 1743 2213 1788 et
2242 1735 2466 1803 Saphira
2492 1740 2813 1802 receperunt
2853 1737 2905 1787 in
2939 1734 3209 1803 praesenti,
3241 1744 3297 1790 et
3323 1736 3473 1790 insu-

1877 1842 1974 1896 per
2012 1826 2205 1881 inferat
2246 1826 2457 1896 cogenti
2507 1826 2635 1881 fisco
2681 1826 2797 1880 auri
2840 1825 3005 1881 libras
3045 1827 3255 1893 decem,
3288 1837 3343 1883 et
3371 1828 3471 1884 de-

1811 1914 1848 1971 D
1881 1937 1997 1975 cem
2049 1920 2258 1988 argenti
2309 1920 2488 1989 pondo
2536 1929 2755 1975 coactus
2807 1921 3092 1987 exsolvat;
3138 1937 3239 1977 nec
3269 1923 3472 1992 siquid

1884 2014 2096 2081 repetit,
2125 2013 2255 2066 nihil
2278 2014 2453 2065 valeat
2479 2012 2767 2079 vindicare,
2793 2022 2847 2067 et
2876 2028 3081 2069 merces
3105 2025 3288 2070 nostra
3315 2016 3471 2070 inan-

1887 2113 1969 2157 tea
2018 2104 2261 2173 proﬁciat
2302 2104 2365 2156 ad
2417 2104 2664 2157 salutem.
2700 2103 2766 2156 Et
2808 2104 2851 2158 si
2881 2104 3058 2173 aliqua
3090 2106 3466 2171 instrumenta,

1884 2204 1977 2249 aut
2007 2196 2288 2250 anterioris
2337 2205 2423 2250 aut
2466 2197 2797 2266 pOstetioris,
2843 2196 3086 2265 quolibet
3125 2196 3340 2265 ingenio
3382 2199 3472 2254 vel

1883 2297 2218 2355 argumento,
2252 2288 2319 2342 de
2350 2289 2563 2342 nomine
2605 2295 2825 2350 nostro,
2875 2289 2930 2342 in
2976 2288 3290 2359 propinquis
3332 2289 3469 2344 meis

1882 2380 1967 2433 vel
1998 2378 2270 2433 extraneis
2307 2380 2548 2449 personis
2586 2378 2782 2432 luerint
2810 2387 3058 2442 ostensa,
3092 2387 3187 2433 aut
3227 2380 3337 2434 ullo
3367 2395 3469 2434 un-

1881 2482 2042 2534 quam
2073 2475 2313 2535 tcmpore
2343 2467 2714 2537 apparuerint,
2746 2466 2991 2521 falsarios
3020 2482 3140 2523 csse
3169 2482 3470 2537 cognosca-

1883 2570 1988 2623 tur,
2013 2568 2066 2613 et
2096 2560 2270 2615 inanis
2300 2568 2635 2629 permaneat.
2672 2558 2777 2613 Sed
2808 2575 3041 2628 prrcsens
3064 2560 3289 2614 donatio
3318 2576 3349 2615 a
3378 2575 3469 2616 me

1879 2650 2019 2705 facta
2066 2652 2212 2705 omni
2257 2660 2500 2716 tempore
2544 2652 2693 2704 lirma
2740 2660 2794 2705 et
2841 2652 3089 2705 inviolata
3124 2663 3464 2723 permaneat,

1879 2744 2226 2811 stipulatione
2255 2744 2482 2798 subnixa
2515 2744 2829 2799 idoneorum
2861 2746 3110 2809 testium,
3142 2746 3347 2801 domini
3381 2748 3466 2801 vi-

1880 2833 2075 2889 delicet
2104 2835 2401 2889 V.ndiriani
2446 2834 2708 2905 episcopi,
2740 2844 2795 2890 et
2836 2834 3076 2890 Fulberti
3107 2835 3211 2890 mei
3261 2836 3463 2902 fratris,

1879 2924 1973 2978 sed
2004 2923 2077 2978 ill.
2112 2934 2165 2980 et
2198 2925 2269 2978 ill.
2304 2924 2329 2962 ά
2356 2928 2549 2979 Actum
2585 2926 2873 2981 Maricolis.
2906 2926 3023 2996 Ipse
3064 2935 3244 2982 tamen
3295 2928 3467 2982 llunt-

1878 3017 2062 3075 bertus
2086 3020 2228 3089 (Clir.
2254 3019 2400 3075 Cam.
2430 3020 2848 3093 Chonebertus),
2868 3022 2970 3078 etsi
2997 3032 3251 3093 peccator
3273 3024 3461 3087 abbas,

1878 3112 2094 3179 pr0pria
2122 3126 2282 3164 manu
2312 3111 2594 3166 conlirmo.

2564 3241 2739 3297 ,ΧΙΧ.

1871 3352 2065 3409 Charta
2101 3372 2201 3426 qua
2246 3354 2525 3408 Hnnaldus
2551 3364 2601 3408 et
2627 3370 2760 3408 uxor
2788 3354 2900 3424 ejus
2941 3355 3178 3409 Deodata
3222 3357 3461 3423 Berario,

1940 3426 2316 3480 Cenonmnensi
2352 3428 2619 3494 episcopo,
2654 3426 2851 3479 donant
2875 3467 2890 3488 ,
2926 3437 3120 3481 retento
3152 3431 3421 3493 nsnl'ruclu
3442 3468 3458 3492 ,

1939 3497 2184 3567 quidquid
2233 3496 2417 3549 habent
2464 3497 2517 3548 in
2562 3496 2687 3567 quilla
2727 3495 3025 3561 (laviriaco,
3077 3514 3191 3567 quae
3232 3499 3359 3567 ipsis
3390 3499 3461 3554 ad

1940 3566 2314 3636 usumfructum
2331 3584 2362 3620 (ι
2388 3566 2602 3620 Berario
2622 3581 2867 3620 concessa
2889 3570 3057 3637 fuerat
3084 3566 3106 3605 ε
3138 3566 3284 3638 (ann.
3306 3569 3456 3639 677).

1943 3705 2169 3761 Domino
2192 3713 2381 3760 sancto
2404 3715 2460 3759 et
2486 3702 2785 3773 apostolica
2806 3702 2936 3758 sede
2965 3703 3280 3773 dignissimo
3307 3705 3463 3762 dom-

1870 3814 1943 3852 no
1972 3807 2026 3852 et
2054 3796 2197 3851 Patri
2230 3795 2448 3850 Berario
2473 3795 2749 3864 episcopo,
2783 3807 2885 3849 nec
2913 3809 3021 3848 non
3064 3802 3121 3848 et
3150 3795 3297 3850 omni
3328 3812 3462 3850 eon-

1868 3888 2167 3957 gregationi
2196 3894 2393 3942 sancta:
2418 3884 2674 3941 Ecclesia:
2702 3880 3150 3948 Cenomannicte,
3179 3882 3461 3941 Ilunaldus

1868 3994 1926 4039 et
1953 3985 2068 4052 ejus
2091 3981 2290 4052 conjux
2319 3981 2575 4037 Deodata.
2604 3979 2735 4033 Dum
2764 3978 2831 4034 de
2862 3979 2985 4033 villa
3014 3978 3248 4049 praefata:
3276 3978 3462 4035 Eccle-

1868 4077 1961 4131 siae
1989 4085 2200 4141 vestrm,
2241 4079 2553 4153 nuncupata.
2591 4070 2896 4137 Gaviriaco,
2935 4070 3039 4127 sita
3083 4070 3137 4124 in
3186 4071 3461 4127 territorio

1870 4260 2084 4309 exstare
2109 4258 2292 4305 notam
2317 4246 2422 4304 diei
2461 4243 2602 4317 apud
2632 4243 2969 4300 Baldericum
2998 4250 3053 4299 et
3084 4244 3324 4301 Mirmum
3369 4245 3456 4301 in-

1872 4323 2217 4378 ternolatant.

1944 4342 2373 4446 gain-Tamen
2416 4386 2755 4441 Iluntbertus.
2796 4384 2854 4441 In
2884 4401 2993 4441 uno
3027 4400 3095 4441 ex
3124 4384 3296 4441 tribus
3322 4401 3456 4445 mss.

1870 4464 2154 4519 Codicibus
2172 4476 2308 4523 quos
2330 4458 2463 4512 vidit
2480 4456 2818 4512 Colomerins
2840 4458 3134 4523 legebatur,
3159 4465 3219 4511 ut
3237 4460 3456 4521 asserit,

1871 4552 1990 4604 pag.
2016 4531 2141 4604 H7,
2179 4526 2537 4592 Rudobertus;
2568 4528 2663 4582 sed
2694 4528 2943 4582 secundis
2973 4526 3118 4582 curis
3137 4567 3151 4594 ,
3183 4534 3310 4597 post
3336 4527 3460 4582 litu-

1871 4603 1983 4660 ram
2013 4603 2311 4656 restitutus.

1935 4676 1960 4709 ά
1990 4674 2327 4727 Abbreviata:
2356 4683 2518 4723 voces
2544 4668 2683 4721 illius
2714 4675 2768 4721 et
2788 4669 2934 4721 illius
2980 4666 3269 4722 lectionem
3300 4675 3453 4721 auto-

1864 4746 2122 4813 gripbam
2155 4756 2347 4813 sapere
2392 4737 2912 4813 tuioitnevidcntur,
2943 4739 3037 4791 sed
3068 4737 3449 4813 negligentiam

1864 4808 2234 4882 exscriptoris,
2260 4811 2350 4881 qui
2382 4810 2513 4864 alias
2556 4809 2979 4878 subscriptiones
3025 4808 3301 4862 addendas
3345 4823 3455 4863 non

1866 4885 2093 4939 curavit.

1938 4966 1960 4992 ο
1992 4955 2243 5007 Chartam
2286 4951 2373 5006 hic
2402 4949 2645 5013 edimus,
2669 4946 2736 5002 de
2770 4962 2875 5016 qua
2919 4947 3250 5002 mentionem
3282 4949 3456 5003 movi-

1864 5042 1983 5079 mus
2014 5025 2065 5079 in
2090 5026 2233 5078 notis
2257 5022 2455 5077 nostris
2474 5062 2490 5087 ,
2521 5033 2643 5090 pag.
2677 5016 2812 5084 169,
2846 5018 2911 5072 ad
2938 5019 3175 5090 diploma
3202 5017 3457 5074 Theodo-

1864 5097 1957 5150 rici
1991 5094 2087 5157 Ill,
2119 5110 2261 5148 anno
2292 5092 2452 5148 tertio
2486 5088 2634 5157 regni
2665 5092 2781 5158 ejus
2824 5090 3105 5143 emissum.
3134 5088 3339 5143 Inserta
3370 5102 3457 5143 est

1865 5167 1917 5220 in
1948 5166 2093 5220 Actis
2119 5168 2494 5233 episcoporum
2522 5160 3008 5233 Cenomanensiutn
3028 5197 3043 5221 ,
3074 5158 3276 5233 Mabill.
3309 5158 3452 5233 Ana-

1864 5237 1965 5291 lec.
1994 5250 2113 5305 pag.
2142 5228 2270 5298 271,
2304 5228 2405 5287 nec
2429 5231 2633 5305 uspiam
2662 5229 2794 5283 alias
2822 5238 3067 5305 apparet,
3100 5228 3245 5305 unde
3274 5228 3452 5297 aliqua

1864 5298 2009 5361 subit
2043 5298 2231 5359 contra
2265 5306 2379 5371 ejus
2404 5298 2768 5371 sinceritatem
2802 5300 3057 5371 suSpicio.
3095 5298 3230 5353 Cum
3272 5308 3452 5354 tamen

1866 5378 2148 5430 m-mifesta
2182 5370 2306 5428 falsi
2330 5373 2655 5434 indic-ianon
2686 5370 2972 5435 exhibeat,
3005 5371 3174 5439 ipsam
3203 5373 3454 5441 supposi-

1867 5450 1993 5501 litiis
2024 5446 2224 5499 chartis
2266 5456 2623 5497 annumerare
2669 5441 2746 5494 las
2779 5456 2883 5494 non
2924 5450 3023 5495 est.
3060 5441 3220 5495 Certe
3250 5451 3457 5511 pugnat

1865 5533 1984 5571 cum
2014 5516 2255 5586 pluribus
2274 5511 2655 5586 instrumentis
2679 5527 2797 5580 qua:
2828 5513 2964 5586 inter
2990 5514 3180 5565 eadem
3209 5522 3326 5586 acta
3371 5527 3453 5565 re-

1864 5582 2166 5657 periuntur,
2194 5584 2562 5657 scdcaplanc
2602 5583 2968 5657 commentitia
3015 5582 3454 5657 monstravimus,

1864 5652 1927 5711 ac
1958 5656 2178 5726 proinde
2207 5655 2335 5709 nihil
2373 5653 2577 5707 faciunt
2618 5653 2685 5705 ad
2730 5653 2885 5726 Iidem
2916 5652 3119 5726 chartis
3151 5654 3306 5726 hujus
3334 5656 3449 5704 cle-

1865 5721 2111 5781 vatidam.
2145 5725 2330 5780 Annus
2359 5730 2581 5792 quartus
2610 5722 2761 5789 regni
2794 5721 3115 5776 Theudorici
3147 5721 3231 5785 lIl,
3269 5736 3452 5775 mense.

1863 5800 2034 5864 .lulio,
2080 5798 2375 5851 concordat
2420 5810 2542 5848 cum
2585 5810 2727 5847 anno
2770 5793 2967 5847 Christi
2999 5792 3099 5864 ϐπ
3128 5834 3141 5856 ,
3168 5792 3323 5861 juxta
3355 5811 3453 5845 tto~

1864 5878 2030 5924 stram
2063 5868 2220 5938 lmjus
2243 5866 2391 5936 regni
2422 5879 2593 5920 annos
2615 5864 2965 5934 computandi
2999 5863 3285 5921 rationem.
