4206 6530
731 451 866 507 ιιειει

730 582 1159 652 liurdcga'euse,
1190 580 1347 636 nobis
1380 579 1711 649 temporibus
1744 580 1864 633 vita:
1896 588 2092 633 nostra:
2121 578 2325 634 bcneli-
2364 562 2408 618 Λ

726 677 870 732 cium
899 675 966 730 ad
1002 670 1455 729 usul'ructuarium
1486 669 1714 739 fecistis,
1745 670 1867 725 ideo
1895 686 1992 740 pro
2026 669 2207 725 divino
2238 670 2321 724 in-

730 767 868 821 tuitu
895 761 1222 832 complacuit
1251 770 1312 815 ut
1343 760 1495 816 vobis
1521 768 1577 815 et
1602 759 1856 816 Ecclesia:
1886 771 2079 815 vestra:
2109 760 2325 830 petitio—

727 873 855 914 nem
877 863 1140 918 nostram,
1170 853 1317 922 quod
1344 852 1395 907 in
1425 851 1538 921 ipsa
1566 852 1688 907 villa
1714 866 1744 906 e
1767 852 2100 922 proprietate
2126 851 2326 906 habere

727 948 812 1003 vel
840 946 1114 1017 possidere
1144 947 1437 1006 noscimur,
1471 958 1571 1013 pro
1595 942 2074 1021 remedioanimze
2103 949 2322 1003 nostra),

729 1051 785 1097 ct
813 1056 910 1112 pro
952 1040 1066 1108 ipso
1119 1035 1397 1091 usufructn
1438 1034 1738 1089 concedere
1780 1033 2139 1099 deberemus;
2182 1032 2324 1100 quod

728 1136 803 1187 ita
826 1140 881 1186 et
912 1146 1009 1201 per
1038 1129 1178 1184 hanc
1200 1127 1485 1197 epistolam
1520 1139 1617 1179 nos
1641 1124 1833 1179 fecisse
1861 1129 2092 1189 constat,
2125 1136 2190 1177 ea
2219 1121 2322 1176 sci-

729 1224 861 1279 licet
890 1220 1103 1277 ratione
1133 1227 1222 1283 ut,
1264 1217 1389 1272 dum
1441 1216 1830 1282 advixerimus,
1871 1226 1926 1269 et
1964 1212 2327 1284 suprascripta

729 1317 986 1386 portione
1032 1311 1284 1366 Ecclesize
1320 1319 1515 1365 vestra:
1542 1317 1595 1363 et
1633 1317 1837 1373 nostra,
1878 1306 1958 1362 vel
1989 1304 2324 1374 adjacentiis,

730 1425 938 1472 earum,
968 1407 1035 1462 ad
1065 1406 1331 1473 integrum
1359 1402 1638 1472 possidere
1664 1401 1982 1466 debeamus,
2012 1407 2071 1453 ut
2099 1412 2275 1467 neque
2297 1414 2327 1451 a

732 1502 885 1556 vobis
905 1541 919 1565 ,
952 1511 1127 1567 neque
1156 1510 1185 1548 a
1216 1492 1624 1550 successoribus
1654 1492 1846 1545 vestris
1865 1533 1879 1556 ,
1908 1491 2235 1558 quicumque
2262 1488 2330 1544 de

730 1604 888 1662 parte
914 1598 1225 1646 memoratae
1259 1586 1507 1642 Ecclesia:
1538 1592 1753 1649 vestrm,
1781 1583 1970 1638 diebus
1989 1582 2111 1635 vita:
2135 1589 2329 1635 nostra:

734 1686 936 1740 nullam
967 1682 1344 1753 repetitionem
1371 1686 1462 1732 aut
1486 1677 1884 1747 inquisitionem
1914 1674 2108 1728 exinde
2130 1674 2330 1727 habere

733 1794 845 1832 non
875 1775 1199 1835 debeamus;
1243 1771 1494 1831 forsitan,
1528 1769 1663 1821 sicut
1706 1781 1868 1835 supra
1915 1764 2176 1833 scriptum
2224 1772 2325 1828 est,

732 1871 840 1923 hoc
867 1866 932 1919 atl
978 1865 1241 1930 integrum
1284 1875 1386 1929 ego
1426 1858 1511 1912 vel
1543 1856 1742 1926 conjux
1789 1871 1905 1910 mea
1936 1854 2179 1909 Deodata
2229 1853 2330 1908 hoc

1479 444 1745 500 SﬁiCllL.
1778 443 1864 499 \‘ll
1910 443 1994 499 ΕΤ
2042 443 2152 498 VIII
2198 439 2737 497 ECCLESIASTICA
2779 437 3236 497 ΜΟΝΙΙΜΕΝΤΛ.

3888 435 4019 493 1200

3174 556 3287 611 XX.

2433 672 2668 741 Epistofa
2724 672 3023 726 Vindicimtf
3050 674 3277 741 episcopi
3308 674 3378 724 ad
3417 670 3678 726 Joannem
3712 688 3939 740 papam,
3971 673 4023 725 in

2500 761 2598 813 qua
2627 743 2739 812 ejus
2766 745 3065 811 rescriptum
3093 745 3359 813 inseritur,
3390 759 3488 812 quo
3510 743 4023 813 con/irmaumrpri-

2502 811 2682 882 iilegia
2712 815 2943 867 ecclesia:
2983 824 3180 867 «nime
3215 812 3405 867 Maria:
3445 813 3800 866 Atrebatensis
3828 828 3863 864 α
3905 811 4025 866 Vin-

2503 885 2709 937 diciuno
2740 900 2985 937 concessa
3016 893 3043 921 ἰ
3077 888 3226 951 (ann.
3262 883 3413 952 U80).

2502 1019 2701 1072 Sancto
2739 1026 2794 1072 et
2823 1019 3142 1075 universalis
3185 1019 3434 1076 litclesize
3476 1022 3785 1091 provisori,
3829 1022 4025 1078 beatis-

2432 1112 2568 1164 simo
2595 1109 2843 1176 .lohanni,
2874 1126 3027 1180 papa:
3050 1111 3315 1175 Romano,
3340 1113 3721 1183 episcoporum
3745 1114 4021 1183 episcopo,

2434 1200 2780 1257 Vindicianus
2800 1216 2988 1258 servus
3007 1218 3287 1258 servorum
3316 1205 3408 1260 Dei
3429 1205 3703 1270 minimus,
3729 1206 3786 1260 in
3808 1204 4021 1261 Christo

2438 1293 2664 1349 Domino
2709 1294 2968 1363 quicquid
3000 1294 3225 1351 felicius.
3260 1296 3457 1351 Notum
3486 1298 3557 1352 sit
3588 1298 3906 1369 paternitati
3935 1314 4026 1355 ve-

2434 1395 2578 1450 strae,
2609 1402 2703 1441 seu
2733 1389 2983 1442 omnibus
3030 1398 3230 1443 sanctze
3266 1390 3356 1445 Dei
3389 1391 3641 1447 Ecclesia:
3688 1393 3959 1463 prolibus,
3985 1394 4029 1450 si

2434 1476 2631 1544 aliquid
2662 1477 2729 1532 de
2756 1477 2918 1533 rebus
2948 1480 3167 1545 nostris,
3203 1481 3333 1535 locis
3363 1491 3672 1537 sanctorum
3703 1485 3789 1539 vel
3822 1486 3876 1539 in
3907 1488 4030 1541 sub-

2434 1569 2631 1622 stantia
2674 1583 2969 1638 pauperum
3011 1573 3363 1641 conferimus,
3396 1574 3498 1630 hoc
3526 1576 3682 1631 nobis
3713 1579 3904 1647 procul
3930 1580 4028 1633 du-

2438 1658 2526 1712 bio
2573 1660 2625 1713 ili
2675 1669 2933 1715 mli-rnatu
2973 1661 3360 1717 beatitudinem
3411 1666 3635 1721 retribui
3684 1667 4027 1725 confidimus.

2439 1745 2546 1799 Nos
2574 1745 2796 1814 quidem
2827 1748 2896 1801 de
2928 1758 3072 1803 tanta
3103 1751 3468 1807 misericordia
3499 1764 3555 1809 et
3586 1755 3788 1825 pietate
3820 1758 4029 1812 1)οηιίιὶ

2439 1837 2801 1903 confidentes,
2836 1842 2887 1894 in
2918 1851 3190 1897 conventu
3233 1846 3620 1901 venerabilium
3651 1849 4027 1919 episcoporum

734 1956 1015 2029 possidere
1044 1953 1352 2011 debeamus.
1380 1948 1627 2004 similiter
1656 1956 1711 2000 et
1742 1961 1858 2009 vos,
1884 1945 1967 1999 vel
2000 1958 2121 2013 pars
2150 1941 2337 1998 Eccle-

2443 1938 2773 1996 nostrorum,
2796 1947 2979 1986 coram
3005 1948 3129 2002 rege
3151 1934 3392 2004 piissimo
3416 1936 3774 2006 Theoderico,
3800 1941 3849 1994 in
3873 1955 4033 2009 gene-

737 2048 833 2101 sim
879 2053 1094 2108 vestra),
1144 2048 1268 2110 post
1311 2032 1608 2094 discessum
1638 2037 1824 2106 utique
1854 2044 2119 2096 nostrum,
2163 2034 2332 2103 ipsam

736 2136 1044 2207 portionem
1073 2143 1313 2189 nostram
1342 2129 1611 2199 propriam
1644 2128 1695 2180 in
1728 2136 1903 2181 vestra
1938 2125 2207 2180 revocetis
2237 2124 2334 2179 do-

739 2230 1074 2291 minatione;
1107 2239 1285 2293 neque
1333 2240 1363 2276 a
1409 2221 1583 2288 nobis,
1621 2234 1797 2290 neque
1826 2218 1892 2273 ab
1920 2218 2210 2273 heredibus
2238 2232 2334 2271 seu

740 2319 1106 2391 prohercdum
1133 2324 1317 2372 nostra
1356 2329 1461 2377 am,
1492 2312 1749 2383 nulloque
1774 2320 2038 2381 tempore,
2067 2310 2172 2364 alia
2203 2324 2333 2364 con-

739 2415 963 2468 trariete
1010 2421 1101 2466 aut
1139 2408 1463 2479 repetitione
1511 2405 1711 2459 habere
1760 2420 1865 2458 non
1908 2401 2332 2473 pertemescatis,

740 2505 968 2560 forsitan
1015 2498 1424 2571 perpetualiter,
1456 2496 1509 2550 in
1560 2496 1651 2548 Dei
1683 2494 1919 2556 nomine,
1965 2508 2062 2563 pro
2093 2491 2335 2547 remedio

740 2598 934 2652 anima:
964 2601 1181 2658 nostrw,
1205 2598 1328 2660 post
1352 2597 1595 2643 nostrum
1619 2586 1938 2651 discessum,
1968 2584 2212 2653 partibus
2239 2581 2338 2637 Ec-

740 2688 921 2743 clcsim
952 2696 1144 2742 vestne
1173 2681 1419 2754 proficiat
1443 2680 1495 2734 in
1527 2687 1897 2747 augmentum.
1929 2676 1993 2729 Et
2021 2676 2186 2748 [quod
2221 2674 2336 2729 fieri

740 2796 851 2835 non
878 2773 1171 2846 credimus]
1200 2774 1243 2829 si
1269 2773 1423 2841 quis,
1451 2786 1546 2824 vos
1575 2778 1630 2823 et
1655 2782 2002 2823 successores
2033 2765 2215 2829 vestri,
2247 2774 2340 2819 aut

740 2890 844 2930 nos
892 2873 975 2926 vel
1022 2868 1249 2924 heredes
1290 2864 1480 2926 nostri,
1523 2869 1711 2916 contra
1756 2861 1895 2914 hanc
1923 2859 2208 2928 epistolam
2240 2857 2336 2911 ali-

738 2938 869 3032 ειιιιίι
913 2961 1178 3016 resultare
1210 2963 1302 3010 aut
1332 2955 1605 3023 refragare
1636 2966 1731 3005 seu
1760 2956 2010 3019 repetere
2039 2948 2337 3014 conarerit,

740 3057 1069 3123 quicumque
1117 3052 1221 3103 hoc
1269 3048 1448 3100 facere
1497 3040 1921 3112 praisumpserit,
1976 3038 2169 3093 inferat
2214 3053 2340 3108 pars

740 3163 890 3215 pare,
927 3158 1027 3198 una
1059 3157 1180 3195 cum
1213 3136 1580 3193 saeratissimo
1631 3134 1782 3196 fisco,
1813 3146 1947 3184 auro
1997 3129 2087 3183 lib.
2134 3145 2200 3194 ν,
2247 3145 2337 3182 ar-

740 3250 905 3307 gento
928 3234 1165 3307 pondera
1201 3248 1269 3295 κς
1308 3240 1361 3284 ct
1405 3241 1641 3297 pra-scus
1683 3224 1909 3295 epistola
1943 3223 2093 3277 firma
2132 3223 2339 3278 stabili-

2440 2021 2539 2076 rali
2587 2021 2803 2090 placito,
2839 2022 2978 2077 hanc
3020 2024 3304 2094 epistolam
3351 2028 3765 2092 roboravimus,
3813 2031 4032 2086 robora-

2443 2122 2661 2182 tamque
2690 2114 2741 2167 in
2772 2124 3094 2184 perpetuum
3134 2116 3252 2172 fore
3285 2126 3555 2188 Optamus.
3592 2119 3703 2175 Lex
3733 2123 4030 2191 priscorum

2440 2221 2657 2272 quoque
2700 2210 2946 2277 exposcit
2973 2211 3373 2279 auctoritatem,
3408 2222 3465 2268 ut
3493 2215 3823 2285 quicumque
3849 2219 4023 2273 volue-

2442 2299 2510 2352 rit
2536 2298 2604 2354 de
2643 2300 2802 2355 rebus
2846 2301 2957 2356 suis
2987 2303 3235 2372 propriis
3283 2305 3535 2373 vendere,
3584 2310 3800 2375 cedere,
3833 2311 4033 2366 condo-

2441 2405 2590 2455 nare,
2632 2406 2787 2445 suum
2816 2401 3174 2448 strumentum
3196 2437 3209 2459 ,
3242 2395 3540 2451 secundum
3582 2398 3755 2467 legem
3784 2401 4033 2467 salieam,

2442 2482 2712 2537 licentiam
2741 2483 2939 2539 habeat
2966 2484 3173 2554 illigare
3195 2485 3244 2540 δ.
3269 2489 3610 2560 Quapropter
3639 2494 3887 2547 noierint
3914 2511 4033 2549 om-

2441 2589 2538 2628 nes
2561 2574 2746 2629 lideles
2775 2585 3066 2639 praesentes
3092 2592 3156 2632 ac
3180 2578 3368 2647 futuri,
3390 2580 3686 2650 pontificali
3713 2585 4036 2640 auctoritate

2442 2662 2546 2718 hoc
2572 2664 2881 2735 episcopale
2911 2666 3249 2737 privilegium
3272 2678 3641 2727 constructum
3670 2688 3700 2727 a
3732 2685 4036 2731 memorato

2440 2769 2568 2823 rege
2619 2754 2981 2822 Theoderico,
3033 2767 3091 2813 ut
3132 2758 3518 2817 inviolabiliter
3562 2772 3939 2832 conservetur,
3970 2768 4035 2819 ab

2442 2846 2703 2901 hodierno
2732 2847 2820 2902 die
2862 2856 2917 2902 et
2946 2848 3224 2919 deinceps,
3272 2865 3371 2920 per
3400 2852 3762 2922 pontificalem
3801 2857 4035 2911 auctori-

2442 2946 2608 2991 tatem
2636 2954 2826 2995 omnes
2854 2941 3145 2997 sarculares
3174 2950 3230 2996 et
3269 2940 3580 3012 judiciarias
3612 2955 3914 3017 potestates
3943 2964 4034 3003 ex-

2442 3028 2729 3095 cludimus,
2762 3044 3085 3099 omnemque
3113 3031 3406 3087 clamorem
3445 3044 3500 3089 et
3528 3050 3743 3090 omnem
3795 3036 4030 3093 invasio-

2442 3135 2565 3174 nem
2595 3120 2663 3174 ab
2684 3121 2914 3175 ecclesia
2941 3131 3141 3177 sancta:
3171 3122 3350 3178 Maria:
3379 3125 3749 3182 Atrebatensis
3779 3130 4035 3186 civitatis.

2444 3211 2549 3265 Sed
2579 3221 2638 3266 ut
2660 3213 2820 3267 liceat
2840 3215 3114 3270 canonicis
3143 3216 3253 3271 Deo
3283 3217 3408 3272 inibi
3434 3218 3819 3277 famulantibus
3838 3240 3908 3278 ex
3934 3225 4037 3279 hoc

742 3342 853 3387 tate
885 3328 1270 3401 perpetualiter
1311 3327 1362 3379 iu
1398 3324 1491 3377 Dei
1537 3321 1756 3375 nomine
1797 3319 1978 3373 valeat
2024 3317 2337 3388 perdurare,

2448 3312 2502 3358 et
2529 3305 2581 3359 in
2613 3305 2877 3374 reliquum
2908 3313 3120 3376 tempus
3149 3307 3332 3375 quiete
3362 3308 3572 3375 vivere,
3603 3311 3670 3365 ab
3698 3313 3849 3366 omni
3888 3329 4042 3368 mun-

741 3438 867 3478 cum
914 3420 1267 3490 stipulatione
1319 3417 1468 3468 firma
1517 3422 1574 3467 et
1614 3412 1874 3466 subnexa.
1911 3409 2072 3463 Facta
2111 3407 2340 3475 epistola

744 3513 950 3569 mensis
970 3511 1093 3566 Julii
1120 3510 1204 3562 die
1237 3524 1293 3571 ιι,
1320 3523 1464 3560 anno
1497 3521 1569 3559 IIII
1596 3503 1746 3571 regni
1770 3502 1950 3556 domui
1978 3500 2142 3555 nostri
2166 3498 2343 3554 Theo-

744 3609 915 3665 dorici
946 3607 1109 3675 regis.
1145 3603 1457 3658 lluuualdus
1486 3597 1801 3667 subscripsi.
1839 3595 2076 3651 Deodata
2104 3592 2344 3650 subscri-

743 3704 851 3775 psi.
903 3701 961 3755 In
1000 3698 1201 3753 Christi
1252 3695 1469 3750 nomine
1511 3691 1877 3747 Leodebertus
1926 3687 2241 3757 subscripsi.
2286 3684 2345 3741 In

744 3791 948 3848 Christi
978 3789 1202 3845 nomine
1232 3785 1529 3841 Bosolenus
1552 3824 1568 3849 ,
1599 3782 1707 3838 acsi
1742 3790 1997 3851 peccator
2023 3780 2340 3849 episcopus,

746 3882 1061 3950 subscripsi.
1094 3878 1253 3933 .lesus
1292 3875 1489 3931 Christi
1534 3874 1752 3929 humilis
1780 3872 2092 3941 subscripsi.
2128 3870 2346 3924 Neonls

748 3976 947 4031 Cluisti
977 3972 1193 4033 humilis
1231 3968 1546 4037 subscripsi.
1581 3967 1841 4021 Probatos
1879 3964 2079 4019 Christi
2128 3961 2345 4017 humilis

748 4064 1064 4130 subscripsi.
1109 4060 1167 4115 ιιι
1212 4058 1411 4114 Christi
1449 4057 1667 4113 nomine
1699 4056 1988 4111 Bertranus
2017 4052 2184 4108 abbas
2214 4052 2341 4107 sub-

748 4158 959 4227 scripsi.
994 4154 1050 4209 In
1077 4152 1278 4209 Christi
1320 4150 1538 4205 nomine
1567 4148 1898 4218 Iggonardus
1926 4148 2073 4202 subs.
2108 4146 2346 4200 Eodinus

749 4249 900 4305 subs.
934 4246 1291 4308 Audohertus,
1321 4243 1504 4312 jussus
1535 4256 1564 4296 a
1593 4242 1812 4296 domino
1860 4256 1981 4295 meo
2035 4238 2341 4305 Ilunualdo,

751 4345 892 4398 banc
920 4340 1206 4412 epistolam
1236 4337 1424 4409 scripsi
1454 4345 1507 4393 et
1534 4335 1853 4405 subscripsi.

827 4782 851 4809 α
885 4773 1087 4828 Inserta
1111 4769 1164 4823 in
1189 4765 1448 4823 Baldcrici
1476 4762 1747 4820 Chronico
1775 4756 2180 4838 Catiieracensi,
2219 4771 2336 4825 pag.

754 4846 860 4910 46;
892 4857 1077 4897 recusa
1110 4841 1161 4894 in
1191 4839 1565 4910 supplemento
1607 4848 1831 4910 Operum
1867 4830 2338 4910 diplomaticorum

754 4898 943 4979 Mirmi,
971 4920 1011 4966 t.
1047 4912 1110 4966 IV
1130 4954 1146 4979 ,
1175 4925 1235 4981 p.
1261 4898 1349 4963 ιιι.
1385 4907 1595 4981 Falsum
1624 4898 1858 4981 produnt
1884 4898 2335 4981 notaacbronolo.

757 4971 1066 5055 gicm,_'qtne
1093 4971 1458 5055 pontificatum
1489 4971 1726 5055 dominis
1767 4989 1917 5055 papa;
1964 4971 2340 5055 illigantjcum

757 5045 904 5110 anno
923 5045 1138 5121 Tregui
1182 5047 1502 5121 Theoderici
1535 5045 1620 5108 IlI,
1653 5052 1859 5121 etcum
1902 5051 2145 5121 tempore
2177 5053 2342 5121 exau-

758 5110 1078 5179 ctorationis
1099 5119 1433 5186 Leodegarii,
1463 5114 1959 5187 Augustodnnensis
1983 5110 2244 5187 episcopi,
2274 5110 2341 5161 ab

758 5194 1018 5250 Ebroino.
1071 5180 1430 5258 Leodegarius
1477 5180 1575 5261 fuit
1622 5187 1692 5240 ab
1733 5184 2050 5261 episcopatu
2089 5180 2342 5261 .d'ejiectus

761 5280 905 5320 anno
934 5262 1072 5325 674;
1103 5250 1279 5332 annus
1319 5266 1499 5332 autem
1537 5256 1568 5309 7
1601 5250 2100 5332 regni_’l‘_heodprici
2132 5250 2198 5303 Ill
2225 5256 2343 5329 erat

762 5349 935 5389 annos
951 5332 1150 5387 Christi
1172 5330 1295 5384 680.
1314 5330 1653 5399 Chantereau
1679 5325 1956 5399 Lefebvr‘e,
1973 5325 2339 5399 inruanuscri-

762 5414 859 5474 pto
893 5405 967 5474 De
995 5404 1114 5470 lege
1139 5401 1326 5474 salicti,
1353 5398 1500 5474 quod
1529 5405 1701 5474 exstat
1730 5396 1868 5448 inter
1892 5391 2061 5474 Codd.
2100 5390 2230 5474 ιξιυι.
2260 5404 2343 5474 re-

763 5461 884 5542 'giae,
915 5472 984 5527 de
1030 5461 1462 5542 liacVindi-eiani
1489 5468 1734 5542 epistola,
1765 5464 1956 5520 asserit
1975 5504 1989 5523 ,
2020 5461 2115 5542 sed
2147 5473 2342 5528 perpe-

765 5532 884 5597 ram
915 5556 1038 5596 meo
1063 5532 1713 5612 judicio,“Childebertum
1741 5532 2178 5612 nec-atum'fuisse
2200 5543 2343 5583 anno

770 5612 896 5676 (367,
929 5602 1216 5665 indic'tione
1248 5602 1344 5673 1’0,
1377 5608 1519 5679 unde
1530 5607 1798 5679 septimus
1827 5602 2146 5679 Theoderici
2176 5613 2344 5679 annos

770 5668 1125 5737 concordaret
1152 5694 1272 5732 cum
1302 5668 1443 5733 anno
1474 5676 1575 5729 (374
1599 5668 1617 5741 ξ
1645 5676 1809 5748 quod,
1842 5674 1943 5748 etsi
1980 5687 2181 5748 verum,
2216 5668 2345 5748 nihil

772 5736 1167 5806 immutandum
1208 5750 1345 5803 foret
1382 5736 1621 5815 opinioni
1663 5736 2087 5815 Breqiiiguiarim.
2127 5736 2347 5795 Pontiﬁ-

773 5831 925 5875 catus
950 5821 1171 5874 Joannis
1201 5834 1347 5888 papte
1385 5814 1429 5870 ιν
1469 5819 1673 5869 initium
1722 5814 1947 5888 sumpsit
1974 5814 2114 5888 circa
2139 5824 2345 5888 annum

775 5891 969 5947 Christi
991 5890 1093 5943 685
1121 5881 1213 5945 aut
1237 5881 1358 5953 6815,
1394 5899 1441 5943 et
1472 5889 1701 5942 Joannes
1725 5884 1787 5939 IV
1812 5881 1950 5939 anno
1981 5881 2085 5935 642
2102 5882 2344 5944 obierat;

2378 4658 2429 4717 D

2445 3396 2587 3451 dano
2612 3398 2842 3467 strepitu
2871 3406 3294 3467 sequestranius.
3322 3399 3378 3453 Si
3419 3411 3597 3454 autem
3632 3401 3757 3458 talis
3803 3405 4042 3459 extiterit

2446 3504 2628 3554 causa,
2663 3502 2723 3545 ut
2749 3505 3093 3547 successores
3142 3492 3309 3546 nostri
3358 3493 3598 3563 precaria
3647 3494 3733 3548 vel
3778 3495 4041 3551 beneficia

2446 3579 2514 3634 de
2540 3581 2702 3636 rebus
2727 3580 2796 3636 ad
2825 3581 3148 3638 clericorum
3197 3598 3350 3638 usum
3394 3585 3787 3654 pertinentibus
3826 3597 4042 3657 patrare

2445 3671 2754 3739 maluerint,
2788 3672 2890 3727 hoc
2917 3672 3288 3731 interdicimus
3315 3675 3603 3731 interdictu
3630 3676 3794 3732 etiam
3820 3679 4037 3733 anathe‘

2446 3763 2626 3829 matis,
2656 3773 2714 3818 et
2733 3764 3030 3835 pontificali
3068 3765 3393 3821 auctoritate
3420 3766 3748 3834 stabitimus,
3781 3778 3842 3823 ut
3871 3770 4039 3840 ipsum

2447 3854 2836 3909 monasterium
2882 3870 3006 3910 cum
3047 3855 3130 3911 his
3173 3854 3313 3911 villis
3368 3855 3640 3924 Belrenio,
3670 3857 4036 3923 Medonivilla,

2448 3944 2588 3999 inter
2615 3944 2715 4001 has
2741 3945 2877 4001 duas
2902 3945 3059 4000 villas
3090 3961 3308 4002 mansos
3338 3963 3435 4012 rx,
3465 3949 3703 4004 culturas
3743 3964 3796 4004 xi
3818 3989 3834 4014 ,
3866 3952 4040 4007 eccle-

2447 4038 2554 4093 sias
2582 4054 2638 4100 ιι,
2669 4054 2792 4093 cum
2818 4039 2966 4094 omni
2988 4039 3116 4096 dote
3137 4047 3195 4096 et.
3219 4042 3468 4097 omnibus
3491 4044 3848 4113 appendiciis,
3875 4046 4039 4116 Aquis

2448 4130 2500 4184 in
2529 4144 2667 4199 pago
2698 4132 3077 4198 Atrebatense,
3107 4147 3231 4188 cum
3272 4134 3499 4189 ecclesia
3524 4144 3580 4189 et
3608 4135 3759 4201 dote,
3791 4152 3891 4192 seu
3924 4154 4036 4194 om-

2447 4219 2605 4273 nibus
2626 4220 2974 4289 appendiciis,
3001 4220 3226 4278 Friscini
3245 4231 3398 4279 curte
3417 4239 3539 4279 cum
3561 4227 3814 4281 omnibus
3837 4242 4038 4297 appen-

2447 4311 2617 4377 diciis,
2645 4312 2855 4367 Batsala
2896 4327 3017 4368 cum
3048 4313 3279 4369 ecclesia
3308 4324 3364 4369 et
3401 4316 3654 4371 omnibus
3682 4316 3807 4386 ejus
3836 4334 4036 4390 appen-

2447 4402 2621 4468 diciis,
2670 4402 2880 4459 Berleta
2925 4419 3046 4459 cum
3100 4405 3349 4461 omnibus
3397 4407 3749 4476 appendiciis,
3801 4408 4034 4479 Squavia

2448 4513 2569 4553 eum
2596 4498 2826 4554 ecclesia
2864 4507 2921 4554 et
2961 4498 3090 4555 dote
3137 4505 3193 4554 et
3239 4498 3488 4556 omnibus
3528 4499 3644 4569 ejus
3685 4502 4034 4571 appendiciis,

2447 4764 2564 4827 qua:
2597 4746 2775 4827 runnia
2816 4745 2895 4801 sic
2923 4754 3161 4827 pugnant
3194 4752 3254 4799 ut
3291 4742 3441 4799 nullo
3469 4749 3629 4815 pacto
3659 4742 3873 4827 pessint
3901 4758 4021 4824 con-

2447 4810 2615 4874 ciliari
2640 4834 2656 4881 ;
2712 4832 2900 4871 verum
2925 4810 3220 4870 'enimvero
3268 4829 3444 4884 neque
3472 4810 3630 4868 'anno
3656 4810 3765 4866 δτι
3784 4855 3799 4878 ,
3829 4814 3923 4884 ι]ρὶ
3968 4829 4029 4867 ex

2447 4889 2714 4946 sententia
2737 4886 3080 4941 Chantereau
3112 4882 3372 4940 Lefchvre
3396 4884 3657 4953 septimus
3684 4892 3829 4937 esset
3858 4882 4032 4937 Theo—

2446 4961 2640 5024 dorici,
2668 4972 2844 5027 neque
2877 4971 3020 5011 anno
3049 4955 3175 5019 680,
3202 4970 3360 5027 quem
3387 4954 3623 5027 admittit
3653 4954 3832 5027 clarus
3860 4954 3944 5027 vir
3968 4954 4033 5006 de

2447 5023 2776 5100 Brequigny,
2818 5028 2996 5082 nullus
3043 5023 3291 5100 exstabat
3334 5039 3471 5100 papa
3520 5023 3751 5100 Joannis
3792 5025 4027 5100 nomine.

2449 5092 2910 5154 Pnciermittimus
2938 5111 3058 5165 qua:
3084 5112 3150 5151 ex
3182 5092 3434 5165 formulis-
3458 5103 3512 5148 et
3549 5092 4031 5165 subscriptionibus

2448 5171 2624 5239 arguit
2652 5167 2928 5239 Cointius,
2955 5163 3148 5221 Annal.
3182 5174 3222 5220 t.
3254 5163 3348 5231 Ill,
3382 5178 3504 5236 pag.
3541 5164 3679 5230 820,
3709 5163 3911 5233 putidte
3940 5163 4030 5216 fal-

2448 5238 2626 5295 sitatis
2651 5247 2796 5293 certa
2822 5238 3037 5292 indicia.

2520 5310 2716 5378 bLege
2765 5309 2963 5378 salira,
3012 5305 3233 5361 Eccard.
3286 5321 3431 5378 x1._-t;
3490 5303 3825 5358 Feuerbach.
3874 5319 4025 5378 ιιι-ις

2450 5374 2817 5438 δριιίιιδωίχκ
2843 5396 2858 5440 ;
2890 5377 3109 5432 ilerold.
3144 5393 3210 5431 XL
3236 5392 3306 5440 x;
3340 5374 3567 5429 Emend.
3608 5388 3801 5435 xnvm,
3832 5374 4028 5427 solem-

2451 5455 2646 5506 nitates
2676 5451 2728 5504 in
2753 5448 2917 5503 mallo
2954 5449 3169 5517 publico
3198 5446 3431 5517 comitis,
3463 5452 3557 5517 aut
3580 5453 3707 5517 ante
3732 5457 3918 5517 regem
3946 5459 4029 5517 re-

2451 5523 2823 5591 quirebanturi
2850 5513 2978 5591 cuni
3001 5519 3130 5591 quis;
3156 5517 3222 5591 de
3263 5515 3559 5591 rebussuis
3588 5513 3747 5568 alicui
3785 5515 4029 5568 donatio.

2453 5585 2574 5645 nem
2608 5592 2783 5644 facere
2812 5590 2865 5643 in
2896 5588 3075 5646 animo
3120 5588 3359 5642 haberet.
3410 5585 3482 5638 De
3512 5598 3621 5654 quo
3649 5593 3827 5639 tamen
3858 5598 4030 5638 reces-

2454 5678 2570 5716 sum
2600 5670 2717 5715 erat
2749 5660 2799 5713 in
2828 5674 2960 5723 usu,
2995 5673 3116 5711 nam
3158 5665 3371 5712 exstant
3409 5654 3675 5709 nonnulla:
3715 5654 4029 5709 donationes

2457 5748 2552 5799 per
2596 5729 2863 5799 simplices
2911 5730 3114 5784 litteras
3165 5728 3348 5799 facite,
3382 5736 3469 5799 Aut
3516 5725 3745 5799 probant
3784 5724 4023 5779 formube

2457 5795 2780 5856 Marculfi'et
2804 5799 3033 5855 aliorum
3064 5814 3195 5869 quas
3223 5795 3531 5868 singulatim
3566 5795 3805 5851 indicare
3843 5809 4028 5867 super-

2459 5885 2751 5928 vacaneum
2784 5870 2941 5924 foret.
