4206 6588
243 478 374 534 HOI

998 471 1433 527 DUNATIONES
1476 471 1563 526 AC
1602 469 2067 526 'I‘ESTAMENTA
2113 467 2352 535 EPISC,
2397 470 2576 533 ΔΒΒ..
2623 471 2771 525 ETC.

3388 470 3528 528 1202

237 595 343 648 Ors
374 608 494 648 cum
527 592 777 645 omnibus
827 589 1180 658 appendiciis,
1228 587 1513 641 Sautscido
1554 602 1675 641 cum
1727 586 1838 639 suis
1872 594 1913 650 Α
1944 585 2254 653 subscripsi.
2307 583 2417 652 Ego
2447 584 2686 638 Thomas
2728 585 3017 653 episcopus
3065 584 3378 653 subscripsi.
3414 588 3526 656 Ego

237 685 601 756 appendiciis,
637 683 971 736 Iladonivilla
1003 697 1123 735 cum
1175 680 1484 733 molendino
1532 694 1638 732 uno
1679 693 1838 748 super

236 777 550 832 Crientonis
581 774 880 832 ﬁuviolnm.
911 773 1052 825 aliud
1097 770 1460 825 molendinum
1488 770 1537 822 in
1568 770 1836 824 dominica

237 878 418 930 curte,
451 866 721 920 Maracqu
748 880 869 919 cum
907 864 1238 930 integritate,
1281 862 1506 916 ecclesia
1537 877 1656 915 cum
1688 861 1835 922 dote,

236 958 611 1014 decimancula
660 958 711 1011 in
761 957 967 1010 Rodulfi
999 966 1180 1020 curte,
1209 955 1455 1009 similiter
1488 956 1538 1008 in
1575 954 1834 1017 Unziaco,

235 1065 309 1103 ex
340 1049 603 1103 hodierno
633 1048 720 1102 die
757 1056 811 1101 et
853 1048 905 1102 in
936 1047 1200 1116 reliquum
1259 1054 1469 1114 tempus
1497 1046 1564 1099 sit
1595 1061 1644 1099 m
1681 1054 1835 1112 pote-

234 1149 388 1194 state
415 1139 801 1195 canonicorum
847 1138 898 1191 in
932 1139 1048 1207 ipso
1081 1138 1411 1191 monasterio
1455 1136 1565 1189 Deo
1595 1137 1837 1188 servien-

237 1232 402 1286 tium.
432 1230 542 1285 Nec
573 1230 766 1298 aliquis
793 1239 1080 1307 prasumat
1106 1244 1172 1283 ex
1198 1229 1280 1282 his
1303 1244 1419 1296 qua:
1445 1228 1694 1290 diximus,
1720 1242 1838 1295 qua:

237 1331 580 1376 memoratus
612 1321 842 1390 inclytus
872 1336 962 1374 rex
996 1319 1062 1374 de
1089 1320 1250 1375 rebus
1282 1320 1514 1388 propriis
1540 1327 1594 1374 ct
1622 1317 1688 1372 de
1719 1318 1838 1374 aliis

238 1426 343 1480 per
387 1411 564 1479 regale
593 1417 917 1478 praeceptum
944 1409 1117 1462 eidem
1161 1411 1282 1462 loco
1313 1409 1577 1476 delegavit
1607 1407 1670 1460 ad
1703 1423 1839 1476 opus

237 1505 586 1564 clericorum,
621 1501 818 1555 inferre
845 1501 1078 1570 aliquam
1107 1501 1426 1564 molestiam,
1461 1501 1554 1555 sed
1584 1501 1742 1554 liccat
1764 1500 1839 1552 cis

239 1595 428 1663 quiete
475 1594 653 1647 omnia
706 1593 1002 1662 possidere,
1051 1610 1158 1662 quo
1212 1593 1425 1646 valeant
1471 1592 1689 1647 liberius
1743 1609 1838 1660 pro

241 1701 384 1754 pace
414 1695 619 1738 sanctae.
661 1683 755 1739 Dei
799 1683 1080 1748 Ecclesize,
1114 1694 1164 1737 ct
1197 1685 1303 1738 vita
1342 1684 1483 1752 regis
1513 1692 1567 1737 et
1597 1683 1841 1752 conjugis

240 1793 309 1831 ac
343 1777 598 1841 ﬁliorum,
630 1791 693 1830 ac
737 1785 879 1831 statu
910 1775 1079 1843 regni,
1115 1775 1323 1828 Domini
1364 1776 1702 1829 clementiam
1749 1790 1840 1852 ex-

240 1883 426 1922 orare.
447 1868 501 1922 Si
523 1868 644 1936 quis
666 1881 794 1922 vero
813 1867 1130 1920 observator
1161 1866 1318 1933 hujus
1343 1866 1453 1933 priv
1482 1865 1600 1932 legii
1631 1881 1660 1918 a
1690 1865 1842 1918 nobis

241 1960 377 2016 editi
412 1959 685 2024 extiterit,
731 1959 956 2027 accipiat
993 1957 1294 2010 mercedem
1324 1973 1352 2009 a
1389 1956 1632 2020 Domino,
1664 1967 1716 2010 et
1747 1957 1835 2008 be-
1871 1957 1913 2014 Β

240 2052 613 2106 nedictionem
646 2066 676 2104 a
709 2051 860 2105 vobis
883 2059 938 2104 et
961 2051 1029 2103 ab
1057 2050 1308 2103 omnibus
1339 2049 1493 2102 nobis
1517 2048 1568 2101 in
1595 2049 1840 2114 Prilirellli

241 2145 378 2205 vita,
413 2151 466 2195 et
497 2143 548 2195 in
598 2140 773 2194 futura
804 2142 966 2194 vitam
1010 2149 1291 2201 mternam,
1340 2154 1518 2192 amen.
1566 2139 1664 2202 Qui
1715 2152 1841 2191 vi'ro

238 2242 446 2288 nostra:
491 2232 832 2288 auctoritatis
871 2232 1341 2301 parvipenderint,
1372 2239 1425 2284 et
1455 2232 1594 2285 hanc
1623 2230 1837 2298 pontifi-

239 2325 422 2379 calem
468 2325 847 2380 auctoritatem
891 2340 1050 2380 manu
1092 2334 1276 2379 nostra
1308 2325 1617 2380 roboratam
1652 2325 1838 2377 infrin-

239 2431 376 2484 gere
394 2417 684 2484 voluerint,
702 2417 823 2471 inde
843 2416 1122 2485 dirigimus
1136 2415 1204 2469 ad
1221 2427 1452 2470 veSIram
1474 2416 1838 2476 clementiam,

238 2517 306 2562 ut
349 2509 494 2576 quod
545 2523 574 2562 a
624 2509 778 2563 nobis
824 2509 1136 2564 roboratum
1169 2515 1250 2563 est
1292 2509 1482 2562 stabile
1521 2507 1841 2576 permittatis

240 2613 354 2652 non
380 2599 558 2654 solum
583 2615 613 2652 a
647 2600 815 2664 vobis,
847 2600 941 2653 sed
973 2599 1039 2654 ab
1070 2600 1319 2654 omnibus
1348 2599 1548 2653 nostris
1574 2599 1840 2666 episcopis

238 2689 337 2757 qui
367 2698 493 2742 sunt
536 2703 663 2757 erga
712 2704 828 2743 vos.
870 2689 1010 2744 Deus
1052 2691 1416 2757 omnipotens,
1462 2689 1552 2756 qui
1584 2687 1836 2742 cathedra

242 2777 473 2831 unitatis
503 2777 804 2835 doctrinam
828 2778 1007 2847 posuit
1034 2777 1293 2841 veritatis,
1324 2776 1486 2831 faciat
1511 2792 1604 2831 vos
1633 2791 1836 2830 memo-

237 2883 362 2923 rem
395 2869 893 2939 intellectoremque
930 2871 1039 2933 sui,
1075 2871 1390 2938 placeatque
1431 2871 1581 2926 vobis
1612 2879 1834 2940 propter

239 2975 390 3020 eum,
431 2960 482 3013 in
514 2961 846 3015 orationibus
875 2963 1066 3017 vestris
1095 2962 1405 3017 meminisse
1442 2966 1606 3018 etiam
1654 2963 1758 3017 mei
1784 2973 1832 3017 η.

240 3049 570 3105 Vindiciano
611 3068 733 3106 cum
781 3053 1117 3123 coepiscopis
1163 3052 1483 3120 degentibus
1538 3052 1834 3108 Galliarum

242 3141 447 3196 finibus
491 3140 780 3196 fraternam
821 3143 1178 3198 visitationem
1226 3153 1279 3198 et
1309 3155 1586 3214 paternam
1615 3144 1837 3200 benedi-

239 3231 502 3286 ctionem.
550 3232 743 3288 Audite
781 3236 1102 3289 sententiam
1151 3250 1309 3304 quam
1349 3235 1489 3289 dico.
1522 3234 1578 3289 Si
1621 3235 1742 3305 quis
1767 3237 1836 3291 de
1865 3259 1910 3313 (τ

238 3325 652 3380 successoribus
681 3328 893 3392 vestris,
927 3329 1010 3382 vel
1040 3343 1243 3391 comes,
1277 3343 1372 3382 seu
1401 3328 1667 3398 cupiditas
1692 3329 1837 3398 judi-

238 3429 368 3469 cum
393 3424 488 3469 aut
514 3416 622 3470 ulla
654 3419 900 3487 opposita
925 3434 1178 3488 persona,
1213 3419 1349 3473 hanc
1375 3419 1722 3475 donationem
1752 3421 1838 3475 vel

239 3505 717 3562 confirmationem
748 3523 907 3577 quam
939 3525 1037 3579 pro
1069 3511 1160 3565 Dei
1208 3511 1400 3565 intuitu
1437 3520 1493 3566 et
1539 3527 1721 3567 amore
1750 3513 1831 3566 di-

239 3597 374 3651 vino
398 3597 513 3654 fieri
543 3599 628 3654 vel
657 3600 870 3656 firmare
908 3603 1243 3667 decrevistis,
1276 3603 1517 3658 minuere
1542 3611 1634 3656 aut
1661 3617 1688 3656 a
1719 3603 1835 3659 loco

240 3685 552 3742 distrahere
583 3689 853 3754 maluerit,
877 3692 1172 3760 apostolica
1202 3692 1466 3746 sententia
1497 3692 1830 3758 damnamus,

239 3787 299 3833 et
332 3793 431 3847 per
459 3781 823 3848 pontificalem
854 3782 1230 3837 auctoritatem
1264 3799 1291 3835 a
1335 3783 1606 3838 liminibus
1636 3794 1834 3839 sanctae

241 3870 344 3925 Dei
386 3869 641 3929 Ecclesiae
682 3883 1100 3942 sequestramus,
1147 3887 1198 3928 et
1234 3891 1264 3928 a
1303 3884 1445 3930 coetu
1476 3893 1831 3946 supernorum

239 3976 620 4031 segregamus,
652 3973 707 4019 et
733 3979 764 4018 a
788 3978 954 4034 regno
980 3965 1072 4019 Dei
1097 3965 1460 4032 excludimus;
1491 3968 1659 4022 sancti
1690 3967 1833 4022 Petri

238 4053 445 4108 Christi
470 4054 720 4123 janitoris
749 4067 910 4124 atque
939 4057 1190 4126 clavigeri
1223 4059 1450 4113 cmlestis
1491 4061 1637 4128 regni
1671 4061 1832 4115 inter-

235 4146 387 4201 dictu
429 4147 836 4214 interdicimus;
891 4159 946 4203 et
990 4166 1110 4204 cum
1154 4150 1289 4204 Iuda
1333 4151 1590 4207 traditore
1622 4153 1831 4208 Domini

236 4238 414 4290 nostri
437 4237 566 4291 Jesu
589 4238 786 4293 Christi
811 4249 959 4293 sorte
983 4241 1342 4307 permittimus
1372 4250 1424 4294 ut
1462 4243 1511 4296 in
1540 4243 1625 4295 die
1645 4243 1829 4310 judicii

234 4345 365 4383 cum
390 4327 610 4385 diabolo
637 4339 691 4386 et
721 4331 978 4385 ministris
1003 4332 1120 4399 ejus
1140 4331 1287 4386 luctu
1313 4333 1588 4399 quatiente
1623 4335 1829 4390 inferno

233 4417 590 4489 perfruantur
615 4420 733 4478 sine
757 4421 973 4490 gaudio.
1001 4422 1193 4478 Amen.

313 4508 424 4578 Ego
449 4509 724 4566 Johannes
751 4528 889 4582 papa
921 4514 1027 4568 hoc
1055 4516 1393 4584 privilegium
1425 4531 1454 4568 a
1493 4532 1611 4570 mea
1646 4521 1825 4586 parvi-

1945 674 2093 728 Felix
2120 677 2408 743 episcopus
2451 675 2763 742 subscripsi.
2801 674 2909 744 Ego
2938 675 3218 730 Audoinus
3260 679 3528 749 archiepi-

1940 781 2141 835 scopus
2169 767 2482 835 subscripsi.
2502 765 2626 834 Ego
2661 767 3052 837 Anstregisilus
3087 769 3374 838 episcopus
3396 772 3524 824 sub-

1942 857 2157 925 scripsi.
2191 856 2301 926 Ego
2350 857 2722 926 Ravengarius
2750 859 3041 929 episcopus
3073 861 3387 931 subscripsi.
3418 860 3528 931 Ego

1941 947 2184 1001 Siivinus
2214 949 2513 1018 episcopus.
2549 949 2866 1017 subsrripsi.
2901 949 3009 1017 Ego
3047 950 3429 1020 Leodegarius,
3461 955 3529 1006 ab

1945 1042 2110 1110 impio
2151 1041 2334 1108 judice
2373 1041 2610 1096 Ebroino
2640 1041 2899 1096 cathedra
2934 1040 3402 1115 Augustidunense
3429 1044 3527 1098 dc-

1945 1136 2173 1200 posLtus,
2207 1133 2397 1200 scripsi
2425 1142 2479 1186 ct
2506 1133 2820 1202 subscripsi.
2850 1131 2979 1186 Data
3009 1143 3204 1188 octavo
3233 1134 3355 1188 ldus
3382 1135 3525 1200 Maii,

1941 1223 2344 1292 anno'scptimo
2380 1224 2528 1292 regni
2563 1222 2769 1276 domini
2805 1223 2975 1277 nostri
3008 1222 3329 1278 Theoderici
3363 1227 3523 1292 regis,

1943 1315 2240 1370 indictione
2273 1315 2329 1386 ij.
2367 1317 2478 1384 Ego
2522 1315 2874 1370 Vindicianus
2905 1317 3214 1386 cpiscopus,
3243 1317 3394 1386 jussu
3424 1317 3524 1371 do-

1953 1409 2078 1463 mini
2128 1408 2450 1464 Thcoderici
2496 1409 2658 1476 regis,
2711 1417 2766 1462 et
2813 1418 3004 1476 rogatu
3041 1410 3302 1465 Johannis
3331 1411 3523 1464 summi

1944 1501 2236 1572 pontificis,
2269 1499 2459 1568 scripsi
2487 1509 2539 1554 ct
2567 1499 2888 1569 subscripsi.

2667 1657 2808 1711 XXI.

1945 1773 2134 1827 Charta
2164 1788 2262 1839 qua
2288 1769 2532 1822 Nizezius
2559 1778 2607 1821 et
2640 1767 3010 1831 Ermintrudis,
3036 1770 3227 1837 ronjux.
3258 1770 3394 1835 eius,
3422 1787 3528 1822 mo-

2017 1843 2242 1895 nasterio
2276 1841 2610 1894 Moisiucettsi
2639 1840 2860 1906 plurima
2887 1841 3004 1908 jure
3026 1840 3332 1894 venditimtis
3367 1842 3528 1892 lr.;dit

2018 1913 2040 1950 δ
2071 1914 2218 1982 (ann.
2249 1911 2397 1978 (580).

2020 2046 2324 2100 Venerabili
2356 2048 2409 2100 in
2438 2049 2653 2104 Christo
2700 2047 2842 2101 Patri
2889 2057 2942 2102 ct
2967 2050 3187 2104 domino
3219 2049 3520 2118 apostolico

1947 2137 2210 2191 Leotadio
2239 2138 2440 2202 abbati,
2475 2138 2557 2192 vel
2593 2139 2737 2192 omni
2767 2141 3176 2208 congregationi
3206 2142 3519 2195 monasterii

1947 2227 2314 2282 Moisiacensis
2343 2229 2486 2298 quod
2534 2231 2675 2284 infra
2723 2245 2860 2301 pago
2892 2232 3181 2285 Caturcino
3229 2233 3278 2285 in
3315 2236 3524 2286 honore

1946 2321 2118 2374 sancti
2145 2318 2289 2373 Petri
2321 2330 2692 2374 constructum
2721 2338 2841 2376 esse
2873 2323 3100 2376 videtur.
3135 2324 3245 2391 Ego
3268 2325 3410 2378 enim
3437 2323 3526 2376 Ni-

1947 2412 2126 2468 Zczius
2155 2421 2210 2466 et
2243 2429 2380 2466 uxor
2411 2428 2532 2467 mea
2575 2411 2954 2475 Ermintrudis,
2985 2415 3108 2466 dum
3141 2424 3347 2468 reatum
3394 2431 3525 2468 ci-n-

1947 2505 2187 2559 scientia:
2219 2513 2419 2559 nostra:
2463 2505 2802 2572 agnovimus,
2855 2514 3072 2574 oportet
3115 2507 3270 2561 nobis
3303 2514 3359 2558 ttt
3402 2506 3526 2559 dum

1951 2596 2088 2650 Dens
2122 2595 2174 2648 in
2209 2607 2392 2650 nostra
2429 2597 2710 2652 voluntate
2737 2598 2938 2666 posuit,
2972 2598 3266 2651 secundum
3299 2612 3527 2665 evange-

1944 2685 2103 2740 licam
2136 2686 2449 2748 lectionem,
2482 2701 2660 2739 rerum
2696 2685 3181 2755 dispensationem,
3213 2687 3406 2742 exinde
3433 2705 3527 2757 per

1945 2778 2038 2831 Dei
2073 2778 2352 2832 introitum
2389 2776 2712 2840 faceremus,
2747 2787 2802 2832 et
2834 2786 2891 2831 ut
2921 2778 2987 2831 ad
3020 2793 3116 2832 nos
3149 2779 3239 2830 fiat
3268 2778 3528 2831 Dominus

1940 2869 2079 2922 sicut
2123 2869 2174 2922 in
2222 2884 2320 2923 suo
2363 2867 2616 2936 dignatus
2647 2877 2729 2922 est
2759 2866 3054 2938 Evangelio
3083 2869 3266 2922 dicere
3304 2885 3317 2922 :
3357 2868 3520 2926 Vade,

1939 2957 2097 3009 vende
2127 2958 2299 3010 omnia
2329 2972 2443 3026 qum
2476 2955 2654 3019 habes,
2689 2967 2738 3010 et
2781 2957 2847 3008 da
2877 2956 3203 3024 pauperibus,
3234 2967 3282 3010 et
3311 2958 3522 3010 habebis

1942 3048 2234 3103 thesaurum
2266 3052 2319 3104 in
2361 3050 2528 3114 cwlo;
2560 3059 2610 3103 et
2640 3052 2772 3113 veni,
2823 3061 2870 3104 et
2911 3068 3116 3122 sequere
3153 3068 3252 3104 mc.
3289 3050 3354 3104 Et
3403 3051 3520 3104 id.o

1945 3157 2042 3195 nos
2071 3142 2210 3196 hanc
2241 3141 2308 3195 ad
2338 3157 2521 3196 veram
2552 3158 2744 3197 vocem
2776 3145 2933 3199 vobis
2978 3143 3307 3213 supradictis
3348 3147 3523 3198 εει·ιίς

1942 3231 2057 3297 Dei,
2091 3230 2174 3285 vel
2205 3231 2270 3284 ad
2301 3246 2516 3287 omnem
2547 3235 3021 3302 congregationem
3041 3248 3160 3302 qua:
3189 3234 3240 3288 in
3264 3235 3379 3303 ipso
3406 3251 3519 3287 mo-

1944 3324 2183 3379 nasterio
2215 3324 2463 3394 superius
2495 3325 2773 3380 nominato
2800 3335 3171 3382 constructum
3213 3343 3334 3382 esse
3362 3329 3511 3382 vide-

1945 3424 2049 3480 tur,
2081 3415 2223 3472 dono
2269 3429 2369 3485 ego
2401 3417 2452 3472 in
2501 3433 2636 3487 pago
2666 3417 2938 3473 Tolosano
2987 3419 3142 3474 villas
3183 3430 3519 3490 nuncupatas

1941 3505 2404 3572 Calmeabilidem,
2459 3505 2794 3574 Barolingus,
2851 3506 3254 3571 Vivaderemus,
3305 3507 3523 3563 Sambi-

1943 3597 2108 3658 liano.
2139 3613 2262 3653 cum
2285 3599 2430 3652 omni
2461 3597 2791 3666 integritate,
2825 3613 2922 3668 per
2950 3598 3215 3653 terminos
3243 3614 3306 3653 ae
3339 3599 3455 3653 loca
3489 3616 3518 3654 a

1941 3691 2097 3745 nobis
2127 3690 2438 3758 designata;
2485 3699 2541 3744 et
2583 3691 2636 3744 in
2687 3690 2794 3745 alio
2847 3690 2991 3758 loco,
3024 3690 3162 3745 infra
3208 3691 3324 3760 ipso
3357 3706 3515 3760 pago,

1940 3783 2073 3838 alias
2101 3784 2257 3837 villas
2300 3792 2516 3838 nostras
2557 3785 2868 3850 Auliniano,
2900 3796 3084 3839 curtes
3115 3794 3328 3839 nostras
3359 3785 3518 3838 indu-

1939 3875 2241 3940 minicatas,
2287 3890 2409 3930 eum
2442 3875 2689 3930 ecclesiis
2719 3884 2813 3928 aut
2843 3875 3076 3941 solariis,
3109 3885 3164 3930 et
3194 3876 3431 3941 vivcriis,
3461 3885 3518 3930 et

1940 3971 2256 4034 f'ructuario,
2286 3969 2612 4038 piscatoriis,
2639 3966 2962 4022 molendinis
2984 3969 3142 4023 simul
3165 3983 3285 4022 cum
3313 3982 3516 4037 appeti.

1939 4060 2093 4114 diciis
2122 4061 2254 4125 suis,
2290 4060 2574 4127 Besingus,
2608 4060 2930 4114 Scoternam
2961 4060 3144 4114 villam
3176 4069 3229 4114 et
3259 4058 3516 4114 Orf'ollin-

1931 4165 2051 4216 gus,
2076 4151 2199 4204 villa
2225 4165 2319 4204 seu
2343 4149 2673 4205 Gannicolas
2695 4149 2903 4216 villare,
2927 4165 3050 4205 cum
3082 4151 3310 4207 ecclesia
3341 4154 3515 4206 sancti

1935 4239 2197 4305 Medardi,
2229 4255 2351 4309 qua:
2382 4249 2466 4293 est
2492 4240 2629 4295 infra
2664 4243 2782 4310 ipso
2815 4241 3070 4306 termino,
3105 4258 3229 4297 cum
3255 4244 3400 4297 oumi
3436 4245 3516 4297 in-

1936 4331 2185 4402 tegritate
2209 4340 2264 4385 ct
2288 4331 2586 4398 soliditate,
2608 4348 2730 4387 cum
2753 4333 2923 4387 servis
2946 4342 3000 4387 et
3021 4334 3228 4387 colonis
3251 4345 3306 4388 et
3331 4345 3512 4389 mente

1935 4423 2275 4489 libertorum,
2311 4441 2414 4479 una
2441 4441 2538 4492 per
2581 4425 2842 4480 terminos
2873 4434 2929 4480 et
2958 4425 3076 4480 loca
3120 4442 3148 4478 a
3183 4427 3337 4482 nobis
3365 4428 3514 4482 desi—

1931 4525 2092 4584 gnata
2125 4535 2136 4568 :
2172 4515 2225 4568 id
2257 4525 2362 4583 est,
2395 4517 2463 4571 de
2495 4517 2660 4571 ﬂuvio
2689 4514 2978 4573 Garumnae
3002 4533 3098 4588 per
3122 4517 3358 4574 Mamare
3387 4536 3517 4590 gur-

237 4611 356 4656 tate
385 4604 591 4657 editum
626 4605 832 4658 firmavi
860 4621 923 4661 ac
954 4606 1226 4661 roboravi.
1254 4607 1364 4675 Ego
1397 4609 1650 4674 Marinus,
1685 4611 1825 4664 vica-
1863 4622 1907 4680 υ
1932 4609 2075 4676 gite;
2111 4607 2235 4663 inde
2267 4624 2362 4674 per
2389 4609 2566 4663 modia
2599 4608 2723 4662 villa
2748 4608 2909 4675 Salis,
2930 4623 3050 4662 cum
3074 4609 3304 4663 ecclesia
3335 4611 3511 4664 sancti

235 4696 354 4751 rius
381 4697 525 4751 sedis
555 4699 892 4766 apostolicae,
936 4698 1143 4756 ﬁrmavi
1177 4717 1239 4756 ac
1271 4704 1545 4756 roboravi.
1576 4701 1687 4771 Ego
1717 4703 1825 4755 An-

235 4791 402 4844 dreas
418 4791 706 4860 episcopus
729 4792 1047 4861 subscripsi.
1071 4794 1184 4861 Ego
1201 4794 1526 4848 Bonibertus
1544 4795 1829 4864 episcopus

234 4881 558 4949 subscripsi.
583 4880 694 4950 Ego
717 4881 1037 4938 Laurentius
1061 4886 1347 4954 episcopus
1378 4886 1690 4960 subscripsi.
1717 4885 1828 4955 Ego

237 4971 643 5027 l'edelbrandus
672 4974 959 5042 episcopus
987 4975 1304 5044 subscripsi.
1337 4975 1445 5044 Ego
1487 4977 1690 5030 Nautor
1716 4977 1827 5046 epi—

238 5079 442 5130 scopus
467 5063 780 5133 subscripsi.
809 5064 921 5134 Ego
945 5065 1180 5122 Hilarius
1202 5068 1489 5136 episcopus
1512 5068 1824 5136 subscripsi.

241 5154 357 5221 Ego
390 5153 747 5210 Constantius
776 5158 1064 5227 episcopus
1094 5159 1408 5228 subscripsi.
1436 5159 1547 5225 Ego
1573 5159 1828 5215 Martinus

238 5246 532 5315 episcopus
560 5249 873 5316 subscripsi.
908 5247 1018 5318 Ego
1060 5249 1486 5320 Christophorus
1535 5253 1826 5322 episcopus

313 5431 337 5458 ο
373 5423 469 5478 Hic
499 5425 808 5500 Chronicon
853 5427 1015 5481 habet
1045 5439 1095 5481 ut
1127 5430 1240 5495 ille,
1283 5448 1401 5500 qutc
1432 5448 1592 5488 voces
1625 5434 1833 5488 nullum

239 5510 463 5548 sensum
495 5495 757 5564 prmbent.

315 5565 340 5602 ι’
368 5565 624 5636 Chartam
673 5567 813 5622 hanc
859 5570 1093 5636 vulgavit
1124 5571 1485 5634 Mabillonius,
1536 5574 1676 5628 Ann.
1708 5583 1746 5628 t.
1779 5575 1819 5636 Ι,

240 5650 364 5704 pag.
392 5634 520 5699 686,
544 5645 750 5689 erutam
772 5654 837 5692 ex
865 5634 1083 5695 archivo
1101 5642 1468 5699 Moisiacensis
1490 5634 1819 5700 monasterii.

242 5706 317 5758 De
354 5707 496 5759 illius
545 5707 858 5762 sinceritate
902 5711 1044 5764 nulla
1094 5713 1304 5766 videtur
1351 5714 1630 5768 dubitandi
1662 5717 1820 5770 ratio.

240 5776 560 5837 Leotadius,
608 5778 701 5846 qui
749 5779 944 5834 dicitur:
987 5782 1150 5836 abbas
1199 5784 1591 5847 Moisiacensis,
1637 5799 1822 5840 mense

240 5847 401 5905 Maio,
437 5861 579 5899 anno
615 5849 640 5895 7
669 5849 815 5913 regni
841 5849 1160 5905 Theoderici
1187 5852 1270 5912 lll,
1300 5855 1472 5916 idest,
1502 5871 1643 5909 anno
1669 5855 1822 5908 Chri—

237 5917 305 5971 sti
343 5920 467 5982 (εκυ,
507 5917 588 5971 his
623 5921 948 5988 temporibus
977 5923 1122 5991 vixit,
1154 5926 1301 5994 juxta
1337 5926 1637 5996 ratalogum
1662 5925 1822 5983 ablut-

1931 4699 2228 4765 Saturnini,
2277 4716 2464 4769 quam,
2497 4699 2624 4752 dato
2674 4700 2850 4769 pretio
2904 4709 3113 4764 nostro,
3146 4701 3214 4755 de
3245 4700 3513 4758 Guirardo

1931 4791 2205 4861 quondam
2255 4793 2354 4847 visi
2405 4807 2590 4847 sumus
2631 4807 3013 4862 comparasse;
3049 4793 3176 4849 inde
3207 4810 3305 4863 per
3333 4796 3511 4851 favqu

1930 4884 2202 4953 quondam
2235 4884 2459 4939 l‘erttcia
2487 4901 2582 4954 per
2613 4883 2815 4939 fontem
2851 4887 2902 4940 in
2939 4888 3247 4950 conasticls,
3275 4905 3395 4957 qum
3429 4902 3512 4945 est

1932 4977 1983 5031 in
2017 4977 2190 5032 media
2225 4992 2387 5047 agra;
2436 4987 2600 5046 atque
2654 4978 2778 5032 inde
2827 4980 3072 5048 pervenit
3113 4995 3285 5050 usque
3333 4982 3498 5037 Nava-

1930 5068 2118 5132 liense,
2151 5082 2246 5122 seu
2287 5068 2338 5120 in
2383 5076 2622 5122 montem
2656 5066 2924 5123 Bcretouii
2956 5069 3226 5137 quondam
3258 5086 3426 5140 usque
3457 5074 3509 5126 in

1930 5158 2279 5226 Stirpiniago,
2311 5169 2368 5212 et
2398 5159 2594 5212 vallum
2628 5158 2852 5214 Envaldi
2890 5175 3058 5228 usque
3089 5161 3140 5215 in
3185 5162 3359 5216 media
3391 5163 3511 5218 Sal-

1930 5250 2124 5312 dimia;
2155 5250 2276 5305 inde
2304 5265 2400 5318 per
2424 5249 2680 5318 Livigone
2715 5265 2886 5309 usque
2919 5252 2970 5304 in
3003 5254 3314 5308 supradicto
3340 5257 3504 5309 fluvio

1932 5442 2042 5485 tum
2067 5431 2517 5493 Moisiaecusiutn,
2544 5429 2676 5483 Nov.
2703 5432 2844 5485 Call.
2863 5432 3062 5486 Christ.
3098 5446 3134 5487 t.
3169 5437 3204 5496 Ι,
3230 5437 3332 5489 col.
3366 5438 3465 5492 I59
3490 5455 3500 5489 :

1928 5502 2172 5556 diversus
2211 5516 2342 5555 sane
2380 5517 2408 5555 a
2453 5502 2710 5555 Leotadio
2735 5503 2823 5568 qui
2863 5505 3174 5559 Ausciem-is
3213 5508 3508 5570 cpisc0pus

1928 5573 2132 5627 exstitit
2161 5573 2260 5626 sub
2288 5571 2441 5626 initio
2469 5571 2649 5625 surculi
2683 5587 2792 5624 vm.
2823 5572 2897 5627 De
2922 5575 3005 5626 his
3029 5576 3227 5631 videsis
3258 5576 3503 5632 Mahillo-

1929 5645 2097 5704 nium,
2129 5642 2269 5696 Ann.
2311 5650 2350 5694 t.
2382 5641 2423 5704 Ι,
2453 5655 2572 5709 pag.
2607 5641 2733 5704 358,
2768 5651 2824 5696 et
2846 5641 3139 5710 Coiutium,
3169 5647 3308 5702 Ann.
3341 5655 3381 5702 t.
3411 5647 3500 5710 IV,

1929 5727 2050 5782 pag.
2278 5711 2466 5765 Exstat
2496 5713 2684 5765 charta
2733 5711 2936 5786 eadem
2973 5713 3024 5766 in
3075 5715 3171 5771 Ms.
3222 5718 3392 5786 regio,
3421 5719 3498 5771 si-

1928 5794 2090 5846 gnato
2123 5782 2277 5841 H91.
2311 5797 2435 5835 ειυς.
2471 5797 2534 5833 xv
2565 5792 2812 5849 exarata,
2845 5783 2939 5836 sed
2976 5786 3046 5838 ita
3078 5782 3408 5850 inaccurate,
3445 5799 3504 5843 ut

1928 5854 2050 5906 inde
2074 5854 2252 5906 varias
2281 5852 2541 5925 lectiones
2575 5867 2867 5925 excerpere
2914 5869 3090 5921 operm
3121 5860 3349 5925 pretium
3390 5875 3498 5913 non

1927 5927 2014 5982 sit.
2049 5928 2117 5979 lle
2143 5938 2246 5994 quo
2271 5925 2401 5994 ipse,
2428 5921 2672 5992 inspecm
2699 5923 2915 5996 tiodire,
2941 5921 3131 5983 certior
3160 5929 3327 5985 factus
3352 5945 3493 5984 sum.
