4206 6552
783 442 807 494 1
819 440 924 493 203

1535 438 1802 496 SECUL.
1831 441 1921 497 VII
1961 442 2048 498 ET
2092 443 2204 498 VIII
2246 445 2778 503 ECCLESIASTICA
2821 447 3299 506 MONUIIENTA.

3927 458 4060 517 ιεοι

780 557 1103 624 Garamum;
1135 564 1188 613 et
1218 570 1272 611 in
1294 554 1403 612 alio
1427 554 1572 624 loco,
1599 555 1735 610 infra
1762 556 1880 627 ipso
1902 571 2041 627 pago
2065 556 2361 626 Tolosano,
2393 567 2441 622 Α
2469 559 2843 627 Cundoberto,
2896 563 2954 618 S.
2989 562 3250 632 Sicando,
3289 564 3348 620 S.
3390 564 3631 632 Almare,
3663 566 3722 622 S.
3770 567 4060 640 Sicarubis,

779 649 917 704 alias
944 648 1100 704 villas
1131 656 1346 702 nostras
1373 647 1456 702 his
1486 646 1797 702 nominibus
1826 656 2186 719 nuncupatas,
2214 649 2371 704 Lam-

778 742 998 813 pidiago
1056 757 1177 796 cum
1227 740 1466 794 ecclesia
1509 741 1686 794 sancti
1738 738 1991 808 Martini,
2047 740 2366 811 Vulpiliaco,

776 833 1134 902 Speutingus,
1156 830 1384 898 Prareti,
1413 830 1742 886 mutationes
1763 831 2007 887 ecclesiae
2031 846 2156 886 cum
2180 832 2370 886 villare

777 932 966 978 sancta
996 921 1242 987 Gemma,
1279 921 1402 975 villa
1436 919 1712 992 Sarpanas
1755 937 1877 977 cum
1921 922 2151 977 ecclesia
2194 923 2366 977 sancti

777 1014 1055 1080 Germani,
1093 1013 1216 1068 villa
1246 1013 1516 1082 Gainago,
1545 1013 1672 1067 villa
1717 1012 1944 1069 Novolio
1975 1029 2101 1069 cum
2134 1015 2365 1070 ecclesia

777 1109 950 1163 sancti
982 1107 1254 1174 Medardi;
1289 1108 1386 1163 has
1416 1108 1570 1162 villas
1610 1108 1860 1176 superius
1905 1108 2212 1162 nominatas
2242 1123 2364 1164 cum

777 1199 1024 1255 ecclesiis
1051 1208 1106 1254 et
1127 1201 1378 1256 omnibus
1411 1198 1689 1253 villaribus
1711 1207 1766 1253 et
1792 1197 2118 1268 adjacentiis
2147 1214 2364 1266 earum,

777 1310 879 1365 per
909 1293 1171 1349 terminos
1204 1309 1235 1347 a
1266 1293 1426 1348 nobis
1455 1291 1793 1360 designatos,
1825 1293 1916 1361 qui
1949 1300 2094 1358 sunt,
2129 1307 2224 1358 per
2251 1308 2364 1348 ine-

777 1386 924 1439 dium
955 1385 1192 1452 Garona,
1233 1386 1431 1441 deinde
1471 1385 1523 1440 in
1556 1385 1732 1440 media
1774 1399 1922 1454 agra,
1956 1384 2152 1440 deinde
2192 1401 2366 1455 usque

775 1477 829 1531 in
865 1478 1099 1542 Larona,
1132 1476 1260 1531 inde
1288 1492 1386 1548 per
1418 1477 1666 1546 paludem
1695 1475 2080 1531 Novoliensem
2107 1491 2280 1546 usque
2311 1477 2363 1530 in

775 1569 1147 1640 suprascripta
1179 1569 1421 1623 Garona.
1457 1569 1524 1622 Et
1554 1569 1606 1623 in
1636 1569 1744 1624 alio
1774 1567 1917 1637 loco,
1949 1569 2004 1624 in
2033 1584 2172 1638 pago
2198 1569 2364 1636 Agin-

773 1659 950 1722 nensi,
990 1657 1118 1712 villa
1165 1668 1347 1713 nostra
1378 1657 1732 1725 Viriaearias,
1777 1674 1899 1713 cum
1945 1659 2093 1713 omni
2142 1658 2363 1727 integri-

775 1757 909 1814 tate,
941 1764 1046 1802 una
1077 1765 1174 1818 per
1207 1751 1468 1805 terminos
1495 1751 1809 1820 subter'pcr
1849 1751 1944 1805 illo
1971 1758 2132 1820 porto
2158 1761 2212 1806 et
2256 1762 2364 1806 ter-

777 1840 927 1895 mino
960 1840 1282 1907 Vasalonis;
1317 1842 1384 1896 de
1434 1842 1542 1896 alio
1573 1858 1705 1898 vero
1753 1842 1923 1898 latere
1963 1843 2194 1899 termino
2226 1843 2360 1898 Bor-

2470 651 2530 708 S.
2566 652 2806 718 Autrico,
2853 653 2910 711 8.
2949 655 3239 722 Daeolcno,
3292 654 3349 711 S.
3385 656 3695 722 Bertinaro,
3729 657 3790 715 S.
3828 659 4059 730 Frotico,

2469 742 2527 797 8.
2560 744 2845 813 Guntario,
2894 743 2955 799 S.
2988 745 3248 812 Bertallo,
3278 745 3337 802 8.
3372 746 3618 804 Belboni.
3660 749 3860 805 Actum
3890 748 4059 823 Moyse

2467 836 2618 890 siaco
2647 838 2978 893 monasterio
3010 838 3247 908 publice.

3183 973 3346 1029 XXII.

2563 1081 2784 1139 Dona'io
2813 1084 2876 1138 ab
2904 1085 3091 1141 Aloino
3119 1089 3258 1229 {acta
3283 1090 3600 1228 ιὲἕόιῖιειεήο
3633 1091 3972 1164 Sangallensr‘

3074 1170 3097 1192 α
3145 1175 3269 1212 anu.
3428 1199 3443 1214 .

3074 1170 3097 1192 “
3123 1170 3269 1214 tauu.
3295 1170 3443 1214 ῧὸυ).

2536 1287 2593 1342 In
2623 1287 2717 1344 Dei
2741 1292 2960 1347 nomine
2991 1292 3147 1348 bonae
3177 1295 3346 1364 pacis.
3393 1294 3623 1362 Placuit,
3656 1308 3826 1370 atque
3862 1315 4057 1356 conve-

2465 1379 2564 1444 nit,
2599 1389 2763 1448 atque
2791 1383 3036 1438 adcrevit
3077 1385 3208 1439 mihi
3249 1386 3523 1453 voluntas,
3557 1398 3620 1443 ιιι
3666 1398 3872 1446 terram
3917 1392 4057 1461 juris

2465 1473 2571 1527 mei
2597 1473 2829 1530 facerem
2853 1476 3203 1532 donationem
3226 1478 3294 1533 ad
3317 1479 3583 1536 honorem
3613 1485 3786 1539 sancti
3817 1483 4057 1540 Gallonis

2465 1574 2522 1620 et
2549 1567 2723 1620 sancti
2766 1566 3034 1632 Desiterii,
3083 1569 3136 1624 in
3185 1569 3308 1626 Ioco
3349 1579 3682 1642 nuncupato,
3727 1575 3820 1643 qui
3860 1575 4058 1630 dicitur

2465 1659 2687 1714 nomine
2716 1659 2839 1715 villa
2867 1659 3303 1718 Athorinswanic
3348 1664 3520 1720 hobas
3551 1674 3683 1729 tres,
3713 1675 3769 1722 et
3793 1667 3845 1722 in
3877 1667 4057 1722 Gund-

2466 1749 2756 1820 Iihespuria
2802 1751 2974 1807 hobas
3005 1768 3104 1808 im.
3136 1754 3290 1820 Quod
3322 1763 3378 1810 et
3406 1755 3531 1821 feci,
3563 1757 3712 1826 quod
3753 1759 3826 1812 ita
3858 1769 3915 1814 et
3952 1759 4055 1816 feci

2467 1849 2669 1896 terram
2695 1841 3004 1898 donationis
3032 1831 3134 1914 ego
3167 1846 3411 1913 Aloinus,
3444 1856 3500 1902 et
3540 1863 3637 1918 per
3666 1849 3806 1905 hanc
3834 1851 4056 1906 chartu-

775 1930 946 1985 douse
977 1931 1138 1997 villa;
1179 1933 1374 1986 deinde
1423 1949 1520 2002 per
1551 1933 1724 1986 rivum
1773 1932 2080 2002 Oppinione
2109 1949 2280 2004 usque
2311 1934 2361 1988 in
2396 1929 2441 1989 Β
2470 1932 2575 1985 Iam
2620 1930 2954 1996 donationis,
2986 1948 3107 2004 qua:
3136 1933 3203 1988 ad
3235 1934 3376 1990 diem
3408 1945 3728 2006 praesentem
3756 1940 3905 1993 firma
3925 1956 4054 2010 per-

773 2019 950 2074 media
977 2018 1191 2075 Garona
1219 2037 1232 2086 ;
1264 2029 1320 2074 et
1350 2022 1402 2076 in
1444 2036 1584 2092 pago
1615 2023 1855 2087 Elisano,
1885 2023 2020 2078 alias
2051 2023 2202 2078 villas
2230 2039 2357 2078 nos-

773 2121 904 2176 tras,
930 2111 1210 2180 Giuvigus,
1236 2111 1528 2181 Sauviago,
1553 2129 1674 2167 eum
1700 2116 1845 2168 omni
1867 2115 2192 2180 integritate,
2222 2115 2361 2170 sicut

772 2223 803 2260 a
855 2206 1008 2260 nobis
1041 2222 1137 2275 per
1181 2207 1445 2261 terminos
1493 2207 1749 2274 antiquos
1794 2207 2075 2276 possidere
2121 2207 2356 2263 videtur.

774 2298 1155 2368 Relinquirnus
1183 2316 1401 2370 quoque
1449 2301 1679 2370 propriis
1708 2301 1997 2357 heredibus
2027 2302 2256 2366 nostris,
2302 2303 2357 2357 in

771 2391 1019 2445 Faldidio
1053 2391 1205 2447 villas
1236 2402 1480 2454 IIO:U‘85;
1532 2392 1582 2446 in
1629 2406 1766 2462 pago
1797 2391 2091 2456 Tolosano.
2129 2391 2345 2447 Moder-

769 2482 947 2550 riago,
997 2481 1326 2544 Altomonte,
1379 2483 1606 2550 Basillc;
1658 2493 1713 2538 et
1767 2484 1818 2538 in
1873 2499 2012 2554 pago
2061 2485 2356 2554 Aginncnsi

770 2569 1101 2640 Pompeiago
1126 2589 1140 2638 ;
1171 2579 1226 2625 et
1256 2573 1306 2625 in
1334 2587 1471 2642 pago
1496 2574 1714 2629 Eli-ano
1739 2573 2036 2629 Malarouta
2061 2594 2075 2640 ;
2106 2576 2201 2630 has
2223 2592 2358 2646 quo-

775 2676 883 2730 que
913 2661 1067 2715 villas
1097 2663 1346 2732 superius
1375 2664 1702 2726 nominatas,
1735 2674 1966 2734 excepto
1993 2665 2111 2721 illas
2141 2682 2272 2736 quas
2301 2669 2355 2722 in

771 2753 1022 2808 Faldidio
1053 2754 1394 2810 dimittimus.
1426 2756 1574 2811 Alias
1608 2772 1735 2812 vero
1766 2773 1954 2812 omnes
1981 2775 2117 2829 quas
2158 2760 2246 2814 hic
2277 2761 2359 2815 in-

767 2847 1058 2911 seruimus,
1088 2864 1209 2902 eum
1236 2851 1383 2904 omni
1415 2852 1727 2919 integritate
1755 2862 1810 2908 et
1836 2854 2130 2919 soliditate,
2167 2857 2354 2921 curtis,

769 2945 1035 3011 ecclesiis,
1066 2946 1333 3012 :ediiiciis,
1366 2949 1636 3014 domibus,
1669 2951 1978 3018 mancipiis,
2003 2950 2214 3006 colonis
2254 2951 2356 3004 ibi-

767 3035 891 3090 dem
923 3039 1404 3104 commorantibus,
1439 3049 1495 3094 et
1533 3042 1724 3094 merita
1768 3041 2086 3095 libertorum
2120 3050 2176 3096 et
2204 3043 2354 3097 colo-

771 3149 966 3187 norum
999 3135 1278 3202 utriusque
1307 3151 1490 3198 sesua
1519 3151 1640 3191 cum
1665 3137 1825 3191 terris
1846 3137 2008 3191 cultis
2034 3146 2090 3192 et
2113 3137 2350 3207 incultis,

766 3223 960 3288 νίηιιὶε,
991 3225 1181 3292 pratis,
1213 3225 1385 3292 silvis,
1418 3229 1650 3294 pascuis,
1677 3228 1831 3294 aquis
1863 3242 2232 3297 aquarumque
2255 3229 2352 3284 de-

769 3317 1040 3381 cursibus,
1073 3333 1196 3371 cum
1227 3320 1374 3372 omni
1397 3319 1522 3386 jure
1545 3329 1600 3374 et
1622 3319 1941 3388 adjacentiis
1963 3335 2171 3385 carum,
2203 3337 2350 3390 qua»

769 3406 934 3460 situm
966 3416 1022 3461 et
1053 3407 1455 3476 inquirendum,
1490 3425 1588 3480 per
1611 3411 1750 3464 hanc
1770 3411 2055 3479 epistolam
2084 3411 2352 3468 venditio-

772 3498 856 3552 nis
897 3497 1014 3552 hmc
1049 3500 1201 3552 vobis
1235 3499 1408 3562 trado,
1445 3501 1714 3556 transfero
1743 3511 1907 3570 atque
1935 3503 2254 3558 transfundo
2286 3505 2350 3558 ad

773 3587 1028 3656 possideo
1052 3589 1182 3641 lum.
1215 3587 1282 3641 Et
1311 3589 1620 3658 accepimus
1645 3606 1674 3645 a
1710 3592 1858 3645 vobis
1887 3594 2139 3661 pretium,
2165 3603 2220 3647 et
2250 3609 2350 3646 no-

768 3681 852 3734 bis
882 3681 1020 3734 bene
1047 3680 1394 3750 complacuit,
1423 3681 1526 3736 hoc
1556 3691 1658 3746 est,
1689 3683 1894 3737 solidos
1935 3684 2051 3738 auri
2081 3685 2351 3754 purissimi

767 3773 1164 3840 septingentos,
1207 3779 1264 3825 et
1306 3771 1500 3839 pallios
1538 3787 1607 3835 tv,
1641 3773 1884 3827 valentes
1913 3773 2117 3829 solidos
2146 3775 2351 3828 ducen-

770 3870 876 3915 tos.
911 3858 1036 3915 Ilico
1068 3875 1195 3914 vero
1220 3862 1389 3929 pretia
1416 3876 1446 3914 a
1470 3861 1626 3916 nobis
1657 3873 1908 3931 suscepta
1940 3865 2132 3917 anima:
2153 3874 2352 3918 nostrae

770 3954 1012 4008 remedio
1042 3955 1094 4008 in
1124 3953 1377 4007 alimonia
1412 3969 1706 4023 pauperum
1742 3956 1935 4009 ibidem
1972 3957 2082 4011 Deo
2110 3957 2352 4012 servien-

768 4046 899 4100 t'ium
931 4061 1312 4114 expensamus.
1345 4044 1537 4099 Omnia
1567 4061 1698 4100 vero
1731 4047 1844 4102 haec
1882 4049 2132 4117 superius
2170 4051 2349 4103 nomi-

767 4144 895 4189 nata
926 4135 979 4188 in
1013 4151 1201 4209 manus
1229 4145 1437 4189 vestras
1466 4136 1724 4192 tradimus
1752 4146 1810 4191 et
1835 4153 2211 4193 successorum
2258 4155 2350 4193 ve-

769 4232 1026 4286 strorum,
1061 4233 1118 4276 ut
1158 4223 1504 4293 possidentis,
1551 4233 1606 4279 et
1643 4225 1901 4294 quidquid
1947 4227 2143 4282 exinde
2173 4228 2351 4282 facere

765 4314 1068 4374 Volueritis,
1101 4314 1274 4368 libero
1304 4314 1553 4368 omnibus
1584 4315 1874 4384 perfruatis
1902 4317 2150 4381 arbitrio,
2178 4317 2347 4386 stipu-

764 4405 971 4458 latione
999 4403 1247 4457 subnixa.
1288 4403 1450 4457 Facta
1481 4411 1630 4458 carta
1666 4405 1991 4459 venditionis
2031 4404 2131 4459 ista
2163 4421 2349 4461 mense

765 4495 932 4561 Maio,
964 4511 1104 4550 anno
1128 4495 1195 4562 vij
1226 4495 1374 4562 regni
1399 4495 1600 4548 domini
1633 4495 1804 4549 nostri
1828 4495 2158 4550 Theodorici
2182 4498 2344 4564 regis.

2463 2032 2702 2077 maneat.
2744 2023 2803 2078 Si
2847 2024 2972 2092 quis
3003 2039 3158 2090 vero,
3195 2025 3344 2092 quod
3375 2025 3492 2081 fieri
3526 2045 3632 2083 non
3662 2031 3847 2096 credo,
3877 2031 3919 2086 si
3951 2046 4056 2101 ego

2463 2112 2600 2181 ipse,
2634 2122 2727 2166 aut
2757 2113 2898 2168 ullus
2924 2113 2992 2168 de
3020 2114 3314 2170 heredibus
3341 2117 3477 2172 meis
3504 2128 3694 2174 contra
3720 2120 3863 2176 hanc
3880 2121 4054 2176 dona-

2461 2205 2667 2260 tionem
2713 2207 2900 2262 venire
2949 2215 3045 2262 aut
3093 2221 3257 2277 agere
3296 2211 3597 2273 conaverit,
3631 2213 3685 2266 in
3725 2214 3912 2282 primis
3955 2217 4056 2272 Dei

2461 2296 2595 2350 iram
2629 2298 2894 2364 incurrat,
2941 2306 2997 2352 et
3038 2301 3312 2354 communi
3356 2315 3589 2369 corpore
3617 2303 3700 2358 vel
3746 2306 4054 2362 sacerdotio

2460 2397 2753 2443 cxtraneus
2782 2389 2877 2457 sit,
2917 2398 2974 2444 et
3003 2405 3125 2445 cum
3159 2391 3288 2446 fisco
3319 2393 3436 2446 auri
3475 2393 3640 2450 libras
3669 2411 3726 2460 ii,
3761 2402 3969 2465 argenti
3998 2416 4052 2454 Ill

2461 2488 2774 2548 componat,
2806 2489 2861 2533 et
2889 2479 3038 2548 quod
3069 2481 3204 2550 petit
3232 2481 3523 2538 vendicare
3566 2499 3676 2540 non
3709 2487 3908 2552 valeat,
3955 2491 4053 2544 sed

2460 2588 2700 2642 praesens
2725 2575 2837 2627 haec
2867 2575 3093 2629 donatio
3112 2577 3259 2629 omni
3285 2585 3529 2646 tempore
3552 2576 3703 2633 ﬁrma
3733 2592 4052 2649 permaneat

2459 2680 2582 2718 cum
2638 2665 2992 2733 stipulatione
3046 2666 3330 2722 subnexa.
3363 2668 3559 2724 Actum
3609 2670 3662 2724 in
3715 2673 4050 2729 monasterio

2458 2757 2631 2810 sancti
2653 2756 2918 2811 Gallonis.
2943 2756 3165 2825 Signum
3198 2758 3398 2823 Aloini,
3422 2761 3514 2828 qui
3538 2761 3679 2816 hanc
3699 2761 4048 2820 donationem

2461 2849 2576 2903 tieri
2608 2849 2840 2916 rogavit.
2872 2849 2986 2917 Sig.
3019 2847 3303 2919 Stephani.
3339 2852 3452 2919 Sig.
3479 2852 3696 2909 Jactati.
3729 2853 3842 2923 Sig.
3874 2855 4044 2911 Petri.

2459 2941 2570 3007 Sig.
2601 2938 2942 2994 Wnalaonis.
2972 2939 3082 3007 Sig.
3127 2939 3519 2995 Landelhelmi.
3558 2941 3668 3011 Sig.
3709 2942 3908 2999 Valoti.
3941 2944 4049 3001 No-

2446 3033 2564 3084 ~tavi
2595 3029 2744 3098 quod
2772 3030 2874 3084 feci
2906 3029 2958 3082 in
2986 3044 3173 3084 mense
3194 3029 3356 3093 Julio.
3387 3047 3494 3086 xtm
3519 3033 3728 3088 calend.
3752 3033 4041 3103 Augustas.

2460 3121 2573 3188 Ego
2620 3119 2816 3174 Petrus
2861 3120 3055 3189 scripsi
3115 3130 3169 3174 et
3217 3121 3511 3192 subscripsi
3557 3139 3656 3179 suo
3702 3123 4041 3184 Theodorico

2459 3229 2584 3283 rege
2609 3211 2660 3268 ι’.

3161 3302 3344 3358 XXIII.

2458 3395 2652 3451 Charta
2681 3414 2782 3468 qua
2802 3397 3021 3451 Aredius
3043 3414 3128 3451 seu
3149 3395 3451 3462 Petruinus,
3482 3397 3814 3456 Vasionensi:
3844 3405 4042 3468 episto-

2527 3485 2642 3536 pus.
2668 3467 2984 3522 Grasclleusi
3016 3470 3330 3520 monisterio
3373 3469 3510 3521 dona
3551 3486 3583 3522 a
3613 3487 3669 3523 se
3714 3474 3789 3524 vel
3829 3467 3892 3524 ab
3922 3475 4040 3527 aliis

2526 3539 2718 3593 collata
2748 3541 3104 3606 conﬁrmat,“
3128 3539 3223 3608 prii
3241 3539 3393 3608 ilegia
3416 3540 3650 3593 concedit
3675 3553 3696 3580 ε
3723 3543 4037 3613 (aun.685).

2528 3673 2584 3728 In
2618 3673 2836 3727 nomine
2868 3671 3078 3726 Domini
3099 3669 3228 3726 .Iesu
3290 3671 3523 3738 Christi,
3550 3674 3764 3730 domnis
3805 3691 4038 3732 venera-

2458 3766 2658 3820 bilibus
2687 3774 2852 3833 atque
2874 3763 3256 3826 dilectissimis,
3273 3773 3329 3818 et
3347 3765 3547 3819 sanctis
3569 3764 3820 3820 fratribus
3842 3770 4040 3822 nostris

2456 3856 3024 3928 comprovincialibus,
3053 3864 3361 3912 sanctarum
3400 3857 3750 3913 ecclesiarum
3807 3858 4037 3914 Domino

2456 3949 2805 4018 dispensante
2835 3948 3158 4008 rectoribus,
3179 3948 3404 4004 Aredius
3433 3950 3546 4003 sive
3576 3948 3880 4010 Petruinus,
3899 3951 4042 4005 sedis

2456 4039 2696 4094 ecclesia:
2728 4039 2980 4092 Vasensis
3009 4037 3260 4102 civitatis.
3295 4053 3357 4093 ac
3408 4039 3453 4092 si
3508 4038 3775 4106 indignus,
3812 4039 4039 4094 Domino

2455 4127 2822 4197 dispensante,
2848 4127 3113 4196 pontifex.
3147 4127 3300 4182 Tunc
3328 4144 3426 4183 nos
3451 4128 3578 4183 boni
3627 4129 3831 4198 aliquid
3883 4130 4040 4199 spiri-

2459 4218 2580 4271 talis
2610 4218 2823 4272 fabricm
2853 4218 3096 4272 inchoari
3124 4218 3464 4282 confidimus,
3489 4235 3611 4273 cum
3635 4235 3731 4288 pro
3759 4235 4036 4276 servorum

2457 4308 2550 4362 Dei
2583 4309 2997 4363 necessitatibus
3027 4324 3131 4362 una
3157 4324 3277 4362 cum
3311 4317 3617 4363 nostrorum
3647 4311 3874 4366 consilio
3927 4315 4035 4382 Spi-

2457 4400 2668 4454 ritualia
2695 4400 3032 4465 adhibemus,
3063 4407 3456 4468 pertractantes
3482 4415 3712 4469 quorum
3757 4405 4038 4471 oportuni-

2458 4494 2658 4546 tatibus
2679 4493 2913 4560 qualiter
2934 4492 3204 4546 communi
3230 4492 3506 4547 voluntate
3521 4500 3872 4562 utrorumque
3895 4511 4038 4549 mero

764 4586 1010 4641 Nizezius
1059 4593 1317 4654 peccator
1357 4593 1412 4640 et
1455 4584 1817 4640 Ermintrudis
1862 4586 2002 4640 hanc
2060 4587 2343 4652 epistolam
2377 4591 2422 4648 ι)
2453 4599 2543 4638 ces
2565 4592 2856 4644 accrescat,
2891 4589 3028 4634 utet
3056 4580 3158 4634 illis
3189 4595 3218 4633 a
3249 4580 3406 4634 nobis
3430 4581 3708 4646 auxilium,
3734 4591 3790 4637 et
3814 4599 3913 4637 nos
3942 4599 4034 4653 per

765 4677 1089 4731 Venditionis
1118 4677 1531 4744 recognovimus
1558 4685 1612 4731 et
1645 4676 2091 4745 subsignavimus.
2125 4676 2343 4743 Signum

837 4913 862 4939 α
887 4902 1001 4956 lloc
1031 4903 1471 4958 inS'rumentum.
1505 4896 1650 4967 quod
1679 4911 1745 4950 ex
1789 4894 2194 4967 'I‘raditionibus
2224 4913 2342 4948 mo-

766 4973 986 5029 nasterii
1020 4970 1191 5025 sincti
1221 4968 1382 5032 Galli,
1417 4965 1536 5036 pag.
1579 4969 1636 5031 2,
1669 4967 1892 5027 recudo,
1919 4965 2031 5036 jam
2065 4965 2346 5036 ediderant

763 5044 1057 5110 Vadianus.
1098 5056 1185 5110 ap.
1223 5035 1723 5110 Goldastn’Script.
1764 5052 1870 5089 rer.
1907 5035 2149 5110 Alaman.
2181 5045 2219 5087 t.
2244 5035 2339 5110 All“.

763 5127 888 5183 pag.
923 5109 1026 5175 57;
1080 5106 1264 5177 Lunig.
1313 5108 1673 5183 Spicil.‘ecs|.
1714 5115 1859 5183 part.
1903 5106 1990 5183 I|_I,
2033 5107 2338 5183 νειμ-Νύξ

764 5177 1018 5248 Νθῖιεειιι.
1056 5195 1293 5248 quoque,
1327 5178 1456 5232 Cod.
1490 5179 1662 5230 Alem.
1695 5177 1826 5246 dipl.
1862 5186 1898 5230 t.
1933 5177 1968 5241 l,
2004 5189 2126 5244 pag.
2161 5177 2214 5238 ti,
2248 5179 2340 5229 sed

767 5270 875 5308 non
899 5254 1184 5320 integrum.

840 5324 864 5360 ι’
894 5314 1106 5375 Annum
1149 5318 1252 5372 680
1282 5333 1345 5371 ex
1379 5317 1689 5386 conjectura
1718 5315 1910 5384 scripsi
1938 5332 1950 5379 ;
1997 5314 2120 5369 cod.
2170 5317 2342 5370 sancti

765 5393 902 5448 Galli
936 5393 1138 5445 indicat
1168 5391 1219 5442 in
1251 5389 1491 5454 margine
1522 5387 1590 5438 (ill
1615 5394 1648 5452 ν,
1677 5389 1912 5440 circiter.

843 5475 862 5501 ε
911 5465 1054 5514 llanc
1084 5460 1319 5526 vulgavit
1350 5457 1912 5526 lliabillonius,Anual.
1945 5464 1982 5507 t.
2011 5454 2049 5518 ι,
2071 5470 2190 5523 pag.
2220 5455 2342 5518 (598,

766 5533 832 5586 ad
867 5533 1019 5584 fidem
1043 5525 1274 5597 exempli
1298 5531 1437 5593 quod
1466 5544 1491 5579 a
1528 5528 1658 5597 Luil.
1702 5527 1826 5579 Ant.
1877 5525 1994 5577 Βυίὶ
2041 5536 2340 5597 acceperat.

765 5603 962 5655 lterum
994 5601 1159 5654 edidit
1187 5595 1526 5669 lloyerus,’in
1579 5596 1811 5649 Ilistoria
1861 5595 2100 5669 ecclesia;
2144 5596 2344 5669 ’ναξ-ἰο-

765 5676 978 5734 nensis,
1009 5670 1219 5740 probat.
1265 5665 1401 5735 'pag.
1434 5668 1512 5740 1,
1546 5669 1792 5740 collatam
1841 5681 1963 5740 cum
2021 5665 2266 5740 originali
2315 5681 2344 5718 a

767 5743 947 5807 priore
971 5736 1142 5795 sancti
1165 5740 1405 5791 Andreas.
1431 5737 1716 5790 Mabillonii
1742 5737 2025 5807 lectionem
2049 5736 2342 5807 serpiimnr,

769 5805 907 5864 inter
935 5825 1104 5865 uncos
1124 5809 1370 5877 ascriptis
1398 5809 1773 5874 discrepantiis
1795 5824 1868 5877 ex,
1888 5805 2079 5877 Iloyeri
2100 5805 2345 5858 Editione

769 5880 1120 5954 depromptis.
1146 5875 1368 5935 Aredius
1391 5894 1484 5934 seu
1516 5877 1798 5933 l’ctruinus
1827 5876 1965 5931 idem
1998 5875 2204 5931 videtur
2232 5877 2341 5944 qui,

2451 4692 2638 4731 eorum
2688 4676 3070 4738 interventum,
3099 4671 3313 4727 Domini
3352 4686 3656 4728 mereamur
3699 4675 4028 4745 suffragium,

2447 4893 2546 4946 sub
2569 4890 2840 4946 Clodovco
2869 4888 2931 4952 II,
2953 4888 3296 4942 Cabilonensi
3328 4889 3558 4943 concilio
3588 4887 3906 4957 subscripsit
3935 4907 4026 4943 no-

2447 4964 2589 5016 mine
2623 4961 2892 5020 Petronii,
2925 4962 3066 5013 circa
3098 4974 3297 5012 annum
3347 4957 3474 5020 650,
3499 4967 3636 5013 teste
3690 4958 3838 5014 Nova
3884 4960 4021 5016 Gall.

2446 5032 2664 5093 CliriSti,
2697 5041 2734 5083 t.
2769 5031 2808 5093 l,
2837 5027 3089 5099 col.7925.
3116 5038 3170 5082 et
3198 5028 3331 5083 llist.
3357 5030 3493 5083 eccl.
3540 5029 3759 5099 Vasion.
3795 5044 3916 5099 pag.
3941 5031 4023 5082 67.

2450 5104 2714 5157 Auctores
2743 5100 2902 5154 Nova:
2929 5098 3066 5153 Gall.
3092 5099 3270 5153 Christ.
3299 5139 3314 5163 ,
3346 5107 3386 5155 ι.
3411 5099 3452 5163 1,
3477 5113 3598 5168 pag.
3628 5098 3751 5165 920,
3786 5098 4029 5154 asserunt

2449 5171 3116 5240 milialtujusimouasterii
3157 5184 3440 5237 superesse
3485 5171 3728 5240 vestigia.
3789 5169 4027 5240 Boyerus

2447 5259 2598 5308 vero,
2625 5255 2745 5304 pag.
2770 5239 2859 5305 66,
2885 5239 3042 5294 docet
3061 5250 3206 5293 stare
3227 5240 3402 5293 adhuc
3424 5238 3624 5292 salvam
3646 5256 3745 5294 suo
3763 5238 4024 5310 tempore,

2447 5329 2590 5366 anno
2623 5310 2781 5375 1751,
2812 5311 3009 5363 veteris
3028 5310 3268 5364 ecclesia:
3297 5318 3524 5377 partem,
3544 5311 3596 5363 in
3639 5325 3745 5378 qua
3803 5320 4026 5365 venuste

2447 5393 2660 5444 ornata,
2683 5381 2870 5436 diebus
2898 5379 3223 5444 Dominicis,
3245 5381 3500 5451 juvennm
3538 5381 3883 5451 congregatio
3927 5383 4024 5451 piis

2447 5451 2718 5506 exercitiis
2753 5451 3008 5514 vacabat;
3057 5459 3246 5504 cintera
3293 5449 3547 5513 aedilicia,
3573 5465 3601 5502 a
3644 5450 3892 5506 barbaris
3930 5449 4026 5504 aut

2449 5522 2712 5576 lt:lPI‘BIICIS
2737 5535 2948 5586 eversa,
2980 5520 3112 5574 nihil
3135 5528 3328 5588 praeter
3357 5519 3546 5573 rudera
3579 5519 3860 5576 exhibere.
3911 5519 4022 5573 hla-

2447 5593 2720 5663 billonius,
2753 5590 2947 5663 Annal.
2981 5588 3091 5663 t.r_l_,
3119 5603 3237 5663 pag.
3270 5588 3576 5663 572,_notat
3619 5589 4020 5663 hocmonaste-

2447 5664 2584 5716 riuin
2615 5678 2646 5715 a
2679 5660 2861 5727 Petro,
2888 5659 3203 5715 Massiliensi
3240 5660 3498 5716 antistite.
3527 5675 3670 5714 anno
3713 5659 3871 5723 1059,
3897 5660 4022 5715 sub-

2442 5733 2645 5798 jectum
2691 5729 2853 5785 fuisse
2899 5728 3213 5784 Massiliensi
3261 5730 3430 5783 sancti
3481 5728 3710 5784 Victoris
3756 5732 4016 5791 abbatize,

2447 5803 2600 5868 ιτυῇιιε
2624 5801 2758 5856 cella
2782 5800 2904 5864 fuit,
2935 5811 2990 5854 et
3017 5801 3188 5854 adhuc
3217 5809 3458 5854 remanet
3504 5800 3600 5854 sub
3651 5801 3808 5856 titulo
3855 5803 4022 5856 sancti

2450 5871 2594 5927 Petri
2624 5887 2687 5928 ac
2710 5872 2878 5927 sancti
2908 5871 3133 5926 Victoris
3155 5870 3224 5925 de
3249 5869 3510 5928 Grasello.
