4206 6568
223 463 370 518 Ηυζὶ

986 463 1422 518 DUNATIONES
1465 461 1550 517 AC
1590 463 2054 520 TESTAMENTA
2099 463 2343 530 EPISG,
2386 465 2563 530 ABB.,
2611 463 2760 519 ETC.

3417 467 3526 524 200

219 575 354 642 quia
384 588 450 628 eo
481 573 644 627 modo
679 587 956 630 servorum
989 573 1082 628 Dei
1131 575 1522 628 monaclroruru
1578 573 1828 629 culminis
1862 581 1904 636 Λ
1934 583 2282 643 surnpseruut
2335 575 2690 645 principium,
2736 587 2792 630 et
2850 577 3061 646 plurimi
3112 577 3180 633 ab
3230 579 3342 650 ipsa
3392 579 3529 644 sede

222 665 575 733 fastigia-alta
611 666 936 734 proceritate
961 665 1301 731 attolluntur,
1333 680 1452 718 cum
1502 680 1662 734 supra
1693 665 1825 718 soli-

220 761 351 811 dam
378 767 588 827 petram
623 755 968 810 fundamenta
999 772 1026 808 a
1060 755 1305 809 fidelibus
1327 756 1623 823 jaciuntur.
1674 754 1829 808 Ideo-

215 865 335 918 que
370 848 758 904 monasterium
802 847 1019 915 aliquod
1052 849 1101 900 iu
1135 847 1445 901 suburbano
1495 845 1747 908 civitatis,
1775 846 1827 899 iu

216 943 352 996 loco
386 941 542 1010 cujus
575 942 898 995 vocabulum
937 940 1181 996 Grasello
1223 939 1466 1011 oyer.,
1498 936 1825 1007 Grassello],

214 1033 372 1100 Quod
403 1048 504 1086 nos
535 1033 585 1085 in
619 1031 828 1087 honore
857 1033 1027 1085 sancti
1079 1031 1312 1084 Victoris
1356 1040 1411 1083 et
1459 1031 1628 1082 sancti
1676 1027 1824 1081 Petri

215 1123 306 1175 vel
357 1124 690 1190 re'iquorum
738 1122 1061 1174 domuoruru
1110 1131 1420 1175 sanctorum
1470 1120 1824 1173 ecclesiarum

218 1215 321 1269 visi
352 1231 540 1270 smnus
572 1215 962 1278 construxisse,
981 1215 1180 1282 placuit
1206 1214 1358 1266 nobis
1383 1221 1437 1265 ut
1463 1213 1562 1265 sub
1587 1212 1826 1264 instituta

213 1317 541 1360 sanctorum
601 1307 815 1360 l’atrum
854 1306 1057 1374 ‘ipszuu
1118 1305 1502 1358 mouasterirttu
1561 1303 1823 1356 lirruatrrm

215 1414 346 1452 esse
395 1398 705 1461 deberetur,
756 1398 844 1450 tibi
906 1397 1226 1449 venerabilis
1279 1397 1360 1448 vir
1415 1395 1826 1462 l"rctlegbisolt:s

216 1491 394 1543 abbas
464 1499 518 1542 cl
585 1489 932 1556 currgregatio
982 1489 1398 1554 monachorum,
1445 1488 1662 1555 auspice
1720 1486 1822 1539 Uu-

216 1585 399 1644 tuino,
431 1582 482 1634 iu
513 1581 879 1651 suprascripto
913 1582 1239 1633 monasterio
1269 1581 1497 1632 debeant
1527 1581 1682 1631 deier
1726 1580 1820 1640 ire,

215 1672 868 1725 tttsecundurunormam
899 1671 1224 1723 venerabilis
1281 1670 1376 1722 viri
1423 1673 1594 1722 sancti
1653 1667 1826 1720 l’atris

217 1765 509 1817 Benedicti
567 1765 812 1827 abbatis,
859 1764 939 1816 vel
997 1764 1166 1815 sancti
1220 1762 1456 1826 Macarii,
1504 1778 1598 1815 seu
1656 1762 1824 1814 sancti

216 1855 572 1921 Columbani,
599 1856 797 1922 degere
823 1854 905 1907 vel
951 1855 1194 1907 habitare
1246 1855 1529 1918 deberent,
1559 1861 1822 1922 quatenus

1936 667 2308 736 apostolorum
2367 667 2510 735 quod
2568 668 2873 722 devotionis
2919 670 3202 724 obtentum
3260 671 3526 744 [Boyer.,

1933 760 2156 812 obtentu
2185 757 2200 828 l
2233 758 2415 827 adepti
2440 768 2752 813 noscuntur.
2799 760 3032 829 Ideoque
3055 776 3155 814 nec
3184 776 3282 815 nos
3311 774 3527 817 contra-

1933 849 2008 903 ria
2041 848 2309 913 duximus,
2341 858 2399 903 ut
2422 849 2474 902 in
2507 849 2638 903 urbe
2671 851 3268 916 nostra,coneredimus
3296 851 3526 908 Domino

1932 944 2051 1012 gub.
2075 955 2267 998 ruante
2297 946 2535 998 omnium
2586 936 2779 999 siinilia
2815 955 3048 1014 aptasse,
3077 955 3346 1015 quatenus
3371 948 3525 1012 juxta

1932 1037 2160 1105 apostoli
2188 1053 2393 1098 vceeru,
2422 1035 2512 1090 Dei
2544 1038 2710 1090 simus
2732 1034 2968 1108 [Boyer.,
2994 1036 3201 1106 sumus]
3224 1037 3522 1107 adjutores,

1935 1131 2286 1205 probabiliter
2335 1131 2708 1198 agricultores,
2743 1129 2827 1182 vel
2857 1129 3134 1198 adjutores
3163 1131 3446 1192 efliciruur,
3479 1133 3525 1185 si

1931 1239 2051 1276 cum
2086 1221 2248 1274 Petro
2277 1220 2524 1289 apostolo
2547 1221 2744 1273 sanctis
2774 1220 2967 1274 ovibus
3009 1236 3203 1286 pascua
3257 1236 3525 1293 pnepara-

1932 1331 2071 1378 mus,
2095 1313 2236 1368 urnle
2261 1314 2359 1383 ipsi
2383 1313 2524 1368 servi
2555 1313 2646 1366 Dei
2677 1313 3036 1376 delectentur,
3059 1322 3164 1364 tam
3198 1329 3296 1382 pro
3329 1314 3525 1367 nostris

1931 1403 2278 1461 facinoribus.
2311 1419 2472 1471 quam
2528 1418 2628 1471 pro
2671 1406 2832 1455 totirrs
2877 1402 3023 1456 urbis
3081 1402 3260 1471 bujus.
3289 1404 3370 1456 vel
3427 1419 3524 1471 pro

1932 1496 2079 1561 regni
2111 1495 2438 1547 Francorum
2486 1494 2834 1547 stabilitatem
2887 1491 3130 1563 [Boyer'.,
3163 1493 3522 1563 stabilitate],

1931 1586 2187 1639 attentius
2222 1585 2428 1639 Domini
2459 1586 2878 1638 misericordiam
2912 1585 3210 1654 deprecari.
3240 1585 3402 1653 Igitur
3424 1601 3524 1652 ego

1931 1676 2157 1729 Aredius
2180 1691 2276 1729 seu
2302 1674 2605 1738 l‘etruinus,
2630 1675 2879 1729 Vasensis
2904 1675 3051 1728 urbis
3072 1677 3312 1728 eeclesim
3339 1677 3498 1730 catlre

1929 1770 2037 1820 dru-
2063 1767 2300 1831 poutr‘fex
2328 1777 2668 1835 prorogatus,
2694 1783 2814 1819 cum
2843 1778 3042 1832 vesrra,
3079 1777 3154 1830 ut,
3193 1769 3368 1828 decet,
3394 1785 3527 1822 cono

1934 1860 2169 1911 uibentia
2201 1857 2441 1930 [80.5ch
2472 1855 2838 1927 conniventia]
2869 1857 2949 1910 vel
2977 1866 3166 1910 sancta
3191 1857 3526 1912 fraternitate

215 1959 272 2001 et
305 1948 412 2016 ipsi
476 1949 744 2001 tramitem
790 1957 1100 2002 sanctorum
1153 1947 1369 2000 l’atruru
1425 1956 1688 2009 tenentes,
1743 1950 1824 2000 vel
1863 1941 1907 1999 Β
1938 1952 2186 2011 devotus,
2221 1964 2285 2000 ex
2319 1955 2499 2001 nostra
2525 1947 2853 2014 indulgentia
2881 1947 2989 2001 tale
3039 1948 3118 2002 eis
3164 1949 3230 2002 ad
3291 1963 3525 2016 praesens

217 2039 470 2092 instituta
492 2039 773 2108 pritnitiva:
799 2039 1069 2103 licclcsizc,
1091 2040 1229 2091 sicut
1250 2049 1424 2091 tamen
1450 2041 1820 2107 apostolorum

216 2130 356 2184 Acta
395 2139 680 2194 testantur,
715 2145 942 2197 quorum
985 2140 1101 2183 erat
1150 2146 1243 2182 cor
1291 2139 1344 2182 et
1393 2131 1568 2182 anima
1618 2147 1718 2182 uua
1772 2131 1820 2184 iu

218 2222 476 2286 Domino,
510 2238 606 2276 nec
630 2221 827 2291 aliquid
860 2237 917 2275 se
966 2222 1242 2290 proprium
1301 2222 1498 2275 lrabere
1549 2222 1821 2289 dir-ebant,

215 2313 312 2366 sed
347 2319 503 2365 erant
540 2311 641 2364 illis
673 2312 849 2364 omnia
882 2311 1210 2374 cornmuuia,
1248 2318 1301 2363 et
1329 2311 1586 2380 quidquid
1620 2310 1823 2365 habere

220 2413 503 2473 poterant,
551 2402 786 2457 venditis
834 2403 1086 2456 orurribus
1131 2413 1186 2456 et
1241 2403 1823 2470 dislr.ictis,pouentes

217 2499 406 2566 precia
435 2513 621 2550 eorum
649 2504 774 2548 ante
804 2499 966 2565 pedes
994 2493 1399 2562 apostolorum:
1431 2502 1693 2560 erantque
1724 2495 1821 2559 eis,

217 2591 362 2645 sicut
390 2590 502 2659 jaru
537 2590 788 2653 diximus,
824 2590 1003 2643 omnia
1053 2589 1386 2643 communia.
1430 2589 1494 2642 Et
1544 2590 1666 2642 alibi
1720 2589 1825 2645 Do-

221 2684 405 2735 ru'uus
437 2695 663 2748 regnum
694 2682 955 2735 cmlorum
981 2681 1251 2748 vitamque
1277 2680 1518 2748 proruisit
1540 2689 1822 2747 teternam,

219 2793 359 2843 quos
392 2777 446 2829 iu
475 2775 767 2841 Evangelio
812 2775 1002 2828 beatos
1032 2788 1297 2842 pauperes
1328 2773 1596 2841 appellat,
1630 2774 1822 2838 quibus

218 2875 272 2918 et
302 2866 700 2919 convenienter
725 2873 971 2918 cantetur
1007 2880 1020 2918 ε
1066 2861 1245 2916 Gloria
1284 2864 1336 2916 in
1366 2864 1580 2915 excelsis
1611 2861 1744 2922 Deo.
1774 2873 1822 2916 et

220 2959 273 3010 in
305 2966 452 3011 terra
473 2972 578 3022 pax
603 2956 896 3010 hominibus
920 2956 1062 3009 bona
1081 2955 1375 3008 voluntatis.
1398 2953 1463 3006 Et
1481 2954 1603 3022 quia
1635 2969 1818 3022 par-va,

223 3056 281 3101 ut
309 3049 569 3110 diximus,
603 3047 655 3100 in
685 3045 997 3100 suburbano
1026 3045 1612 3111 civitatis,monasterii
1637 3044 1819 3097 doumi

219 3139 466 3193 Victoris
495 3147 550 3191 et
573 3137 755 3192 domui
791 3136 951 3200 Petri,
985 3153 1102 3207 qua:
1129 3137 1228 3190 sub
1259 3136 1375 3204 ipsa
1406 3135 1536 3188 urbe
1574 3150 1692 3188 esse
1739 3134 1819 3187 di-

1928 2041 2196 2094 credimus
2214 2039 2471 2092 libertatis
2483 2038 2839 2106 privilegium,
2860 2047 2935 2103 ut,
2960 2037 3188 2091 Domino
3209 2037 3520 2106 adjuvaute,

1930 2131 2044 2200 ipsa
2077 2129 2446 2197 congregatio,
2473 2129 2553 2181 vel
2583 2144 2770 2181 eorum
2801 2129 3091 2196 posteritas
3120 2129 3171 2181 in
3204 2128 3306 2182 hac
3333 2135 3522 2182 sancta

1929 2225 2352 2292 congregatione
2378 2223 2754 2293 perdurantes,
2784 2223 2868 2276 vel
2899 2222 2962 2275 ad
2989 2223 3266 2277 cmlestem
3293 2223 3521 2292 patriaru

1930 2314 2406 2384 contemplandum
2436 2313 2772 2378 festinantes,
2798 2312 2943 2382 quod
2988 2328 3016 2365 a
3059 2312 3216 2368 nobis
3269 2314 3522 2382 prteseuti

1932 2414 2173 2471 tempore
2195 2419 2315 2457 curn
2344 2412 2521 2456 vestra
2554 2403 2926 2457 consentiente
2956 2402 3294 2456 fraternitate
3319 2418 3521 2458 conce-

1928 2495 2090 2558 ditur,
2125 2495 2209 2548 vel
2241 2495 2436 2547 vestris
2466 2496 2668 2547 sanctis
2699 2493 2944 2547 manibus
2973 2494 3280 2556 roboratur,
3304 2509 3522 2548 succes-

1927 2590 2139 2643 soribus
2171 2589 2371 2641 n0stris
2403 2585 2787 2640 inviolabiliter
2816 2585 2958 2652 quod
2987 2585 3266 2639 sauximus
3322 2601 3518 2654 perpe-

1928 2683 2033 2735 tuis
2066 2682 2402 2748 temporibus
2431 2680 2629 2732 dcbeat
2654 2679 2954 2744 observari,
2999 2685 3056 2730 ut
3099 2688 3278 2732 cetera
3324 2693 3518 2731 mona-

1925 2775 2121 2837 sreria,
2157 2781 2215 2825 ut
2249 2772 2495 2841 superius
2541 2769 2748 2840 pra-fati
2801 2785 3006 2832 smnus,
3039 2770 3144 2825 hoc
3200 2769 3518 2824 beneficium

1927 2863 2191 2932 privilegii
2215 2861 2558 2930 accipientia,
2575 2861 2786 2928 possint
2811 2861 2910 2915 sub
2941 2861 3087 2914 oumi
3109 2861 3293 2928 quiete
3315 2861 3520 2929 absque

1928 2956 2353 3026 perturbatione,
2390 2955 2470 3008 vel
2519 2954 2866 3008 infestatioue
2894 2952 3212 3022 poutilicurrr
3237 2952 3321 3007 vel
3351 2953 3518 3006 eccle-

1925 3047 2018 3100 sia:
2041 3054 2308 3110 actorum,
2333 3060 2428 3098 seu
2457 3046 2525 3098 ab
2554 3046 2740 3113 inpetu
2788 3043 3024 3115 |Boyer.,
3052 3042 3278 3113 impetu]
3306 3043 3519 3099 secula-

1925 3140 2061 3193 rium
2092 3181 2105 3201 ,
2161 3150 2368 3192 remota
2425 3147 2612 3192 sancta
2655 3136 3113 3203 congregatione,
3164 3133 3364 3204 perfrui
3417 3136 3518 3188 sub

220 3231 541 3300 gnoscitur;
597 3230 829 3298 ideoque
891 3229 956 3283 ad
1016 3229 1181 3299 ipsius
1229 3229 1556 3298 adjutorirmr
1606 3230 1818 3284 annecti
1849 3237 1893 3298 (ζ
1926 3232 2146 3302 quiete;
2189 3231 2267 3284 sic
2291 3238 2470 3284 tamen
2501 3240 2554 3281 et
2587 3244 2683 3297 pra
2703 3244 2847 3293 seris,
2884 3243 3006 3279 nam
3048 3226 3378 3294 indulgentia
3418 3241 3518 3280 nos

224 3322 380 3375 nobis
411 3321 613 3388 placuit
645 3330 702 3374 ut
731 3320 989 3390 quidquid
1014 3337 1110 3390 per
1139 3319 1424 3388 epistolas,
1453 3327 1558 3372 tam
1588 3335 1681 3387 per
1705 3335 1820 3373 ces-

221 3412 406 3466 siones
428 3427 588 3482 quam
608 3411 1126 3481 perqualiacumque
1151 3410 1501 3465 iustrurnenta
1527 3420 1816 3477 cartarum,

222 3506 461 3559 domnus
486 3505 712 3559 Aredius
735 3504 846 3558 sive
871 3503 1154 3557 Petruiuus
1185 3503 1420 3571 pontifex
1448 3503 1592 3556 urbis
1621 3503 1820 3557 Vasco-

221 3597 357 3651 siu'u
394 3597 634 3670 [Boyer.,
661 3593 1043 3664 \‘asiensimuj,
1070 3594 1153 3647 vel
1184 3595 1302 3646 avia
1333 3608 1428 3646 sua
1460 3592 1656 3646 domna
1683 3592 1820 3647 Gre-

225 3688 376 3755 goria
410 3687 690 3756 episcOpia
725 3693 774 3750 ει,
800 3685 864 3738 ad
897 3686 1069 3753 ipsum
1101 3684 1280 3738 locum
1311 3681 1395 3736 vel
1427 3682 1822 3750 suprascriptos

224 3779 524 3833 monachos
556 3793 693 3848 qrros
727 3777 920 3830 ibidem
955 3775 1096 3830 Deus
1126 3774 1338 3829 evocari
1361 3774 1599 3842 jusserit,
1629 3789 1820 3826 secun-

223 3869 349 3922 dttm
375 3869 499 3936 ejus
529 3869 862 3921 voluntatem
897 3866 1140 3936 proficiat
1179 3865 1229 3917 in
1279 3871 1645 3931 augmentum,
1679 3875 1734 3915 ut
1767 3873 1821 3917 ct

225 3959 324 4028 ipsi
357 3961 427 4014 dc
457 3959 872 4013 conservatione
913 3955 1111 4024 regula:
1165 3971 1258 4010 seu
1292 3955 1576 4007 traditione
1629 3954 1818 4007 ortlro-

221 4051 489 4106 doxoruru
518 4050 761 4114 Patrum,
786 4049 994 4117 plenius
1012 4046 1151 4116 apud
1177 4046 1338 4099 Deum
1372 4045 1584 4098 valeant
1609 4046 1818 4099 veniant

224 4142 488 4212 adipisci;
522 4151 578 4194 et
604 4156 724 4201 nos,
753 4139 1082 4202 utdixiruus,
1119 4154 1214 4207 per
1239 4153 1426 4190 eorum
1481 4137 1820 4189 intercessio-

226 4249 320 4288 nes
352 4249 662 4286 tttet‘eatuur
687 4231 892 4285 absolvi
925 4248 953 4284 a
982 4240 1289 4285 nostrorum
1345 4230 1572 4283 vinculis
1629 4247 1816 4298 pecca-

224 4332 435 4388 torum;
470 4339 570 4376 nec
602 4323 690 4374 tali
726 4322 828 4374 illis
856 4319 1118 4374 benefit-io
1146 4335 1174 4372 a
1205 4319 1358 4372 nobis
1405 4321 1645 4388 prmstito
1703 4336 1820 4373 cre-

224 4412 398 4466 diruus
429 4413 787 4482 quorumdam
810 4411 1034 4465 fratrttru
1057 4411 1352 4464 Galliarum
1374 4411 1818 4480 coepiscoporum

225 4503 278 4556 in
335 4505 438 4558 bac
493 4513 641 4570 parte
695 4503 1056 4557 voluntatibus
1115 4501 1388 4556 contraire
1429 4501 1819 4572 [Boyer.,essc

1926 3335 1980 3379 et
2011 3326 2154 3392 ipsos
2181 3323 2420 3376 noscitur
2453 3322 2759 3385 inchoatur,
2793 3321 2864 3373 ita
2913 3318 3235 3382 devotione,
3261 3318 3346 3372 vel
3381 3334 3513 3372 cou-

1925 3414 2239 3483 gregatione
2267 3427 2428 3466 causa
2457 3411 2733 3464 humiliter
2757 3418 2942 3462 nostra
2999 3408 3313 3477 tosteritate
3359 3424 3514 3462 tuan-

1924 3504 2132 3566 damus,
2160 3511 2220 3555 ut
2247 3502 2292 3554 si
2315 3502 2601 3570 episcopus
2624 3498 2778 3566 cujus
2801 3513 2986 3551 curam
3013 3499 3340 3566 pastoralem
3371 3513 3514 3551 corrr-

1925 3594 2062 3663 petit
2092 3593 2273 3646 oviqu
2305 3589 2673 3644 babendarum
2704 3588 3000 3656 suscipere,
3032 3587 3096 3640 ad
3131 3587 3302 3656 ipsum
3326 3603 3516 3640 mona-

1923 3687 2169 3750 sterium,
2205 3695 2264 3739 ut
2295 3693 2569 3754 pastorem
2601 3683 2780 3746 decet,
2810 3680 3056 3735 visitaudi
3089 3680 3170 3734 vel
3200 3680 3517 3734 consolandi

1923 3776 2118 3844 gratia,
2149 3774 2450 3836 advenerit,
2483 3774 2554 3826 ita
2587 3781 2642 3824 ut
2677 3773 2921 3839 inspecto
2950 3771 3131 3824 ovium
3166 3772 3254 3839 pio
3285 3784 3517 3838 congre-

1923 3871 2152 3938 gationis
2192 3869 2385 3921 affectu
2435 3867 2518 3920 vel
2572 3865 2942 3920 ardilicationis
2988 3867 3188 3927 studio,
3224 3873 3280 3918 ut
3331 3865 3512 3926 decet,

1923 3970 2072 4012 recta
2103 3960 2428 4012 monasteria
2459 3958 2639 4020 adeat,
2663 3967 2734 4020 et,
2770 3973 2890 4009 ctrru
2917 3965 3103 4010 sancta
3130 3957 3384 4026 mysteria
3425 3972 3514 4008 ce—

1924 4050 2229 4114 lebraverit,
2259 4049 2638 4101 benedictione
2669 4048 2865 4100 tradita
2893 4063 3015 4100 cum
3047 4047 3326 4100 aLcritate
3359 4062 3511 4099 rece-

1922 4141 2047 4206 dat;
2084 4141 2281 4193 turllaru
2305 4155 2370 4193 ex
2401 4139 2584 4193 debito
2618 4155 2841 4192 ruuncre
2869 4138 3150 4206 quatsitatu
3200 4138 3271 4192 ibi
3324 4139 3506 4202 faciat,

1924 4249 2097 4302 neque
2127 4235 2336 4300 aliquas
2365 4232 2711 4287 redibitiones
2734 4233 3158 4300 pristinas,quas
3178 4233 3513 4287 consuetudo

1923 4333 2131 4378 vetusta
2147 4323 2422 4378 offerendo
2441 4321 2772 4390 injunxerat;
2803 4323 2904 4378 nisi
2923 4323 3066 4391 quod
3093 4322 3392 4376 voluntarie
3414 4339 3514 4391 pro

1925 4418 2015 4472 Dei
2046 4419 2239 4473 timore
2268 4417 2464 4472 offerre
2490 4417 2865 4481 decreverint;
2890 4433 2996 4470 non
3018 4431 3082 4470 ex
3103 4415 3282 4470 debito
3306 4425 3511 4484 pastos,

1923 4525 2099 4578 neque
2122 4510 2188 4562 ab
2211 4509 2501 4579 episcoris,
2517 4523 2694 4576 neque
2711 4523 2787 4560 art
2807 4508 3124 4569 lridiacouis,
3141 4523 3317 4574 neque
3340 4523 3368 4559 a
3393 4507 3506 4575 qui-

227 4613 290 4650 co
315 4595 574 4667 :trarios],
610 4613 837 4665 quoruru
865 4596 977 4665 jaru
1004 4595 1234 4648 maxima
1268 4609 1330 4647 ex
1365 4603 1519 4662 parte
1575 4594 1812 4647 aucluri-
1848 4595 1893 4654 υ
1924 4601 2156 4655 buslibet
2172 4598 2687 4665 exactoribusbnjus
2705 4598 3508 4666 ecclesia-abipsisrequiratur,

227 4694 336 4741 tate
363 4688 638 4750 fulcimur,
668 4687 793 4739 dum
823 4687 1012 4739 similia
1047 4694 1173 4739 sunt
1213 4688 1661 4738 monasteriorum
1697 4685 1814 4752 plu-

226 4777 484 4830 rirnoruur
518 4778 756 4846 praestita
788 4777 1067 4839 beneﬁcia,
1098 4785 1154 4829 et
1198 4776 1603 4829 innumerabilia
1657 4776 1817 4841 privi-

229 4867 513 4936 legiorum,
542 4870 682 4935 quod
717 4870 931 4936 longum
981 4877 1064 4922 est
1115 4884 1396 4922 recensere
1423 4884 1520 4937 per
1548 4869 1812 4923 ordinem.

227 4958 427 5015 Tamen
451 4962 580 5016 olim
605 4963 903 5015 anteriores
928 4962 1094 5016 nostri
1124 4976 1151 5012 a
1181 4961 1457 5015 Lerineusi
1490 4963 1814 5016 monasteria

228 5052 461 5124 [Boyer.,
495 5053 760 5108 Lirinensi
786 5053 1161 5126 monasterio].
1193 5055 1274 5107 vel
1306 5055 1729 5121 Agauuensiurn,
1762 5066 1815 5110 et

229 5145 393 5197 sancti
425 5143 660 5198 Marcelli
691 5145 938 5215 martyris
963 5146 1206 5198 ecelesia:
1236 5143 1691 5207 Cabiloucusium,
1718 5163 1815 5200 uec

230 5247 331 5286 non
358 5243 411 5288 et
435 5234 872 5302 Lugdunensium
896 5245 949 5289 et
973 5235 1481 5301 Vicunensium,seu
1503 5247 1556 5291 et
1573 5240 1812 5291 orurriuru

229 5321 544 5393 Galliarum,
571 5341 691 5394 qua:
715 5329 1045 5382 monasterio
1079 5327 1478 5396 privilegioruru
1519 5329 1813 5384 constructi

297 5493 318 5514 ί·
361 5483 683 5556 EpiscOpire,
713 5499 805 5538 seu
840 5485 1106 5553 episcortc
1137 5493 1227 5539 aut
1270 5487 1642 5556 episcopissze,
1669 5486 1814 5539 diee-

230 5551 419 5607 bautur
438 5551 650 5609 femi—nte
673 5551 942 5621 quze,cum
970 5572 1164 5610 uxores
1187 5551 1563 5626 episcoporum
1590 5551 1815 5612 l'uissent

231 5627 876 5700 antequam_episco;iales
924 5626 1128 5700 infulas
1163 5637 1345 5700 essent
1391 5628 1659 5700 assecuti,
1689 5628 1814 5682 viris

231 5697 457 5758 ipsarum
477 5697 541 5749 ad
566 5698 937 5765 episcopatum
961 5698 1180 5760 evectis,
1203 5698 1253 5751 in
1281 5699 1624 5754 monasteriis
1647 5701 1811 5751 vitam

232 5765 471 5844 agebant.
500 5765 615 5820 Non
650 5767 774 5820 item
817 5777 935 5844 erat
964 5783 1027 5821 ex
1059 5769 1288 5822 concilio
1337 5767 1635 5844 'l'uroueusi
1685 5769 1811 5844 anui

237 5830 351 5911 5.67,
374 5836 527 5905 cujus
550 5853 724 5911 canon
762 5854 825 5911 rm
848 5837 1084 5905 jusserat
1136 5847 1363 5900 tantum,
1392 5839 1666 5911 episcopo
1717 5840 1809 5906 qui

232 5908 504 5976 conjugeru
537 5908 636 5964 sibi
668 5909 964 5964 soriaverat
996 5918 1120 5964 aute
1146 5926 1299 5964 suum
1341 5909 1406 5964 ad
1449 5910 1808 5966 sacerdotium

1924 4695 2136 4748 nullave
2157 4693 2408 4748 redibitio
2432 4708 2673 4760 quzequa:
2693 4694 2911 4759 antiqua
2933 4692 3335 4744 consuetudinis
3350 4704 3512 4744 causa

1922 4788 2108 4841 fuisset
2135 4786 2395 4854 jutlicata.
2425 4783 2492 4839 Et
2523 4801 2619 4854 pro
2649 4784 2897 4838 mercede
2937 4792 3293 4851 augmentove
3345 4784 3396 4835 in
3430 4794 3514 4836 to-

1924 4889 2033 4932 trrru
2076 4879 2328 4932 devenire
2377 4885 2628 4945 expecto,
2653 4876 2791 4929 sicut
2821 4891 2850 4928 a
2883 4877 3039 4928 nobis
3075 4891 3197 4928 cum
3222 4876 3365 4928 omni
3400 4874 3512 4942 pie-

1922 4983 2029 5026 tate
2054 4972 2283 5025 relavari
2308 4971 2628 5030 dinoscitur,
2660 4971 2731 5023 ita
2761 4978 2818 5022 et
2847 4984 3190 5022 successores
3213 4969 3380 5021 nostri
3411 4982 3510 5036 pro

1919 5080 2102 5118 Corum
2136 5062 2370 5134 [Boi/cru,
2405 5059 2712 5132 procerum]
2745 5061 3008 5114 mercedis
3043 5069 3333 5126 augmento
3382 5071 3508 5125 gra-

1922 5157 2055 5208 tuito
2089 5156 2271 5208 auirno
2304 5170 2401 5224 pro
2432 5163 2637 5207 :cterna
2671 5153 3029 5206 retributione
3055 5152 3405 5204 concedatur.
3444 5149 3513 5202 Et

1915 5261 2038 5301 eum
2071 5246 2367 5299 necessitas
2391 5245 2722 5313 poposcerit,
2756 5243 2799 5296 si
2830 5243 2998 5295 abbas
3045 5243 3112 5294 de
3159 5241 3265 5295 hoc
3310 5239 3508 5294 seculo

1917 5339 2388 5404 conuuigraverit,
2443 5353 2550 5392 nou
2599 5336 2837 5396 aliunde,
2887 5336 3005 5396 sed,
3054 5337 3196 5390 sicut
3249 5336 3404 5390 decet
3453 5343 3509 5390 et

1916 5506 2208 5553 accessum,
2234 5494 2516 5558 conjugem
2561 5500 2812 5558 tanquam
2843 5507 3086 5546 sororem
3145 5493 3367 5546 habere.
3431 5491 3504 5544 l'c

1914 5579 2127 5616 secessu
2159 5561 2444 5630 episeopim
2478 5563 2528 5615 irt
2586 5563 2994 5628 monasterium,
3029 5563 3128 5616 nisi
3176 5563 3501 5621 voluntario,

1916 5633 2058 5686 nulla
2091 5642 2174 5686 est
2196 5632 2398 5685 mentio
2431 5633 2478 5684 io
2511 5633 2773 5686 conciliis.
2813 5631 2870 5685 ld
2909 5633 3281 5686 tauturnmodo
3323 5634 3502 5700 requi-

1915 5704 2138 5757 rebatur
2165 5711 2222 5754 trt
2253 5702 2570 5768 conjugatus
2594 5703 2658 5754 ad
2682 5703 2894 5756 ordines
2935 5719 3120 5757 sacros
3151 5720 3256 5756 non
3286 5717 3504 5771 promo-

1914 5783 2130 5826 veretur
2161 5773 2258 5824 tiisi
2301 5781 2670 5844 cottetettttetrte
2697 5790 2881 5836 uxore,
2908 5774 3050 5843 quod
3081 5777 3274 5844 probat
3321 5789 3501 5827 CUIICP

1915 5844 2041 5899 litttu
2072 5844 2373 5913 Aga’hv-use
2404 5843 2525 5896 anui
2557 5841 2681 5898 506.
