4206 6554
803 408 934 464 1207

1540 409 1801 466 SIECUL.
1831 411 1915 465 VII
1961 413 2049 466 ET
2094 413 2201 468 Vlll
2245 414 2773 472 ECCLESIASTICA
2815 417 3259 474 MONUMENTA.

3918 428 4047 484 1208

796 527 1028 595 dignitas
1058 526 1142 582 vel
1165 526 1297 582 ordo
1327 529 1405 582 eis
1440 529 1769 596 poposcerit,
1799 537 1858 580 ut
1907 527 2102 582 ibidem
2151 528 2204 582 in
2259 530 2376 599 ipso
2403 543 2452 600 Α
2479 531 2722 587 sionibus
2751 533 2918 602 ipsius
2945 535 3276 597 monasterii,
3309 535 3391 589 vel
3421 551 3646 608 qumque
3671 540 3770 594 sub
3795 541 3909 609 ejus
3932 544 4047 609 jure

797 621 1072 676 consortio
1103 621 1238 675 intra
1261 619 1648 681 monasterium
1673 619 1977 683 habuerint,
2008 621 2076 674 de
2103 621 2216 690 ipsa
2239 637 2364 676 con-

797 711 1132 780 gregatione,
1158 719 1214 764 ut
1241 711 1443 779 optime
1473 725 1538 766 ac
1579 711 1818 779 perfecte
1872 713 2060 779 regula
2115 713 2375 768 instructa

797 809 854 857 et
885 800 976 854 Dei
1005 801 1196 855 timore
1223 799 1442 855 fundata
1474 808 1739 856 teneatur.
1766 803 1984 866 Absque
2013 803 2124 858 ullo
2157 805 2376 873 przemio

798 891 966 944 abbas
992 890 1044 944 in
1077 889 1193 957 ipso
1223 891 1553 946 monasterio
1575 892 1833 958 eligatur;
1879 893 1954 946 ita
1978 900 2160 949 tamen
2183 894 2377 949 electio

796 981 866 1034 ab
913 981 1058 1036 omni
1105 981 1524 1051 congregatione
1573 990 1782 1051 agatur,
1811 991 1870 1036 ut
1916 998 1982 1037 ne
2024 998 2377 1056 quaicumque

797 1087 922 1141 pars
951 1073 1193 1138 inferior,
1218 1073 1314 1130 sed
1345 1089 1505 1142 quem
1545 1074 1679 1130 ordo
1709 1076 2072 1144 perfectorum
2094 1077 2375 1148 elegerint,

796 1163 906 1226 ille,
941 1163 1171 1220 Domino
1198 1164 1564 1234 dispensante,
1591 1165 1708 1221 sine
1734 1169 1873 1231 rixa,
1904 1182 1935 1220 a
1959 1169 2214 1236 pontiﬁce
2243 1169 2375 1223 civi-

795 1255 924 1308 tatis
949 1253 1108 1324 hujus
1157 1256 1486 1310 instituatur.
1545 1255 1676 1318 Nam
1733 1257 1874 1311 absit
1931 1267 1987 1312 ut
2030 1268 2375 1328 percurrente

794 1343 1037 1413 pra‘mio,
1065 1353 1157 1398 aut
1205 1346 1624 1413 congregatione
1672 1347 1986 1411 insidiante,
2014 1349 2098 1402 vel
2145 1349 2372 1405 aliorum

793 1433 1034 1500 qualibet
1085 1439 1471 1491 contrarietate
1525 1445 1908 1506 oppugnante,
1963 1437 2100 1493 alius
2145 1439 2375 1509 desuper

794 1526 1018 1580 veniens
1069 1526 1372 1579 inordinate
1405 1526 1746 1591 inStituatur,
1775 1529 1909 1592 nisi,
1935 1529 2076 1583 sicut
2121 1529 2368 1596 diximus,

792 1637 890 1692 per
921 1622 1241 1677 electionem
1262 1623 1328 1678 de
1359 1623 1472 1692 ipsa
1497 1623 2107 1693 congregatione,quem
2135 1625 2372 1693 perfecta

791 1715 846 1768 in
868 1715 1044 1770 studio
1066 1715 1173 1769 divi
1201 1730 1247 1770 -ο
1271 1723 1383 1769 tota
1414 1717 1760 1784 congregatio
1795 1716 1895 1769 sibi
1949 1716 2244 1784 providerit
2283 1731 2371 1770 se-

792 1807 1023 1862 nierem.
1049 1806 1138 1860 Sic
1172 1815 1348 1861 tamen
1379 1822 1499 1860 cum
1530 1806 1759 1861 consilio
1793 1816 1847 1860 et
1884 1805 2163 1861 voluntate
2208 1807 2373 1876 ipsius

2477 635 2598 676 esse
2621 632 2939 687 noscuntur,
2961 623 3045 677 vel
3075 623 3330 693 quidquid
3375 641 3471 695 per
3519 627 3772 696 epistolas
3822 642 4046 700 nostras,

2475 709 2613 765 sicut
2643 713 2892 780 superius
2919 713 3172 778 diximus,
3203 716 3254 767 ei
3303 719 3631 771 monasterio
3667 722 4047 788 concessimus,

2476 816 2584 855 non
2615 802 2924 873 episcopus,
2943 819 3050 858 non
3078 804 3509 875 archidiaconus,
3538 823 3644 862 non
3669 810 4046 876 vicedominus,

2477 907 2586 946 non
2608 893 2940 962 quicumque
2987 893 3056 949 de
3085 897 3360 952 actoribus
3403 898 3559 968 hujus
3588 902 3828 957 ecelesize
3886 906 4049 959 nullas

2476 992 2710 1053 paratas,
2739 999 2912 1055 neque
2941 989 3268 1057 mansiones,
3290 1004 3464 1058 neque
3500 993 3633 1048 alias
3686 994 4044 1059 redibitiones.

2475 1090 2650 1145 neque
2677 1079 3046 1144 possessiones
3068 1094 3208 1148 quae,
3229 1082 3370 1135 sicut
3391 1082 3500 1150 jam
3531 1083 3776 1151 diximus,
3792 1084 3914 1141 huic
3937 1103 4048 1142 mo-

2475 1169 2715 1221 nasterio
2743 1167 2943 1223 fuerint
2973 1177 3079 1224 tam
3123 1185 3155 1226 a
3203 1173 3359 1228 nobis
3404 1173 3562 1243 hujus
3603 1177 3846 1232 ecclesia:
3893 1179 4047 1233 rebus

2476 1256 2714 1320 indultae,
2747 1273 2910 1327 quam
2941 1275 3060 1329 qua:
3089 1274 3120 1314 a
3143 1261 3300 1318 bonis
3328 1263 3588 1333 religiosis
3611 1266 3916 1322 hominibus
3935 1267 4044 1322 fue-

2475 1348 2581 1402 rint
2602 1349 2841 1418 inantea,
2865 1351 2974 1406 Deo
2994 1351 3301 1422 adjuvante,
3323 1357 3548 1421 collatar,
3580 1359 3756 1414 nullus
3776 1361 4045 1429 requirere

2475 1448 2566 1493 aut
2594 1440 2809 1508 exigere
2836 1442 2920 1496 vel
2943 1443 3166 1512 aliquid,
3185 1445 3470 1514 instigante
3510 1450 3762 1519 episcopo
3793 1432 4046 1519 maligno,

2475 1546 2572 1600 per
2604 1531 2814 1586 fortiam
2841 1548 2906 1590 ac
2944 1537 3414 1606 praesumptionem
3461 1535 3694 1608 auferre,
3723 1542 3806 1596 vel
3855 1544 4046 1596 audeat

2475 1626 2808 1690 abstrahere,
2842 1628 2934 1681 sed
2988 1629 3086 1683 sub
3133 1630 3279 1685 omni
3327 1632 3508 1699 quiete
3552 1633 3680 1702 ipsis
3733 1635 3901 1688 servis
3955 1636 4044 1690 Dei

2475 1713 2633 1769 liceat
2663 1715 2760 1769 sub
2782 1730 2970 1771 eorum
3010 1717 3210 1786 regula:
3253 1721 3573 1776 auctoritate
3602 1722 3835 1793 [Boyer.,
3863 1734 4042 1778 auste-

2475 1803 2654 1875 ritate]
2683 1805 2880 1875 degere
2910 1816 2967 1862 et
2996 1809 3260 1863 habitare.
3301 1807 3414 1864 Hoc
3462 1811 3621 1880 igitur
3663 1814 3739 1867 eis
3783 1814 4043 1868 indultum

792 1897 944 1954 urbis
989 1898 1277 1968 ponlilicis,
1309 1913 1415 1952 non
1467 1911 1564 1967 per
1622 1897 1886 1961 timorem,
1912 1899 2005 1953 sed
2055 1914 2177 1953 cum
2223 1899 2369 1954 omni
2403 1900 2446 1960 Β
2475 1898 2808 1970 privilegium
2837 1901 2978 1968 quod
3008 1900 3116 1970 jam
3145 1915 3176 1954 a
3221 1900 3508 1956 multorum
3553 1905 3878 1959 monasterio
3914 1906 4041 1959 Gal-

792 1991 1095 2046 bumilitate
1141 1992 1327 2060 petita,
1353 1998 1407 2045 et
1434 2005 1554 2046 cum
1585 1992 1750 2060 ipsius
1778 1993 2155 2048 benedictione
2179 2008 2368 2062 quem-

791 2103 1026 2156 cumque
1056 2088 1319 2154 elegerint
1347 2088 1605 2155 arripiant
1643 2087 1877 2157 [Boycr.,
1906 2088 2148 2158 arripiat]
2189 2087 2364 2157 digni-

795 2187 985 2233 tatem.
1018 2178 1280 2248 Itemque,
1309 2177 1386 2232 sic
1415 2178 1556 2232 enim
1587 2179 1789 2232 assolet
1813 2193 1908 2247 per
1957 2187 2199 2246 tempora
2247 2194 2369 2235 suc-

792 2271 1040 2328 eedentia
1068 2272 1112 2326 si
1162 2271 1410 2325 monachi
1461 2269 1553 2338 qui
1591 2270 1813 2324 subesse
1865 2269 2086 2336 debent,
2113 2270 2368 2326 habenda:

789 2377 948 2416 sacro
977 2361 1408 2430 congregationis
1436 2361 1624 2415 ordine
1648 2361 1994 2427 neglegentes
2023 2363 2290 2423 steterint.
2314 2361 2368 2417 in

790 2469 886 2508 sua
910 2454 1204 2521 gloriantes
1223 2454 1489 2515 libertate,
1509 2463 1636 2508 tunc
1659 2455 1900 2521 pontifex
1934 2455 2086 2508 ἱειὶυε
2116 2455 2367 2516 civitatis,

791 2547 1125 2614 conjungens
1153 2546 1253 2600 sibi
1280 2545 1590 2600 sacerdotes
1621 2544 1703 2598 vel
1731 2545 1956 2598 abbates
1981 2544 2071 2612 qui
2125 2543 2366 2613 ejusdem

791 2637 986 2704 regule
1004 2638 1269 2691 tramitem
1295 2647 1475 2691 tenere
1497 2652 1528 2688 v
1551 2635 1767 2703 dentur,
1784 2651 1880 2690 eos
1902 2643 2127 2704 paterno
2150 2633 2363 2701 affectu,

791 2745 912 2784 cum
944 2729 1314 2799 spiritualihus
1363 2729 1461 2783 sibi
1493 2729 1768 2794 adhibitis,
1796 2729 1951 2797 juxta
1992 2727 2362 2796 Evangelinm,

791 2821 1002 2876 duobus
1025 2830 1115 2874 aut
1145 2821 1336 2885 tribus,
1356 2829 1466 2882 aut,
1486 2821 1528 2874 si
1556 2834 1776 2874 necesse
1797 2828 1898 2886 est,
1915 2817 2158 2887 amplius,
2177 2817 2226 2872 in
2251 2817 2366 2886 ipso

793 2914 1126 2969 monasterio
1173 2913 1238 2966 ad
1291 2915 1704 2968 conciliabulum
1754 2912 1949 2967 debeat
1995 2912 2278 2977 advocare,
2312 2919 2366 2966 et

779 3005 936 3073 juxta
958 3019 1145 3059 eorum
1173 3003 1408 3070 regulam
1445 3003 1531 3057 vel
1572 3001 2034 3065 consuetudinem,
2063 3001 2131 3055 ad
2178 3017 2362 3056 eorum

790 3097 1034 3152 ordinem
1052 3095 1324 3161 corrigere
1337 3095 1420 3148 vel
1442 3093 1699 3149 reducere
1711 3093 1978 3162 dignetur,
1996 3100 2052 3146 ut
2066 3108 2170 3146 non
2185 3091 2361 3156 liceat,

788 3187 934 3256 quod
992 3187 1148 3249 absit,
1185 3201 1282 3256 per
1321 3189 1569 3240 timorem
1598 3187 1684 3240 vel
1709 3185 1988 3246 desidiam,
2008 3183 2151 3252 quod
2192 3185 2360 3239 sancti
2393 3208 2436 3268 ρ

787 3288 973 3348 patres
1011 3277 1360 3332 instituerunt
1390 3292 1488 3346 per
1514 3276 1900 3344 longitudinem
1931 3284 2230 3345 temporum
2261 3275 2362 3328 itit-

785 3375 1020 3422 mutare.
1042 3365 1176 3420 Cum
1203 3366 1552 3420 ecclesiarum
1584 3364 1794 3418 tabulas
1820 3367 2180 3418 necessarium
2205 3362 2366 3417 fuerit

785 3457 1129 3520 benedicere,
1158 3463 1252 3509 aut
1282 3453 1511 3510 fortasse
1548 3454 1783 3510 chrisma
1829 3463 1923 3506 aut
1973 3468 2128 3508 sacro
2185 3452 2361 3522 bapti-

783 3557 960 3604 smate
985 3555 1260 3615 expetere,
1287 3547 1404 3601 sine
1433 3547 1654 3615 praemio
1676 3560 1705 3597 a
1729 3546 1980 3613 pontiﬁce
2005 3544 2162 3612 hujus
2183 3544 2361 3598 eccle-

784 3641 878 3695 Siil)
905 3640 1005 3693 sibi
1044 3640 1275 3693 debeant
1317 3637 1590 3707 accipere;
1650 3637 1890 3703 nihilque
1939 3637 2052 3704 ipse
2097 3634 2359 3704 pontifex,

783 3746 961 3801 neque
988 3731 1146 3784 ullius
1194 3729 1560 3800 praerogativa:
1608 3723 2222 3797 [Boyer.,prerogativa]
2266 3739 2361 3793 po-

783 3823 996 3878 testatis
1025 3835 1303 3892 usurpans,
1336 3819 1402 3874 de
1432 3819 1592 3872 rebus
1633 3816 1968 3880 monasterii,
1995 3832 2091 3868 nec
2130 3813 2197 3866 de
2239 3827 2360 3866 san-

783 3915 886 3970 etis
941 3912 1218 3976 altaribus,
1263 3927 1370 3966 non
1423 3911 1488 3964 de
1528 3907 1859 3965 ornamentis
1899 3904 2157 3967 ecclesim,
2185 3916 2360 3971 neque

781 4007 854 4061 de
883 4003 1044 4067 vasis,
1073 4017 1171 4057 nec
1199 4002 1265 4056 de
1295 4002 1463 4056 sacris
1501 3998 1882 4060 voluminibus,
1914 4012 2014 4052 nec
2067 3995 2356 4062 quidquam

781 4095 959 4164 majus
989 4096 1072 4147 vel
1102 4094 1352 4159 exiguum
1398 4093 1712 4146 temerarius
1762 4089 1983 4158 praefato
2026 4083 2356 4140 monasterio

784 4185 1237 4240 audeatauferre.
1266 4182 1330 4236 Et
1362 4197 1483 4237 cum
1533 4181 1767 4248 aliquem
1806 4179 1873 4232 ad
1913 4176 2134 4244 gradum
2183 4175 2357 4230 eccle-

780 4279 1056 4332 siasticum
1093 4275 1210 4344 ipse
1252 4273 1419 4327 abbas
1440 4272 1671 4327 voluerit
1698 4269 2030 4338 permittere,
2060 4281 2181 4321 cum
2211 4265 2354 4326 omni

782 4367 1090 4424 humilitate
1121 4362 1360 4434 pontiﬁci
1394 4362 1551 4429 hujus
1580 4361 1724 4415 urbis
1765 4366 2050 4427 suggerat;
2108 4364 2163 4410 et
2218 4356 2351 4424 ipse,

780 4462 922 4514 sicut
947 4459 1104 4513 decet
1128 4466 1418 4525 pasto-rem,
1451 4455 1617 4524 gratis
1641 4461 1695 4506 et
1746 4451 1948 4519 absque
1995 4463 2214 4503 munt-re
2261 4448 2354 4500 tri-

2471 1989 2662 2044 liarum
2701 1990 2934 2045 diximus
2974 1989 3314 2060 exemplum,
3346 1991 3679 2059 mandamus,
3727 2005 3887 2065 atque
3942 1995 4045 2050 hoc

2471 2086 2852 2134 testamentum
2912 2081 3211 2148 posteritati
3254 2091 3451 2136 nostra:
3491 2099 3586 2152 per
3621 2086 4042 2155 omnipotentem

2470 2173 2636 2228 Deum
2689 2174 2977 2244 conjurare
3018 2177 3428 2246 praesumimus,
3456 2192 3551 2247 per
3599 2180 3777 2233 omnia
3827 2195 4045 2234 manere

2471 2267 2952 2334 inconvulsa,cum
2991 2269 3137 2323 omni
3185 2270 3529 2325 connibentia
3578 2271 3592 2343 [
3629 2270 4043 2342 Boyer.,conni-

2477 2356 2680 2428 ventia]
2713 2361 2934 2412 fratrum
2961 2369 3270 2414 nostrorum
3295 2360 3557 2416 indultum
3587 2377 3706 2416 esse
3752 2377 4045 2432 prospexe-

2473 2451 2600 2514 rint,
2634 2465 2862 2518 quorum
2892 2451 3203 2506 connibenti
3232 2451 3476 2523 [Boyer.,
3509 2451 3838 2522 conniventi]
3874 2456 4043 2508 consi-

2471 2539 2566 2604 lio,
2594 2539 2658 2595 ad
2691 2555 2925 2608 prmsens
2954 2543 3192 2595 cernitur
3222 2543 3520 2596 institutum
3545 2544 3850 2600 rohoratum
3874 2546 4040 2598 niani»

2469 2629 2568 2682 bus
2600 2639 2654 2682 et
2675 2631 3135 2694 consensionibus,
3154 2631 3295 2698 quod
3320 2646 3416 2684 nos
3441 2631 3742 2699 plenissima
3768 2633 4043 2688 voluntate

2470 2717 2732 2771 edidimus
2761 2727 2814 2772 et
2841 2719 3272 2788 conscripsimus,
3297 2721 3482 2775 subtus
3499 2737 3595 2790 per
3611 2722 3850 2778 ordinem
3866 2723 4041 2778 valeat

2471 2822 2589 2859 esse
2618 2808 3016 2862 conﬁrmatum.
3042 2807 3106 2862 Et
3135 2818 3310 2864 tamen
3341 2810 3607 2864 neminem
3640 2821 3872 2866 vestrum
3922 2827 4039 2868 cre-

2470 2898 2643 2954 dimus
2673 2899 2861 2954 adesse
2899 2916 2996 2969 per
3049 2911 3287 2970 tempora
3339 2915 3724 2974 successorem,
3771 2903 3860 2973 qui
3900 2903 4040 2958 hanc

2475 2999 2792 3058 praesentem
2827 2989 3218 3044 institutionem
3248 2989 3440 3044 debeat
3463 2991 3781 3047 convellere.
3813 2994 3965 3060 Quod
3995 2995 4040 3048 sl

2469 3081 2607 3148 quis,
2640 3080 2931 3135 calliditate
2961 3081 3135 3148 aliqua
3167 3078 3250 3133 vel
3287 3079 3574 3149 cupiditate
3601 3081 3856 3150 injuncta,
3881 3083 4036 3151 quid-

2469 3186 2627 3240 quam
2676 3171 2744 3226 de
2796 3171 3083 3242 prohibitis
3127 3181 3524 3240 pl‘IBSlllllpSEl'il.
3567 3181 3908 3242 attemptare,
3953 3188 4035 3226 ve.

2468 3273 2654 3316 contra
2685 3264 2964 3333 superiora
2992 3262 3208 3318 decreta
3259 3276 3354 3333 per
3401 3270 3644 3334 tempora
3695 3263 4034 3319 succedentia

2467 3369 2684 3421 quoquo
2715 3353 2874 3408 modo
2908 3354 3110 3421 venire,
3143 3355 3317 3424 primo
3345 3353 3556 3423 quidem
3583 3369 3613 3408 a
3657 3357 4033 3410 communione

2465 3454 2664 3498 sancta:
2695 3443 2942 3500 Ecclesia:
2971 3445 3021 3498 in
3053 3445 3154 3498 hac
3195 3453 3346 3513 parte
3392 3453 3446 3500 et
3496 3445 3744 3513 portione
3795 3447 4033 3500 omnium

2465 3535 2890 3590 Christianorum
2919 3536 3139 3602 divisus,
3171 3536 3376 3590 ultione
3407 3535 3499 3592 Dei
3523 3537 3909 3605 omnipotentis
3951 3537 4027 3590 fe-

2465 3629 2652 3692 riatur,
2680 3637 2733 3683 et
2762 3629 2847 3682 hic
2870 3637 2917 3683 et
2946 3629 2997 3683 in
3029 3628 3206 3683 futuro
3227 3629 3720 3686 excommunieatus
3753 3639 4028 3699 appareat,

2463 3725 2518 3771 et
2541 3717 2681 3770 illius
2703 3716 2970 3785 adjutorio
2991 3719 3080 3788 qui
3114 3718 3308 3788 ligandi
3337 3719 3683 3788 solvendique
3712 3729 4029 3788 potestatem

2463 3809 2516 3861 in
2550 3809 2688 3864 cmlo
2711 3818 2768 3863 et
2789 3809 2841 3863 in
2875 3821 3013 3864 terra
3045 3811 3250 3880 accepit
3282 3826 3310 3865 a
3338 3809 3584 3875 Domino,
3621 3811 3862 3879 dejectus
3888 3814 3955 3866 sit
3981 3823 4032 3866 et

2461 3899 2754 3964 alienatus;
2787 3901 2963 3970 portio
2992 3902 3152 3956 etiam
3181 3903 3253 3956 illi
3273 3902 3720 3971 proditorisludze
3736 3903 4032 3959 Scariothis

2461 3994 2695 4066 [Boyer.,
2735 3993 3025 4066 Iscariotis]
3076 3997 3167 4065 qui
3214 3997 3494 4052 Dominutn
3551 3998 3788 4062 tradidit,
3814 4000 4028 4053 ultionis

2458 4087 2691 4140 vindicta
2720 4087 3060 4154 adhibeatur,
3091 4096 3145 4141 et
3172 4103 3292 4143 cum
3321 4088 3522 4144 Dathan
3553 4098 3606 4142 et
3637 4089 3837 4144 Abiron
3881 4093 4030 4144 vivus

2458 4177 2511 4232 in
2553 4174 2817 4232 infernum
2853 4177 3175 4244 descendat,
3223 4188 3384 4246 atque
3430 4179 3665 4233 omnium
3718 4189 4031 4236 sanctorum

2458 4269 2731 4326 consortio
2752 4277 3051 4338 separatus,
3085 4284 3374 4339 numquam
3421 4271 3486 4325 de
3531 4271 3640 4327 suis
3692 4269 4029 4326 facultatibus

2453 4362 2570 4416 sive
2599 4362 3017 4431 proprietatibus
3048 4376 3146 4431 pro
3175 4363 3365 4416 animae
3389 4378 3497 4416 sua:
3517 4363 4030 4434 remediointelligat

2455 4454 2656 4520 aliquid
2689 4453 2884 4517 facere,
2913 4455 3003 4521 qui
3027 4468 3055 4506 a
3079 4453 3234 4507 nobis
3262 4452 3522 4506 indultum
3550 4451 3870 4508 beneﬁcium
3921 4471 4027 4508 ser-

779 4552 941 4614 buat;
975 4559 1029 4603 et
1053 4557 1177 4602 ante
1208 4547 1436 4601 tribunal
1459 4545 1654 4598 Christi
1679 4545 1849 4612 ipsum
1881 4543 2186 4611 pontiﬁcem
2221 4556 2352 4594 con-
2387 4559 2432 4618 ι)
2458 4543 2534 4596 νίκ
2566 4543 2658 4597 Ι)‹·ἰ
2691 4544 2858 4598 voluit
2878 4543 3181 4598 convellere
3209 4543 3293 4597 vel
3324 4544 3647 4613 irrumpere;
3695 4544 3788 4598 sed
3834 4546 3888 4599 in
3919 4561 4029 4600 om-

775 4643 1023 4711 juramus
1045 4649 1205 4708 atque
1234 4652 1534 4709 precamur,
1559 4651 1739 4692 coram
1774 4635 1881 4690 lleo
1910 4642 1964 4690 et
1990 4631 2192 4699 angelis
2213 4632 2351 4700 ejus,

781 4733 872 4788 ubi
899 4732 1172 4800 dignitatis
1199 4729 1333 4785 ordo
1365 4737 1615 4797 przestat,
1645 4736 1700 4781 et
1727 4739 1914 4780 eorum
1968 4725 2154 4792 petitio
2197 4721 2355 4791 juxta

778 4825 903 4878 vitre
933 4825 1177 4877 meritum
1203 4836 1321 4876 esse
1352 4820 1580 4884 videtur,
1609 4817 1910 4874 contrarius
1941 4817 2069 4884 ipsis
2107 4829 2354 4868 essenon

777 4917 1043 4984 dignetur.
1072 4915 1220 4968 Unde
1245 4928 1548 4983 quaesumus
1573 4920 1629 4969 et
1653 4917 2039 4972 contestamur,
2071 4916 2232 4977 atque
2262 4921 2356 4974 per

776 5007 1021 5063 caritatis
1049 5005 1426 5072 indulgentiam
1447 5001 1811 5056 interdicimus
1829 4999 2046 5052 omnino
2067 4996 2353 5065 episcOpis,

779 5109 887 5151 tam
917 5094 1319 5150 successoribus
1347 5093 1546 5145 nostris
1575 5105 1736 5158 qnam
1769 5097 1824 5142 et
1850 5087 2035 5142 vicinis
2063 5088 2142 5140 vel
2167 5084 2352 5156 procul

778 5187 1035 5256 pnedicto
1057 5183 1385 5240 monasterio
1407 5181 1729 5244 constitutis,
1746 5180 1877 5233 nihil
1899 5187 2086 5232 contra
2109 5186 2352 5234 tenorem

779 5278 1059 5346 praesentis
1107 5275 1306 5329 decreti
1358 5275 1614 5344 cujusque
1675 5269 2108 5338 congregationis
2173 5269 2351 5336 aliqua

779 5370 1141 5438 postulatione
1171 5368 1399 5433 inducti,
1433 5367 1718 5436 quicquam
1750 5371 2090 5432 attemptare,
2110 5362 2194 5416 vel
2225 5378 2350 5430 pro-

781 5465 949 5517 hibita
979 5465 1324 5530 contingere;
1370 5477 1474 5516 non
1505 5461 1556 5514 in
1589 5461 1670 5513 his
1703 5460 1885 5526 rebus,
1916 5473 2050 5526 quas
2105 5459 2352 5526 superius

783 5555 1195 5619 nominavimus,
1226 5555 1312 5609 vel
1339 5554 1389 5607 in
1419 5551 1726 5607 ordinandis
1751 5553 1992 5620 personis
2024 5549 2107 5602 vel
2139 5563 2351 5618 posses-

857 5720 878 5743 ι·
924 5707 1334 5761 I‘rovincialitnn
1365 5708 1576 5760 nomine
1602 5707 1687 5760 hic
1729 5705 1973 5757 videntur
2021 5701 2349 5768 intelligendi

787 5778 1110 5830 Arelatensis
1141 5778 1422 5843 provincia.-
1449 5777 1740 5835 antistites;
1789 5773 2013 5843 ecclesia
2055 5772 2216 5843 enim
2246 5771 2349 5824 Va-

785 5863 1066 5912 smtzensis,
1103 5841 1215 5914 nine
1253 5849 1404 5902 mode
1435 5848 1784 5902 Avenicuens:
1840 5842 2089 5898 Ecclesiae
2141 5841 2346 5909 subest,

2458 4637 2634 4694 nibus.
2668 4634 2778 4689 Deo
2804 4635 3118 4699 auxiliante,
3151 4650 3377 4703 quasque
3410 4650 3440 4688 a
3479 4634 3631 4689 nobis
3661 4650 3758 4705 pro
3792 4636 4026 4703 ipsorum

2455 4739 2736 4779 servorum
2768 4723 2860 4778 Dei
2889 4722 3211 4794 compendio
3261 4722 3460 4790 digeSta
3511 4722 3593 4778 vel
3639 4722 3837 4778 collata
3883 4736 4026 4789 sunt,

2455 4830 2552 4884 per
2581 4815 2830 4884 przesenti
2860 4815 3094 4888 [l‘oyer.,
3130 4813 3489 4884 praesentem],
3514 4814 3786 4869 deterritis
3833 4816 4024 4870 adver-

2455 4909 2630 4975 sariis,
2652 4909 2901 4978 paginula
2933 4909 3163 4980 [Boyrr.,
3188 4907 3512 4979 paginulam]
3545 4911 3691 4963 ﬁrma
3718 4919 3775 4964 et
3817 4911 3870 4966 in
3914 4927 4024 4966 om-

2456 5000 2611 5053 nibus
2661 5014 2903 5054 connexa
2953 5009 3114 5068 atque
3163 4997 3416 5053 inviolata
3472 4998 3524 5052 in
3578 5009 3872 5068 perpetuo.
3920 5003 4024 5056 Deo

2455 5091 2770 5153 auxiliante,
2794 5097 3167 5157 permaneant,
3198 5103 3305 5157 quo
3328 5089 3505 5158 potius
3530 5089 3634 5144 hoc
3684 5090 4021 5159 privilegium

2455 5182 2623 5246 possit
2652 5179 2960 5240 convalere,
2995 5193 3093 5232 nec
3123 5178 3410 5246 instigante
3456 5179 3718 5232 malorum
3747 5180 4021 5235 hominum

2454 5264 2616 5334 facto,
2634 5267 2684 5320 in
2707 5267 2870 5323 alium
2898 5265 3307 5339 lBoyer.,aliud]
3327 5282 3484 5337 posse
3507 5268 3821 5338 irrumpere,
3839 5285 4025 5324 manus

2455 5366 2650 5409 nostra:
2706 5356 3190 5424 subscriptionibus
3245 5356 3579 5412 decrevimus
3623 5357 3930 5422 afﬁrmare,
3973 5372 4021 5414 et

2452 5447 2690 5502 omnium
2721 5447 2942 5502 fratrum
2966 5457 2987 5483 ⁸
3011 5449 3519 5518 provincialiumque
3539 5454 4018 5523 nostrorum,quod

2451 5541 2762 5610 plenissima
2782 5541 3057 5598 voluntate
3081 5543 3255 5598 valeat
3281 5542 3546 5611 obtinere,
3563 5559 3748 5599 eorum
3781 5549 4019 5602 manibus

2453 5698 2646 5754 saeculo
2678 5713 2747 5752 vn
2776 5698 2991 5752 suberat
3022 5697 3321 5766 Arelatensi
3351 5698 3655 5767 metropoli.
3686 5699 4014 5761 Wolbertus,

2452 5771 2538 5837 qui
2571 5769 2770 5835 primus
2791 5767 3076 5821 subsu'ibit
3097 5768 3294 5839 charta:
3321 5784 3481 5836 quam
3505 5769 3874 5836 expendimus.
3913 5775 4020 5839 ipse

2453 5851 2525 5895 est
2560 5839 2882 5893 Aielatensis
2924 5839 3126 5906 prcesnl.
3161 5837 3254 5893 Cui
3277 5839 3393 5895 sedi
3417 5841 3780 5910 unusquisque
3817 5857 3881 5895 es
3906 5837 4018 5894 alus
