4206 6538
195 455 334 512 1215

949 442 1380 500 DONATlONES
1420 440 1508 497 AC
1549 437 2018 496 TESTAMENTA
2060 434 2303 501 EPISC.,
2345 433 2526 495 ABB..
2573 433 2701 490 Ε’Πί

3340 436 3483 492 HN

194 567 578 639 denegavimus
620 562 879 623 faciendi;
937 576 1040 616 una
1097 559 1300 630 pariter
1353 572 1474 612 eum
1506 557 1622 626 ipso
1653 570 1791 625 pen-
1823 561 1871 616 Α
1899 553 1967 608 ad
1995 552 2386 613 monasterium
2416 551 2811 616 ediflrandum,
2868 557 2961 604 aut
3019 565 3116 619 pro
3162 554 3488 624 compendio

193 669 402 726 santes,
433 657 656 712 minime
685 653 987 708 invenimus
1017 652 1069 705 in
1102 659 1286 706 nostra
1315 656 1582 719 potestate
1611 647 1789 702 locum

195 755 248 808 in
292 750 616 821 propinquo,
646 745 792 815 quod
838 758 1053 798 omnem
1084 742 1545 811 opportunitatem
1577 738 1644 793 ad
1675 754 1792 794 mo-

197 844 494 900 nasterium
524 837 948 896 construendum
1000 836 1200 889 habere
1228 835 1468 889 deberet.
1499 832 1606 887 Sed
1662 833 1792 885 dum

197 935 318 990 talis
347 941 465 988 erat
505 931 662 985 nobis
693 929 960 991 voluntas,
993 927 1295 981 invenimus
1326 926 1500 979 locum
1532 925 1598 978 de
1634 924 1794 978 rebus

199 1025 439 1081 Ecclesie
468 1031 650 1077 nostre
680 1020 981 1082 llemensis,
1011 1017 1144 1071 infra
1170 1018 1352 1070 urbem
1387 1016 1789 1068 Kathalannen-

197 1119 358 1180 sium,
394 1116 445 1169 in
471 1127 606 1182 pago
637 1110 903 1177 Pertensi,
935 1124 1095 1178 supra
1131 1107 1346 1160 fluvium
1380 1106 1644 1167 Matrona,
1695 1105 1793 1158 vil-

198 1208 304 1260 lam
337 1221 442 1274 que
465 1203 664 1259 dicitur
690 1201 1015 1270 Gaugiacus,
1034 1200 1148 1253 sive
1177 1208 1228 1253 et
1260 1199 1365 1251 alio
1399 1198 1660 1251 vocabulo
1690 1211 1797 1263 que

197 1298 398 1352 dicitur
427 1291 870 1365 Episcopi-Villa.
902 1305 1064 1360 quam
1112 1287 1532 1343 sanctimonialis
1560 1287 1753 1340 femina
1780 1325 1795 1351 ,

200 1392 422 1445 nomine
450 1394 604 1452 Ama,
637 1401 741 1454 que
770 1384 868 1438 sub
899 1382 1053 1437 titulo
1084 1382 1358 1448 religionis
1387 1381 1548 1433 vitam
1578 1379 1748 1433 finivit
1777 1418 1791 1440 ,

198 1500 296 1554 per
324 1497 450 1536 suas
480 1489 658 1534 cartas
685 1477 750 1531 ad
781 1476 1076 1531 Ecclesiam
1098 1474 1420 1528 Remensem
1448 1471 1794 1526 condonavit.

199 1576 305 1630 Sed
338 1575 464 1628 dum
492 1575 607 1643 ipse
637 1573 786 1625 locus
816 1569 918 1639 ipsi
947 1568 1124 1621 abbati
1171 1565 1496 1635 complacuit
1522 1563 1586 1616 ad
1613 1577 1802 1616 mona-

198 1670 423 1723 sterium
452 1660 910 1724 construendum;
941 1674 1037 1713 nos
1069 1673 1222 1722 vero,
1252 1672 1355 1710 una
1380 1671 1500 1710 cum
1533 1668 1799 1709 consensu

199 1761 425 1816 fratrum
461 1771 704 1811 meorum
755 1755 838 1808 vel
893 1752 1194 1807 concivium
1253 1749 1636 1807 llemensiunt,
1697 1745 1800 1798 hoc

199 1864 298 1916 est,
319 1861 428 1904 tam
461 1846 947 1906 archidiaconibus,
979 1843 1281 1904 abbatibus,
1309 1838 1636 1909 presbyteris
1667 1852 1799 1904 quo-

1893 653 1988 700 aut
2014 659 2113 715 pro
2141 643 2481 701 meliorando
2533 659 2633 714 pro
2661 658 2822 700 causa
2851 641 3163 699 stabilitatis
3188 684 3204 710 ,
3262 653 3486 701 teneant

1895 738 2066 808 ipsam
2115 738 2293 792 villam
2327 738 2655 801 Gaugiacnm
2696 740 2744 801 ⁸,
2777 754 2896 808 qua:
2950 739 3149 794 dicitur
3207 739 3489 809 Episcopi-

1893 828 2053 891 Villa,
2083 828 2151 884 ad
2181 829 2567 884 monasterium
2600 829 2991 891 Altnmvillare,
3041 829 3186 898 quod
3239 839 3489 886 anteces-

1894 936 1986 975 sor
2017 927 2204 974 noster
2230 924 2458 975 domnus
2485 927 2540 974 et
2570 928 2722 987 pater
2753 931 2936 974 noster
2962 920 3225 977 Nivardus
3250 962 3265 984 ,
3311 938 3491 991 quond

1894 1012 2016 1065 dam
2046 1012 2356 1081 episcopus,
2387 1027 2487 1067 suo
2528 1026 2694 1078 opere
2714 1013 3038 1080 construxit,
3069 1014 3268 1068 debeat
3307 1029 3490 1068 rever-

1896 1114 2031 1165 tere,
2065 1117 2186 1156 cum
2218 1104 2331 1172 ipsa
2383 1103 2609 1172 epistola
2659 1117 2822 1171 quam
2852 1113 3150 1170 spontanea
3205 1105 3489 1161 voluntate

1897 1197 2010 1249 fieri
2033 1197 2436 1262 rogavimus,ut
2483 1210 2580 1264 per
2622 1196 2733 1266 ipsa
2758 1205 3061 1251 strumenta
3107 1198 3204 1267 ipsi
3235 1200 3487 1255 monachi

1895 1288 1986 1355 qui
2043 1286 2110 1340 ibi
2135 1288 2235 1339 lem
2283 1285 2383 1339 sub
2439 1296 2631 1341 sancto
2688 1288 2880 1341 ordine
2924 1290 3109 1343 vivere
3141 1302 3435 1344 noscuntur
3469 1331 3487 1357 ,

1898 1379 2100 1446 absque
2131 1379 2456 1446 repetitione
2487 1379 2632 1447 ipsas
2663 1378 2954 1435 monachas
2987 1423 3002 1446 ,
3055 1382 3141 1435 vel
3173 1397 3362 1436 eorum
3393 1385 3488 1436 ab-

1900 1471 1961 1524 ba
1973 1480 2042 1534 te,
2062 1472 2205 1525 omni
2223 1481 2464 1540 tempore
2479 1471 2585 1525 vite
2601 1471 2839 1540 ipsorum
2859 1472 3094 1529 debeant
3110 1473 3386 1542 possidere
3402 1475 3490 1529 vel

1899 1563 2186 1621 dominari.
2219 1571 2272 1615 et
2299 1579 2395 1632 pro
2426 1563 2600 1618 anime
2631 1573 2816 1618 nostre
2837 1563 3011 1620 salute
3043 1564 3252 1618 Domini
3279 1566 3490 1619 miseri-

1900 1654 2138 1708 enrdiatn
2170 1653 2470 1721 deprecari,
2488 1662 2543 1706 ut
2574 1655 2765 1710 melius
2791 1671 2887 1710 eos
2915 1654 3170 1718 delectet,
3198 1655 3282 1710 vel
3300 1671 3489 1711 eorum

1901 1745 2230 1807 sacerdotes,
2263 1752 2385 1812 post
2441 1754 2684 1796 nostrum
2739 1745 2806 1798 de
2859 1745 2960 1800 hac
2990 1745 3108 1800 lnee
3151 1746 3440 1799 discessum
3474 1786 3490 1813 ,

1901 1835 2108 1889 hostias
2134 1833 2330 1890 olfeire
2358 1853 2369 1887 :
2406 1835 2456 1889 in
2486 1851 2548 1890 ea
2583 1844 2760 1890 tamen
2793 1838 3021 1900 ratione,
3054 1838 3097 1892 si
3128 1840 3273 1909 ipsas
3303 1855 3494 1893 mona-

199 1957 305 2012 que
329 1950 385 1995 et
415 1939 752 1999 diaconibus,
787 1936 871 1989 vel
902 1949 1116 1990 omnem
1146 1933 1352 1988 elerum
1406 1930 1753 1984 ecclesiarum
1779 1969 1792 1992 ,
1832 1927 1870 1981 Β
1901 1927 2031 1980 chas
2058 1927 2124 1980 de
2156 1926 2272 1994 ipso
2297 1926 2418 1982 loco
2459 1943 2781 1995 promovere
2837 1929 3125 1986 voluerint.
3175 1929 3308 1984 Nam
3365 1931 3492 1984 dum

197 2048 291 2086 seu
326 2039 383 2084 et
413 2028 725 2083 inlustribus
752 2027 900 2089 viris,
923 2025 1014 2094 qui
1057 2022 1192 2078 infra
1233 2022 1419 2076 urbem
1448 2033 1796 2075 commanere

198 2123 475 2185 videnlur,
504 2134 735 2188 quorum
773 2117 988 2170 nomina
1021 2114 1104 2169 vel
1135 2114 1284 2182 signa
1312 2113 1498 2167 subter
1549 2120 1798 2164 tenentur

199 2213 427 2272 inserta,
461 2219 519 2263 ut
550 2225 645 2278 per
667 2217 910 2262 nostram
952 2206 1235 2274 epistolam
1257 2245 1272 2268 ,
1326 2219 1357 2257 a
1387 2204 1474 2258 die
1528 2201 1796 2270 presenti,

200 2304 408 2372 absque
440 2303 598 2357 ullius
628 2301 1037 2366 contrarietate,
1064 2313 1159 2368 pro
1191 2298 1369 2351 anime
1393 2304 1575 2350 nostre
1601 2295 1796 2362 salute,

202 2397 285 2450 vel
316 2412 415 2466 pro
443 2404 630 2450 eterna
685 2394 1041 2448 retr:bntione
1068 2433 1082 2457 ,
1139 2392 1305 2459 ipsam
1338 2390 1518 2442 villam
1568 2387 1798 2456 Gaugia-

202 2504 346 2552 Clllll,
376 2503 472 2542 seu
495 2497 549 2541 et
571 2501 688 2554 qua:
717 2486 915 2540 dicitur
943 2482 1388 2554 Episcopa-Villa,
1418 2482 1482 2535 ad
1530 2489 1799 2534 monaste-

203 2580 342 2632 rium
403 2579 702 2648 puellarnm
760 2577 1223 2638 construendum,
1282 2575 1382 2643 ipsi
1433 2572 1802 2642 suprascripto

203 2669 388 2724 abbati
414 2668 737 2723 Berachario
768 2668 982 2721 tradere
1023 2665 1345 2722 deberemus
1378 2683 1390 2718 :
1426 2666 1479 2718 in
1527 2679 1591 2718 ea
1623 2673 1800 2717 tamen

200 2760 436 2824 ratione,
467 2775 589 2813 cum
651 2759 878 2813 consilio
927 2758 1010 2812 vel
1041 2772 1340 2822 consensu,
1397 2772 1490 2811 seu
1516 2763 1571 2810 et
1597 2769 1798 2809 conve-

202 2853 408 2905 nientia
445 2852 667 2904 fratrum
701 2850 1067 2913 Remensium,
1103 2859 1160 2903 ut
1203 2850 1324 2903 vita
1365 2857 1545 2903 nostra
1596 2846 1800 2902 Tinno’

202 2959 376 3007 vero,
440 2961 599 3013 quam
649 2945 717 2998 de
773 2944 1098 2997 Vetranione
1155 2943 1384 2997 diacono
1441 2944 1568 2997 dato
1627 2941 1800 3011 pretio

202 3038 639 3105 eomparavinms
688 3037 738 3089 in
791 3051 929 3105 pago
982 3037 1365 3100 Lemovicino,
1438 3046 1492 3089 et
1563 3050 1685 3089 casa
1746 3035 1796 3087 in

202 3126 580 3182 Novo-Castro
610 3138 941 3192 constructa,
977 3145 1071 3197 pro
1123 3130 1234 3197 ipsa
1262 3129 1384 3181 villa
1427 3127 1693 3193 Gangiaco
1747 3126 1797 3178 in

1908 2017 2025 2070 illas
2056 2016 2250 2069 ibidem
2286 2021 2384 2070 sub
2411 2027 2604 2071 sancto
2631 2018 2820 2072 ordine
2853 2020 3168 2088 regulariter
3196 2021 3379 2075 vivere
3411 2023 3494 2075 vcl

1907 2107 2152 2161 habitare
2179 2107 2445 2172 videntur,
2478 2119 2532 2162 et
2589 2125 2684 2164 nos
2731 2127 2760 2162 a
2810 2111 2896 2164 die
2945 2113 3180 2180 presenti
3227 2129 3322 2182 per
3357 2116 3496 2168 hanc

1906 2200 2195 2267 epistolam
2228 2211 2467 2253 nostram
2502 2203 2847 2264 testamenti,
2906 2203 3118 2271 integro
3172 2219 3388 2274 quoque
3441 2215 3497 2259 et

1905 2291 2207 2345 deliberate
2235 2292 2463 2347 consilio
2494 2307 2557 2346 ac
2607 2305 2852 2363 prompta
2895 2294 3176 2352 voluntate
3207 2298 3378 2365 ipsmn
3419 2298 3498 2351 In-

1904 2398 2024 2436 cum
2054 2384 2132 2436 eis
2161 2383 2475 2438 tradidimus
2504 2384 2570 2438 ad
2619 2386 3023 2454 possidendum,
3057 2389 3127 2440 ita
3177 2398 3234 2442 ut
3291 2391 3363 2444 illi
3395 2391 3497 2446 hoc

1903 2474 2155 2539 habeant,
2193 2483 2413 2528 teneant
2441 2487 2603 2544 atque
2633 2478 2961 2546 possideant.
2999 2480 3066 2532 lit
3087 2480 3129 2533 si
3159 2482 3302 2551 quis,
3351 2484 3497 2549 quod

1903 2565 2062 2630 absit,
2089 2566 2173 2620 vel
2204 2575 2325 2635 post
2353 2582 2472 2628 nos.
2505 2583 2844 2624 successores
2873 2572 3113 2641 episcopi
3143 2575 3226 2627 vel
3255 2576 3498 2644 qualibet

1905 2661 2151 2728 opposita
2184 2675 2409 2729 persona
2437 2662 2521 2716 vel
2571 2662 2639 2717 de
2680 2662 2940 2717 heredum
2970 2680 3237 2728 meorum,
3270 2667 3410 2735 ipsas
3432 2668 3498 2721 de

1909 2751 2026 2819 ipso
2060 2753 2180 2806 loco
2210 2761 2302 2805 aut
2333 2767 2659 2822 promovere
2681 2764 2775 2807 aut
2807 2754 3110 2822 inquietare
3136 2757 3498 2822 volnerit,aut

1905 2844 2073 2912 ipsazn
2106 2843 2388 2912 epistolam
2441 2851 2680 2899 nostram
2729 2846 3034 2914 infrangcre
3064 2850 3380 2910 conaverit,
3443 2848 3495 2901 in

1905 2935 2092 3002 primis
2153 2936 2367 3005 propria
2394 2935 2499 2988 vita
2531 2944 2752 3000 careat,
2814 2947 2978 3005 atque
3019 2953 3140 2992 cum
3191 2939 3358 3006 stirpe
3400 2956 3497 2995 sua

1904 3026 2152 3093 captivus
2181 3023 2469 3090 deserviat,
2501 3033 2556 3080 et
2602 3026 2899 3081 divinitatis
2927 3028 3163 3082 furorem
3211 3030 3446 3083 incurrat
3478 3071 3492 3092 ,

1903 3114 1988 3167 vel
2013 3114 2310 3168 dominatio
2351 3114 2470 3183 ejus
2497 3115 2871 3186 dispergatur,
2923 3119 3064 3174 sicut
3120 3119 3360 3188 dispersa
3415 3129 3498 3175 est

203 3221 686 3274 commutationem
718 3221 782 3275 ad
827 3230 1030 3288 partem
1057 3220 1296 3274 Ecclesie
1321 3230 1505 3274 nostre
1533 3219 1799 3273 Remense

1911 3204 2185 3260 llulnlerni
2211 3215 2484 3276 potestas;
2516 3219 2571 3263 et
2609 3210 2748 3263 sicut
2799 3208 2970 3264 divisa
3001 3219 3085 3265 est
3132 3213 3309 3278 magni
3369 3213 3496 3267 Ale-

205 3311 564 3374 tradidimus;
601 3315 663 3366 ad
698 3314 1115 3383 possidendum,
1156 3323 1260 3366 tam
1293 3307 1753 3378 terris,‘domibus
1781 3350 1795 3375 ,

202 3407 458 3471 edilieiis,
487 3407 767 3475 mancipiis
789 3407 984 3461 ibidem
1013 3447 1027 3471 ,
1075 3407 1562 3466 commanentibus,
1593 3403 1798 3458 coloni-

203 3499 326 3565 bus,
360 3498 561 3551 ibidem
618 3499 1024 3566 aspicientibus,
1058 3498 1263 3567 campis
1295 3535 1310 3559 ,
1371 3497 1557 3566 pratis,
1613 3495 1759 3550 silvis
1783 3536 1797 3560 ,

203 3591 442 3659 pascuis,
470 3591 626 3658 aquis
679 3606 1010 3660 aquarumve
1063 3591 1401 3656 decursibus,
1433 3598 1602 3644 totum
1631 3596 1687 3642 et
1734 3588 1801 3642 ad

204 3683 500 3752 integrum,
550 3694 1049 3750 quantumcumque
1091 3682 1157 3735 ad
1189 3683 1358 3752 ipsam
1392 3681 1568 3734 villam
1599 3679 1802 3734 Tinno-

203 3786 334 3825 vero
366 3773 614 3838 aspicere
642 3771 913 3836 videntur,
947 3789 1067 3826 cunt
1111 3772 1254 3825 omni
1301 3770 1610 3839 integritate
1639 3770 1705 3823 ad
1744 3783 1802 3822 se

206 3862 532 3930 pertinente,
571 3877 672 3915 una
705 3879 824 3917 cum
859 3864 971 3932 ipsa
1026 3878 1150 3918 casa
1189 3865 1240 3916 in
1273 3862 1644 3918 Noro-Castro
1667 3877 1797 3916 con-

203 3958 433 4015 structa,
466 3943 519 4005 in
566 3952 678 4020 ipsa
733 3952 863 4006 urbe
904 3952 1249 4006 Lcmovicino
1282 3994 1295 4017 ,
1357 3969 1453 4021 pro
1512 3953 1624 4020 ipsa
1675 3952 1801 4005 villa

207 4039 484 4110 Gaugiaco
514 4080 528 4104 ,
583 4040 648 4094 ad
680 4039 974 4095 Ecclesiam
1007 4050 1244 4096 nostram
1295 4043 1611 4095 lieniensem
1643 4042 1693 4095 in
1725 4041 1803 4096 vi-

205 4148 322 4188 cem
351 4134 874 4203 recompensationis
923 4135 1237 4188 tradidimus
1291 4135 1355 4187 ad
1387 4136 1765 4204 possidendum
1787 4178 1801 4201 ,

206 4235 264 4278 ut
293 4234 349 4279 et
370 4235 558 4278 nostre
587 4226 694 4278 vite
725 4233 988 4295 tempore,
1040 4235 1093 4280 et
1124 4236 1245 4293 post
1275 4226 1341 4280 de
1375 4227 1473 4280 hac
1519 4227 1638 4281 luce
1692 4227 1800 4280 dis-

206 4329 445 4380 cessum,
495 4314 789 4370 ftrmioretn
832 4317 1178 4372 stabilitatem
1212 4318 1384 4385 ipsutn
1419 4319 1805 4372 tnonasterium

207 4409 515 4476 puellarum
547 4408 747 4462 habere
785 4409 1024 4474 debeat,
1076 4417 1129 4464 et
1170 4410 1312 4464 nulla
1365 4409 1710 4465 infestatione
1739 4411 1806 4466 de

209 4499 622 4553 successoribus
645 4501 842 4554 nOStris
880 4502 1146 4570 episcopis
1179 4501 1393 4563 habeat,
1427 4505 1508 4554 vel
1543 4502 1612 4554 de
1642 4517 1805 4570 quas-

1912 3295 2096 3350 xam‘ri
2142 3296 2496 3353 formidabilis
2524 3299 2842 3364 dominatio,
2875 3302 2946 3355 ita
2979 3311 3034 3356 et
3062 3303 3257 3357 amodo
3283 3303 3494 3374 disper-

1903 3399 2060 3455 gatur
2105 3397 2378 3457 potestas;
2434 3399 2490 3444 et
2533 3392 2674 3446 sicut
2729 3391 2963 3446 Sodoma
3025 3400 3079 3447 et
3126 3392 3390 3449 Gomorra
3444 3395 3497 3454 in

1904 3480 2138 3547 presenti
2166 3481 2349 3535 seculo
2399 3497 2653 3550 percussa
2683 3492 2806 3550 est,
2859 3484 3110 3538 similiter
3157 3487 3498 3554 percutiatur

1904 3579 2144 3640 potestas
2177 3575 2256 3629 vel
2290 3574 2552 3629 habitatio
2583 3574 2770 3645 ipsius,
2788 3576 2913 3630 etin
2937 3577 3226 3631 anathema
3251 3593 3499 3633 marana-

1907 3665 2017 3724 tha,
2051 3667 2194 3734 quod
2225 3677 2309 3721 est
2339 3668 2568 3736 perditio
2589 3707 2604 3732 ,
2661 3683 2828 3738 usque
2859 3669 2912 3724 in
2961 3669 3250 3724 adventum
3283 3669 3500 3726 Domini

1905 3758 2076 3811 nostri
2100 3759 2225 3813 Jesu
2249 3758 2444 3813 Christi
2469 3758 2694 3814 feriatur
2721 3777 2734 3824 ;
2785 3769 2840 3814 et
2864 3775 2894 3814 a
2922 3761 3199 3817 liminibus
3223 3759 3498 3828 Ecclesiae,

1904 3849 2047 3903 vela
2079 3853 2462 3907 communione
2510 3853 2943 3922 participationis
2993 3855 3238 3923 corporis
3266 3864 3323 3908 et
3370 3870 3499 3910 san-

1903 3941 2080 4008 guinis
2107 3941 2317 3997 Domini
2376 3947 2547 3999 nostri
2594 3945 2719 4001 Jesu
2762 3945 2959 4000 Christi
2999 3948 3501 4002 excommunicatus

1905 4045 2204 4104 appareat;
2248 4045 2451 4092 etcum
2478 4035 2612 4092 Juda
2664 4039 2962 4106 traditore,
3012 4039 3105 4108 qui
3156 4054 3254 4108 per
3307 4039 3500 4095 falsum

1906 4126 2148 4183 osculum
2179 4129 2400 4183 tradidit
2428 4129 2739 4195 Dominum,
2793 4131 3068 4201 particeps
3111 4130 3412 4194 efliciatur;
3447 4141 3503 4185 et

1907 4219 2088 4274 veniat
2113 4235 2277 4290 super
2301 4236 2422 4276 eum
2456 4221 2603 4289 lepra
2660 4222 2918 4283 Naaman,
2951 4237 3113 4292 quam
3165 4237 3302 4292 puer
3335 4221 3501 4276 Elizei

1907 4316 2055 4371 Giczi
2087 4330 2184 4384 per
2211 4313 2559 4383 cupiditatem
2615 4313 2842 4382 adeptus
2879 4313 3018 4377 fuit;
3053 4323 3108 4368 et
3136 4328 3300 4368 omne
3329 4327 3501 4382 genus

1906 4418 1962 4463 ct
1989 4421 2206 4477 germen
2235 4420 2423 4461 eorum
2446 4406 2523 4460 sic
2553 4413 2852 4459 marcescat
2882 4404 2933 4458 in
2965 4403 3196 4470 flore,ut
3221 4420 3498 4475 nunquam

1908 4499 2213 4561 fructilicet,
2245 4511 2346 4551 nec
2385 4495 2631 4566 perficiat
2666 4495 2718 4549 in
2747 4509 2950 4563 grano:
2982 4502 3038 4548 et
3084 4495 3298 4548 veniam
3351 4495 3496 4563 apud

206 4589 337 4647 libet
363 4591 645 4660 oppositas
676 4605 930 4660 personas
951 4634 965 4656 ,
1015 4592 1115 4647 nisi
1145 4607 1359 4661 semper
1401 4595 1798 4662 perpetualiter
1835 4598 1880 4657 ο
1909 4592 2194 4648 Dominum
2226 4606 2334 4644 non
2366 4596 2660 4644 mereatur.
2695 4585 2779 4652 Et,
2804 4596 2862 4642 ut
2890 4601 3114 4657 presens
3136 4588 3366 4657 epistola
3400 4603 3497 4640 no-

206 4685 322 4754 ipse
353 4683 526 4738 abbas
554 4682 636 4736 vel
658 4683 773 4752 ipse
795 4682 990 4738 ancille
1007 4682 1099 4737 Dei
1122 4699 1241 4752 qua:
1264 4685 1315 4737 in
1347 4685 1464 4754 ipso
1495 4694 1803 4756 nuncupato

207 4779 328 4833 loco
360 4777 612 4832 habitare
645 4787 938 4832 noscuntur
959 4819 974 4844 ,
1024 4778 1106 4832 vel
1134 4779 1364 4848 posteris
1395 4779 1632 4848 ipsarum
1656 4821 1670 4844 ,
1711 4793 1806 4847 per

206 4880 525 4944 presentem
552 4872 836 4940 epiSIolam
864 4880 1105 4926 nostram
1133 4873 1280 4927 omni
1312 4882 1558 4944 tempore
1587 4873 1807 4928 valeant

205 4967 490 5036 possidere
532 4963 616 5016 vel
664 4963 950 5030 dominari,
984 4973 1043 5019 ut
1065 4965 1257 5020 melius
1300 4981 1394 5022 eas
1439 4965 1677 5021 delectet
1708 4981 1804 5036 pro

208 5059 364 5113 nobis
391 5058 604 5110 Uomini
637 5058 1061 5113 misericordiam
1107 5059 1410 5130 deprecari,
1448 5070 1504 5114 nt
1531 5062 1598 5115 ab
1643 5061 1808 5116 infer-

207 5164 401 5204 norum
432 5149 662 5203 nexibus
712 5149 865 5205 liberi
892 5164 1012 5205 esse
1042 5165 1350 5206 mereamur
1375 5193 1390 5218 ,
1442 5160 1498 5207 et
1527 5159 1649 5222 post
1704 5168 1805 5208 no-

207 5251 377 5295 strum
407 5256 628 5312 quoque
658 5241 726 5296 de
752 5243 854 5298 hac
881 5243 1003 5299 luce
1033 5243 1350 5311 discessum,
1384 5245 1582 5300 ibidem
1608 5260 1805 5301 nomen

211 5344 456 5390 nostrum
489 5335 542 5388 in
576 5334 711 5389 libro
738 5337 848 5391 vite
902 5347 1134 5405 ponatur
1186 5337 1271 5392 vel
1299 5347 1648 5393 recensentur
1677 5378 1694 5404 ,
1752 5347 1808 5393 et

210 5442 400 5482 eorum
427 5425 746 5481 sacerdotes
775 5427 982 5481 hostias
1036 5442 1134 5497 pro
1175 5427 1330 5482 nobis
1357 5429 1503 5483 omni
1560 5437 1806 5497 tempore

211 5519 424 5573 valeant
454 5514 672 5572 offerre.
701 5515 830 5573 Etsi
863 5518 1105 5584 forsitan,
1139 5518 1284 5588 quod
1333 5518 1559 5583 adsolet,
1591 5519 1656 5573 de
1688 5519 1805 5588 ipso

210 5609 329 5666 loco
359 5611 415 5665 in
441 5609 548 5664 alio
573 5609 698 5664 loco
728 5608 872 5679 ipsas
897 5608 1124 5666 famulas
1154 5610 1248 5666 Dei
1280 5611 1513 5680 migrare
1535 5611 1804 5667 voluerint

278 5755 302 5782 ⁸
342 5745 506 5801 Juxta
536 5747 712 5815 legem
746 5747 831 5802 hic
871 5749 1270 5815 prmscriptam,
1325 5746 1652 5815 Gaugiacus,
1703 5764 1800 5804 seu

211 5817 659 5888 Episcopi-Villa.
690 5817 764 5888 ad
798 5819 1194 5875 A’tivillarense
1225 5818 1609 5874 monasterium
1642 5818 1802 5875 hodie

214 5895 353 5943 tante
385 5905 515 5943 ann.
565 5887 723 5956 1789)
757 5891 1003 5960 pertinet,
1029 5907 1150 5946 cuni
1183 5888 1618 5947 sanctimonialcs
1648 5889 1795 5948 defc-

1905 4696 2018 4742 stra
2043 4685 2188 4740 omni
2224 4693 2464 4753 tempore
2492 4681 2644 4736 firma
2668 4687 3073 4752 permaneat,et
3103 4695 3202 4751 pro
3233 4680 3309 4735 rei
3336 4680 3501 4734 totius

1906 4779 2180 4844 firmitate,
2213 4779 2353 4832 hanc
2381 4774 2667 4846 epistolam
2697 4788 2858 4828 manu
2886 4774 3104 4843 propria
3146 4773 3336 4828 subter
3377 4787 3498 4827 eam

1906 4871 2338 4941 subscripsimus,
2365 4878 2419 4923 et
2458 4867 2548 4937 qui
2602 4865 2826 4921 inferius
2879 4865 3265 4934 subscripserit
3289 4866 3374 4920 vel
3422 4867 3498 4920 si-

1907 4961 2149 5032 gnaverit
2181 4976 2278 5014 nos
2309 4960 2359 5013 in
2385 4958 2626 5029 presenti
2655 4973 2750 5013 eos
2771 4957 2992 5028 proprio
3027 4972 3124 5013 ore
3144 4958 3452 5027 rogavimus
3481 5001 3500 5028 ,

1907 5063 1962 5108 et
1990 5054 2208 5122 insuper
2239 5067 2341 5105 una
2371 5066 2494 5107 eum
2515 5050 2668 5106 socio
2702 5049 2832 5105 ﬁsco
2862 5048 3026 5104 addat
3050 5053 3118 5105 ad
3168 5059 3378 5119 partem
3419 5050 3503 5122 ip-

1907 5147 2017 5202 sius
2046 5145 2384 5206 monasterii,
2417 5145 2521 5198 hoc
2541 5152 2642 5208 est,
2674 5143 2790 5197 auri
2814 5142 2979 5196 libras
3008 5158 3081 5196 xx
3106 5182 3121 5206 ,
3175 5144 3384 5213 argenti
3435 5145 3500 5198 li-

1905 5241 2030 5296 bras
2060 5255 2112 5294 ιχ
2143 5246 2366 5294 coactus
2392 5236 2673 5301 exsolvat,
2708 5243 2762 5292 et
2792 5235 2898 5291 hoc
2926 5235 3074 5305 quod
3119 5237 3319 5306 repetit
3345 5236 3499 5291 evin-

1907 5331 2091 5387 dicare
2123 5345 2230 5385 non
2258 5329 2453 5395 valeat,
2486 5338 2540 5384 et
2571 5328 2953 5383 nichilominus
3005 5343 3228 5397 presens
3271 5329 3501 5396 epistola

1909 5425 2320 5493 omnitempore
2347 5423 2497 5476 firma
2528 5429 2582 5476 et
2609 5421 2866 5476 inviolata
2910 5431 3249 5490 permaneat.
3305 5422 3500 5475 Actum

1907 5519 1960 5574 in
1990 5518 2112 5572 villa
2143 5515 2496 5585 Compendio,
2539 5515 2638 5570 sub
2687 5514 2775 5569 die
2817 5512 2936 5569 Kal.
2991 5512 3158 5582 Maii,
3212 5529 3357 5568 anno
3405 5531 3498 5570 xm

1906 5610 2055 5680 regni
2083 5609 2268 5666 domni
2317 5608 2489 5664 nostri
2517 5604 2803 5664 Teoderici
2858 5607 3020 5676 regis.
3053 5607 3112 5662 In
3140 5605 3338 5662 Christi
3396 5623 3498 5662 no-

1904 5747 2076 5872 (ιρι-ἱᾶιι
2133 5747 2184 5800 in
2206 5745 2560 5872 fmonasterio
2615 5744 2761 5817 quod
2817 5761 2884 5803 ex
2934 5745 3288 5804 concessione
3343 5744 3497 5802 Reoli

1906 5834 2004 5872 cett
2048 5827 2176 5872 ttutn
2230 5827 2321 5872 utt.

1906 5827 2176 5872 cendttutn
2206 5827 2321 5872 Itlll.
