4206 6526
722 421 860 479 IIIS

1466 416 1729 473 SECUL.
1758 415 1844 471 VII
1890 415 1975 470 ET
2017 414 2127 469 VIII
2172 414 2709 472 ECCLESIASTICA
2752 412 3207 469 MONUMENTA.

3861 411 4001 468 I216

719 542 867 596 mine
890 537 1108 602 Ileulns,
1139 551 1201 590 ac
1230 538 1271 589 si
1301 542 1548 605 peccator
1594 533 1900 602 episcopus,
1929 533 2067 586 hanc
2093 530 2298 599 episto-
2330 532 2381 592 Α
2410 530 2638 584 Iiliorum
2685 536 2739 583 et
2769 541 3052 597 procerum
3081 540 3325 581 meorum
3379 524 3706 594 designatas,
3739 525 3885 582 inter
3913 528 3998 583 di-

720 635 828 688 lam
850 647 880 685 a
911 645 998 684 me
1019 630 1212 683 factam
1234 627 1396 694 relegi
1428 634 1481 679 et
1503 626 1820 693 subscripsi.
1855 624 1967 692 Ego
2000 620 2306 677 Ansooldus

721 723 1050 791 episcopus,
1095 718 1319 787 jubente
1347 718 1548 770 donmo
1604 715 1776 770 Iteolo
1823 716 2118 785 episcopo,
2170 716 2308 770 hanc

722 815 1168 871 deliberationem
1222 809 1535 879 subscripsi.
1589 808 1706 877 Ego
1762 806 1950 863 Petrus
2008 809 2145 862 abba
2182 808 2309 863 sub-

723 906 934 973 scripsi.
961 901 1386 973 Egollarmarus
1406 899 1542 954 abba
1559 897 1869 967 subscripsi.
1893 896 2005 965 Ego
2030 897 2311 952 llilduinus

725 996 863 1051 abba
893 992 1207 1062 subscripsi.
1236 992 1348 1060 Ego
1362 990 1661 1045 Leucadius
1681 990 1840 1048 abba.
1862 988 2089 1058 jubeute
2111 989 2311 1043 domno

709 1084 900 1139 'Ileolo
933 1082 1385 1153 episcopo,-hane
1410 1080 1696 1149 epistolam
1722 1079 1890 1147 relegi
1913 1087 1970 1133 et
1996 1078 2308 1147 subscripsi.

726 1171 841 1243 Ego
871 1173 1216 1241 Amalgisilus
1265 1172 1579 1242 subscripsi.
1639 1170 1755 1239 Ego
1782 1171 2144 1226 Bertobindus
2186 1169 2313 1225 sub—

727 1266 938 1336 scripsi.
971 1264 1085 1333 Ego
1112 1264 1302 1319 Gando
1333 1263 1615 1335 presbyter
1633 1262 1947 1331 subscripsi.
1982 1261 2095 1330 Ego
2123 1262 2313 1316 Caldo-

730 1373 913 1413 marus
931 1359 1183 1413 notarius
1227 1357 1416 1425 scripsi
1447 1363 1505 1410 et
1528 1356 1816 1423 subscripsi
1850 1354 1991 1409 hanc
2031 1356 2313 1425 epistolam

710 1450 1059 1520 donationis,
1080 1466 1147 1506 ex
1171 1450 1326 1519 jussu
1354 1450 1538 1506 domni
1562 1448 1712 1505 Beoli
1742 1448 2002 1518 episcopi.

1444 1566 1677 1671 vaL_

733 1721 927 1776 Charta
952 1736 1053 1789 qua
1090 1718 1305 1788 Pipinns
1335 1726 1383 1770 et
1415 1716 1727 1789 Pleclrmlis,
1761 1733 1894 1789 ιιι-εν
1931 1718 2063 1781 ejus,
2093 1729 2319 1789 rastrum

804 1786 1021 1854 Ambrn,
1066 1791 1121 1841 in
1152 1786 1454 1853 Arduenna,
1484 1787 1724 1856 Bcregiso
1749 1786 1965 1851 donant,
2000 1798 2052 1839 ut
2086 1788 2153 1839 ibi
2193 1804 2319 1839 con-

809 1863 998 1915 dantur
1022 1859 1152 1913 cella
1174 1868 1221 1913 et
1245 1859 1459 1923 ecclesia
1488 1866 1513 1894 ⁸
1547 1861 1697 1927 (ann.
1739 1856 1892 1923 687.)

813 1992 869 2046 In
900 1990 1119 2046 nomine
1140 1988 1350 2044 Sancta:
1367 1986 1664 2042 Trinitatis.
1687 1987 1872 2044 Omnis
1892 2004 1934 2044 SI
1956 1988 2193 2045 blimitas
2214 1999 2323 2043 ter-

741 2099 870 2138 rena
891 2082 1084 2136 divina:
1107 2079 1432 2135 ordinationi
1456 2079 1780 2134 omnimodis
1807 2079 1970 2135 debet
1991 2095 2110 2134 esse
2134 2081 2323 2147 subje-

741 2185 850 2230 cta.
885 2172 1217 2244 Eapropter,:
1237 2187 1357 2228 cuin
1386 2186 1670 2241 supremus
1693 2171 1816 2226 cadi
1859 2181 2123 2240 ttrrteque
2144 2172 2323 2227 Domi-

740 2281 860 2331 nus,
876 2264 966 2333 qui
983 2264 1248 2320 bonorum
1271 2268 1577 2318 nostrorum
1591 2279 1699 2317 non
1729 2273 1872 2331 eget,
1893 2263 2123 2317 mirabili
2144 2274 2322 2318 tamen

736 2358 790 2411 in
842 2370 927 2410 me
954 2355 1199 2413 bonitate
1244 2365 1483 2410 castrum
1508 2354 2182 2417 Ambra,.Ainberlacensis
2212 2355 2326 2411 fisci

736 2455 923 2517 caput,
936 2444 1193 2501 schedula
1207 2460 1237 2500 e
1248 2444 1389 2499 caalo
1403 2445 1706 2514 prodigiose
1727 2445 1964 2514 delapsa,
1979 2446 2032 2500 in
2046 2462 2325 2502 servorum

738 2554 962 2595 suorum
989 2537 1378 2607 patrimonium
1407 2536 1660 2606 dignatus
1687 2537 1759 2591 sit
1809 2538 2051 2605 eligere:
2082 2554 2184 2607 ego
2234 2538 2323 2593 Pi-

688 2662 695 2667 ι
739 2635 917 2702 pinus,
949 2631 1141 2686 illustri
1184 2629 1423 2685 .Aneliisi
1467 2629 1626 2697 Iilius,
1662 2644 1785 2684 cum
1842 2630 2037 2685 illustri
2078 2638 2326 2686 matrona

740 2738 859 2777 mea
891 2720 1197 2787 I’lectrude,
1230 2730 1422 2774 notum.
1446 2719 1588 2773 l'acio
1617 2719 1869 2772 omnibus
1891 2720 2249 2788 pia-sentibus
2271 2728 2327 2773 et

732 2816 951 2881 tuturis,
980 2813 1122 2885 quod
1153 2811 1464 2882 praulictum
1494 2810 1715 2864 ditionis
1744 2824 1876 2864 mea:
1922 2819 2158 2866 castrum
2195 2851 2213 2877 ,
2261 2811 2329 2864 ab

742 2908 1004 2962 Ardeuna:
1034 2904 1340 2973 principatu
1373 2902 1638 2965 avulsum,
1680 2916 1800 2956 cum
1831 2900 2089 2955 limitibus
2115 2910 2171 2956 et
2195 2917 2328 2956 con-

742 3000 885 3055 ﬁniis
932 2998 1068 3053 inl‘ra
1122 2996 1417 3065 designatis
1450 3036 1464 3062 ,
1514 2995 1588 3048 ita
1624 2994 1980 3064 omnipotenti
2029 2992 2145 3049 Deo
2192 3008 2328 3050 cou-

745 3092 964 3159 tradidi,
993 3090 1133 3145 sicut
1151 3090 1448 3145 etiamnum
1479 3089 1790 3157 in-persona
1818 3088 2141 3142 venerabilis
2162 3087 2331 3142 Bere-

2411 622 2646 677 visiones
2667 620 2734 676 ad
2770 619 3049 674 meridiem
3079 660 3094 686 ,
3145 618 3212 673 ad
3243 618 3506 681 orientem
3533 659 3551 688 ,
3598 619 3739 674 inter
3786 618 4003 676 Mollem

2410 712 2787 783 Campellum,
2842 711 3215 780 Campilonem
3274 720 3330 766 et
3400 711 3689 779 llaletnm,
3743 710 4002 768 Ferreum

2414 812 2693 867 montem;
2744 803 2813 858 ad
2865 801 3170 872 aquilonem
3205 802 3346 857 inter
3397 801 3683 857 Nasaniam
3713 809 3768 859 et
3802 803 4002 858 Awan-

2412 908 2556 956 nam,
2588 890 3172 956 Tabulthontanam;
3230 890 3298 944 ad
3354 890 3735 953 occidentem,
3784 891 4007 946 ﬂuvium

2414 982 2673 1036 Lumnam
2722 989 2780 1036 et
2833 996 3023 1050 rupem
3075 980 3551 1049 Sulmoniensem,
3628 981 3839 1039 scilicet
3884 997 4010 1038 cum

2413 1073 2615 1140 banuo,
2646 1073 2792 1127 omni
2820 1072 3025 1139 justitia
3048 1111 3065 1138 ,
3126 1072 3416 1140 pnetoriis,
3449 1080 3506 1126 et
3526 1086 3712 1127 eorum
3744 1073 4011 1143 appendi—

2415 1164 2544 1227 ciis;
2572 1178 2694 1217 cum
2724 1162 2871 1217 omni
2894 1161 3015 1230 jure
3041 1170 3098 1216 et
3130 1176 3317 1225 censu,
3353 1170 3463 1214 tam
3489 1161 3542 1215 in
3567 1161 3806 1218 denariis
3845 1178 4011 1231 quam

2418 1259 2469 1313 iu
2502 1258 2711 1323 avenis;
2743 1274 2866 1314 cum
2895 1257 3132 1321 teloneo,
3160 1266 3402 1312 mercato
3426 1295 3442 1319 ,
3498 1267 3553 1313 et
3595 1259 3707 1314 suis
3743 1258 4011 1331 appendi-

2417 1352 2546 1415 ciis;
2577 1367 2696 1405 eam
2733 1350 2855 1417 jure
2885 1349 3255 1419 mortimeuti,
3303 1358 3359 1405 et
3415 1350 3654 1404 omnium
3705 1350 4015 1406 accolarum

2420 1442 2783 1498 advocationis
2808 1442 2874 1496 ad
2906 1440 3020 1496 lisci
3040 1439 3298 1495 dominici
3328 1455 3493 1510 opera
3518 1480 3532 1506 ,
3586 1439 3640 1495 in
3682 1449 3921 1511 accepta:
3951 1440 4017 1495 li-

2421 1536 2648 1590 hertalis
2675 1533 2908 1602 signum,
2930 1548 3049 1588 cum
3081 1531 3305 1587 decimis
3331 1530 3395 1587 ad
3429 1547 3515 1591 me
3541 1533 3938 1602 spectantibus,
3962 1542 4020 1588 et

2422 1631 2672 1684 omnibus
2726 1627 3190 1696 possessionibus,
3236 1626 3392 1681 terris
3424 1667 3438 1692 ,
3500 1626 3709 1696 pratis,
3762 1627 4017 1696 pascuis,

2423 1724 2603 1792 aquis;
2652 1738 2775 1777 cum
2808 1720 3100 1785 Iarinariis,
3127 1735 3252 1775 cum
3290 1721 3480 1791 sylvis,
3513 1722 3651 1776 villis
3700 1733 3753 1777 et
3782 1722 4020 1784 villulis;

2425 1831 2547 1869 cum
2580 1812 2797 1879 mansis,
2844 1811 3235 1878 mansionibus,
3266 1811 3504 1876 familiis,
3536 1812 3740 1867 libertis
3764 1822 3820 1869 et
3868 1830 4024 1868 man-

2348 1899 2400 1955 ‘B
2427 1906 2610 1974 cipiis;
2641 1920 2762 1960 cum
2793 1904 3045 1973 gregibus
3079 1910 3137 1959 et
3162 1905 3443 1959 armentis.
3474 1904 3645 1971 Quam
3669 1906 4021 1962 donationem

2425 1996 2504 2051 sic
2539 1995 2649 2050 Deo
2678 1994 2898 2059 factam,
2927 2010 2993 2048 ac
3022 1994 3186 2050 etiam
3235 1995 3287 2048 in
3332 1995 3619 2065 przesentia
3651 1996 3872 2053 illustris
3902 1998 4021 2053 Ple-

2426 2088 2661 2153 ctrudis,
2694 2088 2924 2142 liliorum
2976 2087 3371 2157 curialiumque
3415 2104 3697 2153 meorum,
3739 2100 3911 2144 ratam
3959 2106 4023 2146 ac

2429 2181 2716 2243 (innatant,
2744 2180 2907 2235 etiam
2952 2179 3007 2234 in
3036 2178 3473 2236 mandiburuium
3526 2196 3706 2236 meum
3764 2184 4020 2252 suscepi,

2428 2269 2768 2342 posterisque
2794 2270 2930 2325 meis
2956 2270 3299 2337 commendo,
3335 2281 3394 2326 ut
3435 2272 3645 2328 stabilis
3668 2273 3758 2328 sit.
3812 2274 3909 2331 llic
3937 2285 4023 2332 est

2431 2378 2560 2419 vero
2591 2362 2862 2419 schedula:
2883 2362 3005 2419 εωιί
3038 2370 3234 2420 tenor:
3268 2382 3288 2418 ι
3326 2363 3426 2420 Ilie
3476 2365 3629 2421 locus
3677 2381 3709 2421 a
3758 2366 3870 2424 Deo
3903 2369 4022 2425 ele-

2429 2467 2549 2514 ctus
2577 2459 2644 2512 ad
2674 2459 2906 2514 salutem
2936 2459 3239 2514 animarum
3270 2459 3599 2527 multarum;
3645 2470 3790 2517 terra
3836 2470 4024 2517 sancta

2429 2561 2515 2607 est
2538 2550 2695 2605 valde
2722 2549 3113 2619 magniﬁcanda
3138 2590 3155 2617 ,
3203 2566 3595 2621 servorumque
3627 2552 3719 2607 Dei
3764 2553 4026 2623 patrimo-

2430 2644 2600 2706 nium,
2628 2640 2771 2711 quod
2804 2642 3113 2710 augebitur,
3130 2650 3189 2698 et
3244 2657 3274 2695 a
3305 2643 3665 2712 potestatibus
3689 2652 4022 2713 protegetur,

2434 2732 2581 2788 varie
2612 2741 2792 2789 tamen
2821 2732 3190 2788 tribulabitur.
3222 2731 3324 2798 Qui
3374 2748 3502 2789 vero
3532 2733 3674 2790 hunc
3701 2734 3881 2790 locum
3928 2751 4026 2789 ve-

2435 2824 2660 2890 xaverit,
2690 2824 2768 2880 sic
2799 2824 2851 2879 in
2884 2824 3065 2880 radice
3095 2831 3415 2890 marcescat,
3444 2832 3503 2880 ut
3530 2825 3585 2881 in
3614 2826 3779 2882 ramis
3799 2842 3906 2882 non
3930 2826 4027 2881 llo-

2432 2925 2634 2983 rescat,
2656 2926 2749 2970 aut
2771 2916 2991 2973 ultrices
3019 2916 3237 2972 ultionis
3248 2927 3463 2972 aeterna:
3492 2934 3676 2985 ptenas
3697 2919 3978 2976 sustineat.
4002 2940 4020 2973 I

2434 3008 2624 3062 Actum
2657 3007 2870 3077 publice
2900 3008 2954 3061 in
2989 3006 3195 3077 palatio
3233 3006 3574 3078 Joppiliensi,
3597 3008 3771 3067 idibus
3795 3008 4028 3067 Novem-

2384 3148 2389 3151 _
2435 3101 2563 3161 bris,
2595 3114 2740 3156 anno
2790 3098 3181 3155 Incarnationis
3215 3098 3428 3154 Domini
3459 3115 3767 3157 ncrxxxvu.
3802 3101 3896 3157 Ilis
3940 3102 4026 3155 in-

743 3182 841 3252 gisi
865 3190 920 3237 et
935 3194 1318 3235 successorum
1347 3179 1465 3247 ejus
1493 3178 1670 3242 trado,
1702 3186 1767 3231 ut
1789 3177 1919 3232 nihil
1941 3176 2077 3247 juris
2105 3178 2328 3232 dominii
2356 3198 2403 3261 ο
2436 3194 2738 3247 terruerunt
2764 3206 2993 3261 quorum
3025 3190 3243 3246 nomina
3271 3192 3571 3260 subscripta
3616 3201 3760 3247 sum.
3803 3191 4029 3248 “lusu-is

746 3284 840 3328 aut
883 3273 1167 3342 cujuslibet
1220 3270 1558 3335 antoritatis,
1610 3269 1741 3322 mihi
1786 3278 1880 3323 aut
1927 3270 2330 3325 successolbus

690 3404 693 3411 .
748 3364 886 3419 meis
912 3363 1041 3417 inibi
1066 3376 1371 3426 reservem;
1400 3361 1658 3429 quatinus
1673 3360 1744 3413 sit
1762 3358 1932 3414 solius
1960 3359 2054 3413 Dei
2085 3368 2141 3415 et
2167 3360 2333 3429 ipsius

750 3475 879 3514 vera
925 3457 1229 3528 possessio,
1272 3456 1320 3511 ei
1369 3456 1470 3510 soli
1512 3454 1776 3523 subjecta,
1812 3469 1880 3509 eo
1908 3469 2038 3508 sane
2068 3454 2175 3509 line
2203 3495 2218 3518 ,
2275 3463 2336 3508 ut

750 3551 980 3607 ecclesia
1003 3560 1057 3603 et
1085 3549 1238 3604 cella:
1272 3547 1472 3603 ibidem
1495 3549 1868 3602 incunctanter
1915 3555 2295 3602 construantur
2318 3589 2335 3614 ,

755 3646 824 3700 ad
850 3646 1034 3700 laudes
1055 3642 1314 3698 Altissimi
1335 3656 1366 3696 a
1387 3642 1560 3696 servis
1589 3639 1700 3695 suis
1727 3639 1817 3694 die
1844 3647 2113 3707 noctuque
2136 3638 2336 3694 decan-

754 3738 968 3793 tandas.
1006 3738 1278 3791 Utautem
1306 3736 1419 3789 hare
1461 3748 1582 3789 mea
1621 3732 1844 3787 donatio
1872 3733 2014 3786 nulla
2041 3732 2218 3786 valeat
2245 3747 2337 3787 ca-

752 3829 1029 3883 villatione
1077 3826 1299 3892 violari',
1353 3824 1503 3885 nullo
1558 3824 1792 3879 avaritia:
1832 3823 2022 3879 studio
2070 3824 2337 3887 resecari,

755 3921 900 3976 nulla
922 3921 974 3974 vi
995 3929 1088 3973 aut
1113 3918 1316 3973 malitia
1348 3916 1673 3987 perturbari,
1689 3915 1939 3971 noverint
1967 3914 2224 3981 universi,
2243 3915 2342 3969 bac

758 4013 1066 4069 donationis
1091 4012 1242 4066 karta
1274 4010 1543 4067 contineri
1565 4017 1738 4065 totum
1768 4017 1924 4063 terra:
1953 4015 2184 4063 tractum
2208 4022 2342 4062 con-

686 4121 691 4125 '
758 4105 1002 4162 strictum
1033 4104 1171 4159 inter
1198 4104 1427 4172 lapides,
1460 4108 1632 4158 metas
1659 4110 1715 4156 et
1742 4102 1915 4156 fossas
1961 4102 2013 4156 in
2062 4101 2345 4171 praesentia

834 4272 859 4298 ι
903 4262 1017 4316 Non
1041 4260 1167 4315 alibi
1193 4266 1372 4314 exstat
1402 4257 1585 4313 charta
1617 4257 1730 4312 haec
1759 4256 1859 4310 nisi
1892 4256 1942 4311 in
1971 4256 2347 4325 supplemento

764 4332 832 4387 ad
859 4333 1033 4403 Opera
1064 4330 1408 4403 diplomatica
1466 4327 1627 4403 biit-axi
1650 4369 1686 4403 ,_
1719 4336 1756 4380 t.
1788 4327 1854 4403 ll,
1885 4341 2001 4403 pag.
2038 4326 2196 4403 ll_25_.
2242 4326 2349 4403 De-

765 4398 1012 4471 prouipta
1034 4398 1217 4456 estex
1266 4400 1485 4454 archivo
1512 4398 1737 4471 abbatize
1784 4400 1840 4451 8.
1893 4398 2350 4471 lluberti'_in_Ar-

765 4468 981 4528 iluenua
1008 4488 1023 4535 ;
1056 4472 1282 4525 habetur
1309 4485 1439 4523 vero
1490 4485 1588 4537 pro
1616 4470 1972 4523 instrumento
2025 4468 2351 4523 fundationis

766 4542 1163 4610 Andnginensis
1185 4540 1516 4603 monasterii,
1544 4540 1631 4610 cui
1671 4548 1857 4610 postea
1904 4540 1942 4594 8
1990 4538 2214 4610 lluberti
2254 4553 2351 4592 no-

769 4629 892 4668 men
915 4608 1137 4666 inditum
1167 4619 1269 4665 est.
1300 4608 1654 4682 Supposititia
1672 4608 1857 4663 charta
1883 4608 2210 4682 ,_siquid_e_m
2240 4611 2349 4661 Λιι-

770 4682 1076 4750 daginensis
1095 4677 1402 4734 monasterii
1417 4677 1571 4733 initia
1591 4679 1866 4750 adannum
1888 4679 2090 4733 Christi
2106 4677 2212 4731 70?.
2228 4694 2347 4750 cum

768 4748 1022 4816 Cointio,
1072 4751 1264 4804 Annal.
1302 4760 1340 4807 ι.
1373 4750 1458 4811 IV,
1492 4763 1610 4819 pag.
1646 4749 1781 4811 456,
1839 4752 1949 4805 imo
1977 4750 2043 4803 ad
2083 4764 2208 4804 ann.
2247 4748 2351 4801 706

710 4866 717 4875 .
769 4839 892 4878 cum
925 4821 1253 4886 Mabillouio,
1287 4822 1477 4891 Annal.
1510 4821 1701 4874 Dened.
1740 4828 1777 4891 t_.
1812 4819 1876 4885 Il,
1908 4834 2029 4891 pag.
2061 4820 2148 4883 16,
2180 4819 2352 4891 vilen-

771 4902 857 4947 tur
890 4891 1226 4954 revocanda;
1260 4907 1359 4945 nec
1416 4890 1601 4956 Pipino
1649 4899 1703 4944 et
1746 4888 2016 4945 Plectrudi
2067 4899 2225 4943 notus
2258 4890 2355 4943 fuit

772 4962 1058 5030 Beregisus
1088 4970 1212 5014 ante
1232 4976 1428 5013 annum
1451 4960 1577 5025 696,
1609 4971 1666 5013 nt
1690 4960 1847 5029 liqnel
1874 4977 1938 5016 ex
1962 4961 2155 5015 eodem
2184 4957 2354 5014 Coin-

707 5042 710 5046 λ
739 5045 745 5063 '-
771 5036 865 5087 tio.
895 5034 1123 5086 Notatur
1156 5033 1208 5083 in
1231 5030 1378 5084 Nova
1407 5032 1577 5086 Gallia
1616 5032 1932 5094 christiana,
1965 5031 2221 5086 Codicem
2252 5047 2351 5083 ms.

772 5103 1002 5163 abbatize
1031 5103 1088 5158 S.
1114 5100 1358 5159 IIuberti.
1385 5103 1477 5169 qui
1508 5102 1817 5155 inscribitur
1841 5101 2218 5161 Cantatorium,
2249 5102 2355 5154 IIII-

728 5226 733 5236 ,
769 5174 859 5242 jus
897 5172 1207 5231 monasterii
1253 5171 1509 5237 originem
1527 5170 1736 5242 referre
1762 5172 1828 5223 ad
1880 5188 2077 5225 annum
2106 5170 2240 5235 (587,
2288 5188 2355 5225 ex

774 5240 876 5296 hac
910 5242 1048 5296 forte
1093 5242 1298 5304 charta,
1322 5255 1480 5307 quam
1516 5240 1632 5295 falsi
1662 5242 1953 5307 arguiuius.
1981 5244 2104 5296 huic
2133 5257 2233 5294 ms.
2278 5242 2358 5294 in-

773 5308 914 5365 serta
937 5330 949 5370 :
981 5322 1034 5366 at
1059 5312 1161 5380 ip~i
1186 5311 1344 5365 Nova:
1366 5312 1549 5364 Galliae
1571 5312 1874 5365 christiana:
1903 5322 2154 5366 auctores
2179 5310 2353 5364 faten-

776 5394 864 5434 t‘nr
888 5383 1257 5449 Andagineuse
1284 5383 1665 5436 monasterium
1681 5398 1790 5436 non
1819 5384 1919 5437 nisi
1942 5392 2136 5438 octavo
2161 5382 2357 5436 saeculo

777 5454 1056 5506 conditum
1084 5452 1263 5505 fuisse.

746 5520 749 5521 ⁷
816 5591 823 5593 ξ
853 5521 878 5557 ⁸)
911 5521 1074 5593 Typis
1103 5521 1378 5575 mandavit
1401 5520 1760 5587 Mabillonius,
1789 5523 1855 5577 de
1882 5523 1963 5577 Re
1990 5522 2125 5593 Dipl.
2153 5537 2204 5592 p.
2227 5520 2354 5583 472,

782 5591 1025 5645 chartam
1053 5592 1193 5646 hanc
1221 5607 1285 5645 ex
1318 5593 1650 5661 autograplto
1680 5593 1758 5662 (iu
1791 5594 2022 5648 Archivo
2043 5591 2193 5660 regni
2218 5607 2358 5646 nunc

786 5671 1080 5731 asservato,
1115 5678 1144 5714 κ
1203 5671 1265 5714 ιιο
1302 5662 1397 5725 ιι),
1445 5670 1499 5716 et
1528 5663 1645 5727 ejus
1691 5667 1963 5731 specimen
1994 5664 2083 5717 aui
2116 5663 2357 5715 inciden-

785 5730 911 5800 dum
941 5733 1169 5793 curavit,
1204 5732 1332 5784 ibid.
1367 5744 1486 5800 pag.
1518 5732 1642 5796 581,
1677 5730 1787 5786 tab.
1817 5733 1909 5799 9.0,
1956 5733 2359 5787 characteribus

794 5798 1179 5870 "(‘I'IHIIIBII‘IS.
1217 5798 1518 5867 Egregium,
1569 5812 1620 5854 ul
1665 5804 1757 5858 ait.
1792 5804 2125 5870 antiquitatis
2163 5817 2355 5855 moun-

792 5881 1045 5926 ntentmn.
1084 5873 1372 5928 Dolendunt
1409 5873 1547 5940 quod
1596 5873 1766 5941 aliqua
1801 5876 1863 5930 sit
1910 5884 2058 5944 parte
2093 5874 2354 5930 lacerum.

2434 3280 2683 3351 Pipinus;
2715 3281 2943 3338 lllustris
2970 3280 3304 3346 Plectrudis;
3349 3281 3526 3351 Drogo
3550 3282 3689 3337 tilius
3714 3301 3730 3347 ;
3761 3282 4030 3339 Grimoal-

2433 3373 2533 3428 dus
2561 3372 2727 3437 ﬁlius;
2763 3373 3029 3428 llubertus
3051 3387 3270 3436 eomes;
3302 3371 3595 3427 Sisibertus
3646 3388 3871 3438 comes;
3922 3372 4028 3430 Go-

2435 3462 2671 3517 dehiilus
2711 3478 2931 3529 comes;
2986 3462 3363 3527 Chndbertus;
3398 3464 3747 3531 Caribahlus;
3799 3464 4028 3523 Cosma-

2438 3572 2558 3615 ru=;
2602 3554 2989 3623 Winetharius,
3009 3557 3098 3626 qui
3129 3556 3577 3627 subscripserunt.

3140 3667 3324 3723 XXVII

2442 3759 2635 3814 Clmrlu
2672 3776 2773 3828 qua
2822 3759 3151 3833 Vandemiris
3196 3769 3246 3812 et
3292 3757 3653 3833 Erramberm,
3708 3776 3857 3833 uror
3889 3765 4023 3833 ejus,

2546 3833 2769 3901 plurima
2800 3830 3028 3887 ecclesiis
3069 3830 3212 3883 dona
3240 3829 3512 3898 conferunt
3536 3830 3561 3868 δ
3586 3840 3737 3899 (tum.
3764 3829 3917 3903 630).

2399 4058 2405 4066 .
2448 4054 2461 4069 .
2506 4056 2524 4069 .
2567 4048 2580 4068 .
2625 4054 2639 4068 .
2685 4055 2698 4066 .
2745 4053 2758 4066 .
2803 4053 2817 4066 .
2862 4052 2876 4068 .
2921 4052 2933 4066 .
2980 4052 2994 4066 .
3039 4051 3057 4067 .
3100 4050 3115 4067 .
3160 4051 3175 4065 .
3222 4010 3476 4067 conferre
3498 4012 3779 4078 debemus,
3808 4015 3952 4069 unde
3978 4016 4029 4069 in

2448 4106 2683 4159 futurum
2708 4104 2919 4160 veniam
2946 4104 3335 4160 misericordia:
3363 4103 3557 4158 animis
3585 4105 3790 4161 nostris
3831 4143 3849 4160 .
3892 4144 3908 4161 .
3953 4148 3966 4160 .
4013 4146 4025 4160 .

2449 4258 2576 4323 Quae
2624 4255 2844 4327 desunt_
2866 4255 3095 4327 punctis,
3125 4255 3479 4327 indicavimus
3526 4255 4031 4327 (recensionemqne

2452 4328 2680 4382 instituit
2710 4326 2774 4381 A.
2805 4325 3039 4395 Teulet).
3072 4326 3419 4382 Recnderuat
3445 4325 3788 4393 Germonius,
3814 4328 3890 4383 De
3918 4325 4028 4384 vet.

2450 4412 2563 4465 reg.
2599 4398 2841 4452 Francic.
2876 4398 3097 4465 diplom.
3149 4407 3187 4452 t.
3222 4396 3261 4462 I,
3300 4410 3417 4466 pag.
3454 4397 3577 4461 510,
3604 4405 3674 4457 ,ει
3704 4396 4028 4462 Bulliardus,

2454 4469 2654 4523 Ilistor.
2685 4469 2810 4538 abb.
2842 4468 2899 4523 8.
2926 4468 3110 4523 Germ.
3142 4484 3172 4522 a
3202 4469 3392 4537 pratis,
3434 4483 3551 4536 pro.
3584 4480 3706 4536 pag.
3753 4466 3789 4517 5
3814 4467 4033 4538 (Marini

2456 4553 2693 4608 quoque,
2722 4536 2898 4608 Papiri
2922 4536 3255 4608 diplomatici
3282 4538 3340 4591 n'
3356 4539 3531 4608 μανι).
3564 4538 3639 4592 De
3661 4536 3831 4605 hujus
3850 4538 4031 4596 since-

2459 4606 2620 4663 ritate
2666 4607 2732 4661 lis
2762 4606 2956 4677 magna
2984 4606 3176 4663 exorta
3206 4617 3308 4662 est.
3340 4606 3594 4662 Chartam
3639 4609 3891 4663 tuebatur
3916 4608 4031 4664 Ma-

2453 4680 2728 4741 billonius,
2763 4681 2855 4746 qui
2903 4682 3073 4747 ipsam
3102 4678 3432 4747 vulgaverat.
3478 4678 3818 4748 Oppugnavit
3858 4690 4033 4748 terge-

2455 4751 2603 4804 mino
2631 4759 2828 4804 conatu
2854 4748 3198 4805 Germouius.
3230 4748 3541 4804 Mabillonio
3565 4749 3918 4804 auxiliatores
3940 4752 4033 4805 ad-

2456 4820 2605 4874 fuere
2650 4820 3007 4888 Fontaninus,
3041 4820 3250 4875 Vindic.
3300 4819 3440 4888 Dipl.
3464 4834 3527 4888 pp.
3564 4817 3687 4884 I95,
3718 4828 3773 4873 et
3802 4819 4034 4875 Ruinar-

2458 4891 2579 4955 tius,
2626 4889 2773 4944 Eccl.
2820 4886 3000 4945 Paris.
3038 4890 3235 4944 vindic.
3278 4886 3400 4944 adv.
3449 4886 3634 4945 Germ.
3684 4888 4027 4953 Germouius,

2455 4976 2593 5015 unus
2622 4968 2811 5042 contra
2833 4975 3041 5042 omnes,
3077 4962 3345 5042 praacipne
3372 4959 3807 5042 liis_arg‘umentis
3829 4961 4029 5042 instru-

2457 5040 2695 5086 mentum
2734 5031 2817 5085 de.
2842 5030 2976 5085 falso
3019 5029 3424 5087 eriminabatur.
3459 5029 3512 5082 I°
3544 5029 3922 5085 Contendebat
3965 5047 4030 5088 ex

2456 5101 2701 5155 ecclesiis
2748 5100 2973 5166 duabus,
3005 5116 3125 5170 qua:
3167 5102 3220 5154 in
3262 5102 3450 5155 charta
3475 5110 3753 5170 vocantur
3794 5102 3853 5157 S.
3900 5102 4032 5156 Ger-

2458 5173 2600 5223 mani
2658 5171 2933 5236 basilica;
2999 5169 3281 5240 priorem,
3333 5172 3417 5225 cui
3468 5169 3803 5225 Vandemiris
3851 5172 4031 5226 villam

2462 5240 2807 5293 r‘raxinetum
2871 5239 3083 5308 donat,
3142 5243 3198 5295 8.
3246 5239 3518 5295 Germano
3573 5240 4030 5298 Autissiodorensi

2455 5310 2605 5377 juxta
2658 5310 3026 5367 Mabilloninm
3070 5313 3332 5374 dicatam,
3388 5311 3722 5380 temporibus
3781 5310 4029 5367 Theodo-

2460 5382 2554 5433 l'Il'I
2586 5380 2649 5433 lll
2681 5382 2917 5436 nondum
2952 5381 3116 5436 fuisse
3138 5380 3444 5445 conditam;
3476 5381 3722 5445 alteram,
3745 5383 3831 5436 cui
3854 5382 4031 5437 Auda-

2460 5452 2675 5505 charius
2704 5452 2872 5506 abbas
2907 5451 3060 5521 juxta
3091 5451 3340 5521 eumdem
3381 5449 3746 5521 Mabillonium
3778 5463 4027 5521 prmerat,

2460 5530 2515 5594 et
2546 5535 2663 5594 qua;
2694 5520 2857 5577 hodie
2883 5517 3150 5594 vocabulo
3176 5521 3234 5575 8.
3277 5520 3531 5594 Germani
3569 5536 3599 5574 a
3631 5517 3805 5594 Pratis
3847 5517 4026 5594 appeh

2462 5590 2621 5654 latur,
2648 5591 2751 5647 hoc
2771 5592 2989 5647 nomine
3016 5592 3202 5646 iisdem
3226 5592 3556 5660 temporibus
3579 5590 3903 5660 appellatam
3922 5590 4027 5648 non

2465 5660 2648 5715 fuisse.
2681 5661 2922 5717 lniinitus
2950 5677 3122 5718 essem
3152 5663 3195 5715 si
3224 5661 3480 5730 quidquid
3510 5661 3561 5715 in
3590 5666 3690 5716 hac
3718 5672 4024 5719 controver-

2463 5732 2538 5783 sia
2567 5731 2762 5784 dictum
2811 5731 2909 5785 fuit
2948 5746 3014 5787 ex
3056 5741 3284 5799 utraque
3320 5739 3471 5801 parte
3518 5732 3603 5785 hic
3650 5746 4027 5801 congererem;

2466 5816 2630 5867 pauca
2660 5816 2723 5853 ex
2758 5803 2939 5855 multis
2981 5803 3250 5856 delihabo.
3286 5804 3343 5855 1ο
3377 5801 3757 5856 Mnnasterium
3805 5806 3862 5858 8.
3897 5802 4027 5855 Ger-

2469 5874 2607 5926 mani
2642 5872 3116 5930 Aulis-imlnt‘ensis
3147 5872 3285 5943 apud
3329 5870 3557 5929 Parisios
3601 5873 3672 5927 ait
3714 5872 4027 5932 {it-intumus
