4206 6546
245 457 376 511 1917

996 454 1425 511 DONATIONES
1466 453 1554 509 AC
1592 447 2052 506 TESTAMENTA
2101 449 2343 515 EPlSG.,
2386 450 2563 516 “38.,
2611 449 2758 505 ETC.

3377 446 3512 503 1918

241 567 532 631 donamus,
566 562 931 632 donatumque
958 564 1011 617 in
1045 573 1308 633 perpetuo
1332 578 1453 618 esse
1482 562 1728 617 volumus
1756 561 1823 615 ad
1852 563 1899 623 Δ
1930 561 1998 615 ad
2026 561 2353 615 Fontanellm
2372 560 2441 615 ad
2469 561 2666 617 domno
2700 561 2881 623 Petro,
2911 562 2995 615 ubi
3019 562 3248 619 domnus
3274 566 3456 623 Vande
3485 578 3509 605 ι

241 658 464 713 basilica
490 657 703 712 domum
734 655 971 711 Stefaute
1004 658 1055 710 in
1089 657 1347 721 Parisios,
1376 655 1462 710 ubi
1492 655 1723 710 domnus
1744 654 1831 708 Si-

241 748 485 818 gofridus
514 746 770 817 pontel‘ex
813 761 1047 814 praeesse
1085 745 1321 809 veditur,
1359 745 1485 799 villa
1533 758 1827 811 cognome-

243 848 411 894 nante
454 878 468 892 .
495 855 527 891 ·.
574 877 587 891 .
632 876 646 889 .
692 875 708 891 .
750 836 1025 891 mliacensi
1048 851 1169 891 cum
1193 849 1355 891 omne
1380 835 1578 889 merito
1598 833 1682 887 vel
1707 847 1832 899 age-

242 928 482 985 ciencias
508 934 565 982 et
591 927 922 982 soledetates
949 941 1093 991 suas,
1126 926 1269 980 sicut
1308 941 1337 978 a
1378 924 1533 978 nobis
1561 932 1830 993 prtesente

245 1029 499 1087 tempore
547 1026 632 1071 est
670 1032 997 1085 possessum.
1048 1018 1235 1072 Simile
1278 1016 1439 1071 modo
1470 1015 1735 1068 donamus
1765 1011 1831 1066 ad

244 1104 584 1160 monasterio
628 1104 841 1159 domnae
884 1146 898 1159 .
945 1144 958 1158 .
1004 1144 1017 1158 .
1061 1105 1191 1174 pred
1233 1144 1246 1159 .
1294 1148 1304 1157 .
1351 1144 1366 1158 .
1416 1113 1504 1157 ata
1561 1103 1829 1157 abbatissa

246 1212 487 1269 praeesse
515 1198 748 1262 veditur,
771 1196 899 1251 villa
930 1206 1359 1265 cognomenante
1389 1192 1829 1263 Ingolinorcurti,

248 1291 303 1343 in
336 1302 477 1357 pago
503 1288 906 1353 Camiliacensi,
938 1300 1058 1343 cum
1088 1302 1251 1341 omne
1282 1286 1592 1354 integritate
1618 1283 1703 1338 vel
1728 1298 1833 1338 me-

247 1378 356 1431 rito
384 1392 504 1441 suo,
529 1377 669 1431 sicut
690 1386 743 1429 et
774 1392 869 1431 nos
914 1416 927 1428 .
974 1414 989 1429 .
1033 1415 1047 1428 .
1089 1376 1354 1430 vadimus.
1378 1374 1515 1429 Pare
1547 1372 1711 1427 modo
1738 1372 1834 1427 do-

250 1482 445 1520 namus
474 1465 540 1520 ad
572 1466 789 1519 basilica
820 1465 1029 1519 domnae
1050 1465 1355 1530 Germanae,
1382 1464 1471 1518 ubi
1500 1464 1580 1516 vir
1599 1476 1830 1517 venera-

247 1558 374 1612 bilis
421 1554 795 1610 Landebertus
822 1555 957 1609 abba
989 1568 1219 1624 prmesse
1258 1554 1494 1620 veditur,
1526 1553 1707 1606 villam
1738 1568 1833 1607 co-

248 1654 613 1715 gnomenante
645 1647 956 1710 Fraxineto,
990 1648 1042 1701 in
1070 1662 1207 1716 pago
1251 1687 1265 1701 .
1312 1686 1325 1698 .
1373 1685 1387 1700 .
1432 1687 1447 1701 .
1494 1686 1534 1711 .,
1571 1646 1655 1699 vel
1678 1644 1834 1713 quid—

251 1740 384 1808 quid
409 1749 675 1808 pnesente
704 1749 948 1808 tempore
970 1740 1155 1805 quieto
1176 1739 1368 1797 ordine
1392 1755 1421 1793 a
1451 1739 1606 1793 nobis
1635 1739 1832 1793 ibidem

250 1839 338 1885 est
367 1846 699 1901 possessum.
751 1832 939 1886 Simile
988 1832 1150 1887 modo
1196 1832 1461 1887 donamus
1504 1832 1570 1885 ad
1612 1831 1831 1885 basilica

1935 652 1987 707 in
2011 667 2242 722 corpore
2265 652 2499 721 requies.
2538 690 2552 704 .
2599 692 2612 707 .
2665 692 2677 706 .
2720 654 3022 721 agecenriis
3045 655 3129 707 vel
3157 655 3507 726 adpendiciis,

1933 750 2108 797 tutum
2138 752 2193 797 et
2230 744 2296 797 ad
2326 744 2616 811 integrum,
2648 745 2788 799 sicut
2817 760 2846 799 a
2887 747 3042 801 nobis
3067 756 3150 801 est
3179 764 3508 817 possessum.

1935 832 2209 887 Donamus
2238 834 2306 888 ad
2330 833 2553 888 basilica
2574 833 2785 890 domnae
2813 834 2978 890 Petri.
3024 876 3039 892 .
3084 878 3097 891 .
3141 876 3155 891 .
3201 839 3288 893 ubi
3324 842 3404 896 vir
3432 858 3513 895 ve-

1935 921 2209 977 nerabilis.
2253 960 2270 977 .
2315 962 2329 976 .
2371 924 2808 991 eognominantis
2856 925 3080 995 lspaldis
3125 929 3177 983 in
3227 944 3366 999 pago
3403 932 3511 985 Vil-

1933 1015 2165 1079 cassino,
2198 1013 2465 1070 Brinnaco
2488 1015 2539 1069 in
2568 1030 2707 1086 pago
2738 1014 3009 1082 Ebrieino,
3038 1019 3264 1075 Ararnio
3295 1022 3346 1075 in
3372 1036 3512 1091 pago

1933 1102 2208 1170 Oxminsi,
2262 1104 2511 1160 Ocieiaco
2570 1107 2621 1159 in
2680 1121 2816 1175 pago
2867 1105 3162 1174 Oxmensi,
3214 1110 3502 1165 Gormilia-

1934 1196 2085 1252 cinse
2124 1229 2145 1251 .
2187 1233 2203 1249 .
2246 1234 2261 1249 .
2305 1234 2320 1251 .
2363 1195 2614 1266 quicquid
2663 1197 2860 1252 ibidem
2910 1213 3010 1252 nos
3060 1210 3330 1269 prtesente
3380 1209 3517 1255 tem-

1936 1301 2069 1357 pore
2090 1285 2368 1356 possedire
2397 1289 2664 1342 vedimur.
2698 1287 2969 1343 Donamus
2995 1289 3047 1343 in
3084 1290 3175 1345 Dei
3207 1292 3425 1346 nomine
3448 1292 3514 1345 ad

1936 1376 2137 1432 domno
2165 1376 2462 1444 Desiderio,
2488 1378 2576 1433 ubi
2605 1379 2685 1431 vir
2704 1380 3027 1434 venerabilis
3053 1381 3355 1437 Adroaldus
3376 1382 3513 1437 abba

1938 1483 2170 1538 prmesse
2215 1468 2445 1530 veditur,
2492 1508 2506 1522 .
2554 1508 2566 1521 .
2612 1510 2624 1522 .
2670 1469 2759 1523 ubi
2809 1472 3134 1525 venerabilis
3184 1474 3265 1526 vir
3306 1473 3518 1528 Carene

1937 1558 2073 1611 abba
2104 1571 2334 1627 prmesse
2374 1557 2590 1611 veditur
2621 1556 2673 1613 in
2716 1572 2854 1628 pago
2897 1552 3171 1625 Ebricino,
3204 1578 3325 1614 cum
3358 1577 3519 1615 omne

1938 1647 2134 1702 merito
2164 1662 2283 1711 suo,
2318 1646 2457 1701 sicut
2486 1662 2514 1699 a
2549 1646 2703 1701 nobis
2729 1656 2995 1715 prmseute
3020 1658 3263 1719 tempore
3290 1660 3371 1705 est
3395 1667 3521 1721 pos-

1938 1749 2168 1789 sessum.
2201 1734 2474 1789 Donamus
2506 1734 2572 1788 ad
2600 1774 2613 1787 .
2644 1774 2658 1788 .
2688 1774 2701 1787 .
2730 1774 2744 1788 .
2770 1735 2897 1788 villa
2929 1739 3346 1803 cognominante
3372 1778 3383 1791 .
3414 1779 3427 1793 .
3458 1780 3469 1792 .
3504 1782 3515 1792 .

1940 1824 1992 1878 in
2024 1838 2159 1894 pago
2190 1823 2453 1887 Lexuino,
2487 1839 2609 1879 cum
2641 1839 2802 1879 omne
2844 1825 3157 1893 integritate
3200 1828 3280 1882 vel
3324 1844 3437 1883 mer
3464 1836 3517 1884 to

252 1924 467 1977 domum
500 1922 780 1986 Vineente,
812 1922 897 1978 vel
927 1922 1105 1979 domni
1138 1923 1415 1988 Germani,
1440 1922 1529 1976 ubi
1554 1923 1635 1975 vir
1664 1937 1828 1977 vene-
1862 1910 1909 1971 Β
1935 1931 2053 1980 suo,
2089 1918 2228 1972 sicut
2249 1932 2279 1971 a
2321 1917 2476 1972 nobis
2504 1924 2769 1987 prasente
2805 1928 3047 1988 tempore
3074 1929 3156 1974 est
3186 1936 3517 1990 possessum.

253 2014 441 2067 rabilis
474 2014 812 2069 Audcharius
841 2015 978 2069 abba
1011 2028 1243 2084 praeesse
1279 2014 1514 2076 veditur,
1548 2014 1704 2067 villas
1735 2029 1833 2067 eo—

252 2101 635 2169 gnomenantis
664 2102 832 2155 Oxina
866 2103 918 2156 in
951 2114 1089 2171 pago
1122 2102 1468 2167 Dorcassino,
1499 2101 1747 2157 Noviolio
1780 2102 1831 2155 in

252 2209 395 2264 pago
419 2194 785 2263 Andegavino,
812 2210 935 2248 cum
960 2210 1120 2249 omne
1147 2194 1462 2265 intigritate,
1484 2202 1538 2247 et
1576 2232 1591 2246 .
1640 2234 1653 2246 .
1699 2233 1715 2248 .
1759 2232 1773 2246 .
1822 2234 1834 2246 .

252 2296 433 2340 tutum
464 2294 519 2341 et
560 2285 626 2339 ad
655 2286 938 2354 integrum,
984 2287 1123 2341 sicut
1152 2300 1181 2339 a
1211 2286 1368 2340 nobis
1398 2293 1667 2355 praesente
1702 2293 1837 2339 tem-

254 2392 391 2448 pore
420 2386 501 2431 est
531 2391 859 2446 possessum.
894 2377 1029 2433 Pare
1058 2379 1217 2431 modo
1242 2378 1505 2434 donamus
1530 2378 1839 2433 Vuabunia-

255 2483 350 2521 cas
397 2468 450 2521 in
497 2481 632 2536 pago
663 2466 987 2534 Beloacinsi,
1019 2468 1084 2521 ad
1125 2469 1345 2524 basilica
1374 2470 1587 2525 dornnte
1627 2509 1641 2523 .
1687 2508 1702 2523 .
1760 2509 1773 2523 .
1820 2508 1832 2521 .

256 2559 495 2614 Noaldus
517 2560 650 2613 abba
676 2574 907 2628 praeesse
928 2560 1157 2625 veditur,
1181 2570 1351 2615 tutum
1374 2570 1429 2616 et
1452 2560 1517 2615 ad
1546 2560 1834 2628 integrum,

257 2666 380 2703 eum
412 2650 715 2717 ageciencis
746 2651 829 2704 vel
867 2650 1200 2720 adpendieiis
1238 2652 1369 2715 suis,
1416 2652 1554 2707 sicut
1603 2667 1633 2707 a
1683 2653 1839 2707 nobis

256 2751 529 2809 praesente
559 2749 805 2811 tempore
846 2752 929 2796 est
958 2758 1287 2811 possessum.
1331 2743 1602 2797 Donamus
1642 2782 1657 2797 .
1702 2782 1715 2795 .
1760 2782 1773 2795 .
1823 2785 1833 2796 .

260 2830 586 2886 senerabilis
608 2830 1003 2886 Vandremarus
1030 2833 1165 2886 abba
1192 2844 1425 2901 praeesse
1448 2832 1684 2899 veditur,
1717 2833 1839 2886 vil'a

259 2931 697 2990 cognomenante
742 2923 1158 2977 Gomario-villa
1217 2925 1267 2977 in
1321 2938 1461 2994 pago
1516 2925 1836 2994 Stampinsi,

260 3030 387 3068 cum
420 3029 579 3069 omne
627 3014 936 3083 integritate
978 3014 1063 3069 vel
1099 3016 1293 3069 merito
1342 3030 1466 3080 suo,
1500 3015 1840 3085 ageciencias

260 3105 349 3160 vel
375 3104 500 3175 adp.
548 3144 561 3157 .
606 3145 619 3159 .
667 3142 683 3157 .
726 3144 765 3167 .,
794 3105 931 3159 sicut
959 3121 989 3159 a
1011 3106 1165 3160 nobis
1189 3117 1456 3175 praesente
1486 3115 1729 3175 tempore
1759 3114 1841 3163 est

262 3212 598 3265 possessum.
632 3196 818 3251 Simile
847 3197 1008 3252 modo
1038 3198 1299 3253 donamus
1341 3197 1407 3252 ad
1457 3198 1660 3253 domno
1688 3198 1840 3252 Chri-

1944 2009 2213 2062 Donamus
2264 2009 2316 2061 in
2366 2008 2459 2062 Dei
2508 2008 2748 2063 nomine.
2790 2048 2805 2063 .
2852 2047 2866 2062 .
2909 2046 2926 2064 .
2968 2007 3239 2065 Prisciaco
3285 2011 3334 2065 in
3382 2028 3521 2081 pago

1939 2099 2322 2160 Camiliacinsi.
2364 2099 2428 2153 ad
2460 2099 2660 2154 domno
2693 2100 2922 2155 Martino
2972 2101 3024 2155 in
3074 2103 3191 2171 ipso
3226 2100 3521 2170 Prisciaco,

1941 2192 2030 2245 ubi
2076 2190 2401 2245 venerabil's
2446 2191 2525 2245 vir
2556 2190 2805 2246 Farullus
2835 2191 2971 2246 abba
3016 2207 3246 2260 prmesse
3289 2192 3519 2257 veditur,

1942 2284 2029 2337 ubi
2076 2284 2382 2351 sepulturas
2424 2290 2637 2337 nostras
2683 2283 2881 2336 ibidem
2940 2281 3188 2336 habimus
3252 2284 3522 2338 reconde-

1944 2382 2047 2429 tas.
2093 2414 2107 2428 .
2153 2411 2167 2426 .
2212 2413 2228 2429 .
2272 2413 2287 2428 .
2329 2374 2549 2436 dedero,
2576 2382 2648 2429 et.
2696 2414 2710 2428 .
2756 2413 2769 2427 .
2815 2413 2829 2428 .
2872 2370 3039 2441 habit,
3092 2375 3324 2430 humana
3364 2375 3525 2444 fragi-

1943 2464 2079 2519 letas
2121 2464 2172 2518 in
2218 2465 2318 2519 ista
2364 2464 2469 2519 hic.
2515 2503 2530 2519 .
2574 2504 2588 2518 .
2628 2464 2772 2533 quod
2804 2464 2945 2521 Deus
2974 2465 3240 2533 advertat,
3273 2466 3340 2521 de
3372 2466 3526 2521 nobis

1945 2572 2051 2610 non
2082 2558 2379 2623 contingat.
2426 2595 2440 2610 .
2485 2595 2501 2611 .
2543 2555 2868 2611 dulcissema
2915 2556 3113 2625 conjux
3158 2572 3276 2611 mea
3307 2555 3526 2611 Ercam—

1944 2649 2095 2703 berta
2142 2656 2319 2702 stante
2363 2648 2463 2701 ista
2495 2647 2675 2701 omnia
2718 2648 2866 2717 quod
2906 2648 3154 2716 superius
3183 2646 3436 2715 diximus,
3467 2662 3528 2701 se

1945 2756 2043 2794 nos
2066 2740 2373 2809 superstitis
2398 2739 2603 2803 aderat,
2630 2747 2685 2793 et
2710 2740 2819 2793 Deo
2841 2739 2883 2792 si
2909 2739 3124 2806 vovirit,
3154 2739 3309 2795 villas
3328 2754 3529 2808 cogno-

1946 2838 2225 2884 menantes
2250 2829 2530 2884 Lubariaci
2562 2829 2612 2882 in
2636 2842 2773 2898 pago
2798 2826 3059 2884 Oxminsi.
3106 2868 3121 2884 .
3166 2870 3179 2883 .
3223 2868 3237 2884 .
3279 2830 3399 2885 sino
3429 2831 3526 2883 vil-

1947 2920 2057 2974 larc
2096 2934 2267 2990 super
2310 2935 2459 2974 mare
2507 2919 2555 2972 in
2590 2933 2729 2989 pago
2774 2919 3039 2985 Lexoino,
3085 2919 3249 2973 Colzo
3297 2921 3349 2974 in
3390 2934 3528 2989 pago

1946 3009 2207 3075 Lexninu,
2234 3009 2604 3064 Cambrimaro
2636 3011 2687 3064 in
2716 3023 2851 3079 pago
2884 3010 3148 3073 Lexuino,
3186 3009 3440 3066 Cmdraco
3474 3012 3525 3064 in

1947 3115 2085 3171 pago
2123 3100 2461 3165 Cilimanico,
2504 3100 2770 3155 Abaciaco
2820 3102 2873 3155 in
2904 3114 3043 3171 pago
3086 3101 3423 3169 Cilimanico,
3472 3111 3532 3156 ut

1942 3193 2054 3259 jam
2077 3192 2210 3261 dixi,
2240 3192 2545 3247 dulcissima
2572 3192 2773 3261 conjux
2798 3206 2917 3246 mea
2946 3192 3289 3249 Ercamberta
3314 3209 3374 3249 se
3398 3194 3528 3249 mihi

262 3261 468 3353 stirilo,
493 3288 792 3343 monistirio
822 3287 1118 3359 puellarum
1149 3290 1202 3343 in
1235 3288 1492 3353 Parisios,
1522 3289 1611 3344 ubi
1639 3288 1842 3343 Lande-
1873 3261 1918 3323 Ο
1948 3286 2268 3355 superstites
2299 3284 2484 3352 fuerit,
2514 3284 2908 3353 suprascriptas
2939 3284 3114 3350 villas,
3148 3292 3255 3338 tam
3280 3284 3348 3340 de
3377 3294 3529 3355 parte

262 3379 437 3433 trudis
480 3377 745 3433 abbatissa
774 3394 1006 3448 praeesse
1050 3380 1282 3434 veditur.
1326 3419 1340 3434 .
1385 3418 1400 3434 .
1446 3418 1461 3433 .
1505 3418 1519 3432 .
1567 3419 1580 3432 .
1626 3420 1640 3433 .
1685 3378 1843 3434 Novi-

259 3471 404 3523 liaco
431 3469 482 3522 in
516 3484 649 3538 pago
677 3468 1063 3525 Camiliacinsi.
1109 3470 1165 3523 In
1198 3472 1289 3525 Dei
1332 3472 1548 3525 nomine
1578 3471 1843 3526 donamus

256 3562 674 3617 Gundullocurti
728 3564 780 3617 in
833 3577 970 3633 pago
1011 3562 1401 3626 Camiliacinsi.
1455 3563 1738 3618 Premiaco
1789 3564 1842 3617 in

256 3668 402 3723 pago
433 3652 817 3721 Aurelianinsi,
850 3653 917 3707 ad
944 3654 1163 3708 basilica
1194 3653 1417 3723 pretiosi
1442 3654 1655 3707 domum
1690 3654 1844 3722 (Dio-

259 3744 387 3798 nisii
418 3744 672 3814 martyris
704 3742 815 3814 ubi)
848 3743 949 3814 ipsi
977 3743 1030 3797 in
1061 3758 1293 3813 corpore
1320 3744 1636 3813 requiescit,
1667 3753 1721 3798 et
1752 3759 1842 3798 ve-

260 3836 524 3889 nerabilis
547 3834 771 3890 Ghaeno
814 3836 950 3889 abba
979 3850 1216 3906 prmesse
1243 3834 1475 3902 veditur,
1516 3852 1639 3890 cum
1685 3849 1847 3889 omne

265 3926 583 3995 integritate
616 3929 697 3981 vel
728 3927 1044 3981 soleditates
1072 3942 1279 3991 eorum,
1310 3927 1449 3981 sicut
1474 3943 1503 3980 a
1536 3929 1689 3981 nobis
1720 3943 1848 3997 pra:-

262 4025 422 4072 sente
454 4026 717 4086 tempore.
764 4057 776 4069 .
824 4056 836 4069 .
874 4018 939 4070 ad
993 4019 1310 4072 monisterio
1357 4017 1725 4082 Aolino-villa,
1758 4019 1849 4072 ubi

264 4108 351 4163 vir
376 4107 699 4161 venerabilis
728 4107 891 4176 Vigur
920 4108 1054 4161 abba
1083 4124 1315 4178 pmesse
1340 4108 1571 4171 veditur,
1604 4109 1729 4163 villa
1758 4124 1849 4162 eo-

261 4199 619 4267 gnominante
663 4198 878 4264 Villare,
931 4198 981 4251 in
1034 4214 1171 4269 pago
1215 4196 1489 4264 Oxm'rnsi,
1531 4213 1651 4252 cum
1688 4212 1851 4253 omne

264 4293 465 4347 merito
503 4300 556 4346 et
596 4291 921 4361 integretate
962 4332 975 4344 .
1023 4330 1037 4345 .
1085 4333 1098 4347 .
1143 4331 1156 4344 .
1198 4291 1465 4346 donamus
1510 4292 1562 4345 in
1612 4291 1725 4344 Dei.
1770 4329 1785 4344 .
1834 4329 1848 4344 .

264 4384 334 4437 ad
363 4382 692 4437 monasterio
723 4380 1062 4447 Portmauro,
1089 4383 1178 4436 ubi
1211 4382 1291 4435 vir
1315 4382 1641 4438 venerabilis
1665 4381 1846 4435 Amal-

270 4473 453 4528 carius
483 4473 618 4527 abba
650 4489 879 4543 praeesse
909 4473 1142 4539 veditur,
1182 4473 1375 4528 locello
1415 4482 1844 4542 cognomenante

1948 3393 2047 3433 sua
2076 3392 2236 3445 quam
2265 3386 2320 3430 et
2365 3374 2431 3430 de
2460 3385 2611 3445 parte
2642 3385 2847 3439 nostra,
2878 3375 2929 3428 in
2958 3389 3055 3429 sua
3093 3375 3255 3429 faciat
3280 3390 3534 3429 revocare

1953 3470 2365 3532 domenacione,
2392 3476 2448 3522 et
2474 3468 2790 3522 moniSterio
2821 3468 2907 3523 ubi
2938 3482 2997 3522 se
3027 3467 3237 3535 eligerit
3267 3467 3298 3521 d
3329 3470 3533 3537 (egere)

1956 3603 1967 3615 .
2013 3600 2028 3615 .
2075 3601 2089 3614 .
2136 3600 2150 3614 .
2194 3600 2210 3615 .
2255 3599 2267 3613 .
2310 3573 2391 3614 re.
2436 3598 2448 3611 .
2495 3597 2509 3613 .
2552 3556 2745 3612 futuris
2777 3559 3121 3628 temporebus
3167 3559 3233 3612 ad
3263 3559 3380 3629 ipso
3419 3573 3536 3613 mo.

1951 3651 2191 3708 nasterio
2223 3651 2509 3721 przedictas
2554 3649 2709 3705 villas
2736 3649 2955 3705 debiant
2998 3649 3262 3719 prolicere
3311 3652 3364 3705 in
3408 3666 3537 3721 aug-

1951 3752 2154 3800 mento.
2189 3743 2273 3809 Et,
2306 3752 2363 3799 ut
2389 3743 2502 3797 haec
2535 3741 2841 3797 delibiratio
2871 3752 3081 3810 nostra,
3107 3758 3266 3811 quem
3299 3759 3396 3814 pro
3418 3746 3536 3799 ani-

1953 3837 2056 3892 mis
2104 3836 2303 3893 nostris
2348 3835 2479 3890 dare
2527 3834 2885 3890 decrevimus.
2931 3874 2946 3889 .
2992 3874 3007 3889 .
3054 3874 3103 3901 .,
3145 3851 3241 3903 per
3294 3847 3536 3906 tempora

1956 3928 2314 3993 conservitur,
2348 3927 2508 3982 sicut.
2553 3963 2568 3981 .
2612 3964 2626 3979 .
2671 3962 2687 3979 .
2730 3925 2771 3979 it
2800 3933 3072 3980 reservata
3097 3924 3163 3978 ad
3188 3924 3388 3979 heridis
3412 3940 3539 3979 nos-

1957 4029 2069 4074 tros
2115 4018 2273 4072 villas
2321 4015 2755 4085 cognominantis
2795 4014 3072 4071 Edoniaco
3110 4024 3165 4069 et
3208 4015 3453 4069 Miscello
3485 4017 3537 4073 in

1961 4123 2099 4178 pago
2128 4108 2450 4172 Cadrocino,
2482 4106 2668 4162 Ocello
2714 4115 2770 4162 et
2798 4106 3053 4163 Buciaco.
3100 4144 3116 4161 .
3160 4147 3173 4161 .
3216 4114 3393 4162 stante
3435 4108 3539 4161 ista

1960 4203 2140 4258 omnia
2168 4201 2311 4271 quod
2337 4203 2581 4271 superius
2605 4202 2878 4257 communi
2901 4188 3277 4257 Convenientia
3308 4201 3536 4271 ﬁcimus,

1960 4295 2196 4349 convinit
2225 4303 2283 4348 ut
2311 4295 2403 4363 qui
2435 4309 2564 4362 pare
2587 4309 2686 4349 suo
2715 4295 3037 4364 superstetis
3065 4294 3276 4358 aderat,
3300 4310 3388 4350 res
3410 4312 3542 4365 pare

1959 4401 2056 4441 suo
2077 4386 2354 4456 possedire
2375 4384 2590 4449 debirit,
2615 4393 2674 4439 ut
2699 4400 2785 4440 ne.
2830 4425 2843 4439 .
2889 4424 2905 4438 .
2945 4386 3238 4443 mercidem
3259 4386 3538 4443 amborum

1960 4482 2028 4534 ad
2061 4480 2177 4534 loca
2208 4490 2516 4535 sanctorum
2538 4478 2790 4549 delegare
2809 4481 3041 4536 debiret.
3067 4480 3219 4537 Unde
3250 4481 3383 4536 duas
3425 4484 3542 4551 epi-

265 4564 556 4631 Alticiaco,
606 4564 656 4618 in
698 4578 837 4633 pago
869 4563 1198 4619 Maceracius
1242 4580 1365 4619 cum
1416 4578 1579 4619 omne
1619 4566 1842 4631 integri—

1958 4571 2126 4627 stolas
2157 4588 2265 4628 uno
2309 4583 2495 4627 tenore
2520 4574 2878 4643 conscriptas,
2911 4574 3051 4628 inter
3081 4589 3179 4629 nos
3209 4574 3321 4629 ﬁeri
3353 4584 3408 4630 et
3452 4578 3541 4629 lir-

265 4664 402 4710 tate.
447 4694 461 4708 .
507 4695 521 4707 .
566 4695 578 4707 .
620 4657 877 4726 quicquid
906 4674 935 4710 a
977 4657 1129 4712 nobis
1161 4666 1428 4727 praesente
1457 4666 1701 4727 tempore
1747 4660 1850 4713 ibi-

266 4747 395 4803 dem
416 4755 498 4801 est
524 4764 853 4817 possessum.
877 4749 1062 4805 Simile
1090 4750 1251 4806 modo
1272 4749 1534 4806 donamus
1560 4751 1852 4808 Badenaco

265 4948 544 5005 conditum
577 4950 739 5006 fuise
773 4968 801 5005 a
836 4952 1073 5006 noberto
1102 4966 1249 5017 rege,
1283 4960 1341 5007 ut
1376 4961 1604 5007 testatur
1636 4954 1853 5019 llelgal-

266 5021 387 5073 dus.
422 5020 527 5091 Sed
559 5026 851 5090 (reponunt
881 5022 1080 5076 charta:
1111 5023 1446 5091 defensores)
1480 5025 1707 5077 ecclesia
1742 5026 1855 5080 haec

262 5090 378 5158 jam
407 5090 645 5145 Abbonis
670 5102 910 5161 tempore
935 5093 1144 5145 videtur
1165 5090 1457 5157 exstitisse,
1486 5095 1600 5161 ipso
1629 5095 1854 5150 Ahhone

266 5169 547 5233 teste,_a_c
596 5163 823 5233 proinde
865 5174 989 5217 ante
1030 5162 1250 5217 lloberti
1298 5166 1438 5229 regis
1491 5174 1763 5233 tempora;
1800 5175 1855 5220 et

268 5228 516 5301 llelgaldi
551 5228 730 5296 verba,
764 5232 829 5287 de
874 5233 1039 5301 ipsius
1084 5228 1477 5288 instauratione
1508 5228 1853 5301 intélligenda

265 5308 415 5371 sunt.
445 5300 739 5355 Fatendum
767 5300 944 5356 tamen
969 5310 1053 5358 est
1080 5303 1181 5357 hoc
1209 5302 1328 5357 loco
1353 5304 1667 5367 llelgaldum
1692 5300 1857 5371 agere

266 5370 341 5442 de
389 5372 639 5442 conditis,
692 5388 797 5442 non
845 5373 913 5427 de
964 5373 1276 5427 instauratis
1307 5375 1551 5442 pluribus
1588 5370 1855 5442 ecclesiis,

266 5440 414 5493 inter
444 5455 576 5509 quas
605 5441 661 5496 S.
698 5441 952 5497 Germani
995 5444 1270 5499 basilicam
1301 5440 1586 5497 memorat.
1617 5444 1679 5496 2°
1710 5440 1856 5499 nasi;

267 5509 433 5583 licam
466 5526 584 5581 qua:
624 5512 783 5567 hodie
813 5529 1005 5567 nomen
1033 5512 1247 5583 prtefert
1278 5513 1333 5566 S.
1367 5512 1621 5567 Germani
1659 5529 1686 5566 a
1723 5513 1855 5567 Pra-

267 5581 364 5652 t_is,
400 5582 512 5649 jam
562 5582 664 5636 hoc
695 5584 910 5636 nomine
940 5581 1044 5638 sub
1067 5582 1407 5638 Theodorieo
1436 5582 1498 5637 lll
1530 5584 1855 5652 appellatam

269 5649 439 5705 fuisse
473 5663 720 5707 asserunt
751 5652 1090 5709 Mabillonius
1118 5662 1173 5708 et
1216 5653 1332 5721 ejus
1363 5649 1615 5719 asseelte,
1636 5670 1703 5708 ex
1736 5656 1859 5711 vitis

269 5722 329 5775 ὃ.
366 5722 628 5777 Bathildis
664 5735 718 5778 et
748 5726 803 5778 ὃ.
835 5723 1011 5793 Eligii.
1045 5723 1393 5794 Respondent
1420 5726 1619 5779 chartae
1650 5725 1857 5779 calum-

268 5794 514 5864 niatores
545 5810 651 5847 non
684 5796 813 5848 satis
852 5802 1103 5850 constare
1133 5810 1198 5848 an
1230 5796 1281 5849 in
1315 5796 1396 5849 his
1422 5796 1635 5864 scriptis
1668 5796 1734 5848 de
1767 5812 1857 5849 ec-

267 5864 433 5917 clesia
459 5863 514 5918 S.
546 5864 798 5919 Germani
822 5864 1095 5923 l‘ratcnsis
1117 5866 1291 5922 autde
1315 5865 1416 5920 alia
1437 5863 1610 5935 aliqua
1636 5866 1690 5922 S.
1720 5865 1853 5921 Ger-

1960 4678 2109 4718 mare
2138 4664 2400 4719 convinit.
2446 4704 2461 4719 .
2504 4702 2519 4715 .
2559 4663 2836 4724 Parisiaci,
2872 4665 2959 4718 ubi
2986 4665 3357 4733 apostholieus
3382 4665 3541 4720 doru-

1960 4770 2058 4810 nos
2086 4764 2137 4811 et
2169 4765 2322 4825 pater
2360 4763 2546 4811 noster
2588 4753 2884 4825 Sigofridus
2918 4771 3150 4827 praeesse
3176 4756 3409 4823 veditur,
3456 4773 3542 4813 re-

1958 4969 2118 5010 mann
2166 4952 2337 5007 dicata
2381 4952 2608 5007 ecclesia
2649 4960 2869 5019 agatur,
2914 4967 3035 5007 cum
3087 4951 3269 5021 plures
3320 4948 3541 5004 Parisiis

1958 5024 2205 5081 eet-lesia:
2243 5024 2342 5078 sub
2378 5024 2476 5076 hac
2503 5023 2868 5090 appellatione
2895 5020 3193 5077 exstarent.
3225 5020 3299 5073 De
3329 5023 3541 5074 ueteris

1957 5097 2200 5154 silentus,
2232 5104 2285 5146 et
2322 5095 2386 5147 ad
2432 5093 2821 5157 Mabillonittm,
2860 5094 2934 5146 De
2966 5108 3021 5143 re
3054 5093 3205 5159 dipl..
3246 5100 3303 5144 et
3351 5090 3538 5158 Suppl.

1958 5179 2074 5235 pag.
2109 5163 2200 5225 2i,
2233 5164 2654 5235 Annalibusque,
2688 5172 2730 5219 t.
2764 5164 2801 5227 Ι,
2834 5177 2955 5232 pag.
2991 5161 3116 5235 594,
3152 5160 3538 5235 Germonium,

1960 5230 2297 5289 Ruinartium
2329 5242 2384 5287 et
2416 5230 2775 5287 Fontaninum
2804 5230 3153 5289 remittimus.
3196 5230 3545 5284 instrumenti

1958 5305 2325 5361 sinceritatem
2352 5303 2687 5371 potissimum
2724 5313 2901 5357 tuetur
2930 5302 3170 5369 ejusdem
3204 5299 3545 5355 instrumenti

1960 5384 2199 5429 vetustas
2228 5375 2561 5441 veneranda,
2583 5387 2701 5441 qure
2725 5382 2967 5442 tempora
2992 5372 3353 5439 Merovingica
3385 5384 3543 5437 pror-

1960 5461 2051 5500 sus
2080 5445 2237 5512 sapit.
2288 5444 2417 5498 Illud
2461 5459 2558 5513 pro
2590 5444 2828 5511 legitimo
2859 5443 3116 5504 habuere,
3157 5451 3353 5511 prmter
3381 5452 3544 5513 δειρςη

1962 5507 2206 5568 laudatos
2250 5507 2501 5569 auctores
2547 5507 2707 5568 Nova:
2753 5514 2893 5568 Gall.
2937 5507 3280 5576 christiana),
3344 5520 3382 5563 t.
3416 5507 3545 5576 VII,

1959 5587 2065 5640 col.
2115 5584 2254 5648 U9;
2308 5584 2508 5639 Dubois
2559 5585 2609 5637 in
2662 5583 2799 5639 Hist.
2848 5584 2991 5639 [ξονι.
3042 5575 3377 5643 Parisiensis,
3414 5586 3453 5630 t.
3504 5575 3544 5639 Ι,

1960 5670 2079 5727 pag.
2114 5653 2220 5727 212
2244 5663 2299 5709 et
2334 5655 2473 5727 ﬁlii;
2505 5654 2812 5727 Felibianus
2844 5656 2896 5709 in
2930 5655 3065 5727 llist.
3095 5654 3219 5707 ahb.
3255 5652 3314 5706 S.
3348 5649 3547 5717 Βίους-

1960 5724 2045 5787 aii,
2080 5726 2234 5794 prob.
2266 5740 2386 5794 pag.
2414 5726 2501 5788 50,
2531 5736 2587 5779 et
2607 5726 2698 5779 alii
2728 5727 2863 5781 bene
2890 5724 3065 5778 multi.

2035 5789 2301 5856 (Marini,
2336 5789 2455 5864 pag.
2508 5795 2627 5858 150,
2658 5798 2844 5850 scribit
2893 5794 3190 5848 Landoinus
3216 5832 3230 5853 ,
3275 5807 3435 5861 quam
3476 5789 3552 5845 le-

1962 5867 2195 5925 ctionem
2222 5866 2331 5935 jam
2360 5866 2701 5922 Maliillonius
2735 5868 2771 5920 l.
2807 5882 2855 5919 e.
2891 5865 3094 5921 erroris
3124 5871 3396 5935 arguerat.
