4206 6532
714 438 850 497 1219

1453 431 1718 493 ΞΑΞΟυΙι.
1749 433 1836 488 Vll
1880 432 1965 489 ET
2009 427 2118 487 VIII
2163 426 2692 486 ECCLESIASTICA
2734 420 3170 481 MONUMENTA

3857 414 3883 473 1
3896 412 3996 471 220

708 554 1005 618 condatur;
1053 560 1108 608 et
1154 551 1257 605 alia
1303 566 1368 605 eo
1408 550 1567 604 modo
1598 549 1931 618 conscripta,
1960 546 2050 617 qui
2081 546 2173 601 de"
2195 560 2294 599 nos
2329 549 2366 603 Λ
2398 542 2669 614 ρτατριαιω
2702 539 2826 595 huic
2859 538 3155 609 progeniei,
3187 551 3305 606 qua:
3334 550 3399 592 ex
3428 536 3618 591 eadem
3648 533 3832 589 radice
3862 548 3989 603 pro-

712 660 842 714 pare
870 660 969 697 suo
995 642 1309 712 supcrstetis
1333 638 1522 694 aderat
1546 640 1696 693 habi.
1741 679 1756 694 .
1802 677 1816 693 .
1862 679 1875 692 .
1922 678 1935 691 .
1968 638 2060 691 dio
2084 636 2296 698 vixerit,

709 745 901 807 quarta
942 745 1095 806 parte
1125 734 1543 787 reservavimus.
1572 732 1630 787 Si
1661 732 1782 801 quis
1814 732 1951 795 viro,
1979 729 2124 799 quod
2158 729 2300 782 futu-

709 844 830 883 rum
860 843 978 881 esse
1008 843 1116 880 non
1163 825 1353 890 credo,
1390 840 1488 880 seo
1516 823 1828 893 nosmetipsi
1873 832 1968 876 aut
2010 820 2202 889 aliquis
2233 820 2300 874 de

708 916 999 973 heredibus
1026 916 1245 969 nostris.
1296 955 1310 968 .
1357 954 1371 969 .
1417 954 1433 969 .
1478 954 1493 970 .
1538 952 1552 968 .
1593 921 1782 968 contra
1816 920 2134 980 praesentem
2162 910 2299 963 deli-

710 1007 1051 1062 berationem
1100 1014 1368 1067 nostram,
1419 1004 1564 1059 Deus
1611 1003 1687 1081 ibi
1725 1002 2000 1057 contrario
2047 1016 2175 1070 quo.
2222 1036 2237 1053 .
2281 1038 2295 1052 .

711 1110 959 1171 tempore
987 1097 1177 1154 venire
1218 1107 1312 1152 aut
1339 1097 1646 1164 infrangere
1676 1096 1926 1161 voluerit,
1963 1096 2015 1149 in
2057 1094 2301 1165 primitus

711 1194 849 1249 iram
885 1192 1009 1247 trini
1039 1190 1342 1261 tnajeztalis
1370 1190 1629 1256 incurrat,
1657 1189 1749 1243 ub.
1794 1228 1809 1242 .
1853 1226 1868 1241 .
1915 1229 1928 1242 .
1973 1227 1987 1240 .
2032 1224 2048 1239 .
2087 1184 2302 1241 domuis

708 1286 913 1341 sanctis
941 1300 1174 1354 quorum
1219 1283 1463 1353 reliquia:
1509 1284 1561 1337 in
1611 1280 1896 1351 szepefatas
1929 1280 2179 1335 basilicas
2220 1278 2303 1333 in—

709 1390 870 1434 serta:
891 1394 1013 1433 csse
1034 1385 1353 1445 noscuntur,
1378 1386 1432 1431 et
1453 1377 1520 1431 ab
1543 1375 1807 1429 omuebus
1825 1374 2071 1429 ecclesiis
2092 1388 2304 1427 excom-

709 1471 887 1524 muuis
943 1469 1194 1538 apaiiat,
1246 1482 1347 1521 nec
1390 1466 1520 1528 hic,
1581 1481 1681 1519 nec
1737 1464 1791 1518 in
1848 1464 2031 1519 futuro
2089 1463 2301 1518 veniam

711 1576 763 1628 p.
814 1599 826 1611 .
874 1599 889 1615 .
936 1599 948 1612 .
993 1598 1010 1613 .
1054 1573 1197 1611 .rere
1220 1572 1326 1610 non
1351 1556 1552 1625 possit;
1586 1570 1692 1608 una
1715 1570 1837 1609 cum
1861 1554 2013 1608 socio
2036 1553 2164 1608 tisco
2186 1553 2302 1606 auri

709 1653 876 1706 libras
923 1661 1084 1706 cento
1132 1659 1183 1702 et
1243 1647 1459 1716 argenti
1511 1646 1693 1716 pondo
1753 1650 1985 1699 ducenta
2035 1653 2304 1712 quoactus

710 1746 984 1809 exsolvat,
1017 1752 1072 1797 et
1098 1742 1189 1811 qui
1233 1742 1434 1812 repetit
1461 1740 1755 1794 nullatinus
1785 1738 1949 1791 valiat
1976 1737 2300 1791 eviudicare.

711 1837 780 1891 Et
828 1838 945 1891 lucc
991 1834 1340 1889 deliberatio.
1388 1873 1403 1887 .
1447 1870 1463 1887 .
1507 1872 1520 1885 .
1564 1839 1774 1894 nostra,
1806 1829 1944 1884 duce
1974 1828 2108 1891 Deo,
2158 1828 2305 1880 omni

2403 643 2659 699 cesserat,
2691 634 2818 688 dare
2840 631 3069 701 insignia
3096 630 3431 685 Francorum
3461 626 3631 696 regni.
3664 625 3776 681 Nec
3797 626 3993 679 imme-

2403 732 2546 783 rito:
2593 742 2784 782 eorum
2826 726 2870 780 si
2914 725 3133 795 quidem
3183 723 3435 777 libertate
3480 719 3581 794 [Μ.
3616 716 3989 787 liberalitate],

2406 822 2498 875 Dei
2530 820 2699 891 gratia
2729 818 3091 889 przcveniente
3120 831 3182 871 ac
3210 816 3597 883 subsequente,
3627 811 3873 867 ecclesia:
3906 812 3992 865 in-

2402 914 2668 982 signiores
2710 912 2873 965 totius
2902 908 3090 964 Gallia:
3136 908 3314 963 adhuc
3364 913 3616 962 constant
3658 904 3824 959 hodie
3872 903 3994 957 fun-

2403 1007 2561 1061 datm.
2613 1004 2844 1069 Etenim,
2894 1003 2937 1057 si
2986 1001 3333 1069 requirantur
3362 998 3626 1054 nobilium
3674 996 3992 1050 fundatores

2404 1096 2796 1157 cmuobiorum,
2842 1094 2909 1148 ab
2953 1094 3057 1148 hoc
3088 1091 3282 1158 insigni
3313 1097 3599 1144 stemmate
3639 1087 3992 1142 inveniuntur

2405 1188 2749 1257 processisse.
2779 1185 2914 1241 llinc
2943 1193 3026 1239 est
3054 1182 3199 1253 quod
3229 1196 3330 1251 ego
3357 1179 3619 1251 Pippiuus
3641 1180 3748 1235 dux
3777 1190 3834 1235 et
3853 1195 3992 1235 uxor

2405 1293 2522 1333 inea
2555 1277 2799 1332 dedimus
2841 1276 2907 1330 ad
2939 1275 3368 1347 oumipotentem
3401 1272 3689 1328 Dominum
3716 1273 3989 1341 quandam

2404 1370 2582 1423 villam
2624 1379 2887 1433 nostram,
2939 1368 3159 1422 nomine
3204 1366 3555 1435 Nugaretum.
3608 1363 3846 1420 Proinde
3895 1379 3993 1433 ego

2405 1462 2601 1516 iterum
2648 1460 2908 1529 Pippinus
2946 1468 3000 1514 et
3043 1475 3183 1512 uxor
3234 1472 3378 1526 mea,
3421 1456 3640 1512 nomine
3672 1455 3989 1519 Plectrudis,

2406 1554 2706 1620 ciigitantes
2730 1552 2797 1604 de
2824 1551 2999 1606 salute
3030 1558 3239 1611 nostra,
3274 1559 3332 1602 ut
3362 1564 3393 1602 a
3426 1549 3655 1603 Domino
3684 1563 3783 1618 pro
3811 1549 3995 1618 parvis

2405 1658 2621 1711 magna,
2652 1652 2707 1696 et
2735 1642 2978 1697 caelestia
3019 1656 3119 1710 pro
3160 1640 3389 1695 terrenis
3416 1640 3660 1708 recipere
3687 1654 3991 1709 possemus,

2405 1736 2744 1799 donavimus,
2803 1750 2898 1803 pro
2947 1732 3192 1787 remedio
3245 1734 3437 1787 anima:
3480 1741 3701 1798 nostrae,
3751 1747 3848 1786 seu
3896 1747 3995 1801 pro

2407 1837 2609 1881 aeterna
2640 1826 2828 1893 requie
2868 1824 3219 1893 acquirenda,
3270 1816 3333 1878 ac
3374 1822 3546 1877 solide
3579 1821 3899 1876 tradidimus
3929 1821 3995 1876 ad

708 1944 931 1998 quoque
961 1936 1206 1994 tempore
1231 1925 1379 1977 lirma
1404 1932 1459 1978 ct
1480 1922 1736 1977 inviolata
1765 1928 2098 1991 permaneat,
2127 1919 2303 1988 stipu-
2337 1920 2380 1978 Β
2414 1918 2689 1974 basilicam
2715 1916 3035 1970 Sanctorum
3060 1914 3469 1984 Apostolorum,
3492 1911 3647 1981 juxta
3667 1913 3852 1966 urbem
3873 1911 3999 1965 Met-

711 2019 918 2073 latione
951 2034 1046 2087 pro
1085 2031 1248 2070 omne
1288 2016 1545 2069 tirmitate
1585 2014 1848 2068 subnexa.
1893 2014 2087 2065 Actum
2122 2010 2303 2065 Cami-

712 2111 873 2175 liaco,
922 2110 1042 2163 vico
1091 2108 1331 2178 publico,
1379 2106 1523 2176 quod
1573 2106 1684 2160 ticit
1728 2104 1939 2160 mincis.
1985 2143 1999 2158 .
2044 2143 2060 2157 .
2105 2141 2120 2157 .
2161 2118 2303 2157 anno

711 2219 822 2256 xvii
874 2201 1024 2267 regni
1070 2199 1255 2254 domni
1304 2200 1471 2253 nostri
1522 2197 1863 2251 Theuderice
1918 2194 2300 2263 gloriosissimi

711 2298 861 2365 rigis.
910 2293 1023 2361 Ego
1069 2294 1120 2347 iu
1157 2293 1249 2346 Dei
1283 2292 1501 2346 nomine
1534 2291 1872 2345 Vandemiris
1904 2290 2041 2343 hanc
2072 2286 2302 2355 epistola

713 2406 742 2442 a
788 2405 873 2441 me
910 2388 1047 2439 facta
1082 2385 1232 2453 religi
1276 2394 1379 2439 ettl
1407 2384 1725 2453 subscripsi.
1771 2384 2107 2440 Ercamscrta
2150 2388 2296 2441 subs.

714 2482 974 2534 tihrauuo
1005 2495 1031 2533 s
1055 2479 1182 2532 .bse.
1212 2478 1433 2545 Signum
1466 2476 1503 2545 ’ί-
1532 2477 1630 2530 viri
1661 2476 1845 2530 inlust.
1877 2478 2122 2532 Acerelio
2145 2477 2192 2531 h.
2217 2478 2303 2531 Si-

712 2585 875 2638 gnum
907 2568 947 2639 ?
985 2568 1218 2622 Bosone.
1275 2567 1546 2621 Aurouius
1576 2576 1797 2634 rogetus
1826 2581 1854 2619 a
1886 2583 2047 2636 supra
2088 2568 2303 2637 scriptis

716 2661 861 2715 hanc
886 2658 1170 2728 epistolam
1217 2656 1526 2725 subscripsi.
1562 2655 1784 2724 Signum
1813 2658 1853 2726 ’ἰ-
1882 2655 2181 2711 Dosittone.
2219 2657 2303 2711 Si-

716 2764 883 2813 gnum
912 2748 951 2818 οῖθ
979 2746 1336 2801 Chlodoaldo.
1378 2745 1601 2812 Signum
1633 2746 1671 2818 -ι-
1704 2745 1977 2815 lngobert.
2016 2746 2239 2814 Signum
2264 2748 2303 2818 οξ·

714 2841 1013 2896 tiamardo.
1040 2839 1263 2908 Signum
1284 2838 1322 2910 ἡ·
1345 2835 1615 2893 Gandull‘o
1644 2877 1659 2893 .
1696 2877 1712 2893 .
1741 2877 1757 2894 .
1786 2877 1800 2893 .
1830 2839 2010 2894 subsc.
2035 2840 2112 2894 Ch
2144 2880 2158 2894 .
2192 2880 2208 2896 .
2241 2882 2257 2896 .
2293 2880 2307 2896 .

718 2935 880 2989 subsc
903 2943 926 2971 ε

1400 3059 1637 3116 XXVIII.

715 3178 911 3252 Charta
956 3195 1056 3250 qua
1106 3177 1323 3252 Pipiuus
1373 3183 1423 3252 et
1463 3191 1597 3252 rigor
1633 3176 1745 3244 ejus
1797 3173 2090 3252 Plectrudis
2136 3177 2310 3229 vi'lam
2336 3218 2384 3252 ρ,

793 3250 845 3304 Ν
851 3246 1120 3321 ugarelum
1147 3248 1358 3321 tradunt
1386 3246 1617 3321 basilica:
1642 3246 1992 3315 apostolomm
2012 3256 2309 3301 sanctorum
2336 3246 2386 3280 ἐ⁴

780 3316 938 3392 juxta
959 3318 1164 3373 uictusd
1198 3320 1344 3387 (ann.
1380 3316 1528 3386 (iiii).

794 3472 1055 3541 Pippinus
1084 3467 1186 3541 [Μ.
1232 3468 1474 3538 Pipinus,
1521 3468 1608 3523 hic
1641 3476 1697 3523 et
1726 3468 1884 3540 infra]
1928 3468 2059 3535 dux,
2091 3471 2313 3526 Anchisi

725 3563 870 3629 regis
923 3561 954 3612 li
980 3561 1081 3624 ius,
1134 3560 1308 3614 sancti
1355 3558 1640 3628 Clodulphi
1678 3559 1859 3615 fratris
1890 3561 2074 3616 inclita
2111 3562 2312 3632 proles,

721 3652 823 3708 sub
857 3649 1305 3719 majoris-domus
1336 3649 1555 3703 nomine
1598 3649 1931 3705 Francorum
1962 3651 2313 3707 administra-

722 3744 819 3799 bat
847 3742 1209 3813 principatum
1243 3740 1501 3808 regalem.
1529 3739 1771 3795 Scientia
1798 3742 2001 3812 quippe
2020 3751 2183 3812 atque
2205 3744 2314 3799 for-

726 3832 956 3890 titudine
986 3846 1174 3901 regum
1215 3831 1603 3900 degenerante,
1635 3831 1917 3902 dispositio
1942 3831 2044 3888 fuit
2068 3833 2313 3889 altissimi

849 3967 980 4022 Vice
1006 3966 1480 4038 vocissubscripsi,
1510 3966 1617 4038 hoc
1645 3965 1791 4030 loco,
1824 3969 2040 4036 species
2067 3969 2318 4038 quaedam

724 4037 1533 4108 monogrammatis,linearum
1562 4036 1812 4091 ductibus
1843 4036 2107 4106 plurimis,
2149 4042 2319 4108 iisque

725 4108 1163 4164 iutricatissimis.
1195 4106 1373 4162 emota
1420 4116 1505 4161 est
1546 4108 1600 4161 in
1644 4110 1939 4176 specimine
1985 4110 2078 4163 teri
2126 4106 2314 4165 inciso.

725 4178 843 4233 Alia
867 4178 1171 4246 huiusmodi
1194 4185 1656 4245 monogrammata
1680 4177 1839 4230 al‘tixa
1863 4187 1988 4232 sunt
2011 4181 2320 4235 nominibus

726 4248 964 4303 Ghranni
993 4256 1047 4301 et
1076 4247 1275 4318 Aurelii
1298 4262 1394 4318 seu
1426 4245 1681 4307 Acerelii,
1704 4263 1824 4317 qure
1848 4248 2067 4318 quidem
2098 4252 2319 4305 nomina

728 4334 893 4372 manu
924 4319 1139 4388 propria
1168 4316 1620 4373 subscriheutium
1648 4316 1899 4371 videntur
1928 4329 2149 4374 exarata
2174 4338 2187 4385 ;
2222 4337 2321 4376 no-

730 4388 863 4463 tarii.
901 4404 1061 4469 manu
1101 4388 1228 4457 alia,
1276 4388 1471 4457 quibus
1499 4402 1693 4443 cruces
1735 4389 1967 4458 przelixa:
2007 4400 2154 4455 sunt,
2186 4406 2320 4460 quas

729 4473 1112 4526 expressmtns.

807 4528 833 4567 δ
865 4528 921 4600 In
961 4528 1062 4581 hac
1108 4527 1506 4600 subscriptione
1552 4526 1894 4600 ltlabillonius
1940 4530 2122 4598 legere
2164 4530 2320 4600 jubet

730 4599 963 4662 Aurelio,
995 4600 1094 4651 etsi
1128 4598 1331 4652 nomen
1355 4598 1604 4668 videatur
1630 4599 1886 4668 scriptum
1916 4598 2170 4657 Λεανειίοέ

809 4681 831 4708 ο
866 4669 1037 4721 Aliam
1069 4669 1335 4733 chartam,
1366 4684 1485 4736 qua:
1513 4667 1704 4723 cadent
1735 4669 1953 4724 nomina
1986 4671 2321 4725 Vandemiris

735 4746 792 4793 et
830 4738 1211 4801 Ercambertm,
1252 4739 1369 4803 ejus
1399 4739 1661 4806 conjugis,
1699 4738 1934 4806 przel‘ert,
1977 4740 2207 4795 referam
2242 4743 2322 4795 itt-

738 4810 840 4883 fra‘,
872 4808 938 4883 ad
969 4823 1097 4861 ann.
1125 4807 1252 4874 729,
1283 4822 1403 4876 qum
1432 4809 1578 4862 claro
1608 4810 1723 4863 viro
1748 4810 1816 4863 de
1839 4809 2143 4883 Brequigny
2170 4814 2322 4866 inco-

738 4878 1103 4948 gnital‘uerat.

812 4948 836 4984 ἀ
862 4947 1012 5021 Hanc
1037 4947 1319 5021 ediderunt
1340 4947 1665 5012 Meurissius,
1700 4948 1847 5021 llist.
1868 4953 2034 5021 episc.
2069 4951 2319 5019 Metens.,

741 5034 862 5089 pag.
897 5018 1119 5090 ltl9,_ex
1151 5019 1367 5090 archigi
1397 5021 1704 5074 monasterii
1736 5021 1789 5072 5.
1822 5018 2087 5090 Arnulplti
2121 5022 2322 5077 Meten-

740 5087 850 5154 sis';
882 5104 950 5142 ex
997 5087 1280 5160 Meurissio
1308 5087 1570 5160 Coiutius,
1605 5090 1796 5143 Annal.
1835 5100 1873 5144 t.
1916 5087 2011 5155 ινξ
2038 5105 2160 5160 pag.
2194 5092 2324 5159 26:2,

740 5160 944 5212 omisso
966 5158 1278 5226 praeloquio,
1309 5159 1452 5226 quod
1479 5159 1577 5227 ipsi
1608 5160 1869 5215 insertum
1899 5158 2102 5215 temere
2116 5158 2200 5216 iab
2230 5158 2326 5217 ex;

741 5229 1092 5295 scriptoribus
1118 5229 1285 5281 videri
1311 5231 1523 5297 potuit;
1556 5231 1845 5297 integram,
1872 5246 1940 5285 ex
1963 5232 2179 5299 eodem,
2202 5232 2328 5286 Col-

742 5299 975 5370 lectores
1005 5300 1203 5370 script.
1224 5314 1402 5351 rerum
1437 5299 1834 5366 I’rancicarum,
1859 5308 1897 5353 t.
1923 5299 2011 5365 IV,
2041 5315 2160 5370 pag.
2188 5303 2324 5368 646;

743 5366 1077 5423 Vallailierus
1107 5369 1298 5434 gallici:
1332 5384 1560 5430 versam,
1609 5370 1742 5423 llist.
1779 5372 2014 5425 basilica:
2041 5366 2328 5427 SfArnul-

742 5438 881 5513 phi._
900 5454 1044 5513 pa:._
1073 5437 1190 5513 t8’b.
1244 5438 1350 5491 Nos
1395 5440 1696 5513 recndimus
1725 5456 1793 5494 ex
1825 5443 2139 5513 appgrapho
2186 5444 2328 5513 quod

747 5511 809 5562 Ι).
840 5507 1148 5562 Taboui’lot
1170 5524 1199 5562 e
1226 5511 1641 5576 congregatione
1667 5512 1839 5564 sani-ti
1866 5507 2067 5577 Vitoni,
2096 5514 2147 5566 iu
2171 5507 2331 5568 char-

747 5579 1055 5646 tophylacio
1102 5589 1286 5632 nostri
1330 5582 1612 5648 deposuit,
1665 5582 1997 5648 exscriptam
2043 5598 2110 5636 ex
2160 5586 2329 5639 veteri

749 5648 1077 5702 rliartulario
1128 5652 1436 5703 monasterii
1483 5652 1655 5706 sancti
1698 5652 1983 5718 Arnulplti.
2022 5653 2205 5708 Varias
2251 5656 2328 5709 le-

750 5720 958 5772 ctiones
982 5735 1048 5772 ex
1080 5718 1359 5773 Meurissio
1384 5721 1522 5775 inter
1551 5737 1714 5775 uncos
1736 5723 2074 5776 exhibemus.
2102 5723 2330 5779 Basilica

747 5803 865 5855 qm:
886 5788 978 5860 hic
1005 5790 1099 5842 SS.
1129 5789 1508 5858 Apostolorum
1539 5793 1755 5845 nomine
1787 5793 2114 5860 designatur,
2142 5794 2198 5847 S.
2229 5796 2330 5847 Ar-

747 5859 933 5928 ltulplii
978 5874 1170 5914 nomen
1206 5860 1324 5914 dein
1350 5862 1395 5916 le
1440 5862 1695 5926 obtinuit,
1728 5862 1871 5929 quod
1919 5859 2146 5929 retinet,
2196 5866 2328 5921 Nov.

2349 4588 2399 4646 D

2411 2012 2480 2064 tis
2512 2016 2904 2071 constructam,
2939 2006 3028 2061 ubi
3056 2006 3307 2061 dominus
3347 2016 3402 2059 et
3431 2020 3562 2059 avus
3589 2012 3775 2057 noster
3802 2002 3997 2056 Arnul-

2410 2104 2550 2173 phus
2582 2102 2633 2155 in
2662 2115 2895 2169 corpore
2923 2098 3238 2168 requiescit,
3268 2098 3475 2165 villam,
3511 2096 3866 2166 proprietatis
3898 2111 4002 2149 no~

2408 2195 2575 2256 mine,
2613 2191 2900 2251 vocabulo,
2949 2198 3006 2242 ut
3054 2205 3215 2257 supra
3261 2189 3462 2241 dictutn
3495 2197 3597 2251 est,
3645 2188 3997 2255 Nugaretum,

2408 2286 2568 2339 sitam
2600 2284 2651 2336 in
2679 2297 2817 2352 pago
2846 2281 3157 2343 Wabriuse,
3203 2295 3450 2335 mansum
3483 2279 3735 2334 videlicet
3767 2279 4003 2333 indomi—

2411 2376 2672 2439 nicatum,
2703 2388 2823 2426 cum
2856 2372 3103 2441 omnibus
3124 2371 3449 2440 ,adjaceutiis
3480 2371 3545 2424 ad
3585 2387 3644 2425 se
3676 2371 4000 2440 pertinenti-

2411 2469 2529 2528 bus,
2569 2478 2673 2520 tatn
2712 2468 2763 2519 in
2790 2465 3030 2520 :mliliciis
3062 2481 3223 2534 quam
3254 2466 3305 2518 in
3338 2465 3563 2534 campis.
3593 2465 3785 2535 pratis,
3824 2464 3997 2530 silvis,

2410 2559 2568 2613 cultis
2597 2567 2653 2611 et
2686 2558 2921 2623 incultis,
2953 2557 3236 2626 mancipiis
3261 2557 3539 2624 utriusque
3562 2571 3722 2610 sexus
3753 2556 3821 2609 ibi
3849 2572 3997 2611 com-

2411 2650 2771 2712 morantibus,
2800 2649 2880 2702 vel
2905 2648 3162 2717 quicquid
3186 2649 3238 2701 in
3262 2656 3562 2702 memorata
3589 2648 3713 2700 villa
3739 2648 4004 2704 hactenus

2411 2744 2558 2796 visus
2587 2760 2707 2797 sum
2742 2744 3068 2811 possedisse,
3102 2750 3272 2795 totum
3323 2749 3379 2795 et
3418 2741 3485 2795 ad
3527 2740 3833 2810 integrum:
3869 2751 3928 2795 ut
3969 2757 4001 2795 a

2414 2833 2502 2887 die
2533 2834 2783 2902 pricseuti
2830 2842 2884 2886 et
2933 2832 3214 2902 deinceps,
3257 2831 3507 2885 universa
3539 2831 3607 2884 ad
3658 2833 3840 2886 locum
3874 2848 4002 2886 san-

2416 2936 2560 2980 ctum
2601 2926 3129 2994 supranominatnm,
3169 2923 3269 2978 sub
3297 2930 3568 2993 potestate
3594 2938 3877 2978 servorum
3910 2924 4005 2977 Dei

2418 3018 2510 3087 qui
2539 3018 2734 3071 ibidem
2767 3018 2850 3070 vel
2879 3026 3027 3082 sunt,
3058 3015 3145 3070 vel
3177 3015 3339 3070 futuri
3369 3024 3515 3080 sunt,
3551 3014 3638 3069 ubi
3671 3016 3736 3069 ad
3767 3031 4006 3085 praesens

2417 3111 2630 3163 videtur
2661 3124 2896 3179 prmesse
2935 3108 3263 3162 venerabilis
3286 3107 3368 3160 vir
3398 3106 3664 3161 Romulus
3689 3108 3877 3170 abbas,
3911 3108 4006 3161 de-

2421 3204 2657 3265 vcuiant,
2705 3210 2760 3254 et
2787 3202 2855 3255 de
2898 3212 3086 3256 nostro
3111 3199 3233 3269 jure
3278 3201 3331 3255 in
3379 3215 3569 3254 eorum
3617 3201 4006 3270 perpetualitcr

2416 3302 2694 3367 transeant
2722 3293 3129 3358 hacrcditatem;
3163 3307 3271 3361 quo
3309 3292 3562 3347 videlicet
3593 3292 3801 3347 eisdem
3833 3294 4006 3347 servis

2419 3386 2538 3449 Dei,
2586 3402 2684 3455 pro
2714 3385 2871 3439 nobis
2911 3399 3008 3440 seu
3040 3384 3298 3454 progenie
3329 3394 3511 3439 nostra
3552 3384 3877 3453 propensius
3920 3384 4004 3438 in-

2418 3478 2836 3537 tercedentibus.
2866 3477 2932 3530 ad
2961 3476 3240 3545 prmseutis
3268 3476 3389 3531 vita:
3430 3475 3698 3530 tramitem
3745 3474 4001 3540 fmlicius,

2418 3568 2682 3637 dirigente
2734 3568 2983 3634 Domino,
3037 3581 3398 3637 percurrere,
3453 3575 3508 3621 et
3554 3576 3771 3621 zt'tcrntc
3818 3567 4005 3634 gloria:

2420 3660 2760 3731 postmodum
2808 3661 3098 3730 participes
3143 3660 3418 3713 valeamus
3460 3658 3713 3712 existere.
3758 3657 3917 3724 Quod
3964 3658 4007 3714 si

2419 3752 2694 3821 quidpiam
2728 3751 2827 3822 [Il].
2874 3750 3166 3821 quispiam]
3196 3750 3265 3806 de
3308 3750 3614 3806 haeredibus
3654 3751 3878 3814 nostris,
3912 3766 4008 3806 seu

2420 3844 2675 3914 qurelibet
2703 3843 2807 3897 alia
2840 3858 3073 3913 persona
3104 3842 3186 3896 vel
3218 3851 3481 3913 potestas,
3514 3850 3704 3896 contra
3736 3841 3877 3896 hanc
3906 3843 4005 3897 do-

2420 3975 2557 4031 Gall.
2589 3973 2868 4029 christian.
2914 3982 2954 4027 t.
2987 3972 3123 4036 Xlll,
3153 3973 3258 4027 col.
3290 3971 3417 4038 893,
3463 3981 3569 4028 etc.
3602 3971 3679 4027 De
3710 3987 3857 4028 anno
3900 3989 4006 4042 quo

2421 4047 2615 4101 emissa
2645 4054 2729 4099 est
2769 4044 2955 4097 charta
2996 4060 3102 4097 non
3144 4058 3332 4096 omnes
3361 4042 3693 4097 eooeordant
3740 4061 3754 4096 :
3803 4058 4001 4098 annum

2423 4117 2565 4169 enim
2585 4115 2964 4168 duodecimum
2987 4114 3141 4184 regni
3158 4112 3482 4184 Theoderici
3507 4110 3574 4167 ιιι
3596 4113 3687 4167 alii
3720 4113 3789 4166 ab
3810 4114 4005 4184 adepto

2422 4186 2954 4251 Neustrasianorum,
2981 4185 3069 4237 alii
3099 4183 3167 4237 ab
3196 4183 3392 4250 adepto
3420 4184 3894 4237 Austrasianorum
3921 4183 4005 4238 re-

2422 4271 2529 4324 gno
2561 4256 2910 4324 repetendum
2932 4256 3284 4308 arbitrantur.
3308 4253 3386 4317 Si,
3405 4268 3524 4307 eum
3547 4251 3855 4319 Meurissio,
3881 4255 4007 4308 anui

2424 4335 2804 4395 computentur
2833 4324 2911 4395 ab,
2930 4325 3126 4393 adepto
3157 4324 3416 4395 Neustriiz
3443 4337 3632 4395 regno,
3660 4340 3835 4378 annus
3859 4326 4007 4392 regni

2426 4392 2746 4451 Theoderici
2774 4392 3129 4449 duodecimus
3159 4409 3344 4448 mense
3375 4392 3669 4448 Februario
3705 4395 3773 4448 ad
3804 4410 4003 4449 annum

2426 4467 2624 4521 Christi
2648 4464 2755 4518 685
2776 4466 2962 4519 referri
2992 4464 3173 4518 debet.
3198 4465 3255 4518 Si
3279 4465 3347 4518 ab
3370 4465 3566 4533 adepto
3597 4477 3763 4531 regno
3787 4466 4008 4519 Austra-

2425 4539 2538 4598 siae,
2579 4545 2639 4590 ut
2666 4536 2883 4590 Cointio
2910 4535 3121 4604 placet,
3161 4534 3229 4589 ad
3259 4550 3460 4588 annum
3478 4532 3689 4588 Christi
3721 4534 3822 4588 (ιω
3872 4536 4010 4590 refe-

2423 4608 2589 4661 renda
2618 4614 2703 4661 est
2729 4606 2916 4659 charta
2955 4620 3116 4672 quam
3143 4604 3519 4673 expendimus.
3550 4604 3685 4658 Nam
3714 4604 4004 4661 Theodori.

2424 4693 2520 4732 cus
2546 4676 2613 4730 ΙΙΙ
2643 4676 2783 4744 apud
2814 4675 3195 4730 Austrasiauos
3225 4690 3452 4744 regnare
3477 4675 3678 4744 incepit
3704 4684 3828 4743 post
3857 4692 4003 4731 mora

2424 4756 2532 4800 tem
2582 4747 2868 4815 Dagoberti
2909 4745 2969 4804 Il.
2999 4747 3115 4813 qui,
3142 4746 3297 4812 juxta
3339 4745 3579 4815 melioris
3608 4755 3749 4799 notae
3774 4747 4007 4801 chrono-

2424 4814 2681 4886 graphos,
2727 4816 2862 4886 obiit
2908 4832 3051 4869 anno
3079 4816 3299 4868 Christi.
3334 4814 3458 4878 679,
3492 4830 3678 4869 mense
3728 4816 4005 4871 Decembri

2424 4885 2537 4941 fere
2566 4888 2771 4955 elapso.
2805 4885 2937 4938 Huic
2960 4886 3241 4939 sententiie
3267 4886 3623 4954 adstipulatur
3648 4886 4005 4951 Mabillonius,

2427 4959 2566 5011 Amt.
2605 4969 2642 5009 t.
2672 4956 2716 5023 ι,
2748 4970 2868 5025 pag.
2903 4956 3033 5016 597;
3060 4964 3115 5010 et
3143 4956 3219 5009 sic
3252 4957 3395 5008 illam
3422 4968 3653 5009 tuemur.
3689 4956 3934 5026 Pipinus,
3961 4960 4007 5011 iu

2426 5029 2613 5082 charta
2660 5028 2727 5080 de
2772 5041 2876 5092 qua
2918 5027 3115 5093 agitur,
3150 5027 3363 5079 titulum
3410 5034 3635 5079 assuuut
3664 5028 4011 5094 majoris-do-

2427 5114 2567 5151 mus.
2596 5097 2766 5150 Porro
2791 5096 3009 5165 Pipiuus
3038 5095 3405 5162 majordomus
3427 5112 3535 5151 non
3564 5096 3662 5165 fuit
3681 5099 4008 5151 constitutus

2428 5169 2529 5221 nisi
2559 5182 2703 5220 anno
2744 5165 2871 5225 687,
2918 5164 3184 5228 Coiutius,
3220 5166 3416 5237 Annal.
3462 5175 3523 5237 ιἒ
3554 5164 3646 5231 ιν,
3698 5181 3821 5237 pag.
3877 5168 4011 5227 t88;

2429 5237 2698 5304 Longuer.
2747 5237 2944 5289 Annal.
3008 5237 3180 5289 t’rauc.
3234 5243 3275 5289 t.
3326 5235 3433 5303 ΙΙΙ,
3485 5236 3622 5290 Coll.
3670 5235 3860 5304 script.
3907 5254 4007 5291 ri-r.

2431 5309 2648 5371 Franc.,
2684 5321 2803 5374 pag.
2837 5305 2973 5370 695;
2998 5321 3128 5373 ergo
3158 5308 3259 5360 sub
3292 5307 3394 5360 hoc
3424 5306 3579 5360 titulo
3605 5307 3846 5360 chartam
3880 5308 4011 5360 hanc

2430 5380 2669 5431 nomium
2700 5379 2958 5447 emiserat
3006 5391 3151 5429 anno
3182 5375 3306 5429 685.
3341 5375 3571 5445 Objiciet
3601 5377 3798 5447 aliquis
3845 5376 4009 5447 l’ipini

2432 5463 2655 5502 uxorem
2707 5445 3049 5501 Plectrudem
3101 5448 3301 5500 charta:
3352 5445 3708 5501 conticieudte
3746 5445 4008 5509 admisse;

2431 5520 2573 5585 quod
2606 5518 2720 5587 lieri
2753 5534 2861 5571 non
2888 5518 3062 5587 potuit
3100 5532 3241 5570 anno
3270 5517 3391 5581 (ifll,
3422 5534 3564 5578 cunt,
3587 5518 3696 5585 jant
3725 5520 3835 5576 diu.
3862 5534 4009 5587 repu-

2429 5589 2575 5640 diata
2608 5586 2914 5651 Plectrude,
2959 5585 3181 5653 Pipiuus
3224 5588 3502 5656 Alpaiilem
3536 5585 4009 5656 SlllterilldttXlaSt‘l.

2431 5658 2537 5711 Sed
2563 5658 2673 5725 jam
2707 5661 2806 5711 hoc
2831 5671 2974 5710 anno
3005 5657 3277 5711 Plectrudi
3311 5656 3488 5710 luerat
3519 5660 3897 5712 reconciliatus
3926 5658 4008 5711 Pi-

2431 5730 2611 5797 pinus,
2661 5728 2879 5782 dimissa
2935 5727 3182 5794 Alpaide,
3229 5737 3286 5779 ut
3334 5730 3567 5781 adstruit
3613 5729 3881 5790 Cointius,
3930 5729 4009 5781 ubi

2431 5814 2620 5862 supra,
2668 5799 2754 5851 cui
2799 5798 3138 5851 Mabillonins
3178 5799 3519 5865 sullragatur.
3574 5798 3666 5851 llis
3716 5802 4009 5853 rationibus

2436 5867 2675 5937 adducti,
2708 5884 2903 5923 annum
2937 5868 3033 5921 691
3073 5869 3195 5924 huic
3233 5871 3434 5923 charta:
3466 5871 3811 5939 pstelixiums.
