4206 6534
159 432 294 487 1221

913 425 1362 486 υοΝΑτιυΝΕδ
1405 424 1492 483 AC
1533 419 2001 482 TESTAMENTA
2049 422 2290 508 EPISC.,
2336 419 2512 492 ΑΒΕ..
2559 423 2714 486 ΕΤΟ.

3325 420 3463 481 1223

157 551 512 603 niinattonem
543 557 560 580 ··
607 552 845 599 nostram
888 543 1096 608 venire,
1142 552 1250 596 aut
1278 541 1619 610 aliquatenus
1671 537 1837 600 ἱιι-,Λ
1866 540 2069 598 currat,
2105 543 2159 589 et
2204 521 2425 605 instiper
2473 533 2669 590 inferat
2710 541 2898 591 contra
2933 535 3103 604 ipsam
3147 536 3460 601 ecclesiam,

158 641 397 707 frit-gere
429 637 797 706 temptaverit,
825 636 1089 706 imprimis
1118 635 1254 689 iram
1287 632 1442 705 [iram
1475 630 1630 686 deest
1660 645 1754 701 ap.

156 729 358 800 Mein-.1
386 739 441 784 et
468 730 732 784 ultionem
769 729 859 783 Dei
891 737 944 783 et
968 735 1280 782 sanctorum
1318 725 1435 793 ejus
1478 724 1720 778 incurrat
1745 764 1757 784 ,

155 839 210 879 ct
235 823 383 893 quod
409 824 610 892 repetit
639 838 743 876 non
769 823 951 875 valeat
973 821 1302 876 evindicare.
1337 818 1529 872 Actum
1557 817 1608 870 in
1634 816 1758 869 villa

157 918 366 972 Nielsio
400 915 500 989 [Μ.
532 913 783 984 l-lielsio],
819 915 1052 984 publice,
1091 913 1189 966 sub
1219 911 1307 965 die
1341 927 1368 962 tt
1401 907 1516 962 Kal.
1560 907 1760 970 Martii,

157 1025 308 1063 anno
341 1009 670 1063 duodecimo
720 1007 868 1076 regni
911 1005 1116 1059 domini
1165 1003 1333 1057 nostri
1365 999 1491 1074 [hoc
1535 1000 1758 1054 verbum

157 1103 315 1156 deest
344 1117 433 1172 ap.
465 1101 666 1172 Meur.}
701 1099 1026 1155 Theodorii-i
1059 1097 1221 1165 regis.

867 1251 1060 1308 XXIX.

161 1368 360 1423 Charta
392 1385 492 1432 qua
525 1367 730 1438 Drogo,
764 1367 868 1419 tlttt:
899 1365 1219 1438 Burgundio;
1239 1363 1638 1438 etﬁqnitanitc,
1670 1363 1761 1438 tio-

235 1449 327 1492 mtt
356 1441 586 1492 ecclesim
615 1433 784 1491 senui
815 1433 1068 1507 Arnuip'lti
1098 1435 1344 1507 quidquid
1373 1435 1525 1487 habet
1553 1435 1607 1487 in
1640 1433 1762 1488 villa

235 1513 301 1563 de
331 1509 572 1563 Mariolis
601 1508 624 1546 h
655 1510 804 1577 (ann.
839 1506 990 1577 691).

238 1643 353 1710 Ego
379 1643 580 1712 Drogo,
612 1643 715 1697 dux
745 1643 1194 1712 Burgundiorum,
1224 1642 1364 1696 filius
1393 1639 1564 1711 Pipini
1587 1640 1762 1707 ducis,

163 1737 276 1792 dux
303 1735 452 1808 [haec
481 1751 587 1789 vox
631 1736 780 1789 deest
813 1750 901 1805 ap.
937 1731 1144 1803 Meum]
1196 1731 1517 1802 Aquitanite.
1568 1733 1764 1786 Notum

167 1825 309 1882 facio
355 1829 521 1896 quod,
574 1841 761 1880 amore
808 1826 950 1880 beati
1003 1824 1261 1889 Amuli-hi
1296 1824 1568 1888 Mctrnsis,
1612 1823 1768 1892 quid-

1869 639 1974 679 una
2010 640 2130 679 eum
2169 625 2319 682 socio
2350 624 2481 687 fisci,
2512 625 2800 691 sustirere,
2851 626 2967 680 auri
3013 625 3206 680 libram
3256 643 3416 681 unam
3449 648 3462 691 ;

1869 719 2076 786 argenti
2103 718 2329 774 duarum
2359 718 2527 774 multa
2559 717 2660 789 ιιι.
2694 721 2905 790 pondus
2934 720 3064 793 duo]
3094 723 3380 788 sustineat,
3410 733 3464 776 ct

1867 813 2010 881 quod
2057 813 2255 881 repetit
2309 828 2414 867 non
2463 811 2644 866 valeat
2687 814 3047 879 evcndicarc;
3089 814 3182 869 sed
3226 831 3463 885 pnesens

1869 903 2091 959 donatio
2121 905 2220 960 ista
2266 906 2411 960 omni
2454 917 2698 976 tempore
2740 907 2888 962 firma
2919 919 2973 963 et
3012 912 3218 966 stabilis
3247 928 3463 981 perma-

1869 1007 1992 1048 neat
2022 996 2368 1066 stipulatione
2402 999 2647 1052 subnixa.
2683 998 2876 1053 Actum
2909 1000 3063 1055 Metis
3087 1046 3099 1067 ,
3134 1003 3184 1056 in
3219 1004 3462 1073 ιιυωίυμ,

1867 1088 1966 1142 sub
1985 1088 2073 1144 die
2102 1098 2158 1143 et
2188 1098 2430 1160 tempore
2457 1106 2563 1161 quo
2590 1107 2752 1161 supra
2789 1103 2834 1146 τ.

2579 1241 2746 1299 XXX.

1867 1353 2060 1427 Charta
2099 1369 2196 1419 qua
2237 1351 2553 1427 (fodefridtts
2593 1355 2658 1406 du
2675 1372 2716 1415 r,
2757 1357 2983 1427 βαρεῖαι
3022 1359 3156 1409 benti
3203 1359 3463 1427 ArutzIp/ii

1939 1424 2098 1561 ggtityt
2139 1425 2384 1495 quidquid
2421 1425 2570 1479 habet
2599 1429 2652 1479 in
2688 1428 2808 1480 villa
2841 1425 3216 1497 Flurignciaco
3250 1429 3272 1466 ά
3311 1424 3461 1498 (uim.

1944 1628 2055 1695 Ego
2082 1625 2426 1693 Godcfridus,
2460 1628 2590 1696 dux,
2619 1630 2760 1685 filius
2789 1631 3074 1700 Drogonis,
3109 1647 3295 1690 notum
3326 1638 3466 1692 fat-io

1869 1717 2038 1788 quod,
2071 1734 2257 1774 amore
2299 1721 2440 1775 leati
2473 1722 2736 1791 Arnulplti
2768 1724 3050 1792 Mclensis,
3082 1730 3335 1799 quiequid
3371 1731 3466 1786 ha-

1870 1811 1959 1864 bui
2015 1811 2066 1864 in
2113 1811 2236 1864 villa
2289 1811 2357 1866 de
2401 1812 2782 1883 Flavigne‘aco
2837 1825 3006 1872 totum
3049 1820 3172 1874 dedi
3221 1823 3466 1879 ecclesia!

167 1918 298 1986 quid
329 1917 493 1972 habui
527 1918 578 1971 in
619 1916 744 1971 villa
774 1916 842 1971 de
884 1916 1136 1970 Mariolas
1169 1924 1339 1969 totum
1369 1914 1490 1969 dedi
1521 1913 1766 1969 ecclesiae
1802 1917 1846 1976 Β
1874 1904 2052 1957 Saucti
2085 1903 2370 1973 Arnulphi.
2401 1905 2453 1960 in
2485 1907 2726 1975 pascuis.
2758 1909 2937 1974 silvis,
2967 1913 3128 1977 ariis.
3164 1920 3384 1983 "musis,
3414 1929 3472 1973 et

167 2010 225 2063 S.
263 2009 546 2080 Arnulphi,
581 2009 632 2063 in
665 2009 899 2080 pascuis,
923 2009 1091 2072 silvis,
1121 2009 1282 2075 arvis,
1310 2009 1530 2074 mansis,
1561 2016 1616 2061 et
1643 2021 1763 2060 eum

167 2102 430 2170 aedificiis,
478 2118 602 2158 cum
652 2103 824 2156 vineis
867 2109 922 2156 et
973 2102 1129 2156 terris
1172 2110 1227 2156 et
1270 2100 1523 2164 cultibus,
1564 2108 1618 2154 ct
1644 2113 1765 2153 cum

168 2195 459 2266 mancipiis
489 2194 738 2248 omnibus
767 2192 1046 2262 utriusque
1075 2207 1258 2258 sexus,
1290 2207 1411 2246 eum
1435 2192 1596 2261 agris,
1620 2207 1768 2247 cant-

169 2288 253 2358 pis
281 2287 445 2342 cultis
490 2286 576 2341 vel
620 2285 865 2352 incultis,
897 2285 1088 2354 pratis,
1120 2284 1352 2354 pascuis,
1386 2284 1555 2348 silvis,
1588 2284 1764 2355 aquis,

169 2392 434 2446 aquarum
481 2377 816 2444 decursibus,
867 2375 1213 2444 molendinis,
1256 2385 1312 2430 et
1363 2376 1620 2446 quidquid
1651 2375 1760 2447 [Μ.

165 2470 432 2540 quidquid
485 2469 580 2540 ibi]
626 2470 890 2525 nominari
938 2478 1155 2540 potest;
1196 2477 1252 2525 et
1302 2469 1353 2523 in
1405 2471 1467 2524 iis
1519 2469 1770 2524 omnibus

166 2562 432 2631 quidquid
464 2562 591 2616 mihi
639 2561 691 2616 in
741 2562 854 2632 ipsa
885 2562 1008 2615 villa
1040 2562 1247 2630 legibus
1287 2561 1528 2627 obvenit,
1563 2571 1670 2616 tam
1702 2560 1770 2615 de

168 2664 404 2727 paterno
450 2669 610 2724 quam
662 2656 730 2709 de
778 2663 1045 2719 materno,
1078 2670 1173 2709 seu
1219 2654 1286 2709 de
1316 2664 1649 2724 comparato,
1684 2653 1769 2708 vel

169 2747 239 2801 de
269 2747 655 2815 qualicumque
688 2745 936 2800 adtractu
967 2746 1209 2800 noscitur
1233 2745 1300 2799 ad
1329 2761 1416 2798 me
1443 2746 1765 2815 pervenisse,

170 2846 230 2892 et
257 2852 361 2906 ego
393 2837 537 2891 visus
567 2852 682 2890 sunt
714 2836 914 2891 habere
944 2836 1027 2890 vel
1057 2837 1261 2891 donare
1282 2878 1295 2900 ,
1331 2844 1500 2889 tottnn
1532 2835 1598 2890 ad
1627 2837 1766 2891 inte-

168 2943 354 2997 grum,
386 2929 452 2982 ad
497 2929 667 2999 ipsam
709 2927 819 2997 jam
851 2935 1257 2982 sacrosanctam
1289 2927 1569 2982 ecclesiam
1596 2927 1768 2983 sancti

171 3019 443 3087 Arnulplti
493 3018 576 3072 vel
622 3026 936 3073 sanctorum
987 3017 1359 3086 apostolorum
1406 3015 1668 3072 Johannis
1716 3026 1772 3072 et

170 3110 387 3175 Jacobi,
419 3125 515 3164 seu
540 3109 606 3162 ad
638 3121 821 3179 partes
843 3107 1056 3163 illorum
1087 3109 1308 3161 fratrum
1335 3107 1425 3177 qui
1460 3108 1653 3162 ibidem
1677 3107 1772 3162 de-

1875 2012 1996 2051 cum
2019 1996 2281 2061 mdilicis,
2307 2014 2429 2053 cum
2455 2000 2624 2055 vineis
2645 2011 2697 2057 et
2723 2003 2880 2058 terris
2906 2013 2960 2058 et
2983 2005 3237 2072 cultibus,
3263 2017 3319 2063 et
3345 2026 3467 2064 cum

1876 2090 2156 2157 mancipiis
2185 2091 2432 2146 omnibus
2460 2093 2738 2165 utriusque
2764 2111 2947 2161 sexus,
2982 2114 3104 2154 cum
3137 2102 3296 2169 agris,
3322 2119 3472 2157 eam-

1876 2183 1957 2254 pis
1986 2184 2143 2239 cultis
2185 2195 2238 2239 et
2289 2186 2523 2253 incultis,
2574 2191 2761 2259 pratis,
2812 2194 3045 2260 pascuis,
3079 2195 3248 2258 silvis,
3294 2199 3470 2267 aquis,

1875 2290 2135 2344 aquarum
2165 2275 2502 2344 decursibus,
2535 2280 2877 2350 molendinis,
2907 2292 2961 2340 ct
2986 2286 3240 2357 quicquid
3273 2289 3341 2343 ibi
3368 2306 3470 2343 no—

1876 2366 2068 2420 minari
2113 2377 2306 2435 potest.
2339 2367 2406 2422 Et
2454 2370 2504 2424 in
2534 2370 2635 2426 hiis
2674 2373 2926 2429 omnibus
2972 2377 3224 2446 quicquid
3258 2381 3385 2434 mihi
3418 2382 3470 2436 in

1876 2457 1991 2526 ipsa
2035 2457 2156 2511 villa
2191 2459 2396 2526 legibus
2425 2459 2674 2526 obvenit,
2711 2472 2817 2517 tant
2846 2464 2913 2519 de
2953 2476 3180 2534 paterno
3210 2485 3370 2535 quam
3403 2471 3471 2527 de

1876 2557 2144 2615 materno,
2169 2565 2264 2604 seu
2295 2549 2363 2604 de
2388 2563 2726 2622 comparato,
2754 2555 2835 2608 vel
2867 2554 2934 2610 de
2966 2557 3347 2629 qualicumque
3372 2565 3468 2616 ad-

1877 2647 2050 2692 tractu
2082 2639 2322 2695 noscitur
2361 2641 2426 2694 ad
2472 2657 2558 2696 me
2587 2645 2918 2713 pervenisse,
2961 2657 3014 2703 ct
3042 2662 3142 2717 ego
3176 2652 3320 2707 visus
3351 2669 3470 2708 sunt

1877 2729 2079 2786 habere
2108 2731 2189 2787 vel
2218 2732 2442 2798 donare,
2477 2743 2646 2789 totum
2677 2736 2742 2790 ad
2777 2738 3039 2808 integrum
3069 2742 3136 2796 ad
3164 2743 3328 2812 ipsam
3357 2747 3468 2814 jam

1877 2831 2282 2878 sacrosanctam
2313 2824 2598 2881 ecclesiam
2629 2829 2802 2883 sancti
2825 2829 3110 2901 Arnulplti,
3145 2835 3224 2888 vel
3257 2847 3474 2895 sancto-

1875 2931 1994 2970 rum
2023 2917 2387 2986 apostolorum
2425 2916 2688 2975 Johannis
2725 2930 2777 2976 et
2815 2919 3021 2989 Jacobi,
3057 2940 3153 2980 seu
3196 2930 3260 2981 ad
3291 2939 3474 3000 partes

1876 3008 2090 3064 illorum
2122 3009 2342 3064 fratrum
2373 3012 2462 3080 qui
2508 3012 2704 3068 ibidem
2750 3013 3082 3082 deserviunt,
3117 3018 3281 3084 dono,
3317 3023 3472 3078 trado

1877 3108 2041 3168 atque
2085 3099 2419 3168 transfundo,
2467 3101 2520 3157 in
2565 3102 2655 3159 Dei
2708 3107 2943 3173 nomine,
2987 3109 3053 3163 ad
3086 3115 3475 3181 perpetualiter

171 3203 440 3266 serviunt,
464 3201 629 3265 dono,
655 3199 807 3255 trado
830 3211 992 3270 atque
1016 3198 1330 3254 transfundo
1358 3201 1408 3254 in
1438 3200 1526 3254 Dei
1553 3201 1771 3254 nomine
1802 3225 1844 3285 ρ
1878 3190 2296 3261 Ρθεείόθηάυιης
2332 3194 2413 3248 νει
2440 3193 2691 3264 quicquid
2724 3197 2922 3252 exinde
2949 3215 3070 3267 pars
3098 3201 3264 3269 J,tSiilS
3295 3205 3474 3260 eccle.

175 3292 572 3365 perpetualiter
616 3291 684 3346 ad
715 3292 1126 3362 possidendum,
1161 3292 1243 3345 vel
1272 3291 1532 3361 quidquid
1578 3292 1772 3348 exinde

173 3405 305 3461 pars
351 3388 518 3459 ipsius
563 3386 805 3444 ecclesite
854 3386 1077 3455 elegerit
1126 3385 1368 3441 facienda
1411 3385 1505 3459 [Μ
1565 3386 1772 3442 facien-

176 3479 354 3552 dum],
389 3480 560 3534 libero
604 3479 654 3532 in
683 3479 933 3534 omnibus
963 3478 1269 3548 perfruatur
1295 3477 1518 3532 arbitrio
1569 3476 1623 3532 Si
1655 3479 1775 3548 quis

176 3588 334 3638 vero,
364 3571 509 3641 quod
540 3572 649 3626 fieri
685 3586 791 3626 non
822 3569 1016 3636 credo,
1049 3569 1092 3623 si
1123 3583 1224 3637 ego
1269 3569 1382 3637 ip-c
1424 3577 1514 3622 aut
1545 3567 1645 3641 illi.
1683 3578 1775 3624 aut

178 3662 346 3733 ullus]
377 3662 447 3718 de
475 3662 760 3717 heredibus
787 3662 940 3726 meis,
963 3676 1056 3716 seu
1082 3661 1337 3729 qu:elibet
1367 3673 1619 3714 extranea
1653 3675 1774 3728 per-

177 3769 316 3809 sona
339 3753 430 3824 qui
454 3761 642 3808 contra
671 3754 807 3807 hanc
828 3752 1176 3806 donationem
1199 3767 1227 3804 a
1253 3767 1340 3805 me
1369 3751 1561 3805 factarn
1588 3752 1774 3807 venire

177 3846 481 3912 conaverit,
508 3855 600 3899 aut
627 3846 923 3916 irrumpere
951 3846 1123 3900 voluei
1142 3845 1200 3908 it,
1235 3845 1494 3915 imprimis
1519 3845 1652 3898 iram
1681 3845 1769 3900 Dei

177 3949 236 3994 et
282 3947 591 3994 sanctorum
640 3939 1007 4006 apostolorum
1057 3937 1141 3992 vel
1191 3939 1366 3993 sancti
1399 3939 1657 4008 Aroulphi
1691 3939 1771 3994 in—

254 4126 280 4154 ι
330 4116 660 4184 Legendum,
710 4117 921 4185 opinor,
973 4115 1334 4179 donationem;
1384 4117 1654 4184 siquidem
1706 4117 1772 4170 de

175 4202 330 4243 mera
363 4186 684 4240 liberalitate
712 4190 904 4253 agitur.
953 4187 1148 4240 Fateor
1173 4202 1358 4241 vocem
1404 4188 1688 4241 dominatio
1721 4189 1770 4242 in

175 4258 505 4326 quibusdam
539 4257 906 4311 instrumentis
948 4257 1088 4310 idem
1125 4272 1320 4310 sonare
1348 4272 1412 4311 ac
1441 4260 1768 4324 praprietus;

176 4329 294 4382 vid.
329 4328 614 4396 t'angium,
648 4329 700 4381 ll.
743 4344 792 4380 v.
827 4327 1103 4388 Attamen,
1135 4329 1178 4382 si
1209 4342 1275 4381 eo
1307 4343 1466 4382 sensu
1489 4328 1576 4382 hic
1609 4345 1768 4382 usur-

177 4414 378 4470 pamus
405 4412 592 4470 vocem
608 4398 1053 4470 dominationem,
1077 4400 1287 4470 charta.
1312 4399 1363 4452 ni
1394 4398 1573 4463 fallor,
1604 4399 1660 4452 fit
1691 4401 1774 4454 in.

177 4465 409 4523 tellectu
437 4465 690 4524 difﬁcilis.
726 4466 942 4536 Papinus
973 4469 1114 4521 enim
1140 4477 1196 4521 et
1226 4466 1529 4523 Plectrudis
1557 4469 1770 4524 clausu-

177 4541 292 4610 latn
322 4539 588 4610 poenalem
627 4538 829 4610 addunt
860 4539 1097 4610 ipsorum
1123 4537 1422 4602 donationi,
1453 4554 1572 4608 quc
1604 4556 1763 4610 pmna

177 4607 254 4664 ad
287 4608 643 4663 roborandam
665 4607 996 4664 donationem
1026 4610 1389 4665 constituitur.

259 4679 283 4716 δ
315 4681 461 4733 llanc
487 4681 719 4750 vulgavit
743 4677 1070 4742 Meurissius,
1101 4693 1222 4749 pag.
1250 4679 1368 4745 ΗΟ,
1403 4681 1455 4733 in
1485 4680 1620 4736 Vitis
1651 4682 1768 4750 cpi-

179 4764 479 4819 scoporum
522 4748 875 4819 Metensium;
904 4748 1332 4815 gallice’versain
1375 4751 1542 4805 edidit
1593 4748 1768 4805 Vatia-

186 4818 396 4883 dierus,
423 4820 475 4874 in
515 4818 744 4874 Historia
795 4820 1027 4875 basilicae
1072 4821 1127 4876 S.
1174 4821 1455 4887 Arnulphi,
1488 4837 1606 4891 pag.
1642 4823 1766 4876 185.

187 4892 519 4947 lieendimus
547 4906 611 4945 ex
643 4891 968 4944 chartulario
1011 4892 1174 4946 veteri
1223 4891 1379 4954 hujus
1420 4894 1660 4947 ecclesia:
1704 4895 1768 4946 ad

185 4961 352 5017 ﬁdem
387 4963 702 5030 transumpti
733 4961 875 5029 quod
921 4962 969 5013 in
1001 4962 1437 5030 cliartoohylacio
1474 4973 1657 5017 nostro
1687 4979 1772 5018 re-

227 5033 370 5087 osuit
392 5034 621 5086 domnus
641 5031 967 5101 Tabouiilot,
989 5047 1019 5086 e
1041 5034 1458 5101 congregatione
1486 5036 1538 5089 S.
1567 5034 1766 5088 Vitoni.

235 5103 479 5156 cctiones
535 5103 711 5156 varias
765 5100 1026 5156 Meurissii
1084 5100 1222 5156 inter
1270 5119 1439 5173 uncos
1481 5105 1773 5173 adscripsi-

181 5187 329 5227 nius.
386 5173 578 5240 Spuria
610 5173 793 5225 charta
852 5190 862 5224 :
898 5187 1073 5242 neque
1099 5173 1240 5227 enim
1288 5171 1465 5237 Drogo
1507 5171 1770 5229 filius‘l’i-

178 5244 332 5313 pini,
360 5243 465 5296 d.ix
496 5244 727 5307 Aquitan
748 5257 793 5294 :c
819 5243 918 5296 dici
951 5243 1164 5310 debuit,
1191 5244 1282 5298 sed
1315 5246 1491 5312 potius
1521 5246 1658 5300 filius
1689 5245 1774 5300 Pi-

182 5315 295 5384 pini
329 5314 628 5382 Aquitania:
658 5315 826 5375 ducis,
852 5313 1004 5381 juxta
1037 5313 1296 5368 Meurissii
1328 5316 1630 5370 lectionem.
1665 5318 1774 5370 Hac

185 5387 407 5455 quidem
432 5400 587 5438 ctnen
609 5385 808 5455 'atioeie
828 5387 1026 5438 charta:
1047 5385 1322 5438 sinceritas
1343 5386 1551 5440 defendi
1577 5396 1771 5455 potest.

185 5454 389 5507 Vel-uni
426 5457 599 5522 llrogo
630 5454 946 5522 Burguttdim
977 5457 1080 5508 dm
1117 5455 1184 5507 ibi
1221 5457 1452 5521 dicitur,
1484 5454 1625 5525 quod
1659 5461 1777 5511 nul-

184 5528 293 5580 lam
327 5535 729 5596 excusatbnctn
779 5526 1044 5586 admttit;
1078 5525 1392 5592 Burgttndia-
1441 5529 1774 5596 neutiquam,

185 5596 281 5650 scd
313 5593 622 5666 Campaniic
657 5596 831 5663 llrogo
859 5601 963 5649 dux
1008 5597 1123 5651 fuit.
1158 5597 1270 5649 Alia
1304 5596 1417 5650 falsi
1465 5593 1652 5651 iudicia
1684 5593 1777 5651 ad;

186 5669 338 5719 (itlt‘ll
367 5667 612 5720 Coiutias
633 5708 647 5731 ,
680 5667 868 5720 Annal.
906 5677 944 5720 t.
983 5666 1041 5720 IV
1062 5706 1078 5728 .
1109 5681 1227 5736 pag.
1257 5667 1392 5732 ‘298,
1425 5667 1559 5728 433i,
1592 5667 1695 5720 459
1725 5679 1778 5722 et

183 5753 306 5806 seq.
337 5748 393 5792 ct
425 5739 494 5790 itii
535 5747 648 5789 ant.
679 5737 767 5789 cit.
802 5739 929 5792 dum
972 5737 1094 5792 huic
1137 5739 1460 5793 simillimam
1492 5737 1774 5794 Godefredi

186 5813 431 5862 liltnt‘lalll
465 5808 736 5875 exlicneit.

263 5891 284 5917 ε
313 5880 518 5936 Desunt
545 5878 660 5932 dies
686 5887 736 5931 ct
765 5895 934 5933 annos
961 5881 1010 5934 in
1041 5879 1288 5950 exemplo
1316 5881 1458 5950 quod
1482 5880 1770 5950 sequimur.

1796 4590 1845 4650 D
1871 4613 1927 4659 et
1953 4605 2186 4676 tiointio,
2219 4605 2412 4676 Annal.
2448 4613 2486 4658 t.
2517 4590 2630 4676 "tv,
2677 4590 2978 4676 pansa;

1880 3284 1971 3338 sia:
2002 3285 2226 3354 elegerit
2256 3285 2516 3354 facienda,
2551 3287 2722 3344 l.bero
2745 3291 2969 3345 arbitrio
2997 3294 3046 3347 in
3070 3296 3320 3352 omnibus
3350 3314 3474 3368 pero

1881 3379 2147 3432 fruantur.
2180 3375 2237 3432 Si
2269 3379 2389 3447 quis
2415 3393 2575 3445 vero,
2609 3379 2754 3450 quod
2789 3380 2902 3438 fieri
2933 3400 3039 3439 non
3070 3387 3263 3454 credo,
3297 3391 3342 3446 si
3372 3406 3474 3463 ego

1880 3471 1994 3538 ipse
2022 3477 2113 3523 aut
2144 3470 2281 3525 ullus
2310 3470 2376 3525 de
2407 3472 2693 3528 heredibus
2739 3477 2905 3541 meis,
2951 3492 3048 3533 seu
3080 3482 3336 3549 qumlibet
3377 3499 3474 3540 ex-

1880 3572 2064 3618 tranea
2110 3579 2339 3636 persona
2385 3565 2477 3633 qui
2514 3575 2702 3620 contra
2743 3567 2882 3624 hanc
2925 3569 3276 3629 donationem
3324 3591 3354 3630 a
3385 3593 3471 3634 me

1878 3654 2073 3712 factam
2105 3659 2289 3712 venire
2316 3659 2614 3726 conavi'rit,
2644 3669 2738 3713 aut
2769 3662 3065 3733 irrumpere
3095 3668 3344 3736 voluerit,
3373 3673 3474 3727 im-

1879 3749 2066 3819 primis
2095 3752 2226 3803 iram
2264 3748 2355 3805 Dei
2380 3761 2433 3805 et
2457 3760 2768 3808 sanctorum
2796 3757 3166 3824 apostolorum
3192 3763 3274 3816 vel
3300 3767 3471 3821 sancti

1878 3841 2142 3910 Arnulpbi
2173 3843 2430 3906 incurrat,
2466 3853 2520 3899 et
2548 3845 2768 3913 insuper
2815 3848 3010 3905 inferat
3060 3865 3249 3910 contra
3298 3858 3468 3927 ipsam

1876 3932 2178 4000 ecclesiam,
2214 3948 2317 3988 una
2344 3949 2465 3988 cum
2495 3935 2643 3991 socio
2675 3933 2806 4004 fisci,
2834 3939 3100 3998 sustinere
3129 3947 3245 4001 auri
3275 3947 3468 4007 libram

1949 4106 2775 4192 llossuppeditaLbiettrissms;
2807 4113 3014 4192 s_cil:cet
3046 4133 3074 4170 χ
3107 4117 3228 4176 Kal.
3262 4123 3466 4192 Martii,

1875 4197 2017 4235 anno
2062 4181 2130 4235 η
2165 4179 2312 4239 regni
2362 4179 2683 4236 Theoderici
2734 4186 2906 4250 regis;
2940 4188 3018 4241 sic
3069 4191 3211 4245 enim
3261 4179 3465 4251 habet;

1873 4251 1966 4305 sub
2012 4253 2344 4331 (fiemdecittttt
2383 4251 2532 4331 _Ii‘al._
2565 4251 2778 4318 Martii,
2813 4271 2950 4331 anno
2985 4258 3051 4310 12
3079 4264 3227 4331 regni
3272 4265 3471 4323 domini

1875 4325 2038 4407 nostri
2088 4321 2393 4407 T!te.0d0J’itti
2425 4322 2559 4392 regis
2591 4337 2607 4374 .'
2641 4339 2798 4407 quem
2826 4327 2888 4407 _si
2916 4321 3287 4407 ctittt_CJititio
3317 4321 3475 4407 repei-

1876 4402 2069 4472 tantus.
2091 4393 2404 4472 abincepto
2443 4407 2608 4472 regno
2640 4393 2780 4464 apud
2813 4400 3232 4472 Austrasianos,
3265 4393 3468 4464 annum

1873 4464 2069 4517 Christi
2101 4463 2415 4516 habebimus
2444 4463 2570 4518 (591.

1945 4531 2149 4617 {Edita
2175 4547 2205 4586 a
2230 4533 2691 4617 bleuriss_io,_.\fitm
2717 4536 3161 4617 episczbfetens,
3188 4559 3309 4615 pag.
3347 4548 3474 4617 110,

2563 4613 2630 4684 χι,
2677 4621 2798 4684 pag.
2832 4613 2938 4684 459
2963 4629 2978 4676 ;
3004 4613 3214 4684 gallice
3258 4613 3408 4672 versa
3443 4613 3475 4676 εἰ

1877 4673 2408 4755 Σθιιεᾲῥετοηηὶεῐ.
2462 4673 2694 4730 basilica:
2741 4679 2801 4735 S.
2847 4673 3133 4755 Arnitlphi,
3175 4700 3298 4755 pag.
3347 4673 3471 4745 197.

1874 4746 2202 4801 Recudinms
2223 4745 2376 4815 juxta
2408 4755 2799 4815 transumptunt
2830 4765 2896 4804 ex
2935 4745 3272 4811 clta‘rtula’rid
3295 4761 3475 4816 eccle-

1874 4819 1967 4872 sia:
1997 4818 2054 4871 S.
2090 4817 2370 4894 ArtiuLphi,
2408 4818 2678 4894 invectum
2820 4820 3326 4894 cltartOphyltcium
3373 4848 3473 4888 tto-

1873 4899 2100 4943 struma
2153 4887 2212 4940 Ι).
2247 4887 2553 4941 Tabouillot
2583 4903 2612 4941 a
2654 4888 2811 4945 nobis
2857 4907 2964 4947 non
3010 4887 3178 4951 semel
3226 4887 3469 4957 laudato.

1873 4959 2065 5038 Iisdem
2093 4958 2319 5038 omnino
2349 4958 2523 5011 verbis
2553 4959 2852 5038 concipitur
2889 4963 3077 5038 charta
3105 4965 3241 5033 hcce,
3275 4971 3475 5038 quibus

1873 5030 2056 5084 charta
2091 5029 2351 5095 Drogonis
2381 5032 2770 5101 qu:e_proxime
2795 5036 3071 5101 prmcedit,
3106 5053 3203 5092 nec
3229 5029 3474 5098 melioris

1876 5110 2016 5154 nota:
2043 5101 2311 5176 censenda
2340 5108 2443 5176 est.
2479 5097 2614 5176 Huic
2654 5097 2809 5176 enim
2841 5103 2998 5158 fidem
3048 5097 3360 5176 detrahunt,
3407 5097 3473 5167 rut

1877 5181 2020 5250 recte
2052 5179 2236 5225 mouet
2256 5169 2521 5252 coitibus.
2542 5169 2723 5252 plures
2749 5171 3000 5252 loquendi
3026 5178 3296 5245 t'orntulw;
3327 5169 3470 5252 pm.

1875 5242 2058 5320 sertiin
2082 5255 2205 5295 cuin
2227 5240 2457 5320 ecclesia
2472 5239 2528 5320 S_.
2546 5239 2813 5320 Aroulpbi
2824 5239 2900 5298 ibi
2921 5256 3145 5320 vocatur
3168 5239 3472 5320 :quat'non-

1877 5312 1999 5365 dum
2028 5312 2132 5366 hoc
2171 5326 2363 5367 no-uen
2409 5310 2757 5379 obtinuerat;
2798 5313 2908 5369 into
2961 5319 3179 5373 nomine
3215 5310 3469 5380 'basitiia:

1877 5383 1973 5460 SS.
2026 5383 2402 5460 Apostolorum
2450 5382 2751 5460 appellatur
2801 5387 2851 5438 in
2897 5386 3083 5442 charta
3129 5388 3303 5460 Pipioi
3345 5396 3470 5451 data

1880 5453 2066 5508 iisdem
2102 5468 2244 5508 anno
2270 5462 2324 5507 et
2354 5451 2458 5524 die.
2491 5453 2736 5523 Suspicio
2768 5460 2945 5524 gravis
2975 5475 3040 5512 ex
3072 5451 3320 5518 hoclolo
3354 5482 3474 5522 nio-

1878 5534 2050 5602 ve‘tur,
2083 5525 2225 5602 q_t_t_o.l
2260 5535 2365 5602 tr._e-s
2390 5523 2590 5602 charta:
2617 5523 2802 5580 eadem
2835 5526 3024 5602 die_ab_
3045 5546 3165 5588 avo.
3200 5544 3354 5602 patre
3374 5575 3391 5601 ,
3419 5548 3475 5593 et

1881 5594 1989 5666 tilio
2010 5637 2024 5660 ,
2055 5594 2259 5649 scilicet
2289 5592 2503 5666 Pipino.
2541 5595 2788 5666 Drogonc
2819 5606 2874 5650 et
2912 5592 3224 5666 Godet'rido',
3259 5592 3471 5662 ettiissa:

1882 5665 2169 5748 fingantur,
2193 5665 2386 5746 quibus
2405 5666 2674 5748 θρύψῃ-5.
2694 5665 2955 5748 Arnulplti
2981 5665 3474 5748 ccclesiaditatnr;

1880 5751 1942 5789 ac
1971 5736 2087 5790 dum
2130 5750 2195 5806 ex
2240 5737 2366 5803 ipsis
2404 5736 2468 5789 ab
2509 5735 2698 5793 eodem
2728 5735 3019 5806 exemplari
3059 5743 3342 5802 vidcan'ttr
3371 5735 3478 5805 ex:

1881 5821 2098 5876 pressae,
2131 5805 2201 5861 ita
2235 5817 2289 5862 ut
2314 5820 2472 5860 ovum
2504 5822 2607 5862 ovo
2635 5823 2740 5863 non
2771 5810 2840 5862 sit
2861 5805 3104 5867 similius.
