4206 6552
182 405 332 464 1225

943 399 1378 458 DONATIONES
1419 397 1506 452 AC
1546 391 2010 451 TESTAMENTA
2055 390 2294 454 EPISC.,
2337 389 2516 454 ABB.,
2562 388 2716 444 ETC.

3335 386 3477 442 1226

181 515 391 573 cathol.
421 521 527 571 etc.
562 512 675 583 Ego
699 511 914 582 quidem
951 513 1170 580 Pipinus
1193 511 1408 576 Senior,
1436 524 1501 563 eo
1522 508 1706 562 favore
1735 515 1788 560 et
1820 511 1865 569 Λ
1897 502 2133 572 presenti
2183 509 2446 571 tempore,
2486 509 2540 557 et
2570 517 2628 556 se
2666 516 2788 556 cum
2819 502 2900 556 eis
2923 503 3246 558 multimode
3286 518 3480 571 aggre-

183 607 374 662 animo
400 605 624 669 ductus,
657 603 890 657 maxime
919 603 1043 671 quia
1087 603 1155 656 de
1185 614 1315 666 rege
1344 598 1578 668 superbo
1609 595 1786 650 Theo-

183 702 402 764 derico,
436 714 534 768 per
576 699 803 766 gratiam
830 695 1245 765 Omnipotentis,
1278 709 1400 748 cum
1427 692 1647 745 victoria
1675 705 1792 742 smn

185 793 472 851 ‘iberatus,
503 788 784 844 eccles.'S.
817 787 962 842 Petri
989 787 1278 842 Kambrac.
1307 783 1546 839 concedo
1590 782 1643 834 in
1673 795 1796 848 per-

187 891 414 950 petitam
437 880 847 943 elcemosinam,
876 888 1072 933 terram
1101 893 1276 933 meam
1308 879 1446 932 inter
1471 874 1794 928 Elimontem

187 982 246 1026 et
276 971 602 1026 Salicurtem
623 1012 640 1038 ,
666 971 721 1027 in
752 985 890 1040 pago
921 969 1286 1031 Atrebatensi,
1317 977 1426 1022 etc.
1461 967 1590 1021 Item
1620 967 1796 1021 eccle-

188 1064 274 1116 sie
321 1061 547 1120 fratrum
596 1063 825 1116 oratorii
874 1061 1094 1116 Kambr.
1126 1061 1194 1116 do
1229 1061 1433 1114 villaria
1461 1059 1602 1123 duo,
1647 1060 1801 1112 villas

192 1153 575 1216 Maniliacum,
606 1151 842 1210 liuneias
868 1163 924 1207 et
951 1153 1344 1216 Demicortem,
1378 1162 1485 1206 etc.
1521 1151 1580 1206 S.
1615 1151 1677 1204 D.
1708 1149 1799 1202 Pi-

192 1241 313 1308 pini
339 1239 600 1296 Senioris.
642 1242 700 1296 S.
731 1241 1007 1312 IIidquhi,
1038 1240 1190 1298 ducis
1230 1243 1542 1309 Lotltaring.
1578 1241 1636 1295 S.
1676 1240 1802 1298 Phi-

197 1331 406 1400 lippici,
445 1331 598 1385 ducis
653 1333 924 1387 Metensis.
981 1335 1091 1403 Ego
1138 1333 1404 1398 Asdolgus
1450 1333 1804 1386 cancellarius

200 1424 521 1492 recognovi.
555 1425 686 1476 Data
732 1423 1016 1482 Kambraci
1059 1443 1146 1480 an.
1179 1426 1220 1480 Ι.
1260 1427 1320 1480 V.
1350 1437 1593 1480 sexcent.
1638 1442 1802 1480 nona-

198 1531 320 1581 aes.
355 1517 548 1585 primo,
581 1516 691 1570 ind.
719 1533 776 1582 tt,
809 1520 1145 1588 principatus
1171 1519 1337 1573 nostri
1361 1533 1452 1571 an.
1482 1519 1692 1588 quinto.

901 1631 1139 1688 XXXIII.

203 1722 408 1776 Charta
436 1742 536 1794 qua
570 1725 910 1785 Bertoendus,
945 1725 1346 1780 Catalaunensis
1376 1729 1669 1793 episcopus.
1698 1726 1807 1792 pri—

280 1795 471 1862 vilegia
499 1795 722 1864 largitur
751 1798 1070 1850 monasterio
1102 1795 1357 1850 Dervensi
1387 1806 1436 1849 et
1466 1798 1635 1848 vicino
1659 1798 1807 1863 puel-

277 1864 453 1917 larum
481 1867 796 1919 monaslerio
829 1876 855 1903 ⁸
886 1871 1038 1933 (αηη.
1065 1867 1211 1936 692).

289 1978 759 2034 llontinis‘sanctis
782 1986 838 2032 et
862 1980 1055 2033 summi
1090 1979 1342 2034 culminis
1389 1982 1544 2049 apice
1593 1979 1805 2051 [Dach.,

208 2066 552 2136 apostolich
597 2068 921 2137 pontiﬁcalis
968 2069 1225 2124 cathedre
1271 2069 1489 2138 specula
1530 2069 1810 2138 presiden-

209 2159 358 2212 tibus
419 2157 474 2211 in
521 2157 738 2213 Christo
795 2158 1052 2214 fratribus
1120 2175 1215 2214 seu
1271 2160 1608 2229 coepiscopis
1652 2160 1812 2227 lngo-

211 2253 373 2302 berto
432 2247 999 2320 [Duc/t.,liigoberto]
1060 2251 1523 2321 metrOpolitano,
1598 2251 1809 2314 Basino,

209 2337 528 2406 Stephano,
575 2338 908 2400 Adalberto,
944 2341 1133 2404 Aloni,
1185 2339 1543 2409 Madalgario,
1603 2342 1815 2410 episco—

212 2430 326 2499 pati
375 2430 638 2485 cathedra
706 2431 1153 2500 presidentibus,
1202 2433 1539 2487 Bertoendtts
1573 2431 1624 2494 ι’,
1690 2432 1816 2486 licet

210 2523 511 2590 indignus,
568 2523 621 2576 in
665 2522 855 2577 ordine
906 2532 1087 2577 tamen
1137 2522 1651 2579 Cathalaunensium
1703 2524 1816 2591 epi-

213 2629 457 2683 scopus,
501 2613 695 2684 suplex
755 2615 807 2667 in
861 2614 1087 2668 Domino
1132 2615 1289 2669 mitto
1341 2615 1590 2669 salutem.
1637 2615 1816 2680 Quan-

214 2719 382 2770 quam
436 2704 614 2772 prisce
666 2704 851 2770 regule
906 2704 1126 2758 decreta
1158 2720 1258 2758 nos
1301 2704 1558 2770 doceant,
1617 2716 1670 2758 et
1712 2721 1818 2773 que

215 2801 438 2862 oportet
467 2793 821 2862 perhenniter
848 2797 1141 2860 custodire,
1194 2807 1250 2850 et
1292 2807 1504 2866 patrum
1557 2809 1817 2850 consueta

217 2887 550 2940 indiminute
581 2902 821 2951 servare,
849 2896 1088 2941 attamen
1121 2899 1176 2942 et
1206 2905 1304 2942 nos
1338 2904 1501 2957 super
1530 2889 1630 2942 hec
1665 2905 1820 2956 rogu-

214 2975 408 3030 Iariter
457 2976 855 3040 decernentes,
914 2989 1040 3031 vota
1093 2978 1395 3047 supplicum
1425 3019 1439 3043 ,
1491 2991 1546 3033 et
1590 2981 1822 3034 maxime

215 3067 531 3121 orthodoxa
597 3067 700 3121 lide
758 3067 1095 3135 fulgentium,
1138 3076 1196 3121 ut
1235 3067 1307 3121 illi
1348 3069 1658 3136 provisione
1717 3080 1823 3122 tra-

213 3167 435 3210 ctantes
495 3172 685 3210 eorum
763 3157 1152 3224 petitionibus,
1208 3158 1564 3211 libentissimo
1639 3162 1820 3213 animo

217 3247 474 3300 volumus
550 3244 800 3300 allectum
877 3249 1206 3316 mancipare.
1294 3247 1558 3312 Quoniam

216 3337 489 3402 gloriosus
530 3336 759 3390 domnus
811 3339 1112 3392 Clodovetts
1161 3355 1278 3404 rex,
1335 3349 1391 3392 et
1441 3341 1523 3392 vir
1574 3340 1813 3393 inlustris

221 3425 471 3493 I’ipinus,
529 3427 970 3494 major-domus,
1023 3429 1110 3495 pie
1140 3428 1360 3500 [Dach.,
1391 3428 1510 3500 pro]
1562 3430 1811 3497 religiosa

217 3519 588 3574 sollicitudine
635 3520 919 3588 perspicue
975 3520 1130 3575 nobis
1181 3521 1486 3590 postulasse
1511 3532 1810 3576 noscuntur

220 3620 287 3666 ut
315 3611 655 3681 privilegium
688 3615 1017 3667 monasterio
1048 3613 1309 3675 Putiolos.
1335 3617 1390 3668 in
1421 3623 1572 3668 vasta
1630 3617 1810 3677 Dervi.

219 3703 279 3757 in
301 3702 512 3755 honore
535 3703 812 3757 beatorum
843 3703 1216 3771 apostolorum
1245 3702 1394 3758 Petri
1452 3715 1506 3760 et
1553 3704 1706 3762 Pauli
1763 3716 1816 3760 et

221 3792 404 3845 sancti
437 3789 700 3846 Johannis
730 3794 969 3859 Baptiste
1015 3804 1070 3847 et
1097 3796 1271 3848 sancti
1293 3793 1558 3851 Johannis
1583 3809 1817 3862 evange—

221 3881 373 3947 liste,
397 3896 494 3936 seu
517 3891 574 3935 et
592 3882 832 3936 omnium
854 3892 1195 3948 sanctorum,
1220 3901 1250 3938 a
1273 3885 1391 3941 viro
1411 3887 1820 3954 religiosissime

224 3985 420 4032 sancto
449 3979 742 4034 Berchario
768 3993 788 4018 ε
816 3981 904 4033 ubi
933 3989 988 4033 et
1015 3981 1132 4049 ipse
1158 3981 1328 4034 abbas
1350 3996 1567 4049 preesse
1587 3983 1819 4048 videtur,

226 4082 295 4120 ex
329 4067 696 4121 munificentia
714 4069 986 4136 quondam
1002 4069 1294 4125 .Childerici
1317 4072 1460 4140 regis
1483 4081 1816 4139 constructo,

227 4173 329 4211 seu
359 4165 414 4210 et
459 4159 570 4212 alio
602 4161 937 4214 monasterio
966 4161 1266 4228 puellarum
1297 4162 1344 4226 ά,
1393 4179 1555 4232 super
1602 4166 1822 4220 ﬂuvium

232 4245 430 4313 Vigore
442 4247 606 4301 etiam
631 4257 685 4301 et
704 4247 837 4303 Drea
867 4249 1082 4319 [Duc/2.,
1104 4251 1270 4322 Dria],
1290 4254 1343 4307 in
1366 4255 1628 4322 Dervo,in
1660 4257 1822 4311 linem

230 4335 449 4406 [_Dacli.,
482 4337 609 4406 line]
635 4337 1046 4406 Flaciniacinse,
1077 4343 1218 4409 quod
1247 4343 1570 4400 Vuatmerus
1599 4346 1816 4417 [Dac!t.,

229 4426 559 4498 Waitnerus]
579 4438 632 4481 et
649 4429 950 4497 conjuxsua
967 4431 1248 4488 Vualtildis
1261 4433 1730 4504 [Daclt.,Waltidis
1744 4440 1824 4490 hic

1893 593 2128 663 gationis
2188 593 2512 660 agminibus,
2556 595 2644 663 pie
2689 595 2990 649 devotionis
3032 593 3248 664 paribus
3292 597 3483 650 studiis

1895 685 2313 739 sociaveruntin
2346 683 2439 738 Dei
2469 684 2734 751 laudibus,
2789 701 2897 742 uno
2922 686 3107 753 regule
3149 685 3343 756 spiritu
3392 703 3487 740 su-

1899 792 2065 845 perna
2093 775 2449 845 inspiratione
2469 785 2760 840 commota,
2792 776 2863 830 ad
2907 777 3092 834 laudes
3122 778 3485 848 omnipotenti

1901 871 2010 926 Deo
2031 869 2437 924 concinnandas
2468 868 2686 940 [Duc/t.,
2714 870 3119 942 concinendas],
3154 872 3301 941 pium
3333 871 3491 933 exhi‘

1899 962 1990 1015 bet
2019 960 2357 1025 famulatum,
2377 960 2626 1016 conferre
2644 960 2983 1016 deberemus.
3015 961 3174 1030 Quod
3199 965 3492 1020 salubriter

1901 1063 2223 1120 annuentes,
2271 1055 2376 1110 hoc
2417 1054 2784 1124 privilegium.
2813 1055 2957 1122 quod
2992 1055 3148 1125 plena
3199 1058 3492 1114 devotione

1904 1145 2195 1214 petierunt,
2253 1146 2514 1212 perhenni
2556 1148 2881 1202 auctoritate
2933 1149 3258 1204 servandum
3306 1151 3493 1208 libenti

1903 1239 2084 1293 animo
2109 1237 2413 1306 prestitisse
2443 1240 2761 1308 comperite.
2809 1239 2917 1296 Nec
2945 1241 3094 1298 enim
3123 1257 3264 1299 nova
3308 1256 3498 1314 postu-

1907 1330 2129 1383 lantium
2158 1330 2240 1383 vel
2269 1329 2657 1397 indulgentium
2685 1342 2767 1388 est
2805 1335 3105 1391 auctoritas
3153 1338 3494 1408 privilegium

1907 1421 2194 1490 largiendi,
2226 1421 2351 1475 dum
2383 1424 2626 1492 profecto
2656 1427 2832 1480 cuncti
2857 1427 3074 1498 [Dach.,
3099 1430 3328 1502 cunctis]
3349 1442 3499 1486 retro

1907 1515 2205 1580 apostolice
2251 1515 2395 1568 sedis
2446 1516 2707 1583 presnles,
2761 1519 2904 1571 unde
2964 1535 3118 1576 sacra
3170 1532 3502 1590 propagatur

1908 1606 2227 1670 auctoritas,
2247 1623 2352 1663 non
2372 1607 2548 1660 solum
2578 1608 2629 1660 in
2649 1608 2837 1663 vicinis
2860 1611 3150 1678 provinciis
3169 1615 3498 1676 constitutis.

1907 1694 2001 1747 sed
2043 1695 2206 1747 etiam
2237 1692 2292 1746 in
2324 1695 2519 1747 ceteris
2568 1694 2726 1762 longe
2755 1695 3064 1762 regionibus
3115 1702 3303 1766 procul
3359 1703 3498 1768 sitis,

1909 1784 2180 1852 postulata
2205 1797 2420 1850 semper
2449 1781 2775 1851 indulgenda
2801 1795 3119 1840 sanxerunt.
3157 1786 3309 1848 Unde
3335 1791 3500 1849 obse-

1842 1888 1882 1944 Β
1908 1891 2004 1931 cro
2033 1876 2259 1929 domnos
2301 1890 2644 1930 successores
2692 1877 2922 1932 ecclesie
2953 1889 3239 1948 prenotate
3287 1888 3504 1953 pontifi-

1913 1980 2025 2029 ces,
2083 1965 2218 2020 satis
2262 1981 2532 2034 superque
2586 1982 2684 2034 per
2726 1970 3175 2038 omnipotentiam
3227 1976 3504 2032 Trinitatis

1915 2057 2158 2110 inmense
2186 2055 2359 2109 Patris
2386 2067 2441 2110 et
2466 2056 2587 2111 Filii
2618 2065 2672 2112 et
2720 2058 2952 2129 Spiritus
2994 2063 3175 2118 Sancti
3209 2066 3503 2131 obtestare,

1917 2150 2082 2202 immo
2109 2147 2424 2216 conjectare
2476 2165 2747 2218 presumo.
2783 2151 2852 2206 Ut
2881 2156 3254 2211 commendem
3287 2158 3501 2229 [Daclt.,

1915 2237 2369 2309 commendatum]
2447 2241 2879 2307 prenominatum
2944 2248 3328 2303 monasterium
3406 2253 3509 2320 piis

1916 2328 2701 2396 tuentibusjubeantdiligere,
2746 2332 2974 2399 jubeant
3024 2337 3227 2401 fovere,
3278 2339 3510 2406 jubeant

1917 2417 2465 2483 continere,jubeant
2493 2435 2837 2486 conservare,
2878 2438 2934 2479 et
2987 2442 3053 2481 ne
3092 2432 3344 2485 succidua
3395 2434 3508 2487 fra-

1920 2513 2146 2568 ternitas
2169 2513 2508 2570 sacerdotum
2540 2515 2645 2570 hoc
2677 2532 2774 2570 nos
2806 2515 2858 2570 in
2890 2517 2974 2571 his
3019 2523 3330 2586 regionibus
3382 2542 3510 2594 pro-

1918 2602 2036 2670 prie
2056 2603 2460 2658 deliberationis
2489 2603 2765 2669 instinctu,
2790 2617 2882 2660 aut
2903 2623 3040 2661 nova
3066 2609 3400 2674 inventione.
3427 2633 3512 2670 es-

1921 2697 2076 2750 timet
2106 2695 2324 2750 decreta
2357 2696 2541 2760 fuisse,
2587 2710 2707 2749 cum
2757 2700 2856 2751 sub
2903 2701 3064 2768 hujus
3111 2706 3512 2762 constitutions

1920 2802 2132 2848 norma,
2169 2796 2481 2841 sanctorum
2506 2789 2905 2856 Agaunensium
2937 2792 3107 2856 locus,
3139 2795 3412 2867 immoque
3458 2813 3514 2853 et

1921 2878 2314 2932 monasterium
2346 2878 2649 2946 Lirinense,
2680 2895 2774 2934 seu
2805 2890 2859 2935 et
2890 2887 3275 2940 monasterium
3330 2890 3513 2947 Luxo-

1923 2970 2127 3034 viense,
2163 2970 2436 3038 multaque
2474 2972 2579 3024 alia
2607 2975 2950 3037 monasteria,
2986 2993 3084 3031 nec
3134 2995 3241 3034 non
3287 2989 3342 3036 et
3371 2983 3515 3037 basis

1923 3063 2023 3115 lica
2051 3063 2233 3116 domni
2269 3063 2526 3127 Marcelli,
2551 3074 2605 3117 et
2627 3065 2904 3119 innumera
2932 3068 2982 3122 in
3008 3069 3244 3127 Orientis
3270 3075 3514 3141 partibus

1921 3154 2273 3218 monasteria,
2299 3156 2532 3222 propriis
2550 3172 2616 3209 ex
2646 3157 2870 3211 decreto
2891 3161 3198 3225 pontilicum
3230 3175 3516 3219 servantur

1654 3251 1816 3318 igitur
1849 3240 1890 3299 C
1925 3246 2238 3314 privilegiis.
2284 3245 2424 3314 Ergo
2451 3263 2558 3301 uno
2607 3250 3021 3318 conspirationis
3077 3271 3362 3321 consensu,
3420 3260 3512 3314 Ilei

1921 3345 2080 3400 nutu,
2107 3338 2503 3393 antedictorum
2533 3348 2744 3407 patrum
2766 3341 3078 3408 religionem
3105 3356 3412 3411 pensantes,
3441 3349 3513 3402 ita

1924 3427 1992 3481 ab
2020 3429 2270 3481 omnibus
2299 3427 2576 3482 decretum
2618 3438 2719 3490 est,
2753 3437 2813 3482 ut
2859 3432 3057 3485 nullam
3089 3434 3515 3491 dominationem

1926 3532 2024 3571 nos
2052 3532 2506 3585 successoresque
2531 3520 2700 3572 nostri
2725 3519 2775 3572 in
2796 3526 3158 3592 suprascripta
3185 3529 3513 3582 monasteria

1926 3609 2162 3660 virorum
2191 3623 2289 3661 seu
2317 3610 2615 3675 puellarum
2641 3611 2923 3676 virginum.
2947 3614 3034 3667 tibi
3060 3631 3187 3669 sunt
3217 3633 3515 3689 congrega-

1929 3700 1986 3759 ti,
2018 3698 2162 3765 quod
2216 3713 2312 3766 pro
2339 3700 2514 3752 salute
2539 3701 2838 3754 animarum
2868 3719 3085 3758 suarmn
3119 3709 3388 3774 predictus
3437 3715 3519 3765 vir

1928 3790 2244 3844 Bercharius
2279 3798 2334 3844 et
2358 3791 2694 3855 Vuaimerus,
2725 3809 2822 3847 seu
2849 3806 2904 3848 et
2932 3798 3131 3866 conjux
3155 3816 3251 3854 sua
3286 3802 3518 3858 Vualtil-

1924 3880 2026 3942 dis,
2055 3895 2162 3934 una
2193 3882 2398 3950 pariter
2426 3885 2798 3941 construxisse
2839 3899 3158 3958 noscuntur,
3193 3895 3514 3963 habeamus,

1925 3972 2179 4038 quatinus
2204 3973 2282 4026 eis
2313 3973 2532 4027 liberius
2562 3975 2745 4042 liceat,
2799 3978 2915 4034 Deo
2941 3981 3181 4047 iuvante,
3214 3989 3332 4043 sine
3354 3990 3520 4060 impe-

1931 4062 2174 4117 dimento
2203 4062 2284 4116 rei
2323 4064 2575 4132 alicujus,
2597 4070 3075 4137 contemplativam
3104 4076 3288 4132 vivere
3316 4078 3476 4132 vitam
3501 4099 3517 4144 ;

1929 4161 2136 4206 etcum
2161 4162 2315 4221 pater
2360 4158 2672 4210 monasterii
2696 4157 2854 4212 fuerit.
2886 4163 2954 4215 de
3002 4165 3189 4220 seculo
3236 4181 3517 4237 evocatus,

1927 4259 2089 4312 quem
2119 4246 2447 4300 unanimiter
2496 4249 2671 4302 omnis
2717 4255 3067 4321 congregatio
3115 4257 3354 4326 ipsorum
3404 4277 3521 4316 ser-

1927 4351 2119 4388 vorum
2150 4335 2246 4390 Dei
2278 4337 2657 4407 undecumque
2682 4342 2783 4396 sibi
2813 4344 3016 4412 optime
3074 4351 3312 4418 regulam
3365 4367 3518 4406 com-

1928 4436 2135 4494 pcrtam
2166 4428 2450 4496 elegerint,
2479 4432 2750 4488 seniorem
2782 4436 2884 4489 sibi
2916 4437 3270 4510 abbatemque
3308 4447 3517 4499 consti-

227 4528 280 4572 et
298 4517 1104 4588 infra]etdomnusBercharius
1121 4525 1287 4578 abbas
1303 4528 1501 4593 pariter
1526 4538 1817 4582 contruxe-
1855 4537 1903 4594 Ι)
1930 4529 2121 4585 lli-1m;
2153 4535 2248 4574 SOU
2273 4532 2466 4576 θῑευηι
2500 4533 2673 4581 malel'
2707 4528 2970 4594 Virginum
2999 4532 3066 4586 de
3111 4535 3296 4591 seculo
3349 4538 3519 4597 fuerit

230 4617 380 4673 runt,
396 4609 448 4661 in
467 4623 574 4676 quo
593 4612 711 4666 loco
743 4611 851 4666 Deo
880 4615 956 4682 1h.
988 4631 1050 4666 ~v.
1081 4615 1249 4669 deest.
1277 4632 1362 4685 ap.
1391 4618 1582 4690 Daclt.]
1615 4631 1823 4674 sacrata

234 4701 519 4758 Vualtildis
562 4715 736 4761 mater
797 4721 919 4762 esse
962 4707 1170 4763 videtur
1219 4711 1504 4766 multarum
1558 4714 1822 4783 virginum

230 4900 374 4954 adeo
405 4901 592 4954 similis
623 4911 703 4956 est
733 4911 791 4955 ut
834 4920 991 4957 nemo
1022 4923 1124 4960 non
1156 4923 1218 4959 ex
1243 4909 1429 4961 eadem
1463 4909 1674 4960 ofﬁcina
1705 4927 1822 4969 pro.

230 4971 766 5044 diissejudiraverit.
801 4974 1022 5040 ljtriqtte
1053 4975 1207 5029 aflixa
1248 4990 1328 5029 est
1379 4991 1503 5030 nota
1543 4980 1664 5030 anni
1697 4980 1820 5044 (59!,

231 5058 358 5093 cum
395 5042 490 5093 hac
518 5042 642 5113 sola
662 5042 1038 5112 discrepantia,
1076 5048 1218 5113 quod
1254 5051 1399 5113 prior
1425 5049 1714 5102 indictione
1746 5042 1818 5111 tv,

231 5113 510 5177 posterior
539 5111 892 5182 indictione,"
937 5111 1109 5168 minus
1143 5111 1365 5170 feliciter
1387 5160 1399 5182 ,
1430 5119 1548 5171 data
1591 5120 1818 5172 dicatur.

237 5183 453 5255 Falsum
485 5181 719 5255 produnt
744 5182 1004 5255 formulte,
1038 5187 1225 5255 stylus,
1259 5198 1396 5239 notae
1427 5189 1823 5255 cltronologitxe

231 5251 686 5325 subscribendum
717 5253 954 5325 nomina,
980 5265 1033 5307 et
1063 5251 1357 5322 p'reusertim
1390 5256 1638 5325 Hidulphi
1673 5251 1824 5313 (fni-is

236 5320 616 5385 Lotharingite.
654 5319 728 5373 De
766 5322 846 5373 his
888 5319 1136 5377 omnibus
1167 5328 1281 5379 fuse
1325 5319 1565 5381 diximus
1599 5330 1652 5381 in
1684 5338 1824 5384 nolis

233 5389 300 5442 ad
331 5389 574 5461 chartam
607 5389 828 5443 alteram
859 5408 1015 5461 supra
1049 5404 1422 5449 memoratam.

309 5472 330 5492 ··
365 5459 577 5535 [iditum
601 5475 632 5510 a
661 5459 941 5535 Dacherio,
975 5464 1156 5531 Spicil.
1195 5475 1231 5518 t.
1265 5465 1330 5527 Χ,
1366 5480 1485 5534 pag.
1517 5467 1643 5534 627,
1667 5467 1820 5535 juxta

232 5530 604 5604 apographum
641 5545 705 5604 ex
755 5530 1082 5604 cliartulariu
1115 5530 1774 5604 Dervensidepromptum
1807 5557 1819 5602 ;

236 5614 336 5672 nos
380 5615 446 5651 ex
480 5602 598 5672 ipso
629 5600 958 5672 chartttlario
980 5605 1380 5672 descripsimus,
1437 5600 1492 5660 et
1519 5600 1821 5664 recuditnus

234 5670 632 5738 discrepantias
660 5669 908 5724 lectionis
931 5669 1274 5727 Dudueriirna:
1301 5669 1438 5729 inter
1469 5693 1656 5731 uncos.

269 5737 333 5867 hl-
418 5737 558 5794 voce
587 5739 866 5807 episcrtpali
896 5742 960 5795 ad
993 5741 1519 5800 Bertoendusdcsunt
1549 5751 1688 5817 apud
1721 5749 1822 5802 Da-

307 5825 498 5866 crtum.

235 5824 498 5866 CDCI'IUIII.

656 5901 932 5963 l’ATttuL.
988 5906 1089 5964 LX
1106 5907 1156 5965 Χ
1174 5907 1397 5969 XVIII.

1928 4620 2175 4673 evocata,
2198 4627 2356 4678 quam
2374 4616 2700 4669 unanimiter
2715 4620 2890 4673 omnis
2907 4630 3253 4691 congregatio
3277 4629 3514 4698 ipsarum

1928 4700 2242 4753 ancillarum
2289 4702 2487 4756 Christi
2515 4705 2892 4776 undecumque
2922 4711 3020 4766 sibi
3045 4716 3248 4784 optimc
3273 4720 3514 4787 regulam

2004 4911 2025 4938 ε
2061 4901 2266 4955 Vidcsis
2293 4918 2411 4970 qua:
2440 4904 2507 4957 de
2539 4905 2829 4960 Berchario
2870 4908 3101 4963 diximus
3151 4912 3202 4965 in
3263 4917 3401 4968 notis
3449 4918 3515 4969 ad

1928 4971 2363 5049 chartam-Remi.
2391 4973 2636 5049 Diploma
2661 4978 2946 5031 Childerici
2974 4979 3034 5038 ll.
3063 4996 3160 5049 pro
3184 4991 3516 5040 tuonnalt't‘io

1930 5043 2183 5096 Dervensi
2217 5043 2575 5099 exhibuimus.

1999 5119 2020 5147 οι
2059 5113 2132 5163 De
2161 5114 2264 5166 hoc
2294 5114 2591 5180 puellarum
2622 5119 2953 5171 monasterio
2980 5121 3055 5172 sic
3078 5134 3516 5181 commentantur

1928 5192 2174 5235 auctores
2205 5184 2364 5235 Nov-.13
2393 5185 2576 5236 Galliae
2600 5185 2936 5249 Christiana},
2966 5199 3094 5243 tom.
3126 5193 3215 5252 IX.
3247 5196 3351 5247 col.
3387 5196 3513 5251 907:

1935 5271 1952 5330 ς
1977 5256 2174 5330 Practer
2203 5253 2441 5330 virorum
2474 5258 2855 5330 nionasterimn
2876 5260 3038 5330 ,aliud
3062 5263 3222 5316 etiam
3249 5267 3513 5330 puellare,

1930 5323 2071 5396 haud
2103 5323 2285 5396 procul
2317 5338 2346 5374 a
2380 5325 2783 5396 Dervo,itidcm
2809 5330 2876 5379 ad
2911 5329 3156 5396 Vigeram
3183 5323 3355 5388 erexit
3390 5323 3519 5389 Der;

1927 5393 2161 5451 charitts,
2195 5394 2300 5472 sub
2325 5393 2625 5472 patrocinio
2653 5397 2710 5472 II.
2746 5397 2947 5462 Marire,
2982 5393 3198 5472 fundum
3254 5408 3515 5472 suppedi-

1929 5471 2075 5517 tante
2136 5463 2300 5532 nobili
2376 5480 2438 5516 ac
2487 5464 2758 5532 locuplete
2805 5477 3051 5522 matrona
3098 5463 3372 5527 Waltiltl'e'
3420 5493 3518 5531 no-

1929 5534 2069 5611 mine
2196 5531 2444 5611 Excisum
2469 5541 2550 5611 est
2591 5531 2660 5611 an
2682 5539 2841 5611 armis
2882 5539 3095 5611 CIICILCI'
3139 5545 3518 5611 septingentis,

1927 5605 2018 5655 sed
2055 5605 2202 5656 locus
2228 5603 2315 5655 ubi
2349 5604 2557 5655 exstitit
2591 5604 2750 5665 hodie
2783 5610 3038 5674 puellaris
3068 5603 3384 5669 monasterii
3419 5603 3516 5670 no:

1927 5689 2048 5794 Ill)lell
2082 5676 2298 5753 retinet,
2354 5689 2454 5725 una
2498 5683 2702 5729 tan-tun
2749 5679 2760 5728 I
2802 5695 2895 5730 uita
2925 5681 3144 5740 dissitus
3191 5696 3222 5734 a
3268 5687 3519 5749 coenobio

1975 5759 2204 5794 ervensn

1975 5759 2204 5798 ρι’γειιει.

3116 5916 3193 5974 39
