4206 6530
753 420 887 476 i227

1467 411 1735 469 ειεωη
1777 409 1867 463 γει
1914 410 2000 464 ετ
2044 409 2158 464 \‘lli
2199 406 2732 465 ECCLESIASTICA
2772 406 3223 464 MONUMENTA.

3871 401 4002 460 ωδ

745 531 1081 594 compertam
1114 522 1376 588 elegerint
1429 519 1532 576 sibi
1585 517 1853 572 seniorem
1912 527 2161 582 matrem,
2219 532 2324 570 una
2352 523 2398 594 μ
2432 527 2731 586 prostratus
2755 528 2959 572 reatum
2989 519 3347 574 anathematis
3386 518 3683 588 subjaceat,
3716 518 4000 590 veniatquo

747 632 868 670 cum
918 613 1144 668 consilio
1195 608 1583 663 monachorum
1657 607 2005 660 Dervensium
2078 605 2320 668 fratrum,

745 705 1074 760 abbatissam
1105 699 1415 763 instituant;
1445 705 1521 762 et,
1552 697 1596 750 si
1625 695 1702 750 eis
1746 703 2113 763 opportunum
2168 692 2328 746 fuerit

668 789 674 794 ’
748 796 996 850 abbatem
1039 786 1409 849 lienedicendi,
1439 793 1533 839 aut
1574 785 1767 838 crisma
1815 782 2190 845 consecrandi,
2240 780 2324 832 vel

746 899 930 938 sacros
976 880 1192 936 ordines
1231 875 1582 948 percipiendi,
1615 874 1717 929 hoc
1767 871 2134 927 tantummodo
2174 871 2327 923 nobis

751 981 968 1044 propter
1023 968 1342 1025 canonicam
1402 964 1790 1021 institutionem
1857 972 1921 1044 Aet
1971 960 2326 1031 prejudicium

747 1040 982 1116 ecclesie
1011 1070 1217 1126 nostre,
1243 1060 1447 1128 absque
1479 1057 1589 1109 ullo
1619 1063 1788 1117 motu,
1816 1040 2179 1107 reservamus.
2227 1053 2329 1106 Ce-

756 1163 928 1206 terum
961 1165 1114 1217 vero,
1146 1149 1470 1217 utsuperius
1499 1145 1830 1209 continetur,
1861 1141 2061 1196 nullam
2093 1151 2329 1212 potesta-

749 1254 854 1296 tem
878 1251 971 1296 aut
995 1241 1414 1297 dominationem
1445 1251 1620 1307 neque
1651 1251 1750 1290 nos
1799 1235 1885 1290 vel
1915 1233 2328 1290 archidiaconus

747 1348 1198 1400 successoresque
1226 1331 1416 1392 nostri,
1449 1331 1531 1384 vel
1575 1330 1813 1396 quolibet
1845 1342 2073 1396 persona
2130 1327 2329 1380 habere

752 1444 858 1481 non
886 1427 1098 1486 debeat,
1129 1430 1224 1476 aut
1251 1435 1646 1492 quamcumque
1693 1421 1758 1472 de
1785 1419 1972 1472 eodem
2002 1418 2329 1471 monasterio

751 1520 832 1570 vel
862 1516 1066 1572 cellulis
1091 1514 1228 1582 ejus.
1255 1514 1349 1568 sed
1379 1513 1453 1584 [h.
1480 1529 1530 1565 v.
1556 1513 1705 1564 deest
1728 1524 1814 1578 ap.
1849 1506 2043 1579 Daeh.]
2062 1519 2116 1563 et
2144 1524 2330 1579 parro-

749 1611 886 1663 chiis
913 1616 1005 1660 aut
1034 1605 1232 1660 ceteris
1271 1602 1627 1661 monasteriis.
1660 1614 1876 1653 causam
1908 1600 2104 1652 audeat
2145 1614 2330 1666 presu-

751 1713 899 1752 tnere
927 1697 1011 1752 vel
1039 1695 1250 1750 auferre
1274 1709 1288 1755 ;
1312 1702 1386 1757 et,
1417 1693 1460 1745 si
1493 1691 1694 1760 aliquid
1744 1691 1858 1758 ipsa
1889 1691 2236 1756 congregatio
2266 1691 2330 1740 de

752 1804 941 1845 earum
966 1789 1224 1855 religione
1255 1783 1431 1874 tepid'e
1479 1783 1706 1846 egerint,
1762 1779 2051 1833 secundum
2097 1779 2327 1843 regulam

747 1881 919 1934 sancti
967 1875 1238 1930 BeneJicti
1285 1876 1366 1927 vel
1399 1868 1599 1926 'domui
1635 1868 1975 1928 Columbani,
2035 1868 2103 1918 ab
2139 1882 2325 1918 eorum
2366 1878 2405 1932 ιι

748 1972 941 2024 abbate
958 1967 1042 2021 vel
1070 1965 1343 2020 abbatissa
1368 1962 1457 2031 qui
1490 1976 1587 2029 pro
1615 1968 1860 2028 tempore
1888 1956 2144 2026 spiritalis
2175 1965 2328 2024 pater

746 2059 830 2112 vel
862 2065 1030 2113 mater
1052 2054 1348 2115 extiterint,
1381 2050 1733 2116 coriigantur.
1760 2046 1892 2100 Nam
1921 2045 2123 2098 nullum
2151 2048 2328 2111 [muli-

745 2153 906 2208 tlcum
937 2163 1110 2218 neque
1140 2163 1171 2202 a
1204 2145 1358 2204 nobis
1387 2156 1561 2212 neque
1597 2156 1626 2193 a
1659 2138 2062 2193 successoribus
2109 2137 2324 2197 nostris,

749 2248 802 2299 in
830 2242 1024 2297 eodem
1072 2235 1420 2298 monasterio,
1460 2247 1561 2302 pro
1609 2244 1770 2284 causa
1821 2227 2150 2294 cupiditatis,
2211 2236 2323 2289 aut,

745 2333 887 2404 quod
918 2332 1080 2394 absit,
1125 2328 1370 2386 avaritie,
1406 2324 1706 2384 habeatur;
1737 2319 1831 2373 sed
1873 2318 2092 2386 proprio
2142 2317 2194 2368 in
2233 2317 2324 2369 llei

747 2425 966 2480 nomine
996 2422 1241 2475 fruantur
1271 2415 1573 2486 privilegio.
1608 2413 1682 2466 De
1712 2411 1876 2464 rebus
1898 2423 2128 2476 namque
2149 2408 2325 2476 prera-

747 2519 814 2570 tis
843 2510 1308 2570 constructoribus
1338 2507 1575 2576 ejusdem
1619 2504 1790 2558 sancti
1841 2500 2176 2564 monasterii,
2227 2515 2326 2568 pro

743 2603 1136 2662 sustentatione
1189 2598 1554 2668 predictormn
1592 2602 1904 2648 sanctorum
1933 2591 2324 2644 monachorum

744 2712 840 2749 seu
873 2695 952 2763 (h.
977 2708 1032 2747 ν.
1060 2691 1214 2746 deest
1238 2703 1328 2756 ap.
1363 2684 1552 2753 Dach.)
1584 2683 1882 2752 puellarum
1903 2681 2190 2748 virginum,
2214 2681 2324 2732 vie-

749 2798 858 2841 tum
910 2796 1124 2852 quoque
1165 2793 1227 2834 ac
1254 2778 1507 2832 vestitum
1559 2773 1849 2834 conlatum,
1904 2787 1999 2825 seu
2045 2787 2076 2824 a
2133 2771 2324 2825 ceteris

751 2877 913 2928 Deum
945 2869 1254 2924 timentibus
1283 2865 1527 2935 personis
1557 2865 1608 2917 in
1636 2873 1794 2917 antea
1818 2862 2137 2928 conlaturis,
2180 2862 2262 2916 vel
2293 2876 2320 2914 a

745 2965 889 3031 regia
918 2967 1190 3030 potestate
1221 2956 1383 3010 fuerit
1412 2969 1750 3016 concessmn,
1786 2954 1952 3008 uiclnl
1977 2971 2042 3008 ex
2076 2955 2197 3017 hoc,
2230 2967 2324 3007 ne-

744 3068 850 3116 que
877 3049 1190 3120 pontificum
1218 3061 1318 3100 nec
1342 3044 1702 3113 quarumlibet
1731 3057 2103 3112 personarum,
2125 3043 2322 3094 distra-

747 3141 904 3194 hendi
944 3137 1284 3192 minuendive
1327 3149 1507 3197 causa,
1567 3141 1808 3201 potestas
1859 3131 2169 3184 omnimodo
2213 3147 2320 3184 non

742 3231 1024 3290 habeatur,
1059 3227 1160 3280 nisi
1194 3226 1246 3279 in
1279 3225 1539 3278 matribus
1571 3223 1650 3276 vel
1676 3223 1918 3290 patribus
1944 3221 2182 3290 ejusdem
2207 3237 2323 3275 mo-

747 3319 986 3380 nasterii,
1011 3318 1226 3385 suisque
1248 3314 1538 3384 propositis
1563 3311 1779 3384 [Dach.,
1801 3309 2111 3381 propositis]
2132 3311 2322 3379 guber-

745 3409 929 3470 nandi,
949 3407 1164 3474 regendi
1182 3402 1652 3474 dispensandique,
1679 3402 1904 3456 arbitrio
1925 3417 2022 3456 seu
2049 3402 2324 3469 dispensa-

741 3499 892 3554 tione
920 3497 1198 3550 consistat.
1233 3495 1343 3547 Deo
1365 3493 1558 3564 [Dach.
1586 3491 1734 3562 Ideo]
1757 3507 1972 3560 quoque
1992 3492 2325 3562 prestitimus

732 3589 1109 3670 privilegium,
1132 3587 1257 3653 quia
1283 3584 1443 3638 nichil
1470 3584 1536 3638 de
1558 3584 1822 3638 canonica
1852 3582 2175 3637 auctoritate
2196 3599 2325 3637 con-

729 3675 983 3752 ,‘vellitur,
1009 3674 1595 3748 quidquiidomesu’cis
1637 3673 1784 3738 ﬁdei,
1835 3681 1889 3728 et
1940 3673 2173 3729 maxime
2196 3689 2324 3729 eon-

735 3774 1112 3842 itemplativam
1139 3772 1306 3824 vitam
1334 3767 1674 3829 ducentibus,
1718 3782 1816 3836 pro
1845 3767 2028 3835 quiete
2060 3767 2325 3833 tranquil-

747 3849 911 3920 litatis
932 3862 1204 3916 tribuitur.
1229 3857 1381 3924 Quod
1404 3858 1447 3911 si
1472 3856 1895 3926 quiscalliditate
1920 3863 2014 3908 aut
2031 3856 2326 3924 cupiditate

731 3961 1054 4038 preventus,
1083 3963 1248 4004 ausus
1296 3948 1456 4002 fuerit
1483 3962 1549 4001 ea
1577 3961 1682 4015 que
1730 3955 1856 4000 sunt
1899 3946 2147 4014 superius
2175 3960 2322 4000 com-

750 4041 1012 4114 prehensa
1041 4039 1327 4098 temerario
1363 4037 1555 4106 spiritu
1584 4036 1807 4097 violare,
1835 4051 1864 4088 a
1907 4035 2086 4090 divina
2117 4036 2322 4089 ultione

795 4270 845 4316 ,⁸
878 4261 931 4313 Si
950 4255 1314 4313 Theudoricus
1340 4252 1403 4306 Ill
1428 4260 1553 4305 ante
1575 4250 1808 4318 elapsum
1833 4261 2028 4318 annum
2045 4245 2149 4318 690
2165 4245 2316 4308 obiit,

751 4315 950 4386 mensis
990 4327 1311 4381 Februarius
1329 4321 1515 4395 anni?
1542 4315 1689 4395 regni
1735 4316 2026 4395 Cblodovei
2056 4315 2318 4395 "Latino

753 4384 944 4456 Christi
973 4395 1078 4450 692
1099 4392 1411 4447 tribuendus
1436 4399 1520 4444 est
1544 4407 1558 4453 ;
1588 4384 1632 4443 si
1664 4403 1795 4441 vero
1824 4386 1888 4439 ad
1919 4401 2013 4440 ver
2036 4385 2162 4456 anni
2210 4384 2308 4456 (i9l

755 4454 858 4522 vita
892 4464 1210 4520 Theodorici
1240 4460 1595 4530 protenditur,
1617 4457 1817 4530 mensis
1843 4454 2312 4530 Februariusanni

753 4539 787 4589 ἓ
816 4537 965 4605 regni
994 4522 1283 4588 Chlodovei
1319 4529 1384 4583 ιιι
1413 4528 1704 4585 concordat
1757 4541 1877 4579 cum
1928 4539 2068 4577 anno
2117 4522 2312 4577 Christi

828 4675 855 4712 δ
895 4673 1008 4726 Non
1031 4671 1152 4724 alibi
1181 4669 1337 4724 obvia
1368 4675 1450 4720 est
1498 4666 1596 4721 nisi
1656 4665 1708 4718 in
1758 4664 1905 4718 Actis
1947 4663 2320 4731 episcoporum

757 4741 1236 4797 Cenomanensium
1306 4753 1333 4790 a
1393 4735 1703 4788 Mabillonio
1761 4733 2014 4802 vulgatis,
2075 4731 2318 4784 Analeet.

759 4826 878 4881 pag.
907 4810 1033 4863 278.
1079 4807 1210 4881 Ada,
1237 4822 1354 4881 qua:
1397 4805 1735 4881 partheuoni
1762 4805 1818 4858 S.
1840 4875 1852 4881 Α
1875 4801 2064 4881 Mat-ite
2093 4815 2324 4881 praeesse

757 4869 982 4942 dicitur,
1005 4869 1429 4932 eadem'videtu'r
1469 4873 1793 4937 Mabillouio,
1829 4873 2016 4942 Annal.
2051 4869 2164 4942 t.rl,
2197 4884 2319 4936 pag.

757 4951 881 5010 560,
911 4939 1028 5016 que
1075 4945 1206 5016 al_ia_s
1252 4943 1586 5016 Alrechildis,
1631 4953 1685 4995 et
1720 4956 1851 5016 qua:
1901 4939 1997 5016 fuit
2051 4941 2240 4992 educta
2290 4953 2321 4992 e

759 5007 1132 5072 Suessionensi
1163 5013 1221 5066 S.
1252 5013 1422 5066 Maria:
1447 5007 1790 5068 monasterio.
1820 5018 1877 5062 ut
1919 5007 2323 5061 Cenomanense

759 5089 797 5142 ὃ
845 5087 1020 5140 Maria:
1041 5083 1415 5136 monasterium
1449 5089 1675 5148 regeret.
1726 5078 1936 5132 Charta:
1968 5077 2124 5141 hujus
2151 5079 2323 5148 since-

761 5160 890 5210 ritas
920 5155 1034 5207 solo
1061 5150 1188 5205 fulta
1213 5159 1297 5204 est
1325 5147 1624 5204 testimonio
1669 5160 1910 5202 actorum
1959 5148 2149 5212 quibus
2202 5147 2322 5200 ideo

761 5229 959 5280 inserta
989 5222 1084 5275 fuit
1107 5231 1162 5273 ut
1189 5221 1311 5274 inde
1339 5226 1750 5286 cognosceretur
1788 5217 2167 5270 monasterium
2221 5216 2323 5268 hoc

763 5297 924 5349 fuisse
979 5293 1030 5345 in
1075 5289 1194 5356 jure
1239 5291 1426 5342 matris
1467 5289 1699 5342 ecclesim
1728 5287 2162 5345 Cenomanensis,
2187 5286 2323 5338 sicut

766 5365 875 5431 ipsa
903 5372 1022 5416 acta
1049 5359 1259 5431 docent.
1295 5359 1449 5431 lflura
1473 5367 1646 5431 autem
1669 5356 1771 5410 alia
1801 5356 1863 5409 iis
1886 5357 2322 5431 insert_a_e_xstant

766 5423 832 5483 ad
856 5432 996 5484 hunc
1018 5428 1261 5483 eumdem
1292 5427 1447 5480 linem
1474 5427 1842 5487 instrumenta,
1873 5439 1992 5490 qua:
2034 5423 2147 5475 falsi
2171 5423 2322 5475 dam-

766 5509 889 5552 nata
915 5507 1069 5560 sunt;
1101 5506 1154 5551 et
1182 5512 1277 5550 nos
1304 5499 1367 5548 de
1397 5497 1499 5548 hoc
1525 5495 1637 5561 ipso
1678 5495 1734 5548 S.
1778 5493 1955 5546 Maria:
1997 5491 2321 5545 monasterio

764 5568 996 5637 diploma
1020 5564 1685 5637 edidimus,quodspuriis
1721 5563 2023 5616 censuimus
2059 5576 2322 5637 annume-

763 5630 1014 5693 randum.
1053 5635 1258 5698 Verum,
1308 5630 1363 5687 in
1404 5630 1584 5687 charta
1614 5647 1942 5699 quamnunc
1988 5630 2320 5692 exhibemus,

765 5708 994 5761 fatemur
1028 5704 1173 5758 nulla
1220 5704 1372 5758 nobis
1417 5702 1744 5770 deprehensa
1803 5701 1963 5753 fuisse
2009 5700 2135 5770 vitia
2182 5699 2322 5770 unde

766 5779 901 5832 banc
924 5772 1312 5844 supposititiam
1341 5769 1681 5841 pronuntiare
1710 5772 1864 5824 liceat
1899 5788 1909 5822 :
1941 5772 2036 5823 etsi
2061 5769 2197 5824 forte
2228 5769 2321 5822 ali-

2427 622 2588 677 super
2629 622 2752 661 eum
2780 609 2926 676 lepra
2954 607 3195 674 Naaman
3219 607 3348 675 Siri,
3395 610 4000 680 excommunicatusque

2427 712 2458 750 a
2487 707 2669 752 sancta
2699 698 2963 753 efficiatur
2979 697 3216 754 Ecclesia
3239 699 3527 765 catholica,
3547 708 3601 755 et
3616 700 3994 756 nichilemiuus

2428 787 2532 842 hoc
2561 787 2894 856 privilegium
2926 791 3200 857 perpetuis
3223 791 3554 858 temporibus
3579 799 3800 847 maneat
3825 792 3996 847 incor-

2429 883 2663 944 ruptum.
2697 875 2812 940 Que
2861 877 3174 932 constitutio
3207 888 3410 942 nostra,
3442 887 3500 932 ut
3537 880 3701 934 firmis
3745 880 3999 936 subsistat

2429 967 2719 1036 vigoribus,
2750 982 2942 1020 manus
2979 977 3161 1023 nostre
3190 970 3673 1038 subscriptionibus
3697 978 3784 1024 est
3828 971 3998 1026 robo-

2429 1067 2582 1123 rata;
2612 1066 2689 1122 et,
2722 1066 2781 1112 ut
2807 1057 3016 1126 plenius
3045 1057 3414 1122 confirmetur,
3445 1061 3638 1114 ceteris
3665 1059 3922 1116 fratribus
3944 1068 3999 1115 et

2429 1146 2766 1215 coepiscopis
2785 1146 2873 1214 qui
2896 1146 2965 1198 ad
2997 1162 3218 1214 presens
3241 1163 3349 1203 non
3378 1148 3591 1203 fuerunt
3614 1148 3999 1205 destinavimus

2431 1239 2650 1307 insuper
2674 1238 3052 1294 roborandam.
3100 1242 3290 1295 Actum
3341 1240 3543 1306 Remis,
3591 1242 3823 1311 publice.
3873 1243 3998 1297 Data

2432 1343 2590 1394 quem
2643 1325 2770 1382 fecit
2820 1343 3004 1383 mense
3055 1329 3273 1401 [Duc/1.,
3303 1331 3523 1400 mensis]
3571 1331 3728 1387 Febr.
3775 1332 3866 1388 die
3915 1349 3999 1397 xv,

2431 1436 2574 1474 anno
2598 1421 2836 1475 secundo
2865 1421 3085 1489 gloriosi
3106 1422 3287 1476 domni
3309 1423 3478 1476 nostri
3503 1420 3759 1478 Clodovei
3790 1423 3932 1492 regis
3955 1433 3999 1476 ιι.

3100 1510 3337 1566 XXXIV.

2429 1599 2620 1674 Charta
2644 1620 2745 1670 qua
2792 1604 3116 1673 Aigliberms,
3159 1603 3560 1658 Cenomanensis
3596 1604 3890 1674 cpiscopus,
3916 1606 4001 1656 dc-

2501 1673 2659 1724 cimas
2714 1675 3052 1741 quarumdam
3099 1675 3340 1726 villorum
3400 1675 3633 1726 concedit
3691 1676 4000 1729 monasterio

2502 1753 2691 1794 sancta
2721 1742 2906 1795 Maria:
2938 1744 2962 1780 δ
2994 1745 3139 1810 (mm.
3171 1742 3320 1809 699.).

2505 1831 2560 1883 ln
2595 1831 2686 1884 Dei
2731 1833 2948 1884 nomine
2976 1832 3323 1896 Aiglibertus,
3370 1831 3654 1901 episcopus
3681 1831 3735 1886 in
3768 1830 3979 1886 Christo

2431 1931 2630 1975 sancta:
2657 1920 2910 1976 Ecclesia:
2950 1922 3071 1975 liliis
3108 1921 3358 1976 omnibus
3387 1921 3781 1990 agentibusvel
3831 1923 3997 1976 missis

2431 2012 2854 2066 discurrentibus
2882 2012 2949 2066 de
2979 2012 3118 2066 villis
3162 2023 3364 2067 sanctae
3394 2010 3648 2066 Ecclesia:
3695 2012 3760 2066 de
3804 2011 3996 2067 Media-

2431 2105 2640 2172 quinta,
2675 2102 2905 2168 Trition,
2940 2103 3216 2169 Alnetum,
3248 2103 3428 2167 Betas,
3459 2102 3641 2173 Longa
3672 2103 3844 2171 Aqua,
3873 2103 3982 2157 Luc

2433 2196 2602 2262 duno,
2625 2195 2865 2256 Geueda,
2912 2193 3202 2248 medietate
3225 2193 3293 2246 de
3323 2193 3609 2258 Tredente,
3643 2201 3699 2246 et
3733 2192 4000 2256 Vithlena,

2430 2293 2488 2339 et
2532 2284 2876 2338 Tauriniaco.
2912 2284 3263 2352 Cognoscatis
3308 2284 3452 2352 quod
3499 2300 3599 2339 nos
3643 2286 4000 2339 concessimus

2431 2375 2759 2428 monasterio
2810 2373 3024 2428 Sanctae
3069 2373 3265 2437 Mariae,
3318 2374 3404 2426 ubi
3469 2372 3582 2426 Deo
3638 2383 3850 2427 sacrata
3891 2373 4001 2425 Ada

2429 2466 2699 2521 abbatissa
2725 2481 2956 2534 praeesse
2984 2466 3216 2528 videtur,
3246 2481 3435 2520 omnes
3457 2466 3693 2520 decimas
3720 2464 3789 2520 de
3817 2481 3977 2535 supra

2425 2556 2641 2625 scriptis
2667 2555 2886 2618 villulis,
2921 2565 3029 2610 tam
3058 2557 3126 2611 de
3162 2557 3411 2619 annonis,
3445 2571 3607 2625 quam
3659 2557 3891 2623 agrario,
3920 2558 4000 2609 vi-

2428 2663 2578 2712 num,
2601 2647 2805 2714 fenum,
2848 2648 3093 2702 omnium
3125 2648 3427 2716 pecudium,
3459 2661 3554 2701 seu
3587 2647 3895 2713 furmatico,
3922 2649 4002 2702 vel

2433 2738 2810 2806 undecumque
2849 2738 3086 2792 decimas
3133 2738 3446 2805 redebetur,
3478 2747 3648 2794 totum
3677 2746 3734 2792 et
3760 2738 3828 2793 ad
3869 2739 3995 2795 inte

2430 2839 2604 2894 grum,
2636 2827 2708 2904 ad
2734 2829 2852 2895 ipso
2893 2827 3222 2882 monasterio
3246 2842 3526 2882 censemus
3567 2826 3918 2895 etjubemus,
3947 2837 4002 2881 ut

2425 2914 2631 2983 absque
2659 2915 2763 2968 ulla
2796 2916 3056 2970 dilatione
3084 2916 3151 2969 ad
3191 2916 3385 2971 missos
3414 2916 3583 2986 ipsius
3611 2916 3742 2972 dare
3771 2914 4003 2981 faciatis,

2429 3014 2502 3068 et,
2535 3014 2593 3058 ut
2625 3004 2879 3068 diximus,
2909 3005 3080 3073 ipsam
3131 3004 3396 3060 decimam
3448 3007 3592 3061 omni
3631 3014 3878 3075 tempore
3904 3008 4000 3077 ipsi

2431 3093 2760 3148 monasterio
2791 3094 2988 3149 habeat
3016 3109 3354 3148 concessum.
3387 3092 3472 3158 Et,
3506 3102 3566 3147 ut
3590 3095 3792 3150 certius
3817 3097 4002 3150 creda-

2351 3166 2397 3227 C
2431 3189 2696 3253 tis,mauu
2732 3196 2914 3238 nostra
2959 3184 3496 3239 subterfirmavimus.
3529 3185 3721 3240 Datum
3759 3185 3878 3240 dies
3907 3202 4003 3239 no-

2423 3291 2542 3330 vem
2572 3275 2718 3345 quod
2749 3275 2875 3329 fecit
2904 3275 3102 3328 mensis
3129 3273 3320 3338 Julius,
3349 3275 3401 3328 in
3439 3289 3580 3328 anno
3609 3290 3646 3327 tt
3675 3274 3826 3341 regni
3850 3275 4004 3329 dom-

2426 3368 2478 3421 ni
2507 3367 2767 3422 Clodovei
2791 3367 2952 3434 regis.
2984 3364 3042 3421 In
3069 3366 3265 3420 Christi
3300 3369 3518 3421 nomine
3559 3365 3912 3438 Aiglibertus,
3937 3383 4000 3421 ac

2365 3471 2370 3474 '
2425 3461 2469 3513 si
2499 3469 2750 3527 peccator
2776 3459 3079 3529 episcopus,
3109 3458 3419 3527 subscripsi.

3097 3544 3312 3599 XXXV.

2427 3637 2762 3709 Pririlegium
2791 3639 2854 3690 ab
2878 3640 2910 3688 Α
2923 3638 3136 3708 gerado,
3165 3637 3471 3691 Carnoleusi
3488 3641 3748 3704 cpisropo,
3780 3657 4001 3696 conces-

2494 3727 2604 3781 sum
2633 3711 2838 3781 cuidem
2861 3711 3171 3781 monasterio
3199 3719 3389 3781 cuncta:
3419 3709 3605 3763 Mane
3627 3711 3824 3776 dicato,
3847 3729 3999 3781 super

2496 3780 2704 3846 ﬂauum
2735 3777 2962 3847 Ligerim
2986 3789 3008 3817 ο
3043 3779 3130 3844 (an
3153 3797 3188 3830 ι.
3219 3776 3370 3845 696).

2427 3957 2547 3994 cum
2587 3955 2853 3994 consensu
2904 3939 3013 3994 filio
3041 3955 3140 3993 suo
3180 3939 3378 3992 domno
3425 3939 3689 4006 Deodato,
3725 3943 4002 4010 quondam

2427 4033 2753 4087 autecessori
2797 4040 3006 4096 nostro,
3058 4030 3226 4100 ipsius
3257 4031 3403 4085 urbis
3430 4037 3706 4100 episcopo,
3737 4040 3793 4087 et
3835 4034 4002 4102 pluri-

2421 4249 2582 4301 quam
2611 4233 2972 4302 suspicionem
3000 4230 3241 4298 injiciant
3259 4229 3484 4285 decima:
3509 4230 3611 4284 hac
3631 4237 3788 4284 aetate
3817 4246 4000 4286 mona-

2422 4305 2600 4358 steriis
2628 4318 2918 4358 concessa).

2499 4385 2520 4412 ε
2562 4373 2803 4426 Mutilum
2831 4371 2984 4424 valde
3015 4370 3424 4423 instrumentum
3453 4369 3904 4436 deprompserunt
3930 4386 4000 4426 ex

2422 4443 2754 4510 autographo
2785 4439 3464 4510 Sandionysiano_(nuncin
3488 4439 3720 4510 Archin
3746 4441 3919 4510 regni,
3939 4457 3997 4503 ι,

2347 4507 2395 4565 D
2419 4505 2582 4571 scriu'.
2625 4505 2681 4578 5)
2710 4505 3066 4572 Mabillouius,
3099 4509 3166 4562 de
3193 4507 3271 4561 Re
3300 4507 3428 4575 dipl.
3463 4505 3736 4578 pag._478,
3766 4505 3827 4578 et
3855 4509 3998 4564 Feli-

2425 4586 2634 4640 bianus.
2667 4576 2799 4642 Hist.
2829 4578 2953 4631 abb.
2985 4579 3041 4632 S.
3078 4579 3228 4631 Dion.
3262 4578 3416 4646 prob.
3441 4591 3560 4647 pag.
3587 4576 3674 4630 16.
3699 4577 3776 4630 Ad
3807 4593 3996 4633 exem-

2425 4656 2569 4725 plum
2598 4649 2886 4725 blabillouii
2918 4649 3044 4725 illud
3074 4647 3377 4725 ret-Audimus
3404 4650 3425 4725 .(
3441 4662 3580 4724 nova
3611 4649 3997 4725 recognitione

2425 4716 2492 4777 ab
2522 4724 2582 4774 A.
2613 4721 2803 4774 'l‘eulet
2829 4719 3112 4785 instituta).
3143 4716 3271 4781 Qum
3297 4716 3445 4769 uncis
3497 4718 3548 4769 in
3605 4724 3753 4768 textu
3793 4716 3994 4770 inclusa

2424 4802 2548 4846 sunt
2573 4791 2823 4844 videntur
2844 4804 2873 4840 a
2896 4787 3202 4841 Mabillonio
3232 4785 3434 4847 addita,
3457 4785 3522 4838 ad
3547 4785 3766 4838 lacunas
3784 4787 3993 4854 aliquas

2424 4861 2733 4931 explendas.
2768 4859 3039 4931 Age‘radus
3065 4872 3124 4909 se
3151 4862 3421 4908 auctorem
3467 4854 3732 4931 privilegii
3759 4855 3990 4931 _in_sub1

2424 4921 2708 4986 scribendo
2771 4921 3068 4995 profitetur,
3116 4933 3171 4978 et
3215 4921 3578 4995 successorem
3627 4921 3873 4995 Deodati,
3903 4926 3991 4991 qui

2425 5001 2520 5054 fuit
2543 4991 2886 5052 Cat'note'usis
2907 4991 3211 5063 episeOpus.
3268 4991 3544 5056 Quodnam
3599 4992 3991 5063 autem_fuerit

2424 5070 2805 5124 monasterium
2837 5067 2920 5118 cui
2943 5060 3281 5131 privilegium
3306 5076 3616 5131 concessum
3665 5069 3766 5131 est,
3799 5060 3994 5114 Mabil-

2423 5141 2616 5201 Ionius,
2652 5137 2843 5191 Annal.
2877 5144 2914 5186 t.
2949 5129 2987 5193 I,
3021 5129 3277 5201 pag—805
3305 5141 3360 5183 et
3382 5129 3504 5201 606,
3529 5130 3991 5201 [rustrainquirih

2422 5199 2622 5263 Saltem
2651 5206 2842 5273 conjici
2872 5199 3048 5272 potest
3071 5203 3204 5273 illud,
3233 5200 3392 5273 fuisse
3421 5199 3478 5253 S.
3501 5199 3761 5273 bionysii
3803 5215 3995 5273 mona-

2423 5279 2586 5332 sterio
2611 5268 2937 5342 subjectum;
2971 5286 3092 5325 cum
3115 5271 3264 5342 enim
3288 5269 3411 5342 huic
3433 5268 3712 5342 privilegio
3753 5269 3897 5342 subst
3916 5271 3989 5321 ri-

2423 5349 2552 5401 hant
2578 5337 2809 5412 episcopi
2825 5343 3058 5412 plurimi,
3077 5341 3237 5412 abbas
3255 5337 3988 5412 unicus’subscribiﬁtChaino,

2423 5419 2512 5486 qui
2543 5405 2861 5486 SQDion'ysii
2892 5410 3374 5486 monasteriotunc
3402 5415 3643 5486 praeerat.
3693 5405 3993 5486 Chrotcba-

2425 5475 2533 5540 rius
2562 5494 2738 5538 autem
2762 5475 3018 5536 diaconus
3049 5479 3168 5532 inde
3192 5478 3399 5531 videtur
3419 5476 3682 5531 coloniam
3709 5475 3992 5530 monacho-

2424 5572 2540 5610 rum
2575 5555 2857 5608 deduxisse
2895 5554 2947 5603 in
2979 5546 3360 5615 monasterium
3406 5547 3571 5615 quod_
3598 5543 3881 5615 privilegio
3925 5546 3990 5596 ab

2425 5625 2670 5695 Agerado
2697 5632 2936 5695 ornatur,
2987 5628 3044 5672 ut
3072 5617 3287 5695 conjicit
3315 5614 3511 5695 blabill.
3532 5613 3613 5695 _de
3635 5613 3719 5695 lie
3763 5613 3988 5695 diplom.

2423 5683 2543 5764 pa'g.
2576 5693 2698 5746 479.
2731 5691 3013 5764 Specitnne‘n
3051 5683 3254 5742 charta!
3274 5685 3366 5740 arri
3407 5683 3742 5740 incidendum
3786 5683 3994 5738 curavit

2426 5757 2562 5818 Mz-‘h.
2589 5764 2712 5826 ibid,
2748 5757 2865 5830 pag.
2893 5757 3014 5813 582.
