4206 6548
229 419 370 474 l229

979 415 1409 471 DONATIONES
1453 417 1538 468 AC
1581 413 2045 469 TESTMlliNTA
2091 414 2328 480 ἤνιδε,
2375 414 2552 481 ABB.,
2601 415 2748 469 ETC.

3359 416 3493 472 {230

225 539 438 580 morum
484 524 806 595 pontelicum
847 523 933 577 vel
958 524 1320 587 sacerdotum,
1356 524 1572 575 amante
1600 523 1802 574 Sancto
1844 546 1886 602 Α
1914 524 2061 576 salvo
2094 537 2277 576 eorum
2311 527 2624 593 privilegio,
2657 527 2722 580 ad
2765 541 2952 597 pacem
2986 536 3222 582 revocet.
3258 528 3386 581 Illud
3419 533 3500 584 eis

223 615 455 684 Spiritu,
489 630 646 668 sacro
699 613 1020 668 monastirio
1059 614 1110 666 in
1140 629 1254 666 rem
1297 613 1643 681 proprietatis
1681 627 1809 665 suae

225 709 276 762 in
325 708 448 761 loco
481 714 973 775 nuncupante......
1018 706 1153 760 inl‘ia
1185 707 1301 774 ipso
1334 723 1487 759 muro
1516 722 1680 776 super
1710 705 1811 760 lluo

223 801 370 854 vium
425 798 685 864 Legieris,
737 798 787 850 in
834 798 1040 850 honore
1085 808 1305 851 sanctae
1346 797 1545 851 Mariae
1598 813 1811 865 semper

223 892 448 959 virginis
472 891 554 943 vel
577 901 883 944 ceterorum
915 897 1226 942 sanctorum
1258 905 1354 941 suo
1385 903 1549 956 opere
1568 887 1812 940 aedilica-

223 985 323 1044 vit,
382 992 438 1034 et
470 983 538 1035 de
595 981 759 1034 relms
795 979 908 1033 suis
938 979 1149 1041 ditavit,
1185 987 1239 1031 et
1291 978 1464 1047 ipsum
1522 979 1811 1031 venerabili

221 1076 343 1126 viro
367 1072 736 1126 Cltrotcbario
763 1070 997 1124 diacono
1035 1085 1130 1137 per
1160 1085 1314 1123 suam
1338 1069 1808 1140 [epistolam]......

222 1165 487 1225 ﬁrmavit,
521 1172 580 1215 ut
606 1163 802 1216 ibidem
833 1162 1130 1216 monachus
1158 1162 1247 1230 qui
1275 1163 1374 1214 sub
1410 1170 1596 1215 sancto
1627 1159 1815 1214 ordine

220 1257 334 1309 vita
367 1255 603 1308 tbeorica
632 1254 730 1307 sub
758 1252 947 1308 ordine
977 1252 1313 1307 caenubitale
1326 1251 1569 1318 degentis
1590 1265 1810 1305 conver-

218 1361 349 1399 sare
395 1344 674 1410 diberent,
723 1344 916 1396 ibidem
975 1343 1323 1396 iutromittire
1364 1342 1577 1404 diberit,
1621 1353 1675 1394 et
1719 1340 1813 1409 ipsi

221 1437 346 1506 ipso
370 1437 684 1490 monastirio
712 1436 763 1488 in
793 1450 928 1488 onus
955 1436 1078 1490 abb.
1124 1475 1136 1487 .
1180 1475 1196 1488 .
1241 1474 1255 1488 .
1298 1473 1314 1488 .
1349 1434 1422 1487 vit
1451 1434 1538 1487 cui
1568 1434 1736 1502 ipsum
1758 1448 1815 1485 se

221 1531 496 1582 viventem
525 1528 624 1582 sub
653 1542 711 1581 sc
741 1535 834 1579 aut
863 1536 983 1596 post
1008 1542 1160 1579 suum
1190 1528 1482 1580 discessum
1507 1525 1811 1578 instituerit.

221 1617 313 1682 Et,
346 1617 472 1672 dum
504 1633 603 1672 nos
634 1617 805 1686 ipsum
839 1616 1242 1670 devotissimum
1293 1619 1343 1669 in
1391 1618 1496 1670 hoc
1542 1633 1678 1684 opus
1709 1615 1814 1665 Do-

220 1711 375 1765 mino
405 1709 665 1764 famulare
695 1709 1084 1778 perspeximus,
1110 1707 1233 1761 ideo
1265 1709 1540 1761 voluntate
1571 1707 1814 1774 plenissi-

219 1815 312 1852 ma
343 1800 447 1854 hoc
473 1806 874 1853 sacrosanctum
907 1799 1265 1866 privilegium,
1301 1813 1402 1850 una
1435 1813 1555 1849 cum
1588 1812 1816 1849 consen-

1915 626 2029 679 pre.
2074 649 2090 664 .
2133 650 2147 664 .
2191 651 2205 664 .
2230 615 2523 669 auctoritas
2556 627 2736 670 nostra
2768 618 3104 685 pontelicalis
3125 623 3412 685 concessit,
3438 631 3492 675 ut

1915 699 2087 753 nullus
2119 700 2184 754 de
2227 706 2630 760 successoribus
2670 709 2884 770 nostris,
2929 726 3026 762 nec
3063 711 3494 776 archidiaconus,

1917 805 2013 842 nec
2045 792 2442 846 vicem-domini
2462 835 2474 855 ,
2508 809 2605 848 nec
2635 798 2780 850 missi
2813 799 2991 853 clerici
3023 801 3104 854 vel
3141 801 3261 856 laici
3289 802 3496 856 discur—

1917 882 2082 934 rentis
2107 884 2155 935 in
2186 883 2350 950 ipsius
2374 887 2690 939 monastirii.
2725 925 2741 939 .
2786 929 2802 940 .
2846 928 2860 941 .
2889 906 3068 954 erens,
3091 908 3154 945 ex
3176 893 3496 946 'conlacione

1915 969 1941 1005 ι»
1975 972 2275 1038 praedictae
2300 974 2696 1029 Adreberctane
2727 987 2772 1043 ε,
2807 979 2977 1033 tenire
2999 983 3082 1034 vel
3109 982 3384 1037 dominare
3414 985 3493 1036 vi-

1915 1065 2131 1126 dentur,
2164 1077 2257 1119 aut
2279 1084 2336 1122 se
2359 1070 2532 1124 adhuc
2552 1070 2764 1124 inantea
2788 1074 2854 1124 ad
2879 1071 2985 1125 Deo
3015 1073 3335 1130 timentebus
3355 1092 3492 1130 cnn-

1918 1155 2084 1207 latum
2116 1155 2300 1218 fuerit,
2335 1174 2432 1211 nec
2462 1159 2530 1212 ad
2560 1176 2748 1214 causas
2777 1161 3120 1226 audiendum,
3151 1178 3251 1218 nec
3277 1167 3498 1235 exigen-

1915 1246 2060 1308 dum,
2117 1262 2216 1299 nec
2261 1248 2572 1310 mansionis,
2625 1261 2716 1304 aut
2770 1262 2950 1319 pastus
2993 1262 3086 1306 aut
3131 1265 3363 1323 paratas,
3412 1260 3498 1310 vel

1916 1339 2205 1405 quemlibet
2231 1340 2678 1394 reddebuciouem
2703 1348 3122 1410 requerendum,
3142 1364 3241 1402 nec
3262 1349 3499 1403 hoininis

1919 1430 2081 1496 ipsius
2114 1431 2551 1498 distringetnlum,
2588 1450 2685 1488 nec
2714 1435 2777 1488 de
2809 1437 2965 1489 rebus
2994 1453 3180 1493 eorum
3210 1441 3494 1507 quicquam

1919 1521 2284 1586 tninuatnlum,
2318 1524 2572 1592 [penitus]
2605 1541 2708 1576 non
2744 1537 3050 1591 praesumat
3078 1529 3281 1582 habere
3307 1530 3499 1597 ingrcs-

1918 1627 2055 1674 sum,
2089 1612 2180 1662 sed
2210 1613 2310 1662 sub
2347 1615 2580 1678 regimen
2631 1618 2791 1682 ipsius
2821 1617 3000 1669 abbati
3033 1627 3123 1670 aut
3166 1624 3498 1674 successori-

1920 1701 2016 1753 bus
2048 1701 2182 1767 ejus,
2215 1703 2392 1753 omnia
2424 1720 2471 1754 tu
2503 1703 2591 1755 Del
2626 1720 2854 1759 notnene
2883 1711 3197 1761 consistant.
3231 1709 3295 1763 Et
3323 1713 3494 1765 taltct

1922 1807 2014 1855 per
2045 1792 2145 1844 ltoc
2177 1793 2506 1859 privilegium
2538 1797 2841 1858 sanxitnus,
2878 1808 2934 1850 ut
2963 1800 3308 1866 perhenniter
3358 1812 3498 1856 teut-

215 1907 339 1946 sum
402 1890 627 1944 [fall-ur"
685 1902 994 1944 ηοειιυυιυυιη
1051 1901 1106 1942 ει
1170 1889 1450 1943 consilium
1505 1891 1771 1941 seniurum
1800 1931 1812 1951 ν
1855 1926 1892 1982 Β
1921 1883 2138 1947 poribus
2168 1887 2547 1948 lll‘ﬂCSC‘lllt‘llllS
2586 1902 2646 1938 30
2679 1889 2867 1940 lltllll'lS
2907 1890 2958 1941 ll'l
3111 1907 3338 1945 nomene
3367 1912 3497 1946 (:(lll~

218 1981 541 2036 indulsimus
591 1981 768 2033 taliter
827 1990 884 2032 ιιι
941 1981 1084 2034 liciat
1138 1990 1354 2033 sanctae
1408 1980 1812 2046 congregacioni

215 2087 500 2128 servorum
533 2071 627 2124 Dei
662 2072 712 2124 iu
747 2072 860 2138 ipso
893 2072 1203 2125 tnonastit'io
1233 2071 1604 2134 constitutum,
1632 2072 1812 2137 quieto

215 2161 433 2225 ordine,
485 2160 602 2213 sine
639 2161 950 2227 optes-sione
1000 2159 1286 2226 cujuslibet
1335 2162 1677 2226 pontclicuut,
1734 2160 1815 2211 vel

215 2251 536 2305 Carooteno
583 2251 728 2304 urbis
777 2251 1067 2318 episcopo,
1099 2265 1192 2302 seu
1232 2259 1288 2303 et
1332 2250 1670 2311 clericorum,
1702 2249 1817 2301 sine

217 2341 518 2395 insolencia
561 2341 820 2406 juveuuut
869 2340 1259 2401 saecularium,
1299 2341 1468 2406 quieti
1516 2339 1713 2402 vivire;
1761 2347 1815 2388 ιιι

216 2431 402 2486 nullus
428 2432 695 2494 convivia,
725 2447 824 2483 nec
852 2430 1160 2490 mansionis,
1187 2444 1284 2483 nec
1314 2437 1548 2496 paratas,
1575 2444 1673 2480 nec
1697 2445 1807 2478 inu-

216 2539 352 2576 nera
401 2523 717 2590 expedenda
769 2538 874 2574 non
925 2523 1312 2589 pertimiscant.
1360 2519 1463 2590 [Et
1491 2521 1567 2589 si]
1602 2519 1666 2571 ab
1702 2520 1815 2586 ipso

217 2615 422 2667 abbate
469 2611 666 2681 pontel‘.
689 2629 720 2665 x
749 2611 1096 2666 Carnotensis
1126 2627 1222 2679 pro
1251 2628 1436 2664 eorum
1468 2612 1699 2664 utilitate
1734 2612 1780 2662 in

218 2705 424 2755 vitatus
452 2702 642 2761 fuerit,
675 2702 790 2754 sine
820 2701 926 2753 ulla
968 2701 1284 2754 atnbicionis
1322 2716 1481 2754 causa
1517 2701 1602 2754 vel
1631 2701 1815 2752 fraude

214 2793 428 2848 accidat
457 2793 523 2844 ad
568 2792 825 2845 ecclesias
869 2792 1285 2850 consecrandas.
1318 2800 1371 2842 et
1401 2792 1564 2843 abbas
1594 2792 1813 2843 benedi-

213 2883 445 2945 cendus,
476 2883 561 2935 vel
589 2881 779 2934 altaria
808 2897 903 2934 seu
931 2882 1255 2949 presbiteros
1286 2880 1419 2950 [aut]
1447 2882 1703 2934 diaconus
1734 2884 1813 2933 Vel

217 2975 464 3043 reliquos
486 2973 684 3042 gradus
712 2972 1074 3039 ordenandus,
1101 2975 1216 3026 sine
1243 2975 1462 3026 obtento
1491 2988 1688 3040 pravae
1720 2989 1814 3024 cu-

217 3066 462 3135 piditatis
491 3064 667 3119 tradat
695 3064 1082 3118 benedicionis.
1117 3062 1180 3114 Et
1209 3063 1350 3115 sicut
1377 3063 1538 3115 babet
1585 3064 1812 3114 humana

216 3161 506 3229 fragilitas,
532 3175 591 3214 se
622 3159 721 3227 ipsi
752 3160 889 3211 abba
914 3157 1322 3218 Cltrotcliarius,
1355 3166 1447 3209 aut
1477 3158 1561 3210 cui
1596 3157 1689 3223 ipsi
1717 3159 1814 3208 ibi-

1921 1973 2167 2024 servitur.
2193 1977 2275 2035 lit,
2306 1976 2442 2026 sicut
2476 1978 2651 2028 taliter
2676 1979 3162 2036 solet,stimulante
3186 1982 3497 2035 adversario

1924 2075 2014 2124 per
2044 2060 2218 2127 aliqua
2255 2064 2612 2117 lcmcriditate
2643 2075 2734 2116 aut
2764 2067 3034 2120 cdiditate
3073 2069 3140 2122 de
3173 2075 3495 2124 successori-

1921 2150 2016 2201 bus
2069 2152 2285 2215 nostris,
2321 2153 2499 2222 {sicut}
2533 2155 2708 2220 uiutpe
2753 2157 2890 2207 solet
2935 2158 3142 2211 utalicia
3185 2161 3496 2229 praepedite

1920 2244 2095 2307 bonis,
2127 2245 2227 2296 hoc
2259 2246 2557 2312 privilegio,
2589 2262 2725 2314 quae
2757 2263 2852 2300 nos
2883 2264 2980 2316 pro
3025 2249 3204 2305 divino
3248 2266 3494 2318 reSpecto

1922 2345 1976 2386 ιιι
2025 2352 2116 2400 pro
2152 2337 2510 2402 tarticipanda
2552 2339 2802 2390 conmuni
2850 2355 3217 2396 successorqu
3270 2345 3494 2399 fratrum

1921 2426 2205 2477 ntercidem
2236 2427 2462 2478 absurde
2493 2443 2587 2494 per
2617 2444 2773 2494 prava
2805 2432 3024 2484 consilia
3057 2433 3323 2499 inlexerit,
3352 2447 3406 2490 et
3431 2444 3498 2492 ad

1921 2515 2117 2566 molem
2145 2515 2432 2579 impietatis
2461 2517 2796 2584 iudulgencia
2823 2531 2999 2574 nostra
3022 2525 3218 2577 omissa
3236 2527 3499 2593 religione

1925 2603 2108 2655 violari
2138 2614 2230 2655 aut
2264 2604 2542 2669 depravari
2574 2608 2655 2658 vel
2690 2613 3029 2677 conrumpire
3068 2613 3284 2670 adnisus
3315 2616 3496 2682 fuerit,

1923 2710 2025 2745 non
2066 2697 2237 2747 solum
2271 2696 2357 2749 llic
2389 2697 2439 2748 itt
2471 2699 2851 2770 COIIltiltmtltla}
2901 2701 3238 2772 [secundjum
3293 2716 3493 2762 statura

1920 2800 2184 2837 canonum
2212 2788 2509 2854 scntencia,
2537 2788 2602 2840 de
2635 2790 2844 2856 objecto
2876 2796 3235 2851 etnmanitatis
3261 2800 3497 2853 crintcne

1921 2875 2169 2936 feriatur,
2203 2880 2293 2929 sed
2324 2881 2481 2931 etiam
2514 2881 2564 2931 in
2598 2881 2832 2933 futurum
2865 2894 2989 2937 ante
3023 2888 3250 2941 tribunal
3279 2902 3497 2947 aeterne

1915 2964 2110 3031 judicis
2140 2981 2233 3018 seu
2266 2968 2572 3034 angelorum
2602 2969 3019 3026 vel-sanctorum
3054 2975 3348 3049 [omnium]
3369 3020 3383 3043 ,
3416 2981 3494 3033 ul-

1921 3056 2075 3108 cione
2103 3057 2312 3110 divinae
2344 3059 2394 3111 in
2425 3060 2806 3126 praecipicium
2853 3065 3238 3122 condemnetur
3268 3073 3498 3126 acculei.

1925 3146 2006 3208 Et,
2040 3149 2162 3200 dum
2190 3152 2499 3202 extremitas
2528 3163 2707 3204 nostra
2739 3169 2899 3220 saepe
2924 3168 3209 3211 nomenato
3239 3164 3497 3217 monasti-

211 3254 346 3308 dem
376 3249 739 3305 intromissum
770 3258 807 3301 t.
853 3287 868 3300 .
913 3289 926 3301 .
971 3285 986 3300 .
1029 3288 1044 3299 .
1092 3287 1104 3298 .
1131 3248 1378 3300 abbatem
1413 3247 1723 3305 instituerit,
1748 3246 1811 3296 ab
1846 3271 1886 3329 C
1922 3237 2000 3288 rio
2031 3238 2128 3289 sub
2157 3237 2276 3302 Χιιο
2310 3241 2474 3291 cultui
2508 3240 2794 3294 admodum
2826 3243 2877 3296 in
2908 3253 3091 3297 sancta
3123 3248 3229 3301 vita
3266 3264 3496 3306 conver-

213 3359 282 3396 ac
320 3342 497 3394 lucem
529 3339 856 3406 migraverit,
891 3338 1003 3406 ipsa
1033 3348 1219 3390 sancta
1247 3338 1598 3403 congregacio
1627 3351 1813 3388 servo-

215 3448 341 3485 rum
368 3431 460 3484 Dei
494 3431 545 3482 in
578 3429 944 3494 suprascripto
972 3429 1204 3482 conubio
1231 3429 1492 3487 instituta,
1522 3428 1587 3480 de
1617 3436 1813 3479 semet-

215 3526 369 3589 ipsos
415 3521 480 3574 ad
528 3518 978 3587 gubernacionem
1031 3517 1348 3581 tnouastirii,
1385 3526 1439 3570 et
1475 3518 1681 3569 animas
1724 3533 1810 3568 re-

211 3611 452 3680 gendas,
487 3611 644 3664 liceat
672 3611 746 3663 eis
778 3607 984 3679 [talenti
1015 3609 1429 3676 gubernatorem
1472 3609 1688 3675 clegire,
1723 3608 1810 3675 qui

212 3703 462 3755 honestis
491 3701 730 3754 moribus
755 3700 841 3762 sit,
875 3714 978 3753 non
1004 3699 1378 3764 generositatis
1407 3699 1688 3760 nobilium,
1717 3700 1808 3750 sed

165 3863 175 3869 _
215 3796 272 3846 in
309 3793 402 3845 Dei
442 3807 628 3844 amore
656 3790 1042 3858 expergencius
1083 3799 1244 3855 atque
1272 3789 1516 3854 sagacius
1545 3789 1807 3851 inbutum,

212 3893 273 3940 et
303 3885 402 3937 sub
429 3892 676 3936 sanetam
707 3882 945 3948 regulam
981 3881 1363 3936 oboedienciae
1404 3890 1611 3950 patrem
1656 3882 1810 3936 insti-

211 3983 378 4031 tuere
406 3971 812 4046 [concedentes]
841 3972 1186 4032 decrivimus,
1217 3973 1404 4041 eisque
1448 3976 1809 4028 concessimus

212 4076 280 4124 ut
310 4068 456 4120 nullo
485 4067 645 4118 modo
675 4065 777 4119 boc
805 4080 1015 4119 sacrum
1049 4065 1384 4134 privilegium
1416 4080 1444 4118 a
1475 4067 1809 4118 successori-

215 4161 322 4214 bus
351 4159 550 4213 nostris
577 4157 648 4210 sit
677 4158 949 4224 inruptum
968 4198 984 4222 ,
1014 4157 1107 4212 sed
1139 4172 1231 4222 per
1259 4158 1440 4210 omnia
1469 4165 1522 4208 et
1555 4159 1604 4208 in
1630 4159 1805 4210 omni-

214 4251 321 4306 bus
339 4249 678 4304 conservitur
705 4251 752 4300 ⁴¹.
786 4246 870 4304 Et.
901 4247 945 4298 si
974 4245 1244 4310 scandala,
1269 4245 1410 4312 quod
1445 4246 1606 4316 [absit
1630 4254 1686 4298 et
1714 4247 1810 4297 mi-

214 4340 382 4412 nime]
411 4340 681 4394 credimus
713 4338 820 4393 Deo
849 4337 1137 4404 adiuvante
1165 4339 1307 4406 quod
1340 4338 1454 4402 liat,
1487 4339 1537 4391 in
1565 4338 1809 4406 supradi-

211 4440 311 4484 cto
357 4429 678 4483 monastirio
720 4427 1069 4490 surrexerint,
1113 4437 1165 4481 et
1213 4428 1311 4495 ipsi
1349 4428 1513 4480 abbas
1546 4443 1666 4480 cum
1713 4443 1808 4480 sua

1921 3343 2073 3391 sarc,
2105 3327 2476 3401 [colgnicione
2507 3333 2746 3386 veritatis
2776 3335 3090 3400 regulariter
3117 3338 3168 3390 in
3200 3339 3295 3394 Dei
3325 3342 3496 3400 laudis

1922 3421 2261 3482 meditantes,
2291 3439 2499 3475 summo
2524 3423 2786 3477 desiderio
2810 3425 3113 3480 desiderare
3143 3430 3490 3500 inspeximus,

1922 3510 1990 3561 ita
2022 3511 2274 3577 deinceps
2317 3515 2599 3567 solericius
2647 3524 2804 3580 atque
2837 3519 3097 3571 curiosius
3126 3521 3249 3575 dum
3279 3539 3308 3576 a
3342 3528 3497 3580 nobis

1918 3604 2095 3654 omnia
2127 3603 2403 3673 [subsidia]
2435 3603 2697 3671 feruntur,
2726 3606 2823 3673 Xpi
2854 3608 3143 3663 clemeucia
3168 3613 3497 3680 inploramus

1919 3704 1974 3747 ut
2004 3710 2214 3760 semper
2241 3697 2407 3764 magis
2436 3712 2496 3750 ac
2525 3701 2690 3765 magis
2719 3699 2769 3752 iit
2796 3700 2886 3753 Dei
2917 3717 3102 3756 amore
3145 3705 3492 3774 prolicientis,

1919 3788 2156 3840 accensis
2183 3788 2514 3852 lampatebus
2539 3799 2754 3842 aeterna
2781 3792 2884 3842 vita
2916 3793 3284 3861 perfruantur,
3317 3802 3495 3867 quali-

1920 3884 2000 3928 ter
2029 3891 2122 3943 pro
2163 3878 2344 3928 labore
2386 3891 2524 3946 quae
2573 3879 2624 3931 in
2674 3883 2982 3934 certaminis
3027 3887 3495 3954 contemplacione

1916 3969 2213 4030 desudant,
2247 3968 2386 4035 apud
2433 3969 2858 4032 omnipotentem
2904 3971 3187 4027 Dominum
3234 3981 3495 4033 mercedis

1914 4059 2256 4110 commodum
2309 4055 2519 4123 lerant;
2555 4069 2609 4112 et
2649 4076 2745 4115 nos
2799 4066 2863 4115 de
2911 4065 3270 4131 multiplecata
3326 4070 3496 4136 segite

1918 4149 2152 4216 praemia
2184 4151 2510 4218 sempiterna
2537 4154 2852 4220 pepulerunt
2876 4155 3153 4222 congeries
3175 4156 3494 4214 fructilicata

1914 4245 2151 4307 gremiis,
2180 4244 2381 4296 abrutis
2413 4244 2693 4310 palliarutn
2725 4247 3003 4310 sordebus,
3036 4249 3269 4302 triticum
3301 4252 3494 4307 borrea

1913 4338 2206 4391 reconditis
2238 4348 2440 4392 metere
2491 4338 2653 4406 atque
2699 4342 2940 4407 adipisci,
2976 4344 3269 4413 mancipari
3313 4347 3498 4402 valea-

1915 4443 2050 4480 mus.
2088 4429 2234 4482 Uude
2264 4429 2472 4481 domuis
2505 4432 2929 4499 metropolitanis
2972 4435 3171 4486 arcium
3214 4436 3370 4490 sedes
3411 4439 3494 4492 di-

211 4520 647 4590 congregacione
692 4519 795 4572 boc
842 4517 1132 4572 emendare
1180 4533 1286 4570 non
1341 4517 1594 4584 potuerit,
1641 4519 1809 4581 patris
1841 4554 1883 4608 υ
1914 4521 2149 4574 vinitatis
2178 4521 2424 4588 sull'ragia
2457 4522 2754 4588 poscimus,
2787 4532 2843 4575 ut
2872 4525 3170 4578 adhibenda
3201 4529 3493 4584 mercidem

213 4612 517 4682 spiritalis,
548 4612 638 4679 qui
667 4612 768 4663 sub
815 4622 1004 4663 sancto
1052 4608 1242 4662 ordine
1288 4606 1807 4677 vivere[videnltur

213 4705 268 4758 in
301 4702 610 4757 Carnotena
642 4703 916 4770 parocltia,
939 4711 1031 4755 aut
1054 4703 1285 4771 undique
1311 4701 1580 4768 elegirint,
1612 4701 1675 4753 ad
1706 4702 1806 4753 hoc

210 4791 530 4846 scandalum
575 4791 922 4858 mitigandum
977 4791 1222 4844 invitent.
1274 4789 1428 4856 Quod
1472 4791 1516 4843 si
1568 4806 1667 4843 nec
1707 4790 1805 4858 ipsi

215 4881 400 4946 (quod
430 4881 651 4935 minime
679 4881 980 4947 credimus)
1028 4881 1130 4935 hoc
1177 4882 1466 4934 emendare
1510 4883 1804 4949 potuerint,

209 4980 342 5024 tunc
365 4969 434 5022 ad
458 4969 604 5036 pacis
627 4969 948 5023 concordiae
969 4971 1085 5024 sine
1111 4971 1220 5023 ullo
1247 4969 1552 5036 cupiditatis
1583 4971 1807 5023 crimine

207 5059 470 5129 pontefex
501 5056 854 5111 Carnotensis
883 5058 946 5110 ad
979 5059 1093 5127 ipso
1121 5059 1314 5112 abbate
1341 5058 1423 5110 vel
1454 5073 1544 5111 sua
1580 5073 1798 5126 congre-

206 5150 440 5218 gacione
462 5147 766 5202 invitandus
788 5149 878 5213 sit,
910 5155 969 5201 ut
998 5158 1222 5218 paterno
1248 5164 1396 5202 more
1420 5148 1800 5213 discordantis,

279 5353 306 5381 ι
350 5343 567 5398 Priores
591 5342 846 5408 editores,
871 5343 1182 5396 conservitus
1207 5344 1473 5396 consistat.
1523 5341 1627 5395 Sed
1662 5342 1801 5394 male

202 5415 434 5478 oculati,
466 5429 590 5466 naut
635 5414 805 5480 prima
857 5429 1016 5466 manu
1065 5427 1168 5465 vox
1229 5414 1561 5471 consiti-nitus,
1597 5411 1797 5464 refecta

201 5494 452 5542 extrema
483 5484 686 5547 littera,
719 5483 769 5534 in
818 5498 1002 5534 tocem
1048 5485 1359 5535 consentitur
1409 5491 1611 5534 mututa
1677 5495 1794 5542 cst,

200 5565 259 5610 et
315 5569 422 5607 vox
471 5568 702 5621 sequens
747 5553 1027 5618 consistat,
1065 5553 1321 5620 subjectis
1376 5553 1606 5620 punctis,
1650 5553 1797 5604 irrita

199 5627 368 5680 facta.

277 5697 301 5732 ιι
326 5695 417 5747 Sic
444 5695 496 5746 in
521 5692 857 5757 autographo
878 5708 891 5755 ;
916 5707 1022 5745 non
1047 5700 1225 5745 autem
1249 5692 1625 5754 consolatione,
1652 5689 1794 5757 quod

199 5767 253 5819 in
287 5763 418 5818 edit.
458 5762 852 5828 Brequmniana
884 5774 937 5815 et
969 5763 1084 5814 aliis
1111 5765 1365 5829 reperias.

273 5842 294 5867 ε
329 5834 707 5888 Adrebertana
763 5832 972 5885 videtur
1021 5842 1195 5886 mater
1245 5832 1467 5887 Deodati
1522 5829 1789 5892 episcopi,

1912 4611 2016 4666 hoc
2036 4620 2281 4664 sanctum
2307 4612 2641 4680 privilegium
2665 4615 2926 4667 societate
2950 4614 3295 4672 beatitudinis
3315 4629 3493 4676 vestre

1912 4703 2178 4756 adsentire
2208 4715 2366 4768 atque
2398 4704 2698 4775 [conlirma]
2719 4721 2775 4758 re
2807 4722 2908 4758 una
2951 4706 3230 4762 nobiscum
3268 4710 3492 4767 almetas

1912 4801 2083 4844 vestra
2112 4793 2377 4859 dignetur.
2414 4794 2621 4846 Annum
2653 4795 2889 4848 secundo
2917 4809 3138 4862 regnum
3170 4797 3350 4852 domui
3393 4818 3490 4854 no-

1909 4881 2004 4936 stri
2033 4881 2428 4936 Childeberctbi
2450 4883 2815 4950 gloriosissimi
2844 4884 3004 4951 regis.
3035 4882 3366 4952 Captouaco,
3401 4906 3493 4957 pu-

1909 4971 2096 5024 blicae.
2125 4969 2337 5040 [Datum
2368 4973 2532 5043 quod]
2557 4973 2681 5027 fecit
2706 4973 2890 5026 minsis
2917 4973 3145 5030 Marcius
3171 4977 3284 5030 dies
3315 4995 3408 5032 sex
3439 4982 3490 5029 ιε,

1976 5061 2030 5114 1η
2065 5063 2155 5114 Dei
2189 5064 2404 5116 nomine
2436 5065 2722 5130 Agerrdus.
2748 5080 2812 5117 ac
2835 5065 2876 5116 si
2905 5075 3154 5129 peccator
3175 5070 3484 5136 episcopus,

1909 5156 2007 5206 hoc
2035 5154 2378 5221 previlcgium
2411 5171 2438 5205 a
2473 5170 2555 5207 me
2585 5155 2784 5207 factum
2815 5155 2963 5221 religi
2991 5164 3046 5209 et
3073 5158 3383 5227 subscripsi.
3419 5202 3434 5214 .

1900 5347 2042 5400 quae,
2075 5331 2401 5383 assentiente
2434 5330 2542 5383 ﬁlio
2573 5345 2692 5397 suo,
2726 5333 3107 5385 monasterium
3151 5334 3391 5390 condidit
3417 5349 3482 5390 ue

1903 5418 2010 5470 quo
2041 5414 2229 5467 agitur.

1973 5471 1996 5508 ἀ
2031 5474 2270 5533 Regnum
2320 5472 2626 5537 auspicatus
2672 5480 2752 5522 est
2800 5471 3172 5527 Cbilriebertus
3227 5476 3284 5526 ΙΙΙ
3336 5476 3478 5530 circa

1903 5560 2139 5597 mensem
2173 5542 2416 5593 Martio?)
2449 5540 2582 5600 69.3;
2612 5557 2714 5608 qua
2745 5542 2830 5594 die
2861 5544 3016 5606 huius
3048 5545 3243 5597 tuentis
3275 5561 3379 5598 non
3414 5549 3478 5598 li-

1901 5627 2046 5678 qoet.
2085 5613 2219 5662 [ἐπτιιο
2252 5612 2509 5664 incertum
2539 5621 2619 5663 est
2644 5622 2817 5663 utrum
2853 5612 2950 5663 hoc
2978 5615 3307 5680 privilegium
3337 5633 3478 5669 anno

1901 5684 2001 5738 696
2025 5699 2090 5734 an
2113 5681 2213 5733 ($97
2247 5682 2583 5734 t'tbucnilum
2608 5682 2693 5732 sit.
2721 5684 2849 5744 Qutc
2879 5685 3066 5733 iuerint
3101 5686 3476 5750 pictorumque

1900 5757 2275 5822 episcoporum
2308 5753 2752 5803 subscribeutiutn
2785 5756 2938 5804 sedes
2977 5753 3251 5807 deiurant.
3288 5756 3476 5810 Mal)“-

1901 5821 2072 5877 lOnius
2101 5831 2155 5876 et
2185 5821 2507 5882 Felibtauus,
2536 5838 2672 5888 quis
2699 5822 2912 5875 vidcsis.
