4206 6530
756 395 882 455 i231

1492 403 1754 457 S.-E(2Iil..
1803 402 1885 455 VII
1928 404 2014 457 I‘J'I'
2063 405 2169 457 VIII
2215 407 2743 464 ECCLESIASI'ICA
2794 406 3243 461 .llUNUlIl‘lN'I‘A.

3881 407 3905 462 1
3916 407 4008 462 2Βῖ

746 517 924 571 ericus
965 516 1251 586 episcopus
1294 517 1396 571 hoc
1444 516 1793 587 prcvilegium
1838 518 2074 573 cousiusi
2118 528 2173 573 et
2203 522 2329 577 sub—
2355 537 2407 596 Α
2434 531 2715 591 parentum
2745 537 3013 587 meorum,
3047 530 3155 575 tam
3180 519 3249 575 de
3279 527 3504 587 paterno
3532 535 3695 590 quam
3724 520 3795 576 de
3822 531 4005 577 mater-

743 606 959 675 scripsi.
991 606 1070 680 [In
1096 605 1223 677 Xpil
1252 621 1484 663 nomene
1512 606 1739 677 Gripho,
1771 616 1827 661 et
1852 608 1898 662 si
1928 619 2183 678 peccator
2212 612 2329 677 cpi-

744 713 978 766 sc0pus,
1034 698 1178 752 hunc
1231 698 1567 767 privilegium
1622 698 1872 752 consensi
1920 707 1977 753 et
2015 701 2327 771 subscripsi.

745 790 1187 854 Anseberclhtus,
1242 805 1431 845 servus
1476 789 1801 860 .leshu-Xpi,
1850 791 1955 847 hoc
1995 793 2331 863 privilegium

744 881 949 948 rogitus
975 880 1286 950 subscripsi.
1310 881 1364 933 In
1398 880 1490 935 Dei
1516 895 1746 936 oomene
1767 880 1989 937 Ebarcis
2008 922 2022 946 ,
2054 884 2177 937 etsi
2210 899 2334 953 pec.-

742 981 896 1027 cator
942 975 1260 1041 episcOpus,
1308 974 1411 1029 hoc
1453 975 1811 1045 privilegium.
1852 1016 1865 1029 .
1910 1015 1924 1029 .
1968 1014 1983 1029 .
2014 974 2070 1029 In
2099 974 2201 1043 Χιιί
2239 993 2332 1031 no-

741 1065 888 1119 mine
919 1066 1361 1135 Ayglibercthus,
1400 1082 1465 1121 ac
1490 1067 1532 1122 si
1565 1076 1814 1134 peccator
1858 1068 2144 1136 episcopus
2170 1110 2185 1133 ,
2231 1069 2334 1123 hoc

741 1153 1079 1223 privilegium
1129 1144 1481 1212 consencicns
1529 1158 1840 1226 subscripsi.
1888 1157 1945 1212 In
1980 1157 2083 1228 Xpi
2117 1160 2334 1214 nomine

742 1245 1099 1300 Beracharius
1142 1247 1425 1316 episcopus
1465 1248 1565 1302 hoc
1610 1228 1949 1317 privilegium
1980 1250 2334 1305 consenciens

741 1333 1057 1402 subscripsi.
1088 1334 1364 1398 Trctecor,
1400 1350 1494 1404 per
1521 1336 1886 1392 misericordia
1914 1338 2007 1393 Dei
2029 1340 2332 1405 episcomis,

743 1427 847 1479 hoc
870 1424 1203 1494 privilegium
1224 1425 1537 1495 subscripsi.
1562 1426 1616 1480 In
1644 1427 1736 1481 Dei
1759 1429 1975 1482 nomine
2006 1429 2331 1495 Ansoaldus,

739 1516 867 1568 etsi
905 1521 1197 1582 peccator,
1230 1516 1334 1570 hoc
1378 1516 1725 1585 privelegium
1768 1518 2083 1588 subscripsi.
2133 1519 2190 1572 In
2240 1520 2331 1573 Dei

741 1604 962 1658 nomine
990 1603 1167 1668 Attur,
1194 1606 1370 1673 gracia
1404 1606 1494 1658 Dei
1516 1607 1819 1675 cpiscopus,
1852 1607 1957 1663 hoc
1980 1609 2330 1677 privelegium

738 1707 960 1765 rogetus
983 1696 1296 1765 subscripsi.
1326 1695 1384 1750 In
1413 1695 1517 1766 Xpi
1547 1714 1776 1753 nomenc
1798 1698 2053 1763 Ermeno,
2084 1712 2335 1768 peccator

737 1787 1049 1856 episcopus,
1081 1788 1395 1857 subscripsi.
1441 1789 1779 1853 Soabericus,
1823 1803 2076 1860 peccator
2120 1796 2334 1863 episco-

2436 630 2507 671 no
2526 613 2672 684 quod
2692 614 2929 669 debitum
2951 620 3055 676 est,
3079 611 3305 668 ecclesia
3326 610 3499 666 sancti
3518 610 3727 666 Nazarii
3746 619 3806 665 ut
3824 612 4007 666 habeat

2436 708 2561 761 volo
2604 715 2769 774 atque
2795 707 3050 761 decerno.
3096 705 3235 760 Villa
3283 718 3417 759 vero
3455 704 3691 774 Pagetis,
3740 720 3904 774 quam
3949 722 4006 761 ex

2436 810 2590 869 parte
2616 798 3060 867 conquisivimus,
3087 797 3318 853 ecclesia
3344 798 3520 852 sancti
3567 796 3779 853 Nazarii
3825 808 3886 853 ut
3923 800 4008 851 ha-

2436 891 2562 944 beat
2586 889 2728 943 volo.
2772 888 2908 942 Villa
2948 901 3078 943 vero
3123 886 3512 956 Solempriaco,
3543 899 3705 955 quam
3746 885 4008 942 Wlbertus

2435 997 2534 1051 per
2560 994 2715 1035 suum
2745 979 3157 1035 instrumentum
3188 979 3346 1033 nobis
3372 977 3538 1042 dedit,
3562 987 3620 1032 et
3648 978 4008 1034 Leodehertus

2435 1073 2487 1126 in
2519 1071 2735 1125 usuario
2766 1077 2931 1131 tenet.
2974 1069 3203 1125 ecclesia
3247 1069 3418 1125 sancti
3464 1069 3674 1124 Nazarii
3715 1078 3777 1124 ut
3824 1070 4008 1125 habeat

2435 1161 2557 1214 volo
2602 1168 2767 1230 atque
2812 1160 3068 1215 decerno.
3139 1158 3370 1214 Basilica
3412 1159 3587 1215 sancti
3635 1159 4007 1232 Symphoriani

2434 1253 2701 1320 martyris,
2731 1266 2851 1321 qua:
2883 1251 3011 1304 mihi
3039 1250 3107 1303 ab
3136 1249 3498 1304 adolescentia
3541 1263 3659 1304 mea
3683 1249 3736 1305 iu
3766 1250 4010 1305 omnibus

2436 1342 2581 1396 unde
2610 1343 2907 1397 substantia
2947 1357 3069 1397 mea
3101 1342 3355 1411 protexit,
3390 1339 3533 1395 unde
3556 1340 3828 1395 credimus
3865 1347 3926 1395 ut
3960 1353 4011 1395 et

2434 1430 2610 1487 futura
2656 1433 2772 1501 ejus
2803 1432 3122 1488 intercessio
3169 1431 3309 1498 apud
3336 1438 3596 1485 aeternam
3625 1430 3880 1498 pietatem
3921 1446 4012 1500 pro

2435 1525 2752 1579 remissione
2775 1532 3123 1593 peccatorum
3152 1537 3395 1577 meorum
3425 1521 3751 1577 intercessor
3777 1522 4009 1591 assistat,

2435 1616 2559 1669 villa
2590 1631 2719 1670 vero
2747 1615 3071 1671 Tres-valles
3090 1615 3143 1668 in
3164 1626 3304 1684 pago
3334 1614 3740 1681 Magiuontense
3766 1630 3872 1669 una
3894 1630 4009 1670 cum

2434 1706 2765 1773 appendiciis
2785 1707 2918 1772 suis,
2949 1706 3218 1768 domibus,
3239 1704 3539 1771 villaribus,
3569 1705 3796 1774 campis,
3822 1707 4006 1774 pratis.

2432 1797 2623 1862 vincis,
2658 1796 2828 1861 silvis,
2872 1796 3224 1865 accensisque
3264 1795 3513 1851 omnibus
3552 1795 3696 1865 quod
3746 1795 4010 1852 Wlbertus

738 1894 858 1943 pus,
894 1877 1001 1933 hoc
1052 1880 1330 1947 privilegio
1370 1881 1722 1935 consenciens
1763 1884 2075 1949 subscripsi.
2118 1884 2330 1941 Turno-
2362 1885 2405 1944 Β
2436 1901 2532 1955 per
2552 1901 2648 1940 sua
2673 1886 3029 1940 instrumenta
3067 1885 3121 1940 in
3148 1893 3336 1939 nostro
3368 1885 3585 1939 nomine
3610 1885 3903 1954 delegavit,
3930 1901 4008 1941 ec-

737 1967 980 2032 chaldus,
1008 1982 1071 2021 ac
1095 1970 1137 2022 si
1161 1978 1412 2037 peccator
1431 1971 1734 2039 episcopus,
1763 1973 1866 2027 hoc
1890 1974 2169 2046 privilegio
2192 1978 2322 2033 sub-

736 2055 948 2123 scripsi.
972 2055 1382 2125 Constantinus,
1410 2068 1664 2127 peccator
1690 2062 1996 2132 episcOpus,
2031 2066 2133 2120 hoc
2163 2068 2327 2137 privi-

739 2145 881 2210 lcgio
910 2147 1224 2214 subscrirsi.

809 2238 1034 2293 Chaiuo.
1060 2241 1239 2309 gracia
1267 2242 1356 2295 nni
1398 2243 1553 2308 abba,
1592 2244 1695 2300 hoc
1739 2246 2071 2317 privilegium
2124 2252 2325 2319 rogitus

730 2329 1054 2398 subscripsi.

1415 2402 1657 2459 XXXVI.

740 2488 935 2566 Charta
963 2506 1063 2566 qua
1085 2492 1393 2566 Aitseberltts
1422 2494 1557 2566 dona
1585 2497 1783 2561 confert
1812 2499 2042 2551 ecclesia:
2067 2500 2326 2566 Augusto-

809 2559 1028 2638 Λευιωωὶ
1058 2564 1224 2638 sancti
1257 2561 1305 2613 Ν
1330 2565 1500 2638 _z_arii._
1531 2559 1759 2638 basilica:
1778 2570 1945 2638 sancti
1975 2559 2322 2638 Symphonia-

807 2629 883 2689 m',
916 2632 1144 2683 orato:io
1174 2633 1341 2709 sancti
1364 2632 1687 2709 la'odegurii,
1720 2637 1887 2709 sorori
1913 2629 2322 2709 suvae'goliuw,

811 2709 861 2753 et
890 2716 1136 2768 germano
1163 2718 1253 2754 suo
1279 2703 1492 2756 Atttario
1522 2703 1544 2739 ά
1579 2708 1725 2771 (ann.
1753 2707 1903 2773 696).

811 2789 1098 2843 Actoribns
1127 2792 1369 2844 ecclesia'
1399 2795 1570 2847 sancti
1602 2794 1806 2849 Nazarii
1856 2797 2107 2867 martyris
2146 2798 2323 2867 Augu-

738 2877 1064 2932 stidunensis
1092 2889 1147 2934 et
1174 2881 1345 2934 sancti
1376 2881 1755 2952 Symphoriaui
1783 2888 2051 2957 martyris,
2089 2888 2178 2941 ubi
2210 2889 2324 2958 ipse

738 2971 1006 3025 pretiosus
1053 2973 1104 3024 in
1153 2988 1383 3043 corpore
1423 2976 1732 3044 requiescit,
1768 2978 2096 3034 Ansebertus
2129 2996 2322 3049 pecca-

736 3073 753 3114 t
797 3079 838 3127 r,
873 3064 1176 3130 episcopus.
1210 3064 1395 3117 Divina
1430 3079 1529 3118 nos
1555 3076 1829 3120 ammonet
1859 3067 2043 3131 lectio,
2082 3082 2140 3122 ut
2177 3071 2321 3139 quod

2429 1973 2598 2027 clesia
2626 1976 2802 2028 sancti
2827 1973 3209 2045 Symphoriani
3231 1973 3299 2028 ad
3324 1988 3453 2028 suos
3473 1973 3701 2029 clericos
3721 1976 4010 2044 pascendos

2428 2065 2482 2117 in
2522 2064 2856 2120 eleemosina
2904 2076 3090 2122 nostra
3138 2075 3199 2119 ut
3246 2066 3442 2121 habeat
3485 2066 3632 2122 volo.
3663 2065 3926 2124 Similiter
3951 2071 4011 2122 ad

2428 2157 2724 2211 oratorium
2771 2158 2947 2212 sancti
2990 2156 3328 2225 Leodegarii,
3371 2159 3464 2228 qui
3521 2159 3709 2214 subtus
3760 2159 4011 2214 Sanctum

2427 2244 2886 2316 Symphorianum
2915 2256 3262 2303 constructus
3289 2262 3413 2303 esse
3432 2247 3661 2311 videtur,
3688 2249 3777 2303 ubi
3805 2250 3878 2318 (si
3911 2249 4011 2303 Deo

2430 2336 2716 2408 placuerit)
2765 2338 3119 2409 corpusculus
3167 2339 3392 2406 insuper
3420 2339 3846 2410 requiesciturus
3890 2342 4010 2406 erit,

2428 2428 2700 2483 colonicas
2729 2429 2785 2483 in
2807 2443 2942 2498 pago
2968 2427 3399 2497 Maginontense,
3444 2428 3500 2483 in
3528 2428 3849 2494 Taviniaco,
3880 2446 4011 2499 quas

2430 2518 2706 2576 Wlbertus
2729 2536 2826 2591 per
2854 2535 3011 2575 suum
3040 2527 3399 2574 strumentum
3436 2520 3593 2573 nobis
3626 2518 3797 2583 dedit,
3830 2528 3888 2574 et
3928 2535 4011 2574 co-

2429 2610 2602 2665 lonias
2645 2611 2764 2665 illas
2801 2624 2935 2678 quas
2976 2608 3296 2663 Bertoaldus
3336 2609 3390 2662 in
3427 2607 3672 2663 Eulnicio
3718 2623 3817 2679 per
3860 2625 4011 2664 suum

2430 2710 2786 2756 strumentum
2825 2701 2990 2766 dedit,
3033 2700 3102 2756 ad
3135 2701 3431 2756 oratorium
3486 2701 3657 2756 sancti
3695 2699 4011 2770 Leodegarii

2430 2799 2489 2845 ut
2517 2793 2714 2847 habeat
2741 2793 2884 2848 volo.
2920 2791 3056 2847 Villa
3085 2806 3216 2847 vero
3243 2791 3477 2847 Corvillo
3502 2791 3554 2846 in
3586 2805 3723 2861 pago
3743 2792 4009 2847 Autissio-

2429 2882 2676 2947 dorense,
2706 2898 2866 2951 quam
2894 2898 2993 2937 nos
3017 2897 3247 2950 cumque
3274 2882 3385 2936 suis
3410 2881 3813 2949 acquisivimus,
3840 2882 4011 2952 ipsum

2427 2974 2720 3027 oratorium
2762 2974 2946 3027 domui
2979 2973 3297 3042 LeOdegarii
3345 2981 3403 3028 ut
3450 2973 3654 3030 habeat
3694 2975 3822 3029 volo
3853 2982 4012 3043 atque

2394 3118 2397 3122 .
2429 3063 2687 3119 decerno.
2711 3063 2969 3119 Similiter
2998 3065 3050 3118 in
3076 3079 3217 3133 pago
3243 3064 3717 3133 Augustidunense
3741 3066 4011 3121 colonicas

735 3152 935 3206 tlhristi
965 3152 1332 3207 misericordia
1365 3153 1418 3207 in
1447 3155 1608 3209 rebus
1635 3156 1864 3210 terrenis
1888 3159 2118 3223 confert,
2147 3161 2321 3215 abun—
2352 3176 2398 3237 (ς
2430 3170 2563 3222 (10³5
2592 3154 2884 3209 Βεΐοειίάυδ
2911 3170 3006 3223 Per
3033 3155 3398 3229 νθηάὶιὶυηθυι
3438 3155 3589 3209 Ποιιίε
3619 3155 3791 3219 ded“.
3838 3158 4010 3225 ipsum

736 3250 918 3301 dantia
948 3248 1015 3301 de
1059 3263 1155 3302 sua
1188 3248 1457 3316 largitate,
1487 3248 1631 3304 unde
1665 3250 1719 3304 in
1762 3250 1867 3305 hoc
1894 3252 2091 3307 saeculo
2120 3254 2323 3310 utimur

734 3343 802 3394 de
831 3341 947 3407 cjus
971 3341 1171 3406 pietate
1202 3341 1252 3393 in
1281 3341 1394 3395 suis
1417 3342 1747 3411 pauperibus
1774 3358 1870 3409 pro
1893 3343 2155 3399 abluenda
2179 3346 2322 3400 mole

736 3431 1107 3500 peccaminum
1136 3428 1444 3484 offeramus.
1477 3428 1617 3499 Ergo
1644 3430 1792 3485 dono
1814 3431 1879 3486 ad
1900 3433 2319 3502 suprascriptam

734 3522 1017 3576 ecclesiam
1062 3521 1234 3573 sancti
1284 3520 1495 3574 Nazarii
1549 3522 1822 3591 martyris,
1871 3522 1958 3576 tibi
1999 3537 2119 3589 ego,
2176 3538 2239 3578 ac
2275 3524 2321 3578 si

736 3615 1008 3684 indiguus,
1060 3628 1188 3667 cura
1224 3613 1477 3674 pastorali
1507 3612 1776 3679 deservio,
1825 3613 1890 3665 de
1937 3613 2096 3665 alodo
2130 3629 2320 3678 paren-

739 3717 850 3758 tum
882 3718 1124 3757 meorum
1156 3702 1335 3755 villam
1363 3701 1448 3755 cui
1475 3700 1800 3755 vocabulum
1828 3708 1911 3755 est
1935 3700 2230 3766 Hauxiaco,
2265 3703 2318 3757 in

736 3813 875 3869 pago
906 3797 1188 3859 Delncnse,
1239 3809 1361 3849 cum
1388 3793 1659 3848 soliditate
1689 3800 1743 3846 et
1770 3793 2113 3859 appenditiis,
2145 3792 2320 3846 domi-

739 3891 855 3951 hus,
904 3887 1212 3950 villarebus,
1263 3885 1487 3949 campis,
1533 3884 1725 3953 pratis,
1756 3883 1927 3946 silvis,
1957 3885 2153 3948 vineis,
2196 3899 2319 3952 pas-

732 3980 871 4043 cuis,
917 3978 1089 4045 aquis,
1140 3976 1328 4037 scrvis,
1382 3973 1587 4027 libertis
1628 3989 1692 4026 ac
1740 3973 1944 4027 colonis
1975 3974 2318 4042 accensisque

737 4071 1008 4132 omnibus,
1037 4077 1093 4122 et
1122 4065 1381 4134 quidquid
1411 4066 1463 4117 in
1495 4064 1611 4133 ipso
1641 4078 1775 4131 pago
1800 4064 2043 4131 pncscnti
2074 4073 2319 4131 tempore

739 4162 1012 4230 possidere
1041 4159 1302 4222 valcmus,
1341 4166 1433 4211 aut
1472 4157 1616 4226 quod
1660 4157 1843 4210 inante
1895 4157 2091 4210 ibidem
2134 4158 2185 4210 in
2225 4157 2317 4211 Dei

739 4256 957 4309 nomine
989 4251 1288 4319 acquirere,
1338 4249 1423 4303 vel
1469 4248 1727 4318 quidquid
1766 4248 1868 4301 dici
1916 4256 2009 4300 aut
2048 4249 2319 4303 nominari

737 4357 933 4418 potest,
966 4360 1088 4399 cum
1123 4345 1330 4411 integra
1378 4342 1652 4396 soliditate
1697 4341 2055 4409 suprascripta
2087 4340 2318 4396 ecclesia

735 4440 910 4494 sancti
950 4437 1160 4492 Nazarii
1195 4445 1251 4488 ut
1280 4436 1477 4488 habeat
1515 4434 1658 4487 volo.
1692 4432 1755 4484 Et
1798 4447 1891 4499 pro
1936 4433 2180 4499 portione
2228 4433 2316 4487 illa

2427 3246 2720 3299 oratorium
2758 3244 2946 3300 domni
2984 3244 3301 3313 Leodegarii
3345 3255 3404 3300 ut
3456 3246 3651 3300 habeat
3695 3247 3842 3302 volo.
3878 3248 4010 3302 Villa

2421 3352 2553 3392 vero
2598 3335 2822 3400 Buxido,
2870 3335 3131 3405 quidquid
3178 3335 3378 3390 ibidem
3426 3349 3719 3403 germanus
3761 3351 3922 3393 meus
3958 3338 4009 3392 in

2423 3428 2640 3481 nsuario
2666 3436 2835 3491 tenet,
2863 3427 3038 3495 ipsum
3068 3426 3368 3482 oratorium
3397 3425 3581 3480 domni
3609 3425 3930 3495 Leodegarii
3953 3438 4011 3483 ut

2426 3517 2619 3572 habeat
2644 3518 2790 3572 volo.
2820 3517 2958 3572 Villa
2983 3532 3113 3573 vero
3142 3517 3340 3582 Muido,
3369 3532 3489 3585 quae
3528 3526 3613 3572 est
3650 3533 3822 3587 prope
3849 3532 4007 3573 mon-

2426 3618 2530 3662 tem
2559 3608 2930 3673 Wavinarum,
2961 3608 3012 3662 in
3044 3622 3181 3677 pago
3224 3607 3568 3673 Vertudensi,
3599 3622 3719 3662 cum
3760 3609 4011 3663 omnibus

2420 3700 2680 3769 quidquid
2710 3700 2781 3754 ibi
2805 3700 3106 3769 adspiciunt
3133 3699 3430 3754 oratorium
3461 3697 3645 3752 domni
3685 3698 4005 3768 Leodegarii

2422 3801 2481 3847 ut
2516 3793 2712 3847 habeat
2752 3793 2905 3856 volo;
2937 3793 3018 3847 sic
3047 3800 3227 3846 tamen
3254 3800 3316 3847 ut
3353 3790 3479 3846 inde
3503 3789 3684 3845 lumen
3713 3798 3771 3846 et
3804 3792 4009 3846 sacrifi-

2421 3882 2562 3935 cium
2594 3883 2711 3949 ipso
2740 3882 2977 3936 oratorio
3007 3881 3267 3945 stabiliat,
3318 3889 3375 3936 et
3402 3882 3579 3935 omnia
3610 3881 3711 3936 sub
3742 3892 4010 3949 potestate

2421 3969 2645 4023 fratrum
2675 3971 2843 4039 ipsius
2872 3970 3112 4025 ecclesia:
3138 3969 3313 4023 sancti
3338 3970 3723 4041 Symphoriani
3753 3971 3808 4025 in
3833 3973 4009 4026 omni-

2422 4058 2521 4112 bus
2550 4073 2669 4113 esse
2696 4059 2949 4113 debeant.
2986 4059 3053 4112 Et
3094 4068 3328 4127 quatuor
3368 4058 3761 4114 matricularios
3802 4062 3894 4129 qui
3940 4062 4008 4115 ad

2420 4148 2593 4216 ipsum
2615 4149 2908 4204 oratorium
2931 4148 3114 4203 domui
3135 4147 3451 4218 Leodegarii
3473 4148 3787 4205 deserviunt
3807 4152 4007 4207 ibidem

2421 4240 2748 4294 instituimus
2773 4250 2834 4293 ut
2860 4247 3034 4294 totum
3076 4239 3278 4294 victum
3325 4249 3492 4309 atque
3523 4243 3779 4297 vestitum
3811 4242 3884 4298 de
3910 4258 4005 4299 su-

2420 4330 2734 4400 prascriptis
2762 4330 2926 4387 rebus
2955 4331 3187 4385 habeant
3212 4330 3437 4398 habere,
3463 4331 3696 4400 qualiter
3727 4341 3786 4387 et
3813 4333 3891 4388 illi
3915 4335 4005 4389 alii

2421 4423 2792 4485 matricularii,
2836 4426 2928 4491 qui
2977 4424 3045 4478 ad
3087 4423 3365 4479 basilicam
3413 4425 3585 4480 sancti
3618 4423 4005 4497 Symphoriani

735 4548 894 4601 quam
941 4543 1226 4601 germanus
1278 4542 1430 4580 meus
1473 4527 1729 4579 Autarius
1777 4523 1916 4591 apud
1973 4540 2071 4578 nos
2119 4524 2314 4578 ibidem
2345 4513 2691 4575 DdeSCTVil‘e
2738 4512 3018 4577 Videntur.
3077 4513 3383 4583 portionem
3431 4515 3603 4569 Victus
3648 4525 3705 4570 et
3742 4518 4004 4573 vestitum

736 4622 919 4685 habet,
950 4620 1248 4688 portionem
1280 4625 1517 4670 nostram
1548 4617 1600 4670 in
1632 4616 1753 4669 villa
1789 4614 1986 4682 Binago
2015 4621 2071 4666 ut
2119 4613 2317 4667 habeat

738 4714 883 4769 volo.
920 4713 985 4766 Et
1015 4711 1242 4764 fortasse
1272 4707 1438 4778 (quod
1486 4723 1591 4761 non
1628 4706 1918 4773 credimus)
1960 4707 2001 4759 si
2056 4705 2106 4759 ei
2157 4703 2318 4759 fuerit

735 4804 1117 4868 contrarietas,
1168 4801 1220 4853 in
1270 4800 1631 4866 suprascripta
1679 4797 1800 4850 villa
1838 4798 1890 4849 in
1942 4795 2214 4848 llauxiaco
2263 4803 2318 4848 et

740 4896 961 4964 liinago,
994 4891 1245 4963 quicquid
1290 4905 1390 4960 pro
1434 4893 1684 4959 portione
1714 4905 1831 4941 mea
1861 4887 2015 4942 nobis
2044 4887 2111 4941 de
2154 4885 2317 4942 alodo

812 5039 835 5063 κ
869 5028 1152 5080 (εἷιιίιιρτιιηι
1181 5025 1533 5085 Mabillonins,
1565 5024 1755 5078 Annal.
1790 5032 1827 5075 t.
1858 5023 1896 5083 Ι,
1931 5022 2158 5086 append.
2191 5035 2311 5087 pag.

735 5098 863 5160 70:2,
894 5114 960 5150 cx
1001 5097 1270 5150 chartario
1316 5111 1343 5146 c
1384 5096 1711 5147 mtnunicato
1754 5109 1781 5145 a
1834 5093 2131 5156 liouhicro,
2187 5093 2318 5144 Itur-

741 5168 950 5232 gnndiv
991 5176 1201 5218 senatus
1253 5165 1471 5227 pratside
1500 5182 1511 5224 ;
1543 5176 1597 5217 et
1633 5173 1879 5214 auctores
1933 5163 2089 5213 Νονειι
2131 5160 2315 5214 Galliae

740 5239 1083 5299 Christianas,
1113 5246 1149 5287 t.
1182 5234 1268 5293 IV,
1304 5234 1427 5284 Inst.
1460 5235 1566 5286 col.
1600 5234 1693 5289 45,
1726 5233 1814 5299 qui
1854 5248 1956 5285 non
1996 5240 2320 5283 monuerunt

744 5310 884 5360 unde
913 5308 1151 5359 chartam
1184 5304 1439 5356 eruerint.
1471 5319 1530 5353 ac.
1572 5301 1793 5368 proinde
1834 5317 2026 5366 paucas
2069 5310 2121 5352 et
2172 5302 2317 5353 leves

742 5392 877 5444 quas
914 5376 1190 5444 exhibent
1218 5372 1603 5444 discrepanlias
1653 5371 1916 5444 adducere
1962 5370 2313 5435 ncgleximus.

743 5441 1031 5499 Mahillonii
1077 5443 1354 5495 lectionem
1395 5442 1685 5507 sequimur.
1723 5441 1831 5491 lloc
1884 5441 2313 5499 instrumentum,

742 5517 841 5569 etsi
872 5516 972 5568 sub
1000 5520 1436 5565 testamentorum
1466 5510 1708 5566 formulis
1739 5525 1841 5561 non
1874 5511 1943 5559 sit
1970 5518 2312 5573 eonceptutn,

745 5585 1045 5651 testamenti
1080 5591 1256 5633 tamen
1287 5581 1407 5651 vice
1434 5580 1731 5651 habendum
1763 5578 1988 5651 videtur,
2016 5586 2070 5628 et
2100 5578 2239 5629 hunc
2265 5579 2314 5651 ci

744 5646 955 5707 titulum
994 5654 1229 5704 editmcs
1266 5648 1626 5715 praelixcrunt.
1670 5647 1875 5698 Pluries
1906 5655 2233 5697 memoratur
2264 5646 2315 5698 in

745 5724 942 5776 chartis
966 5736 1124 5789 supra
1151 5734 1182 5772 e
1202 5720 1303 5770 litis
1318 5718 1668 5789 Ansebertus,
1689 5715 2181 5789 Augustmlunensis
2200 5717 2312 5779 epi-

747 5807 960 5861 seopus,
991 5785 1080 5861 qui
1121 5790 1251 5843 alias
1298 5786 1728 5843 Anseberchthus
1750 5826 1763 5853 ,
1798 5787 1904 5843 imo
1934 5794 1987 5841 et
2023 5785 2312 5840 Autbertus

2418 4603 2704 4673 accipiant.
2733 4602 2802 4657 Et
2828 4619 2922 4672 pro
2947 4619 3012 4658 co
3042 4603 3299 4674 quidquid
3322 4604 3377 4658 in
3405 4605 3504 4659 ista
3526 4605 3755 4674 epistola
3782 4606 4003 4677 delega-

2419 4697 2618 4763 vimus,
2650 4697 2703 4751 in
2729 4697 2948 4751 usuario
2975 4711 3245 4765 germanae
3279 4706 3477 4751 nostrzn
3503 4696 3757 4752 Sicolinaa
3778 4714 4005 4755 conces-

2418 4787 2602 4848 simus,
2632 4786 2751 4840 illos
2780 4786 3198 4852 matricularios,
3240 4795 3297 4841 et
3337 4786 3468 4840 illud
3497 4786 3678 4842 lumen
3718 4788 3788 4842 ad
3817 4798 4003 4844 orato-

2418 4881 2557 4934 rium
2585 4879 2770 4933 domni
2812 4877 3148 4948 Leodegarii,
3202 4888 3259 4933 et
3309 4880 3361 4933 in
3414 4878 3519 4934 hoc
3566 4895 3667 4934 usu
3698 4890 3905 4947 teneat,
3948 4894 4003 4935 et

2418 5016 2633 5081 dicitur,
2664 5024 2718 5068 et
2746 5014 3103 5074 Amalbcrtus,
3142 5012 3291 5080 juxta
3336 5012 3539 5067 Novam
3580 5012 3807 5067 Galliam
3845 5013 4003 5067 Chri-

2416 5088 2663 5145 stianam,
2699 5094 2737 5137 t.
2767 5086 2827 5135 IV
2849 5125 2863 5148 ,
2892 5083 2995 5137 col.
3021 5082 3147 5137 356.
3176 5082 3436 5148 cholcna
3460 5125 3473 5144 ,
3507 5084 3788 5136 Anseherti
3818 5099 4000 5146 soror,

2418 5155 2837 5208 sanctimonialis
2878 5163 2995 5207 erat
3045 5156 3096 5207 in
3154 5158 3479 5206 monasterio
3524 5152 4002 5219 Augustodunensi

2416 5226 2474 5277 S.
2523 5224 2719 5289 Marize,
2769 5223 2931 5278 hodie
2973 5223 3029 5275 S.
3076 5223 3317 5276 Joannis.
3379 5221 3559 5275 Monet
3634 5223 3999 5283 Mabillonius,

2418 5295 2611 5347 Annal.
2645 5303 2683 5346 t.
2717 5295 2753 5357 Ι,
2785 5308 2904 5362 pag.
2938 5292 3061 5355 636,
3092 5302 3342 5346 constare
3375 5306 3444 5343 ex
3496 5293 3597 5344 hoc
3638 5292 4002 5345 instrumento

2416 5361 2849 5417 sanctimoniales
2871 5364 2971 5415 hoc
2994 5372 3235 5421 tempore
3256 5368 3534 5428 parentum
3556 5376 3775 5414 suorum
3799 5361 4004 5414 adiisse

2418 5434 2773 5492 hazreditates.
2820 5442 2876 5487 et
2917 5433 3056 5497 ipsas
3096 5432 3148 5484 in
3178 5431 3291 5493 pios
3319 5445 3443 5483 usus
3470 5429 3820 5495 impendisse,
3847 5430 4000 5497 quod

2417 5520 2481 5555 ex
2520 5500 2837 5556 collectione
2863 5511 3040 5554 nostra
3066 5500 3307 5569 plurimis
3336 5500 3595 5569 exemplis
3624 5507 3855 5569 constat.
3888 5497 3999 5569 No-

2418 5582 2493 5623 l‘ll
2525 5572 2663 5625 idem
2694 5571 2919 5624 clericos
2948 5572 3005 5624 S.
3037 5568 3446 5641 Symphoriani,
3475 5569 3575 5641 etsi
3628 5576 3758 5641 tunc
3797 5568 4003 5641 fuerint

2416 5642 2640 5695 instituti
2681 5642 2995 5697 monastici.
3038 5639 3299 5711 nusquam
3342 5647 3520 5695 tamen
3561 5639 3617 5694 in
3660 5639 3763 5695 hac
3806 5639 4003 5693 charta

2415 5712 2705 5765 monachos
2732 5712 3006 5779 appellari.
