4206 6548
242 377 389 435 i235

231 489 432 546 debeat
459 500 751 559 procurare
786 504 797 538 :
831 493 885 541 et
914 494 1035 558 post
1063 484 1181 553 ejus
1210 484 1522 547 discessum,
1555 490 1665 535 tam
1693 496 1828 549 pon-
1857 481 1906 540 Α

236 580 371 636 tifex
410 580 751 648 supradictus
799 587 854 632 et
900 577 1128 631 ecclesia
1169 574 1345 629 sancti
1396 573 1627 638 Nazarii,
1670 586 1829 640 quam

229 672 421 728 clerici
449 671 609 727 dicta:
634 670 877 726 ecclesia:
925 670 1097 723 sancti
1140 666 1538 740 Symphoriani,
1570 674 1831 735 quantum

230 765 291 821 in
319 766 435 833 ipso
457 771 766 819 strumento
789 761 1139 823 instituimus,
1168 761 1219 813 in
1246 758 1338 812 Dei
1364 758 1580 811 nomine
1602 756 1834 809 debeant

233 870 552 925 procurare.
607 855 836 926 Reliqua
887 870 1017 908 vero
1077 853 1372 916 facultate,
1432 850 1685 918 quiequid
1736 865 1833 904 nos

234 957 483 1016 tempore
510 956 698 1001 nostro
727 946 1173 1015 conquisivimus,
1204 944 1346 1012 quod
1378 942 1431 995 in
1466 943 1564 994 ista
1598 942 1827 1009 epistola

229 1038 779 1092 incommemoratnm
830 1036 989 1090 nobis
1031 1034 1291 1088 remansit
1322 1034 1373 1086 in
1402 1031 1835 1100 quibuscumque

229 1130 372 1185 locis
415 1130 734 1185 adcrescere
775 1129 1042 1198 cupimus,
1092 1128 1319 1180 ecclesia
1363 1128 1536 1179 sancti
1566 1124 1833 1195 Sympha

227 1220 367 1274 riani
418 1231 480 1274 ut
515 1220 713 1275 habeat
740 1219 885 1275 volo.
931 1220 1005 1275 De
1049 1220 1207 1275 alodo
1251 1228 1533 1288 parentum
1566 1232 1833 1283 meorum,

228 1314 494 1382 quicquid
542 1316 718 1383 portio
758 1323 944 1369 nostra
994 1312 1047 1366 in
1090 1313 1521 1381 quibuscumque
1570 1310 1700 1363 locis
1751 1310 1833 1363 vel

230 1407 548 1471 territoriis,
585 1407 939 1476 quod-portio
967 1414 1150 1461 nostra
1173 1414 1283 1460 tam
1316 1403 1385 1459 de
1421 1414 1646 1473 paterno
1674 1418 1833 1471 quam

228 1497 300 1549 ile
330 1508 579 1551 materno
612 1498 765 1552 nobis
793 1497 1033 1551 debitum
1061 1504 1149 1551 est
1181 1495 1281 1549 sub
1310 1509 1471 1547 omne
1500 1492 1836 1561 supellectile

226 1588 489 1654 quicquid
527 1588 635 1642 dici
678 1596 772 1640 aut
818 1587 1083 1640 nominari
1133 1594 1334 1654 potest,
1377 1583 1684 1637 dulcissima
1717 1597 1835 1648 ger—

226 1694 389 1732 inana
434 1694 555 1734 mea
606 1678 866 1746 Sigolina,
916 1679 959 1733 si
1013 1677 1171 1732 nobis
1212 1684 1491 1744 superstes
1543 1674 1728 1739 fuerit,
1782 1673 1834 1724 in

227 1770 487 1824 omnibus
518 1770 766 1839 recipiat,
793 1779 848 1823 et
878 1769 1206 1839 ubicumque
1236 1784 1331 1837 pro
1364 1767 1607 1818 lidelihus
1632 1765 1828 1817 Christi

227 1870 399 1930 atque
429 1861 495 1915 ad
528 1860 824 1915 Ecclesiam
868 1860 957 1913 [)ei
986 1859 1237 1926 delegare
1267 1857 1517 1914 voluerit,
1562 1854 1612 1906 in
1654 1853 1830 1907 omni-

229 1958 336 2006 bus
363 1953 562 2006 habeat
589 1960 936 2020 potestatem.
968 1950 1043 2003 De
1068 1948 1350 2015 mancipiis
1374 1961 1523 2009 vero,
1563 1960 1680 2013 quae
1711 1944 1837 1997 dato

225 2044 411 2115 pretio
458 2044 894 2111 comparavimus
932 2049 1027 2095 aut
1069 2039 1476 2107 adquisivimus,
1508 2038 1558 2089 in
1587 2035 1836 2089 omnibus

226 2134 361 2188 volo
390 2144 449 2188 ut
476 2136 695 2203 ingenui
727 2148 848 2188 esse
886 2132 1121 2187 debeant
1148 2140 1202 2184 et
1234 2139 1292 2183 ut
1334 2144 1430 2197 pro
1459 2127 1705 2195 ingenuis
1749 2142 1836 2177 sn-

229 2228 536 2295 prascripta
594 2242 853 2296 germana
907 2241 1048 2290 mea,
1109 2224 1235 2278 dum
1286 2223 1448 2277 modo
1497 2223 1720 2282 ailvivit,
1783 2221 1833 2274 in

223 2334 389 2373 suum
416 2319 652 2374 debeant
697 2318 887 2373 adesse
914 2317 1252 2386 obsequium.
1310 2314 1439 2369 Post
1488 2314 1604 2381 ejus
1634 2313 1835 2367 disces-

224 2425 381 2475 sum,
427 2409 863 2463 Christianorum
910 2410 1252 2463 defensorem
1296 2422 1391 2460 seu
1422 2419 1622 2471 regem,
1667 2405 1708 2457 si
1740 2406 1831 2457 eli-

225 2516 366 2570 gere
395 2501 689 2565 voluerint,
736 2511 797 2555 ut
836 2501 1076 2555 habeant
1120 2501 1171 2553 in
1212 2514 1401 2554 eorum
1445 2498 1515 2551 sit
1545 2504 1832 2565 potestate.

228 2595 309 2650 De
340 2596 706 2664 suprascripta
737 2594 993 2649 facultate
1014 2608 1175 2661 quam
1203 2593 1269 2646 ad
1291 2592 1627 2660 supradictas
1653 2590 1835 2644 eccle—

231 2686 350 2739 sias
377 2687 551 2739 sancti
580 2686 790 2739 Nazarii
819 2685 904 2739 vel
937 2685 1110 2739 sancti
1142 2682 1522 2755 Symplmriani
1560 2681 1833 2746 delegavi-

228 2789 377 2839 mus,
438 2774 565 2830 dum
621 2775 737 2844 ipsa
792 2787 1049 2843 germana
1103 2789 1223 2827 mea
1282 2773 1521 2841 Sigolina
1577 2772 1834 2825 szeculum

222 2867 544 2933 contemsit,
593 2874 649 2921 et
691 2866 819 2920 dum
869 2864 1224 2934 cognovimus
1261 2864 1461 2932 jugiter
1508 2878 1568 2917 se
1618 2861 1835 2916 Christo

227 2955 435 3011 obtulit
460 2966 516 3011 et
545 2966 747 3011 sancta:
775 2956 956 3011 Maria:
997 2958 1049 3011 in
1092 2956 1340 3011 ancillam
1371 2970 1431 3009 sc
1460 2955 1697 3019 tradidit,
1736 2955 1836 3007 snb

227 3062 335 3100 usu
381 3055 438 3100 et
468 3046 735 3101 beneficio
782 3048 885 3101 hoc
926 3046 1123 3100 debeat
1173 3054 1377 3107 tenere,
1427 3053 1500 3108 et,
1550 3052 1669 3111 post
1717 3044 1837 3111 ejus

222 3139 549 3202 discessum,
583 3139 651 3191 ad
683 3138 1083 3206 suprascriptas
1109 3136 1371 3190 ecclesias
1399 3150 1493 3203 per
1536 3135 1688 3187 istam
1721 3136 1835 3202 epi-

221 3230 428 3285 stolam
460 3232 673 3297 integra
710 3230 988 3284 soliditate
1034 3228 1423 3296 delegavimus,
1469 3242 1592 3280 cum
1625 3241 1684 3279 re
1714 3241 1829 3278 me-
1859 3197 1905 3256 (ἶ

225 3324 428 3377 liorata
453 3322 521 3376 ad
552 3322 697 3391 ipsas
734 3322 993 3376 ecclesias
1021 3321 1218 3374 debeat
1246 3318 1547 3388 pervenire.
1599 3315 1654 3370 Si
1687 3317 1825 3385 quis.

223 3416 379 3485 quod
409 3430 514 3469 non
537 3414 776 3469 futurum
805 3429 928 3469 esse
953 3412 1244 3474 credimus,
1274 3412 1319 3465 si
1347 3426 1410 3464 ea
1439 3424 1562 3477 qua:
1585 3409 1832 3477 superius

222 3513 360 3559 sunt
388 3504 718 3571 conscripta,
747 3503 895 3571 quod
924 3518 1024 3558 nos
1065 3501 1373 3569 plenissima
1417 3500 1697 3554 voluntate
1738 3498 1831 3552 de-

224 3598 493 3652 erivimus
523 3597 590 3650 de
620 3596 911 3651 heredibus
938 3596 1137 3650 nostris
1163 3602 1257 3647 aut
1285 3592 1539 3661 quislibet
1584 3594 1826 3660 opposita

225 3703 461 3759 persona
510 3687 790 3753 refragare
840 3685 1089 3749 voluerit,
1138 3698 1245 3737 non
1292 3684 1396 3736 hoc
1444 3682 1623 3735 valeat
1656 3680 1827 3734 vindi—

222 3792 361 3833 care
388 3776 536 3846 quod
566 3775 783 3845 repetit.
828 3783 885 3827 et
926 3771 1077 3826 Judze
1108 3771 1384 3825 traditoris
1408 3769 1599 3825 similis
1625 3768 1825 3823 efﬁcia-

223 3878 343 3934 tur,
374 3874 431 3920 et
474 3867 698 3935 insuper
731 3864 929 3919 inferat
970 3863 1246 3919 actoribus
1283 3860 1549 3925 ecclesiar,
1602 3868 1697 3915 aut
1743 3861 1826 3914 cui

225 3961 339 4013 hoc
395 3972 493 4027 per
543 3957 703 4011 istam
754 3955 1040 4026 epistolam
1100 3954 1503 4023 delegavimus,
1547 3968 1652 4006 una
1706 3968 1827 4007 cum

223 4051 385 4114 ﬁsco,
417 4050 532 4103 auri
566 4049 657 4102 lib.
688 4063 762 4113 γι,
803 4056 859 4101 et
897 4047 951 4100 in
980 4054 1205 4114 argento
1245 4045 1454 4114 pondus
1501 4061 1585 4107 ωε,
1620 4052 1675 4098 et
1718 4048 1826 4097 haec

223 4140 465 4209 epistola
498 4154 661 4208 quam
695 4147 877 4194 nostra
921 4137 1240 4207 simplicitas
1286 4136 1597 4205 plenissima
1639 4133 1829 4188 volun-

225 4240 351 4286 tate
380 4231 639 4295 decrevit,
671 4238 987 4301 perpetuatn
1018 4229 1262 4283 obtineat
1290 4228 1621 4281 ﬁrmitatem.

303 4320 367 4379 In
392 4321 594 4376 Christi
624 4321 842 4377 nomine
862 4320 1216 4384 Ansebertus,
1243 4328 1497 4386 peccator
1520 4318 1829 4386 episcopus,

224 4414 379 4469 hanc
405 4412 690 4481 epistolam
723 4426 753 4464 a
784 4426 869 4465 me
898 4412 1093 4466 factam
1124 4411 1292 4479 relegi
1316 4418 1369 4464 et
1392 4411 1572 4465 subsc.
1598 4439 1668 4449 —
1688 4408 1831 4461 Adn-

1000 370 1436 429 DONATIONES
1480 369 1565 423 AC
1606 364 2071 425 TESTAMENTA
2112 363 2354 431 EPISC.,
2403 362 2580 427 ABR,
2624 360 2776 417 ETC.

3385 357 3519 414 1231

2596 472 2859 528 XXXVII.

1937 570 2317 623 Testamentum
2345 568 2552 637 Epltihii
2580 567 2803 632 abbatis,
2836 566 2898 619 de
2934 566 3083 620 donis
3117 566 3318 619 rotlan‘s
3362 570 3519 621 eccle—

2001 641 2092 693 sia
2130 638 2411 691 Viennensi
2452 642 2719 705 (insertum
2767 648 2843 690 est
2888 647 3243 690 testamentum
3296 637 3520 703 [iu/itur,

2001 712 2196 764 sororis
2228 710 2362 776 ejus)
2391 719 2412 743 ά
2442 710 2589 779 (tum.
2616 708 2765 777 696).

2005 825 2061 880 In
2090 824 2290 878 Christi
2338 822 2577 885 nomine,
2620 835 2722 888 ego
2756 822 3027 891 Ephibius,
3080 837 3178 892 pro
3211 837 3397 876 amore
3433 822 3521 875 Dei

1936 933 1999 971 ae
2027 920 2307 971 beatorum
2339 914 2706 983 apostolorum
2736 928 2800 967 ac
2822 915 3070 983 martyris
3099 916 3280 965 domui
3308 914 3523 967 Deside-

1936 1010 1998 1064 rii
2031 1008 2291 1078 episcopi,
2336 1007 2473 1062 facio
2525 1014 2910 1060 testamentum
2950 1007 3015 1059 de
3068 1008 3234 1059 rebus
3280 1007 3415 1059 meis
3472 1016 3521 1058 et

1936 1102 2235 1157 hereditate
2280 1116 2422 1167 mea,
2454 1115 2573 1169 quae
2612 1114 2674 1153 ex
2726 1098 3041 1168 parentibus
3072 1100 3205 1151 meis
3239 1099 3439 1153 Leobio
3471 1110 3525 1150 et

1936 1192 2209 1262 Tendigna
2238 1191 2476 1255 legitima
2523 1191 2845 1244 auctoritate
2872 1188 2937 1241 ad
2970 1202 3056 1242 me
3082 1189 3348 1256 pervenit,
3376 1197 3431 1241 et
3460 1205 3521 1241 οι

1938 1300 2125 1339 sorore
2156 1299 2272 1338 mea
2307 1281 2523 1347 Ruﬁna,
2552 1298 2668 1347 quae
2690 1283 2807 1335 sine
2839 1282 3022 1334 liberis
3047 1278 3324 1343 defuncta,
3366 1280 3523 1332 here-

1939 1377 2161 1430 ditatem
2194 1391 2346 1429 suam
2371 1374 2501 1428 mibi
2534 1375 2653 1427 vivo
2686 1374 2878 1427 ordine
2908 1374 3215 1441 dereliquit.
3252 1374 3374 1425 llmc
3401 1380 3524 1424 sunt

1940 1477 2118 1520 autem
2150 1481 2269 1534 qua:
2304 1481 2399 1533 per
2423 1466 2525 1518 hoc
2557 1472 2939 1518 testamentum
2965 1464 3075 1517 Deo
3104 1474 3157 1516 et
3189 1466 3388 1516 sanctis
3410 1463 3526 1525 eius

1941 1558 1992 1610 in
2015 1558 2243 1611 ecclesia
2267 1556 2557 1609 Viennensi
2584 1555 2846 1609 servitura
2879 1570 2977 1622 per
3005 1553 3257 1608 damnum
3286 1566 3525 1607 nostrum

1939 1647 2231 1701 Caeoldum
2265 1646 2573 1713 episcopum
2607 1648 2759 1699 trado
2788 1665 2797 1696 :
2826 1646 3006 1698 villam
3054 1646 3317 1709 integram
3347 1643 3525 1696 Cene-

1942 1740 2175 1801 ciacum,
2210 1751 2332 1790 cum
2356 1736 2603 1789 omnibus
2634 1735 2698 1787 ad
2724 1750 2841 1787 eam
2879 1736 3291 1802 pertinentibus,
3324 1732 3526 1798 absque

1866 1846 1910 1904 Β
1938 1832 2095 1887 ullius
2122 1830 2547 1899 propinquorum
2592 1841 2835 1880 meorum
2868 1834 3039 1894 parte,
3086 1840 3207 1878 cum
3252 1825 3528 1891 utriusque

1940 1939 2101 1978 sexus
2128 1921 2320 1988 servis,
2344 1920 2522 1983 terris,
2546 1918 2711 1983 silvis,
2737 1918 2910 1985 aquis.
2934 1925 3120 1985 portus
3150 1925 3205 1969 et
3230 1914 3525 1967 districtus.

1940 2022 1994 2068 et
2022 2012 2281 2083 quidquid
2332 2012 2397 2063 ad
2440 2011 2750 2079 praedictam
2802 2010 2981 2062 villam
3029 2008 3282 2077 pertinet,
3325 2006 3529 2072 absque

1941 2105 2100 2158 ullius
2127 2102 2354 2171 alicujus
2386 2103 2812 2169 propinquorum
2839 2106 3081 2153 meorum
3113 2098 3407 2151 consortio.
3441 2098 3523 2147 Si-

1940 2194 2140 2247 militer
2161 2201 2215 2246 et
2240 2202 2448 2261 partem
2481 2192 2721 2255 tertiam,
2751 2205 2869 2257 qu;c
2895 2203 2957 2243 ex
2992 2203 3179 2241 sorore
3202 2200 3317 2239 mea
3343 2200 3531 2253 supra-

1937 2286 2079 2339 dicta
2122 2284 2245 2352 jure
2283 2282 2486 2337 ordinis
2518 2282 2645 2334 mihi
2678 2280 2917 2344 obvenit,
2961 2278 3029 2332 de
3070 2277 3353 2330 l'arthenis
3382 2276 3524 2333 villa.

1938 2391 2058 2430 cum
2108 2375 2280 2431 servis
2330 2374 2609 2441 utriusque
2636 2388 2821 2435 sexus,
2873 2373 3053 2438 terris,
3084 2371 3251 2435 silvis,
3286 2369 3439 2438 aquis
3478 2378 3529 2421 et

1938 2470 2134 2525 ceteris
2172 2484 2292 2538 qua:
2334 2468 2399 2522 ad
2438 2484 2661 2523 censum
2714 2467 2797 2522 vel
2828 2468 3102 2521 servitium
3150 2465 3319 2518 tertia:
3364 2464 3531 2533 ipsius

1939 2562 2109 2625 partis
2138 2562 2429 2628 pertinent,
2473 2572 2530 2614 ut
2561 2560 2707 2614 nullo
2741 2573 2990 2627 umquam
3023 2567 3263 2626 tempore
3294 2573 3322 2609 a
3350 2563 3531 2624 potes—

1939 2660 2053 2707 tate
2081 2651 2338 2707 Ecclesiae
2368 2651 2651 2705 alienetur.
2684 2650 2966 2704 Tradimus
3002 2651 3165 2703 etiam
3198 2648 3298 2702 alia
3328 2649 3380 2701 in
3420 2647 3529 2700 Cir--

1939 2747 2143 2801 coitum
2172 2761 2293 2814 qua:
2317 2760 2346 2798 a
2372 2744 2572 2799 domno
2598 2752 2783 2798 nostro
2806 2744 3041 2811 glorioso
3063 2741 3409 2795 Childeberto
3432 2754 3530 2807 pro

1939 2839 2162 2893 servitio
2209 2845 2394 2891 nostro
2446 2835 2860 2903 adquisivimus,
2919 2834 2970 2886 in
3023 2830 3331 2900 Engolismo
3374 2832 3530 2884 villas

1942 2938 2070 2992 tres,
2099 2929 2166 2981 de
2194 2928 2387 2995 quibus
2407 2926 2518 2995 jam
2545 2934 2927 2980 testamentum
2953 2924 3304 2978 ειιιιῑερὶιῐιυε.
3338 2922 3527 2976 Testa—

1943 3028 2183 3074 mentum
2214 3018 2418 3073 sororis
2449 3026 2665 3082 nostrze,
2699 3015 2979 3084 judicante
3018 3024 3206 3070 senatu
3239 3015 3290 3068 in
3328 3015 3527 3068 Vienna

1940 3113 2158 3167 civitate
2183 3110 2471 3173 residente,
2495 3110 2617 3163 huic
2634 3118 2954 3163 testamento
2972 3120 3156 3161 nostro
3177 3108 3523 3162 inseruimus.

2012 3208 2219 3260 Domno
2266 3220 2387 3258 meo
2420 3214 2474 3257 et
2507 3204 2765 3259 delicioso
2805 3201 2961 3255 fratri
3006 3201 3273 3269 Euphibio
3324 3202 3525 3263 abbati,

1939 3298 2132 3352 Ruﬁna
2166 3312 2323 3350 soror
2348 3312 2468 3364 qua:
2498 3298 2617 3351 sine
2647 3296 2770 3350 ﬁliis
2800 3294 2988 3349 orbata
3018 3293 3251 3360 resideo,
3276 3302 3329 3346 et
3360 3302 3414 3346 tu
3445 3308 3529 3345 res

1938 3400 2061 3443 tuas
2092 3389 2200 3443 Deo
2243 3397 2297 3441 et
2340 3387 2543 3440 sanctis
2569 3386 2687 3453 ejus
2716 3385 2857 3453 apud
2894 3385 3151 3437 Viennam
3177 3382 3361 3446 tradis,
3396 3382 3527 3435 nihil

1936 3484 2083 3535 aliud
2113 3481 2241 3534 mihi
2273 3480 2465 3533 melius
2488 3480 2662 3533 visum
2695 3486 2778 3532 est
2803 3478 2870 3532 de
2895 3477 3038 3531 dono
3061 3476 3231 3545 patris
3255 3484 3311 3529 et
3341 3474 3529 3527 matris

1937 3585 2152 3636 nostrae,
2193 3575 2347 3625 tertia
2382 3572 2588 3626 scilicet
2619 3577 2770 3639 parte
2816 3569 3121 3633 Parthenis,
3152 3583 3275 3635 qua:
3317 3565 3528 3633 adjacet

1943 3664 2233 3718 Ceniciaco
2279 3663 2437 3727 villae,
2483 3670 2543 3715 ut
2571 3662 2711 3718 sicut
2738 3661 2845 3714 alia
2873 3668 2929 3714 et
2971 3659 3073 3715 ista
3120 3666 3212 3711 tua
3256 3664 3529 3725 potestate

1940 3756 2179 3819 redacta,
2214 3754 2464 3823 adjuncta
2497 3752 2782 3807 hereditati
2808 3760 2932 3816 tute,
2976 3758 3167 3804 sancto
3194 3749 3313 3802 loco
3336 3763 3527 3802 consu-

1938 3846 2136 3909 ciares,
2173 3855 2230 3899 ut
2253 3846 2476 3898 habeam
2520 3851 2726 3911 partem
2760 3844 2811 3896 in
2844 3850 2973 3896 voto
3012 3853 3068 3895 et
3094 3841 3237 3894 dono
3262 3848 3376 3903 tuo,
3405 3854 3525 3893 cum

1937 3940 2141 3993 sanctis
2172 3938 2265 3993 Dei
2294 3953 2524 4007 quorum
2556 3951 2742 3991 amore
2770 3938 2887 3989 haec
2915 3934 3067 3989 facis.
3104 3935 3211 4003 Ego
3250 3947 3406 3988 soror
3437 3940 3527 3985 tua

1940 4028 2131 4083 Ruﬁna
2160 4038 2546 4084 testamentum
2591 4030 2693 4083 hoc
2721 4042 2900 4081 meum
2925 4026 3222 4089 subscribe,
3253 4039 3371 4092 quae
3412 4024 3529 4077 sine

1937 4127 2041 4180 alia
2070 4138 2261 4181 sorore
2292 4139 2411 4179 mea
2443 4131 2497 4177 et
2522 4121 2645 4177 aliis
2674 4120 3012 4190 propinquis,
3046 4133 3217 4185 usque
3264 4130 3405 4171 nunc
3449 4116 3525 4169 le-

1938 4219 2130 4286 galiter
2181 4218 2234 4271 in
2286 4218 2553 4284 integrum
2604 4213 2841 4283 possedi,
2901 4221 2959 4266 et
3008 4226 3164 4265 sacro
3215 4207 3426 4263 senatui
3472 4216 3528 4260 ut

1940 4313 2149 4364 timium
2182 4318 2400 4364 maneat
2429 4311 2689 4363 roborare
2711 4304 2958 4359 manibus
2980 4302 3164 4370 rogavi
3190 4309 3382 4356 cuncta
3408 4300 3510 4352 luet

1936 4417 2054 4469 quae
2081 4401 2331 4469 superius
2353 4397 2741 4466 comprehensa
2773 4403 2915 4449 sunt.
2951 4394 3125 4461 Super
3150 4392 3342 4461 quibus
3364 4391 3525 4445 etiam

227 4518 372 4558 neus
419 4504 704 4571 episcopus
732 4510 951 4570 rogatus
981 4502 1161 4556 subsc.
1186 4527 1254 4540 ——
1279 4499 1577 4567 Agnericus
1618 4500 1832 4567 episco~
1862 4492 1910 4548 D
1939 4492 2174 4545 edictum
2197 4490 2405 4556 regium
2437 4488 2549 4542 ﬁeri
2587 4487 2772 4555 petivi,
2804 4486 2986 4539 omnia
3017 4484 3117 4536 sub
3146 4483 3353 4548 integre
3383 4494 3521 4550 prm-

225 4612 335 4667 pus
390 4602 614 4663 rogatus
680 4593 861 4647 subsc.
906 4621 974 4632 —
1021 4590 1207 4657 Aglius
1255 4592 1541 4659 episcopus
1613 4596 1831 4657 rogatus

224 4688 423 4743 subsc.
471 4710 544 4725 -—
592 4683 959 4746 Winebertus,
1006 4681 1230 4750 jubente
1282 4681 1483 4735 domno
1531 4680 1831 4735 Anseberto

227 4778 516 4848 episcopo,
548 4774 688 4829 hanc
715 4772 997 4844 epistolam
1025 4771 1214 4841 scripsi
1244 4781 1299 4826 et
1320 4772 1636 4842 subscripsi.

306 4866 508 4923 Notavi
535 4865 679 4935 quod
707 4865 835 4921 fecit
863 4864 1067 4919 mensis
1106 4862 1331 4930 Augusti
1360 4863 1447 4917 die
1479 4880 1531 4927 v,
1577 4878 1717 4921 anno
1748 4879 1833 4917 se-

230 4957 425 5015 cundo
447 4963 715 5025 regnante
742 4954 962 5010 domino
988 4950 1337 5009 Childeberto
1366 4967 1514 5024 rege.

312 5164 341 5192 ιι
376 5152 590 5209 Editum
619 5169 649 5208 a
681 5152 975 5217 Dacherio,
1006 5152 1191 5220 Spicil.
1225 5161 1265 5205 ι.
1297 5151 1388 5207 ΧΠ
1410 5194 1424 5218 ,
1456 5167 1576 5219 pag.
1620 5151 1738 5216 iOl,
1769 5167 1834 5205 ex

234 5227 562 5297 apographo
603 5225 748 5297 quod
786 5224 1069 5297 ‘Louvetus
1115 5224 1495 5297 exscripserat,
1526 5237 1626 5278 nec
1674 5224 1837 5297 docet

236 5292 393 5353 unde
421 5292 635 5350 erutum
666 5294 843 5348 fuerit.
878 5292 1220 5349 ltecuderunt
1244 5293 1577 5346 Collectmes
1606 5294 1837 5360 scripto-

235 5382 365 5422 rum
394 5381 572 5420 rerum
604 5365 1002 5427 Francicarum,
1029 5374 1064 5417 t.
1090 5363 1178 5422 ιν,
1212 5378 1333 5432 pag.
1363 5362 1487 5427 678,
1516 5364 1716 5417 omisso
1761 5374 1837 5415 te-

238 5446 518 5493 stamento
568 5434 812 5497 Ruﬁute,
859 5434 1001 5502 quod
1056 5433 1308 5502 Ephibius
1356 5435 1518 5487 frater
1565 5433 1682 5499 ejus
1738 5447 1836 5502 suo

242 5514 578 5562 testamento
609 5507 855 5560 inseruit.
880 5501 1055 5572 Hujus
1084 5501 1420 5557 instrumenti
1457 5504 1700 5556 meminit
1727 5501 1833 5555 Ma-

242 5576 523 5642 hillonius,
550 5575 744 5630 Annal.
778 5588 814 5628 t.
842 5574 879 5641 l,
910 5587 1033 5643 pag.
1060 5572 1187 5627 386.
1216 5573 1378 5638 Cujus
1410 5573 1717 5643 monasterii
1752 5573 1838 5623 ab-

243 5650 345 5704 bas
386 5648 550 5702 fuerit
594 5646 852 5715 Ephibius
898 5641 1157 5713 suspicari
1206 5644 1422 5715 dillicile
1461 5642 1618 5696 foret.
1653 5641 1837 5695 Testa-

243 5718 412 5791 menti
442 5713 943 5791 autettiisinccrita‘s
984 5716 1095 5791 hoc
1133 5713 1468 5791 potissinmm
1522 5719 1837 5791 argumento

242 5786 456 5844 videtur
484 5787 657 5845 everti
691 5802 868 5855 posse.
900 5786 1163 5841 (laeoldus
1196 5784 1266 5839 ibi
1294 5784 1488 5839 dicitur
1522 5783 1837 5838 Viennensis

1935 4580 2146 4634 sidente
2178 4580 2475 4634 reverendo
2518 4585 2671 4647 patre
2700 4590 2821 4629 meo
2844 4572 3078 4629 Caeoldo
3116 4580 3317 4626 sanctae.
3348 4570 3440 4624 Dei
3474 4580 3526 4624 et

1941 4670 2231 4725 Viennensi
2279 4669 2548 4733 Ecclesim,
2594 4675 2652 4719 ut
2680 4665 2937 4733 deinceps
2965 4663 3041 4717 illi
3069 4670 3289 4716 maneat
3328 4661 3394 4714 ab
3426 4661 3524 4714 hac

1936 4764 2044 4829 die,
2076 4762 2230 4817 trado
2258 4770 2314 4815 et
2344 4759 2645 4814 habendum
2676 4756 2995 4811 transl'undo
3025 4770 3219 4809 servos
3246 4753 3524 4820 utriusque

1936 4869 2096 4911 sexus
2126 4853 2272 4907 mille
2314 4867 2463 4913 cccc,
2508 4849 2602 4904 sed
2647 4859 2703 4903 et
2730 4848 2930 4902 liberos
2965 4847 3065 4914 qui
3088 4846 3408 4911 obsequium
3452 4845 3523 4896 ilii

1938 4946 2137 5001 faciunt
2171 4943 2229 4997 ι).
2264 4940 2599 5009 Quicumque
2634 4945 2820 4995 contra
2862 4937 2966 4992 hoc
3001 4942 3382 4989 testamentum
3427 4945 3521 4989 ve-

1938 5145 2252 5213 episcopus,
2282 5156 2388 5209 quo
2430 5134 2876 5213 t_tomt_n_e_c_ritici,
2908 5132 3169 5213 imprimis
3202 5127 3519 5213 Maliilll.._ulii

1937 5198 2333 5283 st'tpra,'volun't
2374 5210 2468 5283 vel
2496 5207 2831 5283 Caldoldum,
2866 5206 2947 5283 vel
2977 5202 3232 5283 Edaldum
3265 5198 3521 5283 intelligi:

1939 5267 2162 5351 uterque
2204 5281 2303 5335 fuit
2346 5279 2559 5351 quidem
2593 5267 2906 5351 Viennensis
2934 5276 3217 5351 episcopus
3234 5312 3260 5351 ,.
3280 5271 3373 5323 sed
3403 5267 3524 5321 Cal.-

1937 5342 2126 5408 dnldus
2156 5342 2411 5406 extremis
2455 5348 2741 5415 Dagoherti
2777 5347 2790 5399 l
2822 5345 3172 5415 temporibus,
3217 5342 3361 5415 c_i_r_ca
3385 5354 3527 5415 ann

1939 5425 2039 5479 687
2067 5441 2079 5487 ;
2112 5422 2338 5475 Edaldus
2380 5434 2509 5473 vero
2536 5409 2807 5486 regnante
2848 5409 3216 5487 Theodorico_
3237 5410 3303 5464 lll
3346 5409 3475 5462 obiit
3509 5424 3520 5459 :

1940 5480 2129 5550 neuter
2171 5493 2328 5559 igitur
2353 5489 2487 5542 vixit
2514 5480 2635 5545 suh'
2663 5485 3001 5559 Lhildeberto
3045 5483 3127 5559 Ill.
3148 5554 3157 5559 _
3177 5480 3521 5559 Ergoutesta-

1940 5549 2419 5630 mentumVEphibii
2462 5558 2679 5630 exhibet
2700 5556 3058 5630 manifestum
3092 5554 3211 5630 falsi
3243 5549 3521 5630 indicium,

1940 5652 2058 5691 cum
2100 5648 2240 5686 anno
2258 5622 2301 5684 ’2
2331 5628 2831 5701 regni__Childeberti
2861 5625 2923 5701 lll
2950 5624 3132 5701 datum
3163 5622 3353 5701 dicitur
3381 5627 3489 5671 tetu

1942 5690 2159 5775 poribus
2189 5690 2427 5775 Craefoldi',
2478 5698 2793 5775 Viennensis
2841 5694 3097 5775 episcopi,
3147 5692 3263 5746 sive
3294 5690 3396 5744 hoc
3427 5702 3521 5740 uo—

1943 5767 2084 5829 inine
2112 5773 2417 5835 Caldoldus,
2453 5771 2565 5823 sive
2596 5767 2827 5821 [id-aldus
2857 5767 3199 5830 intelligatur.
