4206 6556
788 404 932 462 1255

1537 406 1798 460 S.-IiCl£I..
1839 405 1923 458 VII
1968 403 2054 459 ΕΤ
2099 403 2210 459 VIII
2257 403 2800 462 ECCLESIASTICA
2841 403 3302 462 ΜΟΝΒΜΕΝΤΑ.

3915 408 4031 464 I236

789 516 929 570 nerit
958 525 1018 571 ut
1043 526 1226 572 votum
1256 530 1432 571 meum
1457 515 1787 572 disturbetur
1805 558 1819 582 ,
1853 532 1920 571 ne
1949 515 2118 570 servis
2148 515 2243 570 Dei
2272 515 2373 570 ali-
2406 521 2452 578 Α
2481 516 2684 572 versari
2705 516 2960 586 debeant,
2989 524 3043 572 et
3069 516 3240 587 ipsam
3273 513 3434 572 tiliam
3457 525 3697 573 nostram
3722 517 3930 576 Bcrtam
3950 522 4034 576 ibi-

787 617 993 674 menta,
1023 609 1244 664 servitia
1271 617 1327 662 et
1356 607 1654 662 necessaria
1697 623 1802 662 non
1836 614 2183 676 prmstentur,
2213 622 2365 663 sena-

790 702 932 756 torio
952 702 1155 770 judicio
1184 711 1207 736 α
1239 700 1306 752 ad
1336 699 1500 754 libras
1525 714 1652 754 cecc
1680 701 1794 754 auri
1825 701 1874 753 in
1906 700 2122 769 publico
2149 699 2375 754 reddere

788 794 1160 862 compellatur,
1207 799 1404 860 praeter
1451 792 1618 844 multa
1668 791 1806 844 villa:
1857 806 1976 860 qua:
2026 797 2371 860 compensata

793 881 1046 938 Ecclesia:
1076 882 1364 936 Viennensi
1395 890 1451 935 et
1475 882 1645 935 servis
1669 881 1762 934 Dei
1790 881 2059 935 reddatur.

855 973 971 1028 Iloc
1001 981 1380 1030 testamentum
1411 989 1478 1026 ex
1504 971 1807 1026 Geneciaeo
1836 973 1978 1033 villa,
2010 981 2066 1026 et
2103 973 2171 1027 de
2212 973 2369 1026 tertia

784 1064 1033 1132 portione
1068 1062 1171 1116 alia
1204 1061 1406 1117 sororis
1435 1077 1589 1125 mere,
1629 1076 1730 1129 ego
1757 1060 2012 1129 pribius
2041 1060 2177 1114 abba
2207 1077 2367 1114 manu

787 1155 999 1220 propria
1030 1154 1303 1220 roboravi,
1345 1161 1402 1207 et
1447 1153 1785 1206 senatoribus
1835 1153 2122 1220 universis,
2171 1164 2228 1205 ut
2268 1154 2369 1207 hoc

781 1241 957 1306 ipsum
987 1243 1336 1306 rohorarent,
1374 1242 1496 1310 jure
1522 1243 1687 1310 petivi
1726 1251 1781 1296 et
1812 1245 2014 1311 rogavi.
2039 1273 2110 1284 —
2139 1242 2368 1298 Senator

781 1332 1039 1402 Eulogius
1069 1349 1279 1402 parens.
1303 1366 1375 1376 —
1401 1334 1590 1387 ltuliua
1630 1350 1808 1390 soror.
1837 1369 1905 1376 -μ
1933 1335 2236 1402 Deuphibus
2281 1352 2362 1390 se-

780 1437 958 1480 nator.
987 1457 1057 1468 --
1082 1428 1444 1481 Contumacus
1471 1437 1710 1482 senator.
1744 1458 1811 1467 —
1842 1428 2087 1495 Pelagius
2124 1437 2362 1484 senator.

779 1549 846 1560 -—
878 1517 1146 1574 Leubinus
1174 1529 1414 1574 senator.
1449 1553 1519 1562 --
1547 1520 1860 1574 Caracteius
1895 1529 2133 1574 senator.
2166 1550 2232 1560 —
2260 1521 2365 1574 Ar-

780 1608 940 1671 giuus
973 1617 1207 1663 senator.
1239 1640 1311 1650 —
1337 1609 1585 1663 Silvanus
1610 1621 1849 1663 senator.
1870 1643 1942 1652 —
1963 1608 2252 1679 Gregorius
2279 1627 2366 1666 se-

781 1709 959 1751 nator.
980 1731 1052 1741 —
1079 1701 1345 1754 Artemius
1373 1709 1612 1755 senator.
1645 1732 1716 1742 —
1741 1700 1997 1768 Eulogius
2026 1714 2263 1756 senator.
2295 1737 2366 1746 —

781 1788 1070 1857 lteophilus
1098 1802 1335 1847 senator.
1355 1822 1427 1833 —
1449 1791 1690 1861 Siagrius
1717 1802 1953 1848 senator.
1985 1829 2054 1836 —
2080 1795 2250 1850 Rufus
2276 1813 2364 1850 se-

777 1889 958 1935 nator.
989 1913 1061 1924 —
1086 1880 1340 1950 Ergerius
1385 1894 1622 1939 senator.
1661 1913 1725 1925 —
1753 1883 2073 1952 Spectabilis
2120 1895 2362 1939 senator.
2396 1868 2441 1927 Β

779 1969 1047 2026 Macrinus
1072 1981 1306 2027 senator.
1351 1973 1440 2027 Sic
1479 1983 1533 2027 et
1573 1974 1761 2027 ceteri.
1793 2001 1864 2011 —-
1887 1973 2192 2044 Simplicius
2219 1991 2364 2043 quac-

777 2071 911 2124 stor,
937 2069 1173 2118 senator.
1195 2093 1268 2106 —-
1288 2061 1540 2117 Notarius
1561 2063 1855 2118 Iibellarins
1883 2065 2125 2133 publicus
2149 2065 2174 2103 ιι
2203 2067 2366 2121 diela-

777 2151 849 2212 vi,
881 2151 1193 2220 subscripsi,
1223 2167 1364 2208 anno
1392 2169 1427 2207 ll
1460 2155 1678 2220 gloriosi
1710 2155 2040 2209 Childeberti
2070 2158 2230 2224 regis.

1437 2241 1715 2296 XXXVIII.

779 2332 981 2403 (.‘lmrla_
996 2349 1096 2403 qua
1118 2332 1355 2396 Camn”,
1385 2344 1432 2385 et
1470 2351 1607 2386 uxor
1625 2335 1737 2402 ejus
1767 2336 2070 2402 Adalgudis,
2099 2349 2362 2393 monaste-

848 2404 927 2456 rio
950 2401 1192 2475 Lemausi
1219 2421 1250 2455 a
1277 2422 1327 2455 se
1356 2406 1594 2475 condito,
1649 2401 1843 2457 collata
1888 2401 2026 2457 dona
2050 2408 2315 2460 declarant
2346 2451 2363 2475 ,

846 2481 898 2611 ἴε
958 2473 1327 2608 ἱηϐἕξῖιυεηιιι
1387 2472 1635 2527 nobilium
1692 2475 2051 2543 conﬁrmanda
2115 2472 2360 2531 curanté

871 2559 997 2594 ann.
1068 2576 1084 2592 ι
1164 2581 1178 2594 .

871 2559 997 2594 ann.
1029 2559 1126 2593 οὶη
1143 2559 1178 2594 I.

848 2629 903 2683 lu
935 2631 1154 2684 nomine
1200 2639 1400 2685 sancta:
1436 2629 1736 2687 Trinitatis.
1793 2631 2117 2702 Prosperum
2147 2635 2362 2702 quidem

777 2729 832 2772 et
861 2720 1072 2774 salubre
1102 2720 1406 2783 consilium,
1439 2722 1716 2791 immoque
1763 2723 1897 2777 satis
1921 2723 2218 2790 jocundum
2245 2740 2364 2780 esse

773 2809 1095 2876 dinoscitur,
1126 2818 1185 2863 ut
1235 2808 1304 2864 de
1333 2809 1537 2864 caduca
1565 2810 1830 2879 quispiam
1873 2811 2056 2865 szeculi
2107 2809 2365 2867 facultate

774 2901 888 2956 Ilco
909 2898 1170 2963 conferat,
1195 2912 1302 2966 quo
1345 2907 1570 2968 peccato
1626 2899 1889 2954 redimere
1935 2915 2033 2954 sua
2079 2901 2257 2954 valeat
2309 2911 2365 2954 et

774 2989 1020 3043 abluere.
1050 2986 1118 3041 Et
1161 2987 1304 3056 quod
1345 2989 1661 3058 prudentius
1706 2990 1988 3044 consilium
2021 3030 2038 3055 ,
2091 3005 2252 3059 quam
2306 3001 2364 3044 ut

777 3087 942 3137 IttHllO
963 3083 1031 3137 de
1061 3083 1340 3136 mundanis
1369 3083 1529 3136 rebus
1554 3092 1833 3151 comparet
1862 3083 2187 3152 paradisum,
2215 3092 2271 3137 et
2296 3083 2365 3137 de

777 3183 992 3227 terrena
1036 3173 1337 3226 substantia
1396 3171 1680 3226 transferat
1732 3172 1933 3239 aliquid
1980 3172 2034 3225 iu
2081 3172 2364 3227 emlestia?

776 3265 942 3331 igitur
962 3279 1062 3332 ego
1102 3262 1329 3318 Gammo
1359 3271 1416 3317 et
1455 3264 1652 3332 conjux
1681 3278 1802 3318 mea
1833 3263 2161 3334 Adalgudis,
2211 3265 2362 3332 cogi-

773 3364 954 3409 tantes
1008 3354 1242 3422 qualiter
1293 3354 1617 3408 sarcinulam
1663 3362 2007 3422 peccatorum
2050 3363 2358 3408 nostrorum

773 3442 1044 3510 possimus
1066 3442 1392 3509 abstergere,
1428 3449 1484 3494 et
1512 3441 1581 3494 ad
1604 3449 1804 3494 aeterna
1830 3441 2025 3507 gaudia
2050 3441 2356 3512 pervenire,

775 3531 1220 3586 monasteriolum
1249 3531 1304 3585 in
1344 3531 1466 3586 loco
1490 3531 1836 3602 proprietatis
1866 3541 2064 3584 nostra:
2089 3572 2103 3595 ,
2159 3547 2363 3586 nuncu-

777 3632 942 3692 pultle
981 3622 1244 3677 Lemauso
1275 3621 1338 3686 ἀ,
1393 3623 1444 3676 in
1507 3622 1714 3676 honore
1778 3623 1948 3678 sancti
1995 3621 2254 3676 Johannis
2306 3634 2363 3676 et

774 3721 978 3766 sanctae
1025 3713 1210 3766 Crucis
1237 3713 1322 3767 vel
1368 3721 1673 3766 ceterorum
1729 3711 2067 3765 dominorum
2111 3713 2364 3782 carpimus

777 3815 1116 3871 construere,
1146 3813 1205 3858 ut
1233 3803 1428 3859 ibidem
1460 3804 1664 3873 puellas
1695 3804 1745 3856 in
1776 3803 1985 3856 honore
2021 3813 2222 3856 saneta:
2247 3803 2360 3856 Ma-

780 3901 873 3949 rize
902 3896 1336 3958 institueremus,
1382 3904 1444 3950 ut
1468 3896 1568 3950 sub
1587 3904 1770 3948 sancta
1801 3910 1989 3948 norma
2033 3896 2230 3962 regulae
2257 3895 2362 3950 ibi-

775 3991 898 4040 dem
919 4001 1245 4042 conversare
1271 3986 1550 4040 deberent.
1588 3983 1742 4049 Quod
1795 3984 1866 4037 ita
1921 3993 1974 4039 et
2007 3983 2266 4050 fecimus,
2306 3993 2362 4038 et

780 4080 944 4132 tiliam
975 4089 1213 4134 nostram
1243 4079 1453 4132 Bertam
1484 4077 1536 4130 in
1567 4077 1683 4145 ipso
1728 4076 1850 4129 loco
1877 4075 2202 4129 instituimus
2222 4113 2238 4138 ,
2300 4085 2360 4130 ut

773 4170 966 4225 diebus
990 4169 1116 4222 vita:
1142 4183 1272 4232 sum,
1305 4177 1414 4221 tam
1438 4167 1551 4236 ipsa
1580 4181 1740 4234 quam
1770 4174 1825 4218 et
1853 4180 1970 4233 qua:
1990 4181 2109 4219 eum
2149 4165 2260 4234 ipsa
2303 4165 2357 4218 in

775 4260 898 4326 ipso
938 4259 1268 4312 monasterio
1321 4269 1644 4310 conversare
1698 4253 1976 4318 videntur,
2022 4253 2120 4307 sub
2169 4251 2360 4307 ordine

783 4350 1083 4406 monastico
1114 4349 1198 4404 vel
1228 4347 1412 4416 regula
1433 4346 1605 4400 sancti
1632 4343 1904 4400 Benedicti
1935 4345 2116 4399 vivere
2143 4351 2199 4400 et
2222 4359 2357 4399 con-

2480 605 2600 660 dem
2649 604 2976 662 instituimus
3002 621 3123 662 esse
3151 607 3474 663 abbatissam
3496 649 3513 676 ,
3563 617 3620 665 et
3671 610 3848 680 ipsum
3884 612 4034 667 locum

2478 695 2797 753 Lemausum
2826 699 2929 753 sibi
2957 699 3342 768 delegavimus,
3375 717 3480 755 una
3509 717 3632 756 cum
3667 703 4037 775 omnibusque

2475 787 2672 843 ibidem
2699 788 2943 859 aspicere
2958 789 3225 854 videntur,
3243 805 3364 845 cum
3382 792 3528 846 omni
3545 791 3856 860 integritate
3870 794 3944 847 vel
3959 796 4036 849 ad-

2471 881 2726 950 jacentiis
2756 883 2890 948 suis,
2923 883 2976 937 in
2997 883 3427 953 quibuscumque
3455 883 3608 952 pagis
3636 885 3722 939 vel
3752 885 4034 950 territoriis,

2473 979 2583 1025 tam
2611 973 2746 1027 ultra
2779 971 3007 1038 Ligerim
3033 975 3151 1028 sitis
3179 975 3265 1028 vel
3313 975 3446 1029 citra
3475 973 3728 1042 Ligerim.
3762 976 3904 1031 Loca
3925 991 4037 1033 vero

2472 1073 2852 1132 nuncupantur
2881 1065 2952 1116 ita
2981 1083 2991 1116 ;
3017 1063 3069 1118 id
3088 1072 3189 1126 est,
3215 1063 3552 1129 Nova-Villa,
3580 1065 3837 1129 Viutoris,
3861 1064 4038 1121 Britin-

2475 1154 2682 1218 niacus,
2713 1153 3033 1219 Quintiacus
3059 1197 3074 1220 ,
3130 1154 3436 1222 Bragogilo,
3481 1152 4040 1220 Grimoaldo-Villare,

2472 1244 2789 1309 Prulliacus,
2823 1244 3054 1309 Rovere,
3080 1244 3339 1298 Mauro-V‘
3350 1245 3436 1298 illa
3466 1285 3480 1309 ,
3511 1245 4000 1302 Barbarione-Villa
4022 1288 4040 1314 ,

2471 1335 2594 1388 villa
2613 1333 2804 1398 Milies,
2824 1334 3576 1400 Galdonro-Maso,Ferrarias,
3610 1337 3736 1390 item
3773 1338 3902 1392 alias
3925 1337 4039 1394 Fer-

2472 1424 2869 1487 rarias,Culmel
2880 1425 3193 1489 las-Montis,
3208 1423 4042 1495 Alnao,TrieaIinis,Felcariolas,

2469 1517 2703 1582 Noiolio',
2719 1516 3185 1581 Mundoue-Villa,
3204 1517 3466 1572 Childeno
3487 1518 3647 1582 Villa,
3661 1517 3928 1586 Potiosus,
3945 1519 4039 1573 Ila—

2468 1609 2791 1675 done-Villa,
2809 1608 3083 1676 Flaviago,
3097 1609 3362 1675 Alvernis,
3383 1610 3768 1680 Posthitniago,
3786 1611 4042 1675 Cacerias,

2471 1700 2772 1754 ltusxerias.
2806 1700 3066 1756 Similiter
3095 1700 3232 1754 ultra
3292 1701 3526 1769 Ligerim
3562 1701 3838 1770 Balbiago,
3867 1703 4047 1758 Cerva-

2472 1794 2610 1845 tiaco
2638 1799 2692 1845 et
2725 1790 2896 1858 Valle,
2921 1799 2978 1843 ut
3002 1790 3260 1857 diximus,
3293 1801 3400 1844 tam
3433 1792 3573 1845 ultra
3617 1792 3875 1859 Ligerim,
3899 1808 4048 1861 quam

2470 1893 2523 1936 et
2551 1882 2708 1946 citra,
2740 1880 2994 1950 quicquid
3026 1889 3209 1934 nostra
3250 1882 3518 1949 possessio
3542 1881 3792 1949 prazsenti
3822 1892 4050 1952 tempore

2469 1989 2590 2027 esse
2620 1973 2854 2039 videtur,
2885 1971 2971 2026 vel
3000 1972 3218 2026 inantea
3247 1971 3361 2026 Deo
3404 1971 3698 2027 auxiliante
3726 1973 3906 2027 fuerit.
3939 1973 4052 2029 Hac

2471 2065 2588 2117 loca
2620 2064 2864 2129 superius
2893 2062 3282 2132 comprehensa
3311 2063 3379 2116 ad
3413 2064 3587 2134 ipsum
3619 2066 4050 2120 monasteriolum

2473 2162 2839 2221 nuncupatum
2872 2150 3217 2217 Lemausum,
3247 2153 3448 2207 ibidem
3507 2155 3874 2223 delegavimus
3901 2166 4052 2224 atque

2470 2245 2836 2297 firmavimus:
2869 2257 2932 2296 ea
2967 2258 3096 2296 vero
3132 2244 3342 2298 ratione
3365 2283 3382 2308 ,
3433 2254 3509 2310 ut,
3541 2246 3668 2301 dum
3714 2261 3816 2301 nos
3861 2249 4051 2316 pariter

2469 2334 2852 2398 advixcrimus,
2878 2341 2985 2386 tam
3015 2345 3116 2398 ego
3145 2331 3396 2400 Gammo,
3423 2348 3584 2401 quam
3612 2345 3669 2388 et
3687 2335 3925 2403 conjunx
3940 2351 4051 2391 mea

2470 2427 2781 2496 Adalgudis,
2805 2426 2899 2481 sed
2923 2435 2976 2481 et
3004 2426 3126 2481 lilia:
3171 2435 3391 2492 nostra),
3424 2426 3584 2481 Berta
3617 2436 3673 2482 et
3697 2427 3865 2482 Maria
3890 2471 3905 2494 ,
3953 2429 4050 2484 hoc

2471 2520 2748 2590 possidere
2777 2520 2862 2574 vel
2911 2520 3192 2574 dominare
3238 2519 3497 2576 faciamus
3524 2531 3630 2575 tam
3660 2523 3838 2592 ipsum
3866 2539 4049 2578 mona-

2469 2611 2746 2666 steriolum
2775 2609 3121 2678 Lemausum,
3154 2625 3316 2678 quam
3363 2611 3526 2663 etiam
3553 2611 3723 2666 dictas
3751 2612 3930 2677 villas,
3949 2626 4051 2668 una

2467 2718 2586 2756 eum
2619 2703 2797 2768 terris,
2845 2701 3110 2766 domibus,
3139 2700 3402 2769 :ediliciis,
3433 2701 3632 2756 accolis
3661 2740 3678 2764 ,
3731 2704 4050 2772 mancipiis,

2470 2792 2696 2856 libertis,
2729 2791 2955 2861 campis,
2977 2790 3168 2855 vineis,
3200 2790 3382 2854 silvis,
3431 2790 3618 2858 pratis,
3650 2791 3882 2858 pascuis,
3904 2792 4054 2860 aquis

2469 2897 2839 2951 aquarumque
2864 2881 3201 2948 decursibus,
3231 2882 3521 2947 farinariis,
3550 2881 3798 2951 peculiis,
3821 2883 4050 2953 praediis,

2469 2972 2756 3027 mobilibus
2778 2980 2834 3026 et
2855 2971 3244 3039 immobilibus,
3266 2971 3425 3026 cultis
3451 2980 3508 3025 et
3532 2971 3771 3034 incultis,
3799 2973 3980 3027 omnia
3999 2980 4054 3027 et

2471 3079 2541 3118 ex
2569 3063 2842 3128 etnnibus,
2870 3061 2937 3116 ad
2993 3061 3174 3116 omnia
3221 3061 3490 3130 stipendia
3519 3063 4012 3118 sanctimonialium
4033 3103 4051 3127 ,

2473 3155 2558 3208 vel
2587 3154 2653 3206 ad
2705 3153 2881 3222 ipsum
2927 3152 3368 3208 monasteriolum
3417 3154 3562 3222 quod
3593 3168 3692 3207 nos
3740 3168 3840 3220 pro
3873 3168 4055 3208 amore

2393 3212 2435 3269 C
2474 3245 2683 3299 Domini
2713 3212 2882 3306 nostri
2906 3243 3266 3299 Iesu-Christi
3294 3245 3349 3299 in
3369 3212 3576 3298 honore
3601 3212 3775 3299 sancti
3798 3243 4055 3300 Johannis

2469 3344 2526 3389 et
2546 3343 2745 3390 sanetae
2765 3333 2955 3388 Crucis
2979 3343 3036 3390 et
3062 3342 3369 3390 ceterorum
3397 3347 3706 3391 sanctorum
3753 3338 4055 3392 construxi-

2470 3442 2611 3490 mus,
2634 3424 2882 3494 proficiat
2912 3424 2966 3478 in
2999 3434 3368 3493 augmentum.
3417 3423 3524 3480 Sed
3553 3433 3608 3478 et
3634 3427 3817 3478 omnia
3845 3441 3966 3493 qua:
3992 3427 4058 3479 de

2470 3517 2705 3586 presidio
2737 3531 2858 3570 meo
2889 3517 2941 3570 in
2969 3515 3058 3570 die
3097 3515 3458 3586 depositionis
3480 3531 3615 3570 mea:
3642 3517 3920 3570 inventum
3974 3532 4056 3583 pe-

2473 3621 2566 3659 ues
2589 3620 2677 3659 me
2708 3612 2801 3658 aut
2845 3613 3118 3672 repertum
3148 3603 3326 3669 fuerit,
3357 3605 3461 3659 hoc
3488 3612 3591 3668 est,
3617 3621 3832 3669 aurum,
3860 3621 4054 3674 argen-

2470 3705 2605 3762 tum,
2637 3695 2976 3758 vestimenta,
3010 3694 3093 3748 vel
3117 3695 3337 3763 prtedia,
3369 3694 3460 3749 illa
3483 3695 3751 3749 abbatissa
3778 3711 3900 3764 quae
3932 3705 4056 3749 tunc

2468 3787 2729 3857 temporis
2763 3787 2815 3841 in
2847 3787 2964 3856 ipso
2987 3785 3374 3840 monasteriolo
3411 3783 3678 3839 Lemauso
3709 3801 3944 3854 prteesse
3975 3788 4054 3838 vi-

2464 3879 2697 3943 debitur,
2723 3888 2910 3932 contra
2957 3878 3187 3932 heredes
3232 3891 3384 3930 meos
3424 3889 3493 3929 ex
3536 3876 3789 3930 omnibus
3837 3878 4060 3934 tertiam

2464 3977 2673 4040 partem
2703 3969 2949 4038 recipere
2976 3968 3208 4023 debeat:
3233 3983 3297 4023 ea
3334 3976 3516 4022 tamen
3565 3968 3802 4034 ratione,
3831 3977 3893 4021 ut
3935 3985 4057 4037 per-

2465 4059 2820 4130 petualiterin
2845 4059 3170 4128 pauperibus
3190 4067 3247 4112 et
3277 4057 3573 4126 peregrinis
3593 4066 3650 4111 et
3672 4057 3840 4111 Deum
3865 4058 4058 4112 timen-

2466 4151 2609 4204 tibus
2633 4149 2688 4204 in
2711 4149 3052 4220 eleemosyna
3083 4163 3182 4218 pro
3210 4149 3402 4203 animm
3431 4157 3632 4203 nostra:
3659 4147 3907 4203 remedio
3927 4149 4059 4203 dare

2464 4242 2718 4298 debeant.
2749 4242 2816 4296 Et
2842 4242 2967 4296 dum
2996 4245 3112 4312 ipse
3132 4257 3293 4296 sexus
3323 4241 3586 4296 femineus
3613 4254 3711 4310 per
3732 4254 3793 4294 se
3830 4239 4064 4293 minime

2466 4332 2667 4403 aliquid
2688 4333 2868 4388 valeat
2903 4348 3179 4397 exercere,
3213 4332 3299 4387 vel
3328 4347 3424 4401 pro
3456 4330 3705 4386 mercede
3725 4340 3917 4386 nostra
3961 4347 4058 4385 au-

849 4561 873 4584 "
908 4547 1032 4602 Hmc
1061 4547 1226 4600 verba
1262 4545 1483 4599 maximi
1513 4543 1770 4598 momenti
1811 4549 1992 4596 essent
2020 4541 2085 4594 ad
2115 4542 2352 4611 proban-
2378 4525 2431 4584 D
2458 4533 2580 4611 ᾁρῐη
2609 4539 2794 4611 aperje
2809 4547 2923 4611 [³0ιὲ
2947 4539 3183 4611 ρυεηρυ
3217 4531 3462 4611 namhoc
3483 4532 3675 4611 eodem
3693 4547 3835 4587 anno
3855 4533 4058 4611 ,εῒιξΐιξ

775 4619 904 4672 dum
933 4619 1208 4672 civitatum
1239 4615 1516 4670 senatibus
1538 4613 1877 4678 judiciariam
1905 4619 2224 4680 potestatem
2245 4627 2362 4666 ser-

777 4698 959 4741 vatam
988 4686 1148 4740 fuisse
1178 4688 1275 4739 sub
1298 4686 1515 4753 regibus
1538 4683 1952 4753 barbaris,_post
1977 4697 2224 4736 eversum
2249 4681 2360 4753 Ro-

780 4771 1062 4810 tuuuorum
1096 4751 1400 4823 imperium.
1433 4753 1536 4806 Sed
1567 4752 1694 4820 quid
1739 4751 1917 4805 induci
1964 4760 2142 4820 potest
2165 4766 2232 4806 ex
2261 4752 2360 4805 do-

783 4835 1038 4880 comento
1061 4825 1458 4878 evidentissime
1488 4823 1660 4875 falso?

759 4957 763 4964 ,
851 4896 876 4934 b
905 4895 1108 4948 Notarii
1128 4894 1370 4948 Iibellarii
1390 4907 1584 4964 nomen
1603 4905 1861 4964 nusquam
1880 4890 2115 4964 occurrit
2141 4889 2190 4964 in
2206 4889 2366 4964 hujus

783 4969 956 5018 :rtatis
974 4963 1358 5025 instrumentis,
1373 4978 1474 5015 nec
1498 4963 1628 5015 alias
1649 4963 1788 5014 hanc
1802 4975 1988 5013 vocem
2008 4959 2360 5027 deprehendi-

777 5051 920 5097 tuus,
948 5049 1107 5101 quam
1138 5047 1244 5085 non
1275 5032 1489 5086 aliunde
1528 5034 1973 5101 deprompseruut
1999 5028 2358 5101 Maliillouius,

783 5099 1039 5168 Cangius,
1070 5112 1124 5154 et
1165 5103 1344 5156 caeleri
1375 5099 1666 5171 scriptores
1695 5099 1762 5154 de
1790 5101 1951 5171 rebus
1975 5100 2356 5171 diplomaticis.

853 5187 873 5211 ε
915 5171 1208 5224 Ediderunt
1237 5169 1574 5226 Mabillou’ius
1606 5212 1621 5233 ,
1680 5169 1872 5229 Annal.
1899 5178 1934 5222 t.
1973 5169 2014 5232 I,
2048 5183 2167 5237 pag.
2221 5169 2359 5234 704,

785 5259 848 5295 ex
876 5242 1142 5295 thartario
1172 5243 1226 5293 S.
1253 5239 1504 5293 Germani
1541 5256 1569 5292 a
1603 5239 1814 5303 Pratis;
1848 5238 2149 5292 Bulliardus
2172 5253 2237 5292 ex
2261 5238 2360 5291 Ma-

778 5313 869 5366 hill
898 5314 1023 5374 uio,
1056 5310 1188 5363 llist.
1223 5311 1276 5363 S.
1310 5309 1492 5365 Germ.
1525 5325 1552 5362 a
1581 5310 1772 5372 Pratis,
1809 5309 2019 5370 probat.
2064 5323 2186 5376 pag.
2213 5307 2264 5362 4.
2288 5309 2358 5362 lbi

779 5383 974 5435 dicitur
1004 5382 1317 5433 AttlIlal‘Inltt
1351 5395 1580 5448 prmesse
1607 5379 1933 5432 monasterio
1974 5377 2037 5448 S.
2065 5376 2315 5430 Germani
2345 5419 2358 5440 ,

779 5455 923 5518 quod
956 5451 1184 5517 aliquam
1222 5447 1577 5516 suspicionem
1620 5448 1785 5514 injicit
1837 5448 1902 5501 de
1952 5447 2108 5515 hujus
2160 5449 2360 5501 charta:

783 5524 1034 5574 falsitate.
1089 5520 1345 5572 Authatio
1391 5523 1529 5572 enim
1585 5519 1694 5585 jam
1747 5527 2080 5572 successerat
2113 5518 2358 5571 Waldro-

779 5607 962 5646 merus
992 5605 1132 5640 anno
1164 5591 1321 5640 tertio
1352 5592 1498 5654 regni
1542 5588 1871 5642 Childeherti
1896 5588 1982 5650 Ill,
2018 5595 2094 5648 ut,
2131 5588 2215 5640 ubi
2271 5603 2360 5639 su-

779 5675 897 5726 pra,
931 5669 1158 5712 testatur
1183 5660 1519 5712 Mahillonius
1550 5660 1682 5726 ipse,
1714 5673 1778 5711 ex
1824 5659 2184 5711 instrumento
2216 5658 2358 5726 quod

780 5744 944 5794 penes
977 5746 1033 5781 se
1057 5729 1253 5782 habere
1282 5729 1456 5782 docet.
1482 5727 1680 5781 Charta
1711 5736 1888 5782 autem
1913 5728 2225 5782 Gammonis
2276 5743 2360 5779 no-

781 5809 890 5851 tam
921 5800 1352 5868 chronologicam
1385 5800 1519 5868 petit
1540 5799 1605 5850 ab
1632 5801 1730 5851 hoc
1765 5799 1878 5866 ipso
1902 5813 2043 5852 anno
2073 5797 2124 5849 5.
2159 5795 2213 5849 Id
2242 5797 2359 5864 qui-

2465 4601 2779 4658 Gammonis
2806 4601 3023 4668 fieri,‘et
3053 4601 3158 4655 vita
3185 4602 3381 4656 cedere
3401 4603 3692 4657 Autharius
3716 4604 3920 4672 potuit.
3950 4603 4059 4657 Sed

2465 4683 2520 4728 et
2547 4676 2654 4728 alio
2684 4675 2847 4728 modo
2873 4673 3068 4726 nodum
3085 4672 3365 4726 solvimus.
3390 4672 3530 4726 Ante
3551 4671 3779 4726 mortem
3802 4671 4060 4726 Autharii

2463 4745 2738 4798 conditum
2767 4753 2823 4796 et
2850 4743 3094 4797 dotatum
3126 4742 3292 4796 fuisse
3319 4742 3641 4796 arbitramur
3661 4743 4057 4797 monasterium

2464 4814 2532 4868 de
2561 4829 2668 4881 quo
2697 4813 2907 4880 agitur;
2938 4811 3198 4865 Authario
3225 4811 3419 4881 deinde
3447 4811 3568 4866 fatis
3593 4812 3779 4866 functo
3809 4851 3826 4874 ,
3881 4813 4058 4867 Gam-

2463 4879 2607 4937 moni
2633 4892 2686 4937 et
2707 4879 2859 4936 uxori
2884 4881 2998 4948 ejus
3027 4882 3266 4935 animum
3297 4879 3458 4936 fuisse
3510 4892 3568 4934 ut
3605 4884 3744 4936 dona
3784 4898 3887 4935 sua
3931 4883 4059 4936 huic

2462 4954 2790 5007 monasterio
2812 4951 3030 5014 collata,
3063 4953 3112 5004 in
3143 4961 3410 5005 conventu
3428 4953 3684 5006 nobilium
3708 4952 3899 5007 habito
3916 4954 4060 5019 apud

2465 5023 2730 5076 Bituricas
2783 5026 2932 5088 (ante
2985 5035 3189 5088 regem,
3221 5038 3369 5092 more
3415 5021 3767 5092 Francorum)
3795 5064 3809 5087 ,
3859 5021 4062 5076 conﬁr-

2462 5095 2596 5147 mari
2621 5101 2872 5146 curarent
2917 5108 3059 5144 anno
3085 5092 3119 5144 5
3141 5091 3466 5145 Childeberti
3494 5109 3508 5144 :
3541 5102 3597 5145 et
3643 5094 3721 5148 sic
3752 5091 3972 5147 'eharta
4027 5108 4057 5144 a

2461 5165 2769 5232 suspicione
2802 5161 3079 5215 liberatur.

2533 5231 2570 5270 di
2597 5234 2725 5298 Quis
2754 5233 2825 5285 sit
2855 5233 3004 5284 locus
3031 5233 3134 5286 iste
3160 5231 3334 5286 dictus
3359 5232 3667 5297 Lemausns,
3700 5247 3806 5285 non
3840 5247 4055 5285 conve-

2463 5306 2617 5358 niunt
2662 5302 2878 5372 eruditi.
2913 5301 3252 5355 Mabillonius
3289 5312 3476 5356 censet
3505 5305 3752 5356 eumdem
3784 5317 3912 5372 esse
3956 5302 4054 5372 qui

2463 5391 2603 5428 nunc
2625 5372 2827 5427 Gallice
2851 5370 3108 5435 Limours,
3141 5374 3192 5425 in
3217 5387 3352 5440 pago
3375 5374 3710 5439 Stampensi;
3738 5369 4059 5424 Bulliardus

2465 5445 2698 5506 Linteum,
2733 5443 2782 5495 in
2807 5443 3022 5496 dimcesi
3048 5441 3384 5503 Bituriceusi,
3414 5443 3571 5509 cujus
3600 5443 3759 5495 hodie
3784 5442 4054 5509 parucbia

2462 5525 2543 5568 est
2579 5515 2657 5579 ,ad
2708 5512 3172 5580 ptmsentationem
3219 5513 3427 5566 abbatis
3454 5513 3510 5565 S.
3537 5513 3786 5566 Germani
3819 5510 4059 5580 Praten-

2461 5587 2554 5648 sis,
2581 5579 2733 5652 juxta
2763 5591 3011 5652 auctores
3060 5582 3216 5636 Nova:
3245 5583 3428 5636 Galliae
3457 5581 3794 5645 Christiana,
3831 5590 3872 5632 t.
3916 5579 4011 5652 V_Il
4040 5620 4054 5643 ,

2461 5649 2719 5709 colfﬂl.
2775 5651 2999 5705 Fallitur
3028 5652 3328 5707 Bulziardus
3356 5673 3366 5705 :
3397 5653 3701 5707 cceuohium
3749 5653 3898 5707 enim
3952 5649 4057 5701 Le-

2462 5739 2702 5777 mausum
2731 5738 2760 5775 a
2796 5719 3093 5793 Gaiumoue
3121 5724 3394 5776 conditum
3435 5723 3598 5778 fuisse
3624 5731 3771 5793 patet
3820 5722 3872 5776 in
3905 5736 4056 5791 pago

2461 5795 2802 5865 Stampeuse,
2842 5807 2906 5846 ex
2935 5792 3224 5862 diplomate
3259 5793 3606 5848 Childeberti.

3541 6547 3558 6550 —
3648 6548 3678 6552 ~—
3763 6549 3772 6552 -
3855 6548 3876 6554 —
3953 6549 3980 6554 η
4047 6548 4092 6556 —.
