4206 6552
245 408 388 463 3237

1014 408 1448 463 DUN.-\'l'l’c).\'liﬁs'
1491 412 1574 462 At:
1618 411 2079 466 Ti‘ISTAMENTA
2123 412 2362 480 EI’ISC.,
2409 418 2558 474 ΛΒΒ.
2631 419 2781 474 ΕΤΟ.

3402 426 3537 485 i938

244 524 418 594 genia
451 525 534 579 vel
565 539 662 594 pro
693 539 878 578 earum
907 524 1317 579 necessitatibus
1357 525 1740 593 gubernandis,
1764 528 1841 580 eis
1874 555 1916 610 Λ
1947 531 2125 586 ςιρδὶἷε
2165 543 2220 587 et
2248 534 2315 586 ab
2345 535 2595 590 omnibus
2647 537 2992 607 pontiﬂcibus
3039 542 3120 594 vel
3167 546 3539 608 Sacct'do'ibus

243 618 555 672 nullatenus
577 625 660 671 est
686 617 890 671 licitum
923 617 1052 671 foris
1080 617 1258 683 egredi
1288 636 1297 669 :
1333 626 1618 686 propterea
1661 621 1841 671 omnia

239 711 351 780 jam
382 710 846 779 dicta,ipsumque
887 709 1275 762 monasterium
1322 708 1434 774 jam
1487 707 1687 762 dictum
1737 708 1841 762 Le-

239 818 514 866 mansum,
536 817 639 856 una
654 817 774 854 eum
806 801 946 854 villis
972 800 1056 854 vel
1087 799 1336 853 omnibus
1361 798 1673 865 adjacentiis
1705 798 1836 863 suis.

238 907 304 952 ut
324 897 580 959 diximus,
615 895 666 948 in
695 893 1024 962 quibuslibet
1069 892 1219 961 pagis
1247 891 1332 944 vel
1364 892 1648 946 territoriis
1678 933 1694 958 ,
1728 903 1835 945 tam

237 990 385 1042 ultra
420 987 651 1053 Ligerim
683 1001 843 1054 quam
899 987 1064 1042 citra.
1111 982 1175 1035 ad
1225 985 1613 1035 monasterium
1663 985 1837 1036 sancti

235 1078 514 1132 Vincentii
548 1074 1036 1138 etsancthrucis,
1066 1075 1300 1127 l’arisius
1321 1073 1557 1134 civitate,
1591 1072 1678 1125 ubi
1707 1089 1836 1126 san—

235 1178 363 1224 ctus
399 1165 706 1222 Germanus
737 1169 1040 1234 incorpore
1084 1165 1354 1233 quiescit,
1405 1164 1495 1218 ubi
1547 1165 1838 1219 Autharius

235 1260 411 1315 abbas
476 1260 529 1313 in
587 1259 679 1312 Dei
727 1257 972 1321 nomine,
1035 1271 1140 1309 una
1195 1271 1315 1310 cum
1366 1270 1555 1309 norma
1603 1255 1834 1324 plurima

233 1351 631 1406 monachorum
663 1363 892 1419 praxesse
914 1348 1142 1409 videtur,
1175 1347 1434 1400 donatum
1467 1347 1518 1400 in
1569 1356 1835 1416 perpetuo

235 1458 362 1498 esse
402 1443 668 1506 volumus,
715 1452 772 1494 ut
822 1439 1053 1500 ibidem,
1088 1441 1227 1492 sicut
1282 1439 1531 1501 diximus,
1581 1437 1835 1507 deinceps

235 1537 388 1590 omni
441 1545 684 1604 tempore
715 1543 1083 1603 permaneant,
1142 1545 1196 1587 et
1223 1549 1319 1602 per
1365 1534 1503 1587 hanc
1545 1533 1830 1600 epistolam

233 1629 635 1691 contradimus;
677 1635 753 1692 et,
784 1638 841 1679 ut
872 1627 1049 1680 nullus
1082 1625 1454 1679 contradicere
1483 1626 1700 1691 audeat,
1734 1640 1833 1678 nec

232 1731 509 1774 temerare
533 1720 674 1788 ipsas
695 1735 778 1774 res
795 1736 911 1788 anc
935 1721 1019 1772 hic
1051 1728 1175 1772 sunt
1209 1719 1444 1785 insertat,
1477 1729 1570 1772 aut
1601 1736 1717 1779 nos.
1748 1721 1830 1772 vel

232 1818 468 1871 heredes
500 1818 811 1880 nostri,nec
842 1816 978 1869 ullus
1011 1814 1265 1884 quislibet
1290 1814 1445 1868 alicui
1478 1831 1576 1868 nec
1597 1814 1831 1867 vendere

232 1909 320 1964 vel
353 1909 560 1963 donare
598 1923 777 1978 neque
806 1909 1044 1961 alienare
1077 1922 1175 1960 nec
1227 1923 1321 1974 per
1368 1907 1533 1960 ullum
1564 1916 1832 1960 strutnen-

231 2011 349 2053 tum
413 2011 684 2054 cartarum
752 2001 998 2053 minuere
1049 2000 1318 2053 licentiam
1374 2015 1480 2052 non
1521 1999 1716 2053 habeat
1758 1999 1829 2052 {a-

228 2093 433 2148 ciendi.
467 2092 552 2155 Et,
589 2093 634 2148 si
665 2095 970 2160 contigerit,
995 2095 1147 2160 juxta
1188 2093 1424 2146 divinam
1475 2093 1831 2162 dispensatio-

229 2200 380 2248 nem,
417 2194 472 2238 ut
505 2187 614 2254 ipsa
646 2186 798 2237 Bcrta
842 2186 907 2237 de
939 2187 1036 2237 hac
1069 2185 1182 2239 lucc
1214 2185 1541 2246 discesserit,
1576 2186 1657 2237 cui
1691 2189 1830 2253 ipsas

226 2277 528 2330 monachas
558 2277 640 2329 vel
678 2277 850 2346 ipsum
893 2278 1277 2330 monasterium
1315 2278 1633 2333 Lemausum
1683 2277 1831 2331 dele—

224 2367 513 2436 gavimus,
572 2370 657 2422 vel
717 2369 884 2436 ipsius
939 2379 1181 2424 rectores
1222 2371 1393 2425 sancti
1442 2371 1702 2424 \‘incentii
1744 2372 1826 2424 vel

222 2459 399 2512 sancti
437 2459 688 2512 Germani
720 2461 1084 2524 decreverint,
1122 2463 1170 2512 in
1206 2461 1319 2526 ipso
1352 2462 1472 2516 loco
1501 2462 1822 2514 abbatissam

222 2547 467 2603 debeant
500 2550 802 2611 instituere,
833 2562 884 2602 ct
909 2552 1020 2619 ipsa
1054 2551 1321 2604 abbatissa
1370 2556 1500 2604 alias
1532 2552 1824 2604 monachas

223 2641 280 2693 in
311 2641 425 2707 jam
455 2640 600 2694 dicto
635 2640 754 2695 loco
787 2657 890 2694 non
936 2642 1166 2694 audeant
1219 2644 1434 2694 mittere
1466 2685 1477 2704 ,
1544 2642 1626 2695 vel
1683 2643 1824 2694 intus

221 2731 394 2783 alium
429 2741 700 2798 pastorem
733 2731 1021 2787 admittere
1060 2749 1167 2785 non
1201 2734 1454 2794 audeant,
1486 2733 1584 2788 nisi
1615 2749 1678 2787 ea
1707 2752 1819 2786 mo-

221 2822 468 2875 nasterio
526 2824 695 2876 sancti
753 2823 1019 2876 Vincentii
1068 2825 1346 2891 sanctique
1385 2825 1678 2890 Germani,
1733 2835 1816 2879 aut

220 2923 374 2985 ipsos
403 2916 491 2983 qui
518 2916 714 2970 ibidem
743 2925 982 2970 rectores
1025 2933 1142 2971 esse
1176 2918 1442 2983 videntur,
1467 2917 1607 2985 quod
1639 2933 1737 2970 nos
1769 2918 1820 2971 in

220 3012 327 3062 hac
354 3007 664 3062 donationis
690 3009 913 3077 epistola
949 3025 1114 3076 prrsc
1147 3011 1292 3064 ibcre
1327 3013 1632 3076 rogavimus
1662 3053 1675 3074 ,
1719 3024 1820 3078 ego

220 3100 458 3152 tiammo
490 3108 542 3150 et
590 3099 824 3165 coniunx
858 3116 973 3151 mea
1003 3100 1290 3168 Adalgudis
1323 3144 1336 3165 ,
1393 3101 1471 3153 vel
1498 3102 1609 3168 jam
1667 3103 1820 3154 diem

219 3187 350 3241 ﬁtia:
383 3202 516 3241 meae
548 3188 702 3240 lierta
735 3199 789 3242 et
820 3188 984 3242 Maria
1024 3192 1277 3259 quamdiu
1314 3194 1582 3257 vixerint,
1645 3193 1816 3260 ipsum

217 3282 612 3336 monasterium
647 3282 965 3336 Lemausntn
998 3284 1079 3337 vel
1140 3296 1466 3338 memoratas
1516 3302 1600 3339 rcs
1635 3295 1818 3339 tenere

225 3372 314 3424 vel
348 3371 632 3426 dominare
683 3372 1004 3428 debeamus:
1042 3384 1093 3427 et
1144 3385 1266 3444 post
1311 3385 1552 3431 nostrum
1603 3394 1819 3447 quoque

220 3469 545 3529 discessum,
578 3467 729 3531 juxta
765 3467 902 3534 quod
934 3470 1180 3536 superius
1228 3470 1479 3535 diximus,
1509 3481 1612 3523 tam
1645 3473 1816 3539 ipsum

217 3564 616 3616 monasterium
651 3571 704 3615 ct
753 3563 861 3628 jam
895 3563 1060 3617 dictas
1093 3565 1244 3616 villas
1291 3581 1409 3618 cum
1467 3566 1776 3632 adjacentiis
1802 3610 1815 3631 ,

219 3657 343 3724 ipse
393 3654 684 3710 Antharius
735 3654 900 3708 abbas
931 3668 1022 3708 aut
1070 3672 1409 3710 successores
1458 3658 1577 3720 sui,
1629 3661 1719 3726 qui
1754 3677 1817 3712 co

216 3754 474 3814 tempore
500 3746 548 3799 in
585 3746 701 3814 ipso
720 3746 1048 3800 monasterio
1071 3748 1241 3800 sancti
1261 3748 1520 3803 \‘inccntii
1548 3760 1600 3803 et
1620 3762 1815 3805 sancte

214 3833 418 3892 Crucis
439 3837 721 3905 sanctique
747 3836 999 3891 Germani
1031 3837 1245 3904 fuerint,
1287 3841 1588 3905 possideant
1625 3858 1816 3910 perpe-

215 3929 468 3992 tualiter,
504 3939 561 3980 tit
592 3929 826 3982 habeant
855 3930 906 3984 in
937 3931 1377 3985 dmninationem.
1411 3932 1463 3985 Si
1495 3935 1613 4002 quis
1648 3950 1772 3986 vero
1800 3979 1810 3995 ,

219 4032 285 4074 ut
308 4023 510 4076 assolet
539 4028 592 4074 ct
624 4031 679 4073 ut
711 4022 873 4076 habet
923 4024 1154 4076 lnnnana
1187 4023 1464 4091 fragilitas,
1507 4027 1547 4077 si
1578 4040 1815 4080 uosmet-

219 4116 326 4185 ipsi
371 4124 464 4169 aut
493 4115 688 4184 aliquis
729 4115 796 4169 de
825 4116 1116 4171 heredibus
1170 4118 1254 4170 vel
1305 4120 1692 4186 proberedibns
1721 4136 1816 4174 no-

213 4208 368 4267 stris.
398 4205 484 4260 vel
508 4206 762 4275 quaelibet
788 4208 1035 4275 opposita
1078 4224 1327 4277 persona,
1361 4219 1545 4263 contra
1575 4227 1814 4280 przcsen-

216 4312 329 4354 tem
356 4299 642 4367 epistolam
674 4299 979 4354 donationis
1010 4301 1156 4353 istius
1183 4316 1340 4370 quam
1374 4317 1471 4356 nos
1501 4317 1596 4370 pro
1625 4303 1816 4356 animae

214 4400 424 4446 nostrtn
455 4388 633 4443 salute.
664 4389 774 4443 ﬁeri
803 4391 1060 4458 jussimns
1091 4432 1103 4454 ,
1157 4394 1338 4445 vcnire
1367 4402 1460 4446 aut
1499 4393 1674 4463 aliqua
1726 4411 1816 4449 ca-

215 4481 462 4550 lumpnia
480 4496 575 4548 per
589 4495 953 4550 quascumque
979 4498 1235 4551 personas
1259 4484 1542 4551 infringere
1563 4502 1813 4554 prrcsum-

215 4571 416 4641 pserit,
449 4569 502 4623 in
533 4571 718 4639 primis
742 4571 873 4624 iram
905 4573 996 4625 Dei
1029 4573 1283 4635 incurrat,
1311 4585 1366 4628 et
1395 4590 1513 4628 cuin
1544 4575 1676 4629 Juda
1707 4587 1810 4630 tra-

213 4664 399 4716 ditore
424 4661 532 4729 igni
587 4670 846 4731 perpetuo
886 4661 1222 4732 dampnctur,
1257 4675 1304 4716 et
1337 4666 1404 4719 ab
1452 4668 1696 4722 omnibus
1725 4683 1806 4722 eeo

296 4832 319 4857 ιι
358 4822 446 4895 an
479 4821 664 4895 titulus
697 4822 785 4875 ille
822 4825 967 4875 mi’cs
1001 4823 1119 4895 _ja'n
1153 4834 1262 4877 tum
1289 4825 1338 4876 in
1372 4841 1487 4886 usu,
1522 4842 1587 4879 an
1637 4829 1813 4895 potius

214 4909 324 4967 vox
355 4892 444 4967 illa
474 4892 615 4967 male
636 4892 884 4967 inveteri
912 4893 1099 4967 codice.
1147 4910 1173 4944 a
1206 4894 1516 4950 chartularii
1547 4892 1812 4967 scriptore

214 4965 365 5018 lecta
400 4961 560 5015 fuerit
586 4962 789 5016 dubitat
825 4964 1180 5016 Mahillouius.

291 5034 320 5072 b
365 5031 518 5104 Edita
553 5033 604 5104 in
637 5036 1007 5102 supplemento
1035 5035 1098 5087 ad
1123 5050 1285 5104 opera
1327 5036 1510 5098 Mirmi,
1538 5049 1670 5092 tom.
1701 5039 1765 5093 ΙΙΙ
1796 5084 1806 5103 ,

216 5119 345 5176 pag.
379 5103 507 5166 285,
538 5103 602 5155 ad
634 5106 936 5173 exemplum
984 5103 1181 5158 charta:
1211 5111 1404 5174 spuria:
1434 5113 1530 5162 sub
1572 5111 1808 5176 ejusdem

218 5175 398 5246 l’ipini
435 5176 670 5246 nomine,
695 5190 853 5240 quam
885 5192 1044 5246 supra
1075 5178 1434 5232 exhibuimus.
1459 5175 1651 5234 l’rmtcr
1678 5182 1811 5235 indi-

214 5249 304 5300 cia
331 5245 448 5298 falsi
475 5246 525 5297 in
550 5245 650 5298 hac
673 5247 836 5315 priori
862 5245 1046 5300 charta
1069 5264 1096 5299 a
1118 5248 1268 5301 nobis
1286 5259 1491 5316 notata,
1511 5252 1611 5304 alia
1639 5253 1687 5304 in
1713 5253 1813 5305 hac

241 5316 513 5372 posteriori
545 5316 1016 5382 depreheinlimns.
1052 5317 1228 5371 Primo
1269 5321 1411 5373 enim
1445 5324 1557 5374 ha-c
1588 5339 1809 5376 uxorein

269 5388 400 5462 ipini
431 5386 813 5462 prendit-Idam
843 5397 1030 5462 meat,
1059 5403 1216 5456 quam
1253 5390 1587 5445 Plectrudcm
1627 5395 1812 5462 appel-

219 5456 340 5513 lare.
362 5457 587 5529 debuit;
618 5456 677 5529 2ο
709 5457 897 5529 ᾖιοτιιιιι
932 5459 1213 5511 adducitur
1259 5462 1600 5529 Hyalttluhtts.
1656 5456 1810 5517 t'tnto

218 5530 378 5584 ducis
410 5527 767 5604 Lotharingia‘,
792 5529 1105 5604 insignitus;
1137 5530 1196 5580 5“
1224 5527 1365 5585 Silva
1388 5533 1671 5586 Fore-tella
1693 5553 1810 5604 qttzt‘

221 5603 276 5656 iit
327 5602 428 5656 hac
468 5600 757 5669 posteriori
807 5599 990 5654 charta
1032 5601 1262 5655 donatur
1307 5607 1634 5656 monasterio
1676 5599 1811 5659 lian-

224 5673 418 5735 h‘iensi,
449 5672 558 5737 jam
589 5679 712 5722 ante
743 5687 831 5722 sex
868 5686 1035 5725 annos
1065 5673 1226 5739 priori
1275 5674 1630 5728 instrumento
1684 5694 1811 5730 con-

221 5759 374 5798 cessa
402 5745 605 5802 foe-at;
637 5740 692 5792 4°
723 5740 1033 5796 Fabricator
1062 5745 1374 5811 posterioris
1414 5747 1610 5799 charte
1641 5747 1709 5799 ita
1743 5749 1807 5800 ad

221 5817 445 5869 verbum
476 5814 720 5866 chartam
750 5814 980 5884 priorem
1030 5816 1326 5883 expressit.
1387 5828 1440 5868 nt
1485 5818 1622 5884 ipsas
1654 5829 1809 5872 notas

222 5885 656 5953 (lu‘onelogicas,
692 5883 892 5938 scilicet
926 5901 1027 5939 xvii
1076 5885 1190 5941 lial.
1244 5883 1548 5942 liciteiniu‘ie
1583 5929 1594 5952 ,
1657 5889 1805 5942 adlu-

1949 625 2448 681 excommunicetur
2478 669 2494 695 ,
2551 637 2606 683 et
2634 637 2758 685 ante
2783 641 3134 700 conspectum
3190 638 3359 691 sancti
3406 639 3535 693 Vin-

1946 718 2107 772 centii
2132 729 2185 772 et
2213 721 2382 774 sancti
2423 719 2723 788 Germani,
2779 726 2974 794 quibus
3004 741 3091 782 res
3135 727 3266 782 istas
3321 730 3541 794 delega-

1945 810 2140 877 vimus,
2165 810 2216 864 in
2235 818 2388 878 parte.
2412 813 2768 884 reproborum
2793 831 2912 872 esse
2935 818 3131 885 valeat,
3162 820 3254 888 qui
3283 821 3350 875 de
3379 822 3538 877 rebus

1945 911 2009 961 ad
2038 909 2297 966 ecclesias
2329 909 2411 964 vel
2441 913 2764 981 pauperibus
2793 913 3065 984 delegatas
3082 917 3324 984 proferre
3349 920 3537 972 vo'ue-

1941 1003 2008 1054 rit
2035 1043 2050 1065 ,
2100 1010 2154 1056 et
2175 1003 2485 1058 nullatenus
2515 1019 2722 1062 merces
2763 1021 2856 1061 sua
2887 1012 3169 1064 convaleat
3194 1053 3209 1076 ,
3243 1026 3341 1066 nec
3373 1014 3534 1066 vitam

1941 1102 2214 1147 mereatur
2239 1094 2434 1149 habere
2463 1104 2720 1152 mternam
2755 1098 2847 1167 qui
2877 1107 3112 1154 nostram
3144 1102 3372 1158 voluerit
3401 1119 3532 1159 con-

1939 1182 2141 1242 vellere
2167 1187 2576 1244 eleemosinam.
2627 1189 2852 1260 Insuper
2877 1202 3100 1261 cogatur
3147 1192 3359 1249 solvere
3400 1193 3532 1252 fisco

1939 1285 2081 1353 regis
2115 1287 2228 1340 auri
2261 1285 2419 1342 libras
2447 1303 2555 1342 xxx
2580 1328 2595 1352 ,
2641 1291 2843 1354 argenti
2874 1292 3056 1360 pondo
3104 1266 3280 1358 Lx,.et
3309 1309 3408 1348 nec
3454 1295 3532 1349 sic

1940 1378 2083 1445 quod
2111 1380 2298 1445 repetit
2331 1379 2508 1435 valeat
2536 1383 2771 1451 assequi.
2797 1382 2883 1442 Et.
2910 1392 2969 1438 ut
2991 1385 3220 1451 epistola
3252 1385 3412 1451 huius
3433 1387 3527 1440 do-

1938 1469 2174 1525 nationis
2226 1473 2376 1527 iirma
2427 1484 2786 1541 permaneat,
2845 1476 3109 1531 Bituricas
3160 1479 3210 1532 in
3262 1490 3526 1534 conventu

1939 1561 2216 1622 nobilium.
2252 1563 2303 1618 in
2357 1567 2639 1634 prmsentia
2685 1568 2824 1634 regis
2853 1569 3052 1624 domini
3098 1570 3268 1625 nostri
3303 1570 3524 1626 Childe-

1939 1654 2075 1708 het‘ti
2108 1655 2327 1714 reiecta.
2352 1665 2406 1711 et
2427 1658 2661 1714 l‘arisius
2685 1661 2903 1716 civitate
2927 1662 2978 1716 in
2995 1666 3325 1719 monasterio
3353 1668 3524 1722 sancti

1940 1744 2202 1799 Vincentii
2235 1789 2247 1807 ,
2300 1748 2386 1803 die
2435 1759 2590 1803 sexto
2637 1753 2833 1807 mensis
2881 1752 3077 1821 Aprilis
3137 1770 3299 1822 super
3358 1755 3527 1811 altare

1938 1845 2137 1892 sanctzc
2164 1838 2353 1894 Crucis
2381 1843 2557 1910 posita
2585 1883 2597 1904 .
2655 1859 2798 1897 anno
2831 1847 2990 1900 tertio
3036 1847 3274 1911 eiusdem
3324 1850 3524 1905 domini

1868 1922 1906 1977 Β
1941 1932 2108 1986 nostri
2139 1930 2465 1988 Childeberti
2496 1939 2653 1999 regis.
2683 1969 2752 1978 —
2781 1938 3142 2005 Turnoaldus,
3171 1959 3236 1997 ac
3255 1943 3297 1997 si
3331 1961 3524 2012 pecca-

1939 2030 2026 2076 tor
2047 2025 2752 2096 episcopus,subscripsi.-——
2777 2030 3127 2091 Guntharius.
3156 2044 3211 2088 et
3242 2037 3354 2102 ipse
3386 2037 3522 2090 indi-

1935 2131 2068 2184 gnus
2099 2118 2374 2180 diaconus.
2410 2123 2718 2176 subscrirsi.
2754 2155 2822 2165 —-
2846 2124 3225 2188 Madolandus,
3281 2128 3525 2194 i-ulignus

1933 2211 2117 2274 abbas,
2141 2211 2452 2280 subscripsi.
2486 2214 2541 2267 in
2571 2215 2765 2270 Christi
2793 2217 3032 2280 nomine,
3063 2219 3408 2276 Andebnldns
3432 2221 3519 2273 ab-

1935 2302 2031 2352 has
2083 2301 2395 2368 subscripsi.
2444 2337 2514 2347 ——
2563 2307 3014 2369 Durandomarus,
3069 2311 3238 2377 gratia
3294 2312 3382 2365 Dei
3429 2315 3518 2365 ab-

1936 2394 2048 2452 has,
2083 2396 2388 2459 subscripsi.
2434 2428 2503 2437 —
2533 2398 2940 2461 Desiderandus.
2967 2402 3017 2455 in
3064 2404 3257 2457 Christi
3307 2405 3519 2457 nomine

1931 2485 2117 2548 abbas,
2145 2486 2455 2554 subscripsi.
2505 2522 2574 2533 --
2610 2489 2717 2557 Ego
2747 2491 2973 2547 Gammo
3023 2495 3160 2549 hanc
3215 2497 3521 2552 donationis

1931 2591 2062 2629 mea)
2093 2588 2296 2631 cartam
2325 2581 2614 2634 releaendo
2636 2584 2947 2648 subscripsi.
2973 2614 3044 2625 --
3071 2587 3362 2652 Adalgudis
3391 2591 3517 2640 sub»

1927 2670 2133 2725 scripsi.
2168 2699 2236 2711 -—-
2272 2669 2519 2726 Bertinus
2543 2674 2693 2730 miles
2723 2685 2745 2710 ⁸·
2773 2676 3084 2742 subscripsi.
3111 2709 3175 2719 -—
3209 2679 3516 2733 Bcrdandns

1931 2761 2082 2816 tniFe-s
2112 2763 2421 2833 subscripsi.

2389 2874 2598 2929 xxxn'
2625 2877 2700 2930 bis
2728 2879 2828 2944 (l).
2858 2909 2925 2919 —
2955 2879 3062 2932 XL.

1929 2963 2122 3018 Charta
2154 2984 2251 3021 mm
2277 2966 2494 3031 Pipiims
2525 2968 2711 3021 Smiior
2739 2976 3050 3026 monasterir1
3082 2974 3357 3030 Laubimsi
3385 2995 3513 3032 notia

2324 3040 2458 3092 dona
2486 3044 2684 3104 confert
2717 3042 2741 3079 δ
2773 3044 2898 3100 (mm
2952 3045 3098 3104 697).

1995 3129 2050 3182 ln
2111 3133 2324 3183 nomine
2370 3147 2568 3185 sancte
2626 3133 2912 3188 individnm
2969 3136 3266 3192 Trinitatis.
3318 3141 3508 3195 Amen.

1849 3231 1889 3289 (ζ
1929 3219 2254 3275 Univcrsalis
2312 3221 2478 3276 Mater
2531 3234 2581 3276 et
2653 3224 2814 3290 Virgo
2871 3228 3158 3294 singularis
3207 3229 3511 3302 Christique

1926 3328 2143 3379 sponsa.
2177 3313 2413 3367 Ecclesia
2447 3317 2732 3376 catholica,
2755 3319 2997 3372 ioecunda
3021 3320 3281 3375 castitatis
3310 3340 3511 3390 prmm-

1924 3408 2098 3471 gativa
2132 3407 2446 3471 promeruit,
2473 3409 2612 3464 quod
2638 3409 2894 3464 devotum
2927 3414 3040 3468 Suis
3070 3416 3385 3473 utilitatibus
3432 3421 3513 3476 in~

1926 3496 2190 3550 clinetnn;
2216 3514 2488 3550 assensum
2517 3517 2529 3561 ;
2575 3504 2870 3568 prmsertim
2900 3517 3256 3560 sacrosancta!
3298 3511 3510 3575 religio-

1925 3589 2008 3642 l-‘iS
2033 3590 2468 3651 tranquillitatem
2494 3600 2544 3642 et
2563 3593 2796 3657 quietem
2822 3609 2947 3647 cura
2969 3595 3115 3660 v'gili
3141 3599 3508 3665 providentes.

1922 3696 2028 3747 quo
2078 3681 2294 3734 liberius
2325 3682 2517 3735 divina‘
2542 3685 2979 3754 contemplationi
3036 3695 3090 3740 et
3133 3690 3364 3745 orat'oni
3412 3707 3510 3760 pro

1927 3760 2108 3823 iiostra
2144 3787 2241 3824 nos
2270 3773 2420 3835 rique
2463 3773 2610 3836 regni
2655 3774 2946 3830 stabilitate
2976 3778 3218 3832 vacando
3247 3782 3411 3848 possit
3445 3785 3508 3836 ad

1924 3860 2088 3913 Deum
2150 3860 2428 3922 interc-ssc,
2457 3872 2719 3929 quatenus
2768 3866 2995 3921 inimicis
3033 3869 3339 3926 christiana:
3387 3874 3508 3928 fidei

1923 3958 2236 4020 eliminatis,
2297 3967 2402 4010 tota
2434 3960 2513 4012 sui
2555 3961 2797 4028 corporis
2842 3963 3234 4030 incolumitate,
3265 3968 3365 4020 sub
3413 3983 3507 4022 no-

1923 4058 2036 4101 stro
2067 4049 2260 4101 sudore
2286 4063 2503 4110 regnum
2527 4051 2704 4114 vigeat
2731 4061 2782 4104 et
2812 4062 3040 4111 crescat.
3069 4062 3123 4107 et
3153 4057 3362 4110 hostilis
3387 4057 3506 4112 ubi-

1923 4154 2028 4202 que
2059 4140 2401 4193 cervicositas
2429 4157 2485 4194 se
2506 4142 2712 4194 senciat
2732 4142 3213 4210 subiugatam.Ego
3242 4147 3508 4217 siquidem

1929 4229 2147 4297 l‘ipinus
2174 4229 2367 4283 Senior
2391 4271 2405 4294 ,
2457 4246 2522 4283 eo
2565 4231 2745 4286 favore
2775 4243 2829 4286 ct
2859 4233 3123 4287 desiderio
3172 4236 3397 4302 ductus,
3455 4248 3509 4293 et

1925 4338 2055 4374 uxor
2104 4337 2220 4375 mea
2253 4322 2578 4375 Brunibelda
2610 4337 2628 4362 ε
2660 4365 2674 4384 ,
2734 4327 3061 4380 monasterio
3119 4327 3504 4394 religiosissimi

1919 4414 2015 4466 viri
2041 4421 2093 4465 et
2115 4414 2292 4466 eximii
2320 4413 2683 4482 prmdicatoris
2734 4417 3001 4484 pontiﬁcis
3035 4416 3305 4483 Ursmari,
3357 4421 3501 4488 quod

1922 4511 2002 4557 est
2044 4505 2094 4557 in
2130 4502 2340 4557 Laubiis
2371 4520 2533 4573 super
2570 4505 2852 4560 Samhrum
2886 4505 3125 4570 ﬂuvium,
3157 4507 3422 4567 donamus
3451 4513 3504 4568 in

1847 4601 1888 4657 Ι)
1920 4599 2099 4650 dotem
2133 4598 2300 4665 ipsius
2327 4599 2566 4653 ecclesiae
2595 4609 2855 4666 perpetrm
2903 4603 3276 4664 possidendam
3306 4614 3503 4660 terrain

1915 4699 1970 4742 ct
1995 4689 2198 4761 sylvam
2231 4704 2348 4757 qum.
2372 4699 2452 4744 est
2474 4691 2611 4744 inter
2628 4691 2797 4745 rivum
2823 4692 2891 4746 de
2915 4692 3219 4763 Grungbart
3246 4706 3300 4752 et
3330 4697 3504 4755 rivum

1916 4843 2092 4896 hu‘rit
2120 4844 2182 4894 ad
2216 4841 2371 4914 tidem
2425 4843 2748 4907 exemplaris
2777 4845 2918 4911 quod
2949 4845 3047 4898 sibi
3082 4861 3175 4900 t-ro
3207 4846 3501 4914 archetypo

1915 4912 2574 4987 proposuerat.DPuderet
2629 4930 2726 4967 nos
2784 4919 3141 4987 expetttcudo
3195 4911 3498 4987 hujusniodi

1915 4985 2271 5037 in~trnmcnlo
2297 4984 2490 5035 diutius
2524 4983 2815 5036 immorari.

1989 5068 2007 5086 ε·
2053 5054 2353 5123 Repudiata
2389 5053 2693 5117 l‘iectrude,
2726 5071 2894 5108 uxore
2941 5072 3035 5111 sua
3062 5098 3074 5119 ,
3112 5055 3367 5125 Pippinns
3407 5061 3499 5112 ΛΙ-

1917 5125 2128 5189 paidem
2163 5126 2339 5194 duxit,
2403 5134 2489 5186 at,
2525 5141 2666 5177 anno
2704 5125 2788 5179 vix
2833 5125 3051 5192 elapso,
3103 5128 3378 5194 Mpaidem
3424 5131 3498 5182 di-

1914 5197 2076 5270 misit,
2109 5211 2293 5270 seque
2325 5193 2619 5270 illeclrttdaf
2667 5197 3054 5251 reconciliavit.
3114 5193 3269 5254 Nulla
3298 5200 3494 5270 coniux

1912 5267 1959 5319 ci
1989 5267 2084 5318 fuit
2117 5266 2454 5318 Ih'unihelda‘,
2477 5268 2711 5320 nomine.
3208 5276 3214 5283 '

1977 5419 2045 5474 (l)
2084 5416 2274 5466 (imam
2315 5431 2692 5467 castucrntoms
2729 5436 2892 5469 rae-rat
2936 5435 3072 5470 ικτεη
3121 5423 3284 5472 Amm
3302 5440 3400 5475 cru
3442 5442 3500 5476 ετ

1910 5480 2312 5545 Vrumnommtit
2346 5481 2796 5545 Saxcsnmszssm
2839 5499 3046 5532 anniti-tit
3083 5485 3236 5544 (ϐίη).
3263 5487 3499 5545 -Ηιιῇηι

1912 5545 2108 5607 chartte.
2133 5544 2211 5607 figi
2240 5544 2475 5607 vigesimo
2493 5546 2662 5604 quinto
2679 5544 2869 5607 Aprilis,
2892 5558 3016 5592 anno
3032 5553 3083 5594 te.
3102 5549 3180 5595 tio
3199 5551 3338 5607 regni
3360 5544 3494 5599 Cliil.

1911 5605 2104 5668 debirti
2134 5602 2198 5651 lil
2225 5608 2363 5663 regis
2384 5602 2528 5663 datm,
2555 5611 2607 5652 et
2631 5606 2788 5654 adhuc
2812 5608 3007 5656 inedita:
3029 5647 3040 5664 ,
3066 5602 3420 5668 autograpbuvn
3448 5616 3494 5661 in

1912 5666 2121 5713 Arcltivo
2146 5668 2307 5725 regni,
2337 5681 2386 5716 tt.
2416 5669 2562 5715 scrin.
2585 5669 2635 5724 5,
2663 5681 2787 5715 nunc.
2813 5680 3108 5719 asservatur.
3136 5666 3296 5720 Multis
3320 5675 3497 5722 abhinc

1913 5728 2047 5794 annis
2085 5729 2540 5794 vett-.risAcujusdam
2587 5735 2772 5785 regesti
2815 5731 3252 5790 Sangcrmanensis
3291 5743 3494 5794 tegmina

1910 5789 2261 5855 aaglutinatum
2285 5789 2443 5850 latuit,
2472 5794 2554 5841 ubi
2583 5795 2864 5852 noperrime
2891 5789 2952 5840 ab
2978 5797 3014 5842 Α
3066 5794 3240 5845 'l'r-nlet
3271 5789 3441 5855 compa
3473 5829 3494 5838 -

1912 5857 2011 5916 tum
2038 5858 2129 5905 est,
2158 5853 2315 5900 serius
2340 5859 2502 5904 autem
2528 5865 2666 5904 uuam
2694 5863 2738 5902 ut
2772 5858 3016 5916 integrum
3042 5857 3137 5914 hic,
3175 5871 3266 5907 suo
3304 5853 3494 5910 ordnnc.

1912 5914 2060 5961 inseri
2090 5921 2250 5974 poSset
