4206 6552
741 390 882 447 £239

1490 394 1755 451 SJSCUL.
1795 395 1882 448 VII
1925 396 2014 449 ΕΤ
2059 395 2753 457 VlliEClILESlASTlCA
2785 396 3236 453 MONUMENTA.

3877 395 4007 452 1240

735 511 803 562 de
835 509 1105 575 Ilcrgnaut
1127 548 1143 574 ,
1186 509 1279 578 qui
1308 508 1547 564 delluunt
1577 513 1630 564 in
1666 512 1969 577 Sambrum,
2003 527 2122 581 qua}
2176 513 2323 581 sylva
2353 519 2398 574 Α
2429 526 2714 582 perversor
2731 513 2992 581 extiterit,
3010 513 3157 567 omni
3186 512 3434 567 libertate
3455 519 3509 565 et
3535 510 3744 566 honore
3761 512 4008 579 nudatus,

740 598 1033 651 lt‘orestella
1062 600 1204 654 dicta
1241 610 1325 654 est
1353 601 1421 653 ab
1443 600 1686 669 antiquo.
1737 600 1934 656 Verum
1963 601 2090 669 quia
2118 616 2322 669 prtcve-

738 697 919 742 mente
947 689 1115 756 gratia
1141 730 1156 754 ,
1212 690 1539 745 clarissimus
1574 692 1657 745 vir
1701 691 1850 745 Dedo
1903 692 2184 746 memorati
2227 693 2322 745 viri

732 780 1116 849 prtedicatione
1144 789 1344 836 tractus
1372 782 1438 836 ad
1469 784 1785 837 ortodaxam
1838 782 2017 847 Iidem,
2047 792 2102 836 et
2148 784 2322 852 bapti-

731 880 883 926 satus
912 883 1012 935 est,
1041 886 1096 926 et
1140 874 1606 929 monasterialibus
1649 874 1944 943 disciplinis
1995 886 2050 929 et
2097 891 2321 930 conver-

730 965 871 1019 sioni
913 966 1290 1032 mancipatus,
1342 966 1568 1021 consilio
1603 965 1773 1020 ﬁdelis
1815 967 1984 1020 nostri
2012 965 2279 1035 llydulpbi
2304 1006 2321 1031 ,

730 1054 887 1110 ducis
934 1054 1335 1124 Lotharingize,
1384 1067 1751 1125 provocatus,
1807 1057 2135 1111 monasterio
2182 1056 2323 1110 Lan-

729 1145 925 1210 biensi,
947 1147 1091 1216 quod
1121 1156 1204 1201 est
1232 1149 1286 1201 in
1346 1147 1608 1202 honorem
1636 1148 1810 1202 sancti
1838 1145 2026 1215 Petri,
2065 1147 2322 1218 principis

728 1240 1119 1308 apostolorum,
1135 1239 1355 1294 donavit
1378 1240 1429 1293 in
1452 1240 1851 1309 eleemosynam
1869 1247 2182 1308 perpetuam
2201 1238 2319 1292 uni-

728 1346 944 1388 versum
973 1331 1197 1386 fundum
1218 1340 1273 1387 et
1293 1332 1676 1402 patrimonium
1712 1347 1867 1385 suum
1892 1333 2190 1388 monachus
2236 1332 2320 1386 ef-

728 1425 939 1489 l‘ectus;
981 1425 1235 1480 videlicet
1262 1426 1415 1479 villas
1460 1425 1527 1479 de
1561 1424 1848 1480 Mousticrs
1894 1434 1951 1479 et
1995 1427 2064 1480 de
2119 1426 2316 1489 Davis,

726 1532 846 1570 cum
872 1518 1017 1573 omni
1073 1519 1385 1585 integritate
1429 1518 1676 1583 dominii,
1707 1527 1763 1573 et
1802 1520 2069 1573 universis
2127 1520 2316 1583 terris,

728 1609 1093 1677 villis,pratis,
1116 1610 1271 1679 aquis
1299 1624 1670 1680 aquarumque
1694 1609 2030 1676 decursibus,
2059 1611 2239 1664 hanno
2265 1622 2320 1664 et

721 1704 954 1771 justitia,
986 1706 1157 1760 servis
1186 1715 1238 1760 et
1270 1706 1502 1769 ancillis,
1529 1707 1668 1761 sicut
1693 1705 1839 1773 juste
1862 1709 2123 1776 possedit,
2148 1710 2319 1777 possi-

723 1797 920 1862 demla,
955 1797 1007 1851 in
1039 1813 1198 1854 manu
1230 1806 1413 1852 nostra
1459 1798 1780 1866 resignando
1805 1809 1864 1853 et
1890 1799 2048 1854 dicta:
2077 1800 2317 1856 ecclesiae

723 1890 1108 1959 subsignando,
1138 1892 1299 1946 certis
1328 1891 1571 1945 terminis
1613 1891 1965 1959 concludens,
1988 1893 2317 1946 authoritate
2354 1879 2394 1934 Β

728 1990 914 2037 nostra
943 1983 1295 2037 communita.
1330 1982 1458 2037 Haac
1485 1993 1665 2038 autem
1695 1992 1820 2038 sunt
1847 1983 1963 2038 loca
1992 1982 2061 2037 de
2090 1985 2316 2052 pra'cin-

723 2082 881 2130 ctura
908 2076 1050 2131 illitis
1079 2076 1283 2142 prtedii.
1322 2074 1607 2129 Terminus
1634 2089 1788 2143 aqua:
1816 2075 2078 2143 incipiens
2110 2076 2161 2129 in
2192 2075 2314 2130 loco

723 2167 815 2233 qui
841 2167 1035 2221 dicitur
1083 2166 1358 2230 Ralbiers,
1407 2181 1577 2234 usque
1624 2166 1693 2220 de
1732 2167 1833 2220 sub
1872 2166 2194 2229 lllousticrs,
2247 2168 2313 2220 ad

723 2270 915 2310 nemus
957 2257 1130 2311 sancti
1162 2255 1514 2324 Mouegundis
1541 2255 1828 2311 dilliniens.
1873 2254 2158 2311 Terminus
2206 2257 2313 2328 syl—

720 2361 931 2411 varum,
965 2361 1155 2400 nemus
1179 2354 1350 2400 totum
1374 2346 1518 2413 quod
1548 2347 1743 2401 dicitur
1773 2344 2024 2411 Eumont,
2046 2362 2216 2415 usque
2246 2347 2310 2402 ad

719 2453 914 2507 aquam
945 2439 1248 2493 venientem
1275 2439 1343 2493 dc
1373 2440 1662 2506 Walhiers,
1694 2456 1814 2494 cum
1846 2441 1990 2495 omni
2041 2441 2310 2495 territorio

721 2528 1080 2597 ctpaguagio,
1113 2537 1169 2584 et
1201 2529 1412 2597 justitia
1439 2530 1491 2584 in
1518 2531 1800 2595 omnibus,
1849 2541 1905 2585 et
1960 2532 2029 2586 ab
2065 2547 2206 2600 aqua
2243 2533 2310 2585 de

724 2619 994 2683 \Valliers,
1022 2628 1196 2675 totum
1222 2635 1410 2675 nemus
1438 2621 1579 2688 quod
1601 2620 1797 2676 dicitur
1826 2621 2041 2685 Bruelh,
2072 2630 2128 2676 et
2167 2622 2308 2675 Fan-

717 2713 854 2777 gias,
888 2727 1060 2781 usque
1085 2711 1153 2765 ad
1182 2710 1446 2778 Levoion,
1476 2726 1644 2780 usque
1676 2712 1743 2775 ad
1773 2712 2089 2779 Willemier,
2121 2721 2176 2766 et
2200 2713 2305 2767 alia

715 2801 865 2865 sylva
889 2800 1043 2871 juxta
1071 2802 1316 2868 Wilhies,
1350 2818 1380 2857 a
1410 2813 1594 2858 monte
1632 2804 1722 2871 qui
1757 2805 1953 2858 dicitur
1972 2804 2227 2869 Cumont,
2252 2811 2306 2859 et

722 2890 1024 2946 Merdosum
1049 2893 1275 2957 vadum;
1310 2908 1478 2961 usque
1529 2894 1594 2946 ad
1623 2894 1802 2947 villam
1834 2894 1900 2947 de
1929 2894 2156 2948 Wilbies
2185 2934 2200 2957 ,
2251 2904 2307 2950 et

724 2995 914 3035 nemus
941 2981 1099 3035 situm
1130 2981 1183 3035 in
1213 2981 1340 3038 liuio
1369 2982 1438 3038 de
1481 2984 1725 3039 Duchon.
1756 2984 1893 3038 Infra
1919 3000 2040 3053 qum
2065 2986 2177 3041 loca
2209 3002 2309 3040 uo-

722 3082 847 3128 stne
872 3073 1220 3129 immunitatis
1244 3077 1523 3130 tuitionem
1554 3077 1823 3143 ponimus,
1857 3085 1913 3130 et
1956 3077 2008 3130 in
2041 3091 2165 3130 usus
2195 3076 2304 3130 fra-

2430 603 2646 672 capitali
2680 618 2837 672 pmna
2868 603 3111 658 feriatur.
3144 603 3209 660 Ut
3235 611 3416 658 autem
3446 604 3559 658 haec
3583 608 3767 657 nostra
3791 616 4010 657 conces-

2424 695 2506 749 sio
2532 709 2628 765 per
2647 696 2991 751 succedentia
3038 704 3283 766 tempora
3336 694 3647 750 inconvulsa
3678 703 4005 763 permaneat,

2424 799 2587 839 manu
2608 794 2793 840 nostra
2833 801 2954 841 eam
2983 787 3399 852 conﬁrmamus,
3443 795 3606 855 atque
3628 785 3791 855 sigilli
3846 788 4006 840 nostri

2425 875 2781 944 impressione
2812 877 3072 944 iussimus
3101 876 3363 945 insigniri.
4047 951 4056 957 _

2495 966 2718 1036 Signum
2775 966 2950 1037 Pipini
2995 968 3136 1035 regis
3167 978 3188 1001 υ
3223 967 3574 1022 invictissimi.
3603 995 3675 1007 —
3701 965 3817 1032 Ego
3844 966 4005 1020 Adel-

2425 1070 2525 1125 gus
2539 1058 2918 1123 cancellarius,
2942 1058 3009 1111 ad
3026 1059 3197 1113 vicem
3221 1057 3542 1128 ltuotbperti
3569 1056 4006 1127 archicapellaui,

2424 1151 2712 1218 recognovi
2741 1159 2798 1205 et
2820 1151 3136 1219 subscripsi.

2493 1240 2629 1295 Data
2669 1241 2882 1297 decimo
2917 1242 3150 1310 septimo
3191 1240 3445 1296 calendas
3481 1240 3812 1306 Decembris,
3838 1240 4004 1295 Lesti-

2425 1333 2507 1387 nis
2530 1375 2544 1397 ,
2581 1347 2723 1387 anno
2746 1332 3038 1387 Dominica:
3067 1331 3459 1387 lncarnationis
3484 1332 3882 1389 sexcentesimo
3911 1348 4004 1387 no-

2423 1424 2696 1491 nagesimo
2712 1424 2965 1495 septimo.

3141 1532 3276 1586 XLI.

2423 1621 2617 1675 Charta
2668 1639 2774 1703 qua
2816 1623 3130 1710 Aiglibfrttts
3161 1664 3176 1689 ,
3215 1624 3640 1710 _Cenonrtanensis
3661 1697 3673 1707 ι
3692 1626 3964 1707 cpiscopus
3984 1665 4001 1689 ,

2493 1694 2806 1765 monasterio
2855 1693 2917 1747 S.
2959 1693 3151 1749 Maria:
3199 1696 3353 1765 juxta
3391 1695 3605 1750 Sartitm
3654 1697 4001 1754 immunitates

2492 1764 2726 1816 concedit
2755 1764 2780 1800 ³³
2815 1765 2963 1832 (ann.
2998 1764 3145 1833 700).

2490 1878 2547 1934 ln
2574 1880 2795 1935 nomine
2823 1881 3037 1935 Domini
3087 1884 3256 1937 nostri
3297 1882 3425 1939 Jesu
3453 1882 3673 1940 Christi.
3703 1886 3989 1942 Dilectissi-

2420 1986 2523 2025 mae
2562 1974 2878 2042 propinquae
2914 1983 3115 2029 nostra:
3145 1974 3472 2032 Adrehildae
3491 1977 3796 2045 ahbatissm,
3829 1979 3987 2049 Aigli-

2419 2058 2607 2116 bertus
2633 2060 3053 2117 Cenomanuica:
3083 2064 3233 2118 urbis
3254 2079 3319 2119 ac
3342 2066 3388 2119 si
3415 2065 3665 2134 indignus
3689 2068 3997 2136 episcopus.

2418 2150 2554 2217 Quia
2603 2168 2704 2222 pro
2736 2155 2928 2209 timore
2957 2163 3122 2224 atque
3160 2157 3345 2213 divino
3382 2174 3568 2214 amore
3612 2169 3670 2215 et
3695 2161 3997 2215 reverentia

2416 2253 2619 2297 sancta:
2646 2242 2742 2300 Dei
2764 2245 3042 2312 genitricis
3071 2246 3271 2314 Maris,
3300 2263 3406 2302 una
3434 2262 3555 2302 cum
3578 2250 3792 2304 clericis
3820 2251 3998 2304 fratri-

2420 2336 2519 2390 bus
2547 2344 2605 2390 et
2642 2337 3142 2405 consacerdotibus,
3174 2352 3238 2393 ac
3270 2340 3550 2395 sororibus
3604 2350 3660 2396 et
3699 2342 3997 2396 sanctimo-

2418 2424 2653 2480 nialibus
2694 2427 2897 2480 nostris
2941 2442 3266 2482 consensum
3310 2430 3697 2496 praebentibus,
3740 2432 3998 2487 convenit

2416 2517 2573 2571 nobis
2604 2524 2664 2570 ut
2722 2518 2776 2570 in
2803 2517 3041 2572 .basilica
3092 2529 3295 2574 sancta:
3349 2519 3444 2574 Dei
3485 2523 3767 2590 genitricis
3794 2522 3995 2588 Marim,

2414 2606 2504 2661 ubi
2555 2607 2869 2676 prtedictam
2931 2608 3287 2678 propinquam
3340 2619 3580 2667 nostram
3645 2613 3996 2669 Adreliildam

2412 2701 2764 2766 abbatissam,
2811 2711 3025 2757 nostra.
3048 2703 3452 2770 benevolentia,
3495 2713 3553 2759 et
3584 2704 3875 2775 largitione
3911 2707 3994 2761 di-

2412 2791 2558 2860 vina,
2582 2800 2639 2847 et
2669 2792 2919 2861 virginali
2950 2793 3067 2848 sive
3101 2791 3415 2848 abbatissali
3444 2794 3828 2852 benedictione
3857 2812 3989 2852 con-

2410 2880 2688 2947 struimus,
2746 2889 2958 2936 etcum
3001 2893 3294 2946 consensu,
3348 2890 3406 2934 ut
3450 2881 3701 2950 diximus,
3749 2886 3993 2940 ecclesiae

2410 2980 2606 3026 nostra:
2672 2974 3120 3030 ronsacerdotum
3177 2974 3565 3030 canonicoram
3636 2988 3840 3034 sancttn
3897 2981 3989 3035 Dei

2409 3066 2687 3131 genitricis
2716 3067 2894 3121 Maria:
2918 3076 2973 3123 et
3001 3079 3313 3125 sanctormn
3345 3078 3639 3141 martyrum
3668 3069 3913 3126 Gervasii
3937 3084 3991 3128 et

721 3175 859 3217 trum
883 3164 1077 3219 ibidem
1102 3166 1214 3220 Deo
1241 3167 1657 3221 deservieutium
1684 3168 1940 3235 praedicto
1970 3168 2299 3222 monasterio
2330 3176 2374 3236 α
2411 3160 2663 3227 Ρτοῑειεὶί,
2696 3162 2763 3217 ad
2819 3179 3050 3232 quorum
3100 3166 3386 3222 ecclesiam
3440 3166 3556 3235 ipsa
3598 3165 3733 3221 cella
3779 3168 3989 3222 Sancta:

719 3256 1080 3318 concedimus.
1116 3266 1173 3311 ut
1196 3259 1310 3327 ipsa
1342 3259 1512 3313 libere
1538 3269 1592 3313 et
1617 3261 1798 3326 quiete
1829 3260 2157 3328 possideant,
2185 3260 2302 3313 sine

717 3345 998 3399 advocatia
1027 3349 1109 3401 vel
1139 3350 1494 3417 oppressione
1540 3350 1768 3419 alicujus
1796 3351 2009 3404 comitis
2041 3351 2122 3403 vel
2167 3366 2299 3403 crn-

717 3437 910 3491 tenarii
939 3447 1031 3491 aut
1048 3439 1417 3494 vice-domini.
1445 3441 1553 3496 Nec
1574 3442 1769 3510 aliquis
1788 3458 1950 3512 supra
1968 3445 2297 3496 territorium

716 3526 960 3581 ecclesia:
987 3528 1204 3583 domum
1234 3532 1444 3599 erigere
1469 3546 1663 3600 praeter
1688 3533 2020 3587 voluntatem
2048 3543 2102 3587 et
2132 3534 2297 3587 licen-

717 3620 842 3672 tiam
876 3632 1177 3689 prxsumat.
1208 3624 1461 3679 Universa
1493 3625 1608 3680 loca
1663 3627 1968 3696 supradicta
1995 3635 2050 3680 et
2100 3638 2296 3696 quanta

716 3711 1045 3779 possideant,
1070 3713 1153 3766 vel
1173 3714 1511 3781 postmodum
1533 3715 1676 3784 juste
1690 3727 1744 3771 et
1774 3718 2165 3773 rationabiliter
2184 3735 2300 3788 pos—

711 3804 912 3859 sessuri
941 3814 1086 3867 sunt,
1110 3806 1210 3859 sub
1238 3807 1385 3873 regia
1418 3808 1646 3863 tuitioue
1699 3810 2048 3877 suscipimus,
2096 3819 2151 3862 et
2202 3809 2296 3863 de-

709 3897 982 3952 cernimus
1006 3897 1234 3966 alicujus
1257 3900 1628 3954 attentationis
1669 3901 1967 3954 molestiam
1999 3917 2104 3955 non
2135 3902 2299 3955 susti.

714 4006 863 4045 nere.
895 3989 951 4045 Si
982 3991 1102 4059 quis
1129 3988 1288 4058 hujus
1317 3990 1673 4045 inmmoitatis
1722 3999 1778 4045 et
1817 3993 2080 4062 privilegii
2128 3997 2296 4047 nostri

782 4156 807 4182 ⁸
846 4146 983 4202 Num
1031 4147 1248 4215 l’ipinus
1294 4148 1487 4203 Scniur
1514 4148 1654 4216 regis
1706 4148 1916 4203 titulum
1949 4149 2047 4204 sibi
2079 4164 2297 4214 arroga-

710 4217 971 4288 bat?ASed
1001 4218 1113 4271 hrcc
1134 4220 1376 4273 chartam
1398 4220 1594 4274 satculo
1631 4236 1717 4274 vni
1745 4223 2029 4274 conlictam
2060 4221 2292 4288 sapiunt.

783 4288 811 4326 δ
840 4286 1117 4355 anlicem
1171 4289 1431 4342 habemus
1476 4289 1715 4357 ejusdem
1775 4291 1976 4344 tenoris
2021 4286 2292 4358 chartam,

712 4367 1000 4427 utramque
1027 4360 1077 4412 in
1111 4358 1261 4413 Artis
1284 4360 1658 4428 episcOporum
1691 4360 2177 4415 Cenomanensium
2212 4364 2294 4415 itt-

711 4438 932 4491 sertam,
986 4441 1108 4498 pag.
1136 4429 1246 4501 276
1277 4440 1332 4501 et
1372 4429 1497 4491 278,
1547 4446 1708 4499 quam
1741 4447 1899 4484 unam
1936 4432 2292 4501 eamdemque

711 4513 1021 4571 censemus,
1049 4500 1328 4571 ipsissimis
1347 4501 1525 4555 verbis
1544 4510 1882 4570 conceptam,
1899 4502 2139 4571 exceptis
2159 4503 2286 4556 sub-

708 4569 1094 4637 scriptionibus
1116 4579 1170 4623 et
1203 4570 1345 4623 notis
1373 4571 1793 4636 cbrooologicis.
1817 4588 1935 4640 qnze
1957 4569 2178 4625 oninino
2200 4572 2283 4626 di-

707 4654 876 4693 versm
899 4648 1044 4694 sunt.
1071 4640 1221 4694 Hanc
1246 4649 1427 4695 autem
1457 4643 1871 4709 discrepantiam
1897 4642 2021 4694 inde
2046 4658 2289 4698 manasse

706 4709 1041 4780 conjicituus.
1063 4709 1205 4778 quod
1227 4726 1349 4764 cum
1381 4711 1433 4764 in
1464 4712 1645 4779 aliquo
1671 4713 1967 4780 exeuiplari
2002 4715 2171 4767 veteri
2203 4714 2289 4767 dc-

704 4778 928 4833 ticerent
975 4782 1399 4850 subscriptiones
1428 4790 1484 4835 et
1532 4778 1672 4834 nunc
1718 4778 2136 4849 rlironologicm,
2196 4800 2287 4838 eas

701 4863 807 4905 suo
828 4852 1313 4919 martecxscriptor
1333 4852 1622 4919 supplevit,
1648 4854 1790 4921 quod
1809 4856 2002 4921 stepius
2025 4855 2287 4908 accidisse

706 4930 905 4972 norunt
957 4922 1046 4987 qui
1090 4930 1271 4974 vetera
1342 4924 1658 4975 evolverunt
1704 4926 2081 4977 instrumenta.
2135 4924 2286 4978 l‘rior

705 4990 891 5041 charta
924 4991 1123 5044 dicitur
1152 4991 1347 5043 emissa
1397 5007 1539 5045 anno
1572 4992 1629 5044 ll
1685 4994 2006 5046 'lbeodoriri
2039 4995 2177 5060 regis
2219 4993 2283 5049 Ill

703 5071 905 5133 (neque
935 5060 1077 5113 enim
1119 5061 1218 5114 sub
1242 5062 1590 5133 N'l'hcodorico
1620 5062 1682 5116 lV
1724 5064 1856 5116 vixit
1888 5065 2234 5133 Aiglibertus)
2268 5083 2280 5127 ;

703 5130 1004 5204 posterior._
1043 5146 1185 5183 atmo
1223 5131 1265 5204 b‘
1294 5132 1621 5204 Childelierti
1654 5133 1740 5186 Ill.
1790 5130 2152 5194 Mabillonius,
2187 5130 2280 5204 qui

700 5208 947 5273 neutram
992 5200 1278 5267 ignoravit,
1333 5202 1597 5270 siquidem
1654 5215 1941 5273 utramque
2001 5206 2169 5258 edidit
2205 5200 2278 5261 ἰη

702 5271 849 5322 Actis
891 5274 1377 5325 (.enumauensium
1421 5275 1817 5341 episcoporum,
1852 5271 2063 5329 unicam
2100 5285 2281 5331 tamen

702 5341 1100 5414 inuAnnalibus
1154 5343 1492 5405 memoravit,
1529 5352 1566 5396 t.
1601 5344 1641 5406 l,
1688 5360 1807 5412 pag.
1859 5344 1981 5408 560,
2041 5346 2274 5414 priorem

696 5411 937 5484 scilicet;
979 5415 1045 5464 de
1076 5413 1361 5479 posteriori
1407 5429 1535 5467 vero
1587 5411 1916 5477 siluit,sane
1946 5411 2089 5484 quod
2129 5432 2276 5471 eam-

696 5483 818 5532 dem
850 5497 970 5535 esse
1026 5492 1309 5549 utramque
1358 5486 1741 5548 arbitrabatur,
1794 5483 2011 5539 mutatis
2067 5497 2272 5543 tantum

697 5551 1181 5624 snbscriptionilms
1214 5562 1269 5607 et
1299 5554 1701 5624 cbronologicis
1732 5557 1894 5619 notis,
1925 5573 2059 5623 quas
2091 5559 2271 5612 since-

698 5637 867 5696 t'tores
899 5623 949 5696 in
993 5621 1152 5691 priori
1201 5625 1478 5689 judicavit.
1535 5621 1640 5679 Nos
1691 5637 1903 5692 contra,
1943 5621 2096 5694 quod
2141 5646 2272 5696 pare

700 5692 832 5743 tanti
862 5694 957 5744 viri
1011 5696 1323 5756 dixerimus,
1359 5696 1520 5763 priori
1557 5706 1758 5750 temetc
1805 5698 1899 5750 has
1931 5692 2092 5751 luisse
2122 5692 2270 5752 addi-

700 5779 779 5835 tas
832 5766 1163 5830 t'otult‘ittltts.
1219 5774 1273 5817 et
1317 5766 1578 5827 genuinas
1629 5784 1748 5820 esse
1815 5783 1932 5835 qum
1982 5769 2266 5835 posteriori

694 5833 951 5899 subiectar
977 5843 1093 5889 sunt
1147 5842 1415 5903 Quorsum
1447 5839 1588 5892 cnim
1625 5839 1735 5893 lure
1779 5833 2003 5908 rrprtita
2038 5856 2262 5896 conces-

2409 3253 2607 3317 Μίδην,
2646 3267 2767 3321 qua:
2806 3263 2890 3308 est
2927 3264 3237 3309 constructa
3277 3257 3415 3309 intra
3456 3256 3675 3310 lluvium
3728 3256 3904 3311 Sarta:
3934 3266 3989 3311 et

2406 3358 2617 3397 murum
2667 3344 2903 3400 civitatis
2932 3345 3129 3410 reddit,
3171 3347 3407 3402 debeant
3445 3348 3687 3401 instituta
3721 3363 3984 3409 servare;

2405 3439 2464 3483 ut
2491 3432 2616 3485 dum
2648 3433 2791 3487 illius
2811 3443 3014 3489 sanctae
3044 3434 3139 3491 Dei
3170 3437 3445 3503 genitricis
3475 3435 3656 3491 Marizc
3683 3437 3755 3491 sit
3790 3439 3980 3492 volun—

2406 3533 2507 3589 tas,
2540 3527 2582 3579 si
2614 3524 2847 3580 humiles
2873 3540 2936 3581 ac
2966 3525 3160 3581 devote
3183 3528 3254 3581 ibi
3282 3529 3582 3582 consistant
3602 3530 3989 3583 sanctimonia-

2403 3617 2481 3669 les
2516 3616 2617 3669 sub
2645 3616 2829 3685 regula
2856 3616 3135 3685 degentes,
3162 3633 3281 3689 qua:
3309 3628 3364 3672 et
3389 3632 3539 3672 suam
3569 3620 3718 3688 prius
3747 3605 3987 3689 dirigant

2401 3711 2812 3778 conscientiam,
2858 3719 2914 3766 et
2972 3712 3075 3766 loci
3147 3712 3290 3766 illius
3338 3712 3709 3767 delectabilem
3787 3713 3987 3769 faciant

2403 3802 2811 3868 habitationem,
2857 3803 2910 3856 in
2939 3818 3050 3872 quo
3097 3813 3153 3857 et
3200 3813 3384 3858 nostra
3416 3819 3627 3860 merces
3679 3808 3988 3861 communis

2401 3893 2701 3954 adcrescat,
2732 3903 2789 3947 et
2820 3893 2940 3948 laus
2968 3891 3182 3948 Domini
3213 3892 3411 3949 devote
3435 3903 3737 3964 percurrat.
3768 3897 3986 3951 Conce-

2398 3986 2576 4042 dimns
2603 4000 2736 4056 ergo
2766 3987 2873 4042 hoc
2897 3985 2951 4040 in
2980 3986 3236 4057 prtesenti
3274 3986 3651 4058 inscriptione,
3686 3987 3753 4043 ad
3782 3990 3985 4045 sancti—

2399 4145 2481 4198 sio
2515 4143 2626 4214 jam
2662 4152 2787 4197 ante
2827 4159 3001 4199 annos
3028 4143 3335 4213 quindecim
3365 4160 3640 4201 concessae
3669 4146 3985 4203 immunita-

2402 4217 2468 4268 tis
2497 4217 2518 4266 'l
2547 4215 2626 4269 An
2660 4224 2718 4269 ttt
2746 4219 3162 4286 conﬁrmaretur
3183 4217 3205 4267 ζ’
3248 4214 3355 4286 Sed
3388 4224 3516 4270 tunc
3543 4217 3742 4286 prioris
3780 4218 3982 4273 chartae

2399 4286 2578 4357 aliqua
2620 4287 2692 4357 in,
2714 4285 3001 4357 posteriori
3036 4284 3224 4340 fuisset
3245 4285 3440 4357 injecta
3463 4284 3689 4340 mentio.
3718 4286 3789 4340 Et
3816 4304 3977 4357 quam

2398 4356 2861 4410 conﬁrmationem
2922 4356 3107 4409 charta
3160 4356 3446 4424 posterior,
3503 4357 3688 4424 paucis
3744 4356 3978 4413 tantum-

2398 4427 2559 4481 modo
2581 4427 2834 4479 abbatum
2858 4426 3341 4494 subscriptionibus
3370 4428 3597 4493 munita,
3630 4429 3978 4494 importasset

2399 4498 2565 4565 priori
2594 4496 2885 4567 privilegio
2903 4497 3182 4565 plusquam
3210 4496 3425 4563 triginta
3454 4497 3827 4567 episcoporum
3850 4501 3976 4554 sub-

2313 4546 2368 4606 υ
2394 4546 3817 4639 tantis..ibagfvauasisatisfiatcassam...
3844 4546 3972 4623 55;-

2396 4649 2614 4691 cervata
2671 4638 2885 4691 nomina
2948 4637 3379 4706 interpolationis
3437 4637 3797 4706 suspicionem
3866 4656 3973 4694 non

2394 4708 2567 4761 levem
2613 4707 2861 4761 aderunt.
2896 4707 3045 4762 Adde
3088 4707 3189 4762 11ος
3232 4709 3514 4776 plerosque
3538 4710 3849 4775 episcopos,
3886 4710 3966 4766 fa-

2394 4787 2538 4832 tente
2577 4778 2905 4841 Mabillonio,
2957 4793 3076 4833 esse
3124 4779 3374 4846 ignotos;
3407 4778 3543 4833 addc
3565 4782 3831 4847 quosdam
3874 4799 3967 4835 co-

2390 4851 2567 4915 gnitos
2592 4849 2829 4917 quidem,
2860 4849 2953 4903 sed
2978 4858 3103 4903 tunc
3124 4849 3384 4917 temporis
3414 4865 3519 4903 non
3545 4850 3819 4903 exstitisse
3847 4871 3859 4904 :
3894 4853 3969 4906 sic

2392 4920 2639 4974 lterarius
2715 4920 2884 4987 ipsius
2939 4919 3222 4986 Aigliberti
3288 4919 3562 4985 decessor,
3620 4919 3969 4976 Vindieianus

2388 4990 2799 5043 Cameracensis
2829 4990 3139 5059 episc0pus,
3184 4989 3511 5059 Adalbertus
3536 4992 3964 5056 SneSsionensis,

2385 5060 2761 5114 Blideraumus
2802 5057 3145 5124 Viennensis,
3176 5057 3470 5119 .l’rotasius
3522 5063 3811 5129 Aqnensis,
3845 5063 3961 5118 Cle-

2384 5147 2537 5185 mens
2583 5130 3004 5194 Dellovacencis,
3036 5131 3190 5184 Abbo
3242 5145 3337 5184 seu
3377 5129 3672 5185 Metensem
3705 5135 3963 5197 volueris,

2383 5218 2479 5254 seu
2539 5200 2926 5272 Virduuenscm
2978 5201 3313 5272 episcopum.
3348 5200 3590 5270 Denique
3638 5205 3964 5272 subscriptio

2383 5272 2547 5339 ipsius
2592 5271 2893 5339 Aigliberti,
2935 5274 3026 5339 qui
3076 5271 3318 5325 chartam
3351 5273 3617 5335 condidit,
3649 5271 3961 5341 promiscue

2384 5343 2671 5396 intruditttr
2694 5343 2833 5396 inter
2867 5352 3051 5396 testes.
3085 5341 3232 5394 Ilanc
3261 5356 3389 5407 ergo
3447 5343 3681 5409 priorem
3715 5344 3961 5397 chartam

2380 5413 2504 5467 huic
2570 5421 2767 5467 nostra:
2835 5411 3141 5466 collcmioni
3196 5412 3403 5477 integre
3457 5412 3802 5466 inserendam
3853 5431 3958 5469 non

2381 5484 2676 5546 duximus;
2729 5482 3159 5552 subscriptiones
3212 5492 3493 5555 tameuhet
3548 5484 3961 5555 clironologicas

2377 5564 2557 5617 notas,
2586 5555 2782 5623 qmbus
2814 5551 2969 5609 unice
2995 5570 3024 5606 a
3057 5552 3342 5623 pusteriori
3390 5551 3707 5623 discrepat,
3737 5555 3792 5606 in
3821 5551 3960 5609 notis

2374 5622 2745 5691 subjicieinus,
2788 5634 2842 5678 et
2887 5626 3027 5678 inter
3062 5622 3248 5677 uncos
3306 5638 3641 5692 apponetnus
3698 5622 3960 5679 lectiones

2376 5699 2557 5750 varias
2600 5696 2972 5765 paucissimas,
3003 5693 3214 5750 etiamsi
3243 5709 3349 5749 non
3381 5695 3558 5764 magni
3588 5695 3853 5752 momenti
3884 5698 3956 5751 vi:

2373 5768 2621 5823 dcantur.
