4206 6544
213 433 350 490 ηδε

981 425 1417 481 ΙΜΝᾹΊΊΟΝΙᾲὃ
1460 424 1545 478 AC
1589 424 2059 479 'l’liS'l'sRlel'A
2110 424 2349 487 l'll'lSC.,
2394 425 2578 491 Mill,
2624 427 2776 481 I'I'I'C.

3361 433 3380 484 1
3394 430 3502 485 24?.

204 546 469 602 moniales
499 529 792 612 spiritales,
826 540 892 594 ad
923 541 1237 609 peregrinas
1261 554 1357 594 seu
1391 537 1798 607 peregrinorum
1834 542 1879 597 Α
1911 546 2112 601 ctores,
2145 538 2369 591 onmiuo
2404 553 2836 603 commonemus,
2870 548 2923 591 ul
2958 554 3065 595 non
3118 556 3147 592 a
3179 542 3330 597 vobis
3361 559 3497 599 one-

205 657 268 693 ae
300 650 660 709 pauperorum
686 648 863 697 usmn,
896 633 986 700 qui
1020 640 1246 702 proiiter
1284 630 1449 684 Deum
1484 644 1577 682 sua
1606 627 1803 681 dereli-

203 739 441 801 queruut
484 729 597 783 loca
655 726 739 781 vel
788 724 1175 791 substantiam,
1210 735 1267 777 ut
1314 725 1364 777 in
1396 723 1654 793 prtedicto
1682 738 1800 773 nio-

206 821 447 875 nasterio
473 818 686 873 Sanctae
732 817 825 871 Dei
858 817 1139 885 genitricis
1181 816 1383 881 Maritu,
1414 814 1559 884 quod
1592 814 1659 866 ad
1688 829 1803 866 nia-

204 926 344 973 trem
376 915 619 970 ecclesia:
657 911 1079 967 Cenomanuicae
1131 911 1279 965 urbis
1315 911 1401 963 cui
1463 923 1695 978 praeesse
1740 924 1803 962 ac

204 1007 466 1078 prodesse
508 1007 701 1071 debeo,
731 1005 879 1074 juste
918 1012 974 1058 et
1022 1004 1270 1074 legaliter
1316 1003 1571 1072 pertinet,
1603 1012 1660 1056 et
1702 1003 1801 1056 sub

202 1106 577 1159 dominatione
623 1102 939 1172 pontilicum
994 1116 1059 1156 ac
1126 1101 1500 1155 ministrorum
1553 1115 1797 1165 suorum,

204 1197 595 1252 reddibitiones
623 1204 679 1250 et
715 1209 876 1250 censa
909 1210 1141 1248 onerosa
1176 1210 1241 1248 ex
1293 1194 1411 1262 ipso
1467 1194 1799 1246 monasterio

201 1290 275 1345 ad
304 1290 617 1360 prmtlictam
652 1298 878 1342 matrem
910 1288 1198 1342 ecclesiam
1233 1288 1637 1356 persolvuntur,
1662 1285 1799 1339 sicut

202 1380 276 1435 ab
298 1382 698 1436 institutoribus
716 1390 770 1435 et
794 1379 1121 1435 ditatoribus
1145 1395 1209 1432 ac
1236 1378 1610 1432 t‘undatoribus
1632 1378 1799 1446 ipsius

200 1474 525 1528 monasterii
549 1482 606 1528 et
636 1489 665 1527 a
690 1471 1183 1543 prtedecessoribus
1235 1471 1583 1540 poutilicibus
1634 1470 1799 1539 hujus

199 1569 355 1624 urbis
379 1568 577 1622 dudum
606 1568 957 1621 constitutum
985 1573 1090 1631 est,
1118 1565 1378 1618 hactenus
1391 1564 1794 1633 persolvuntur,

199 1659 413 1715 leviora
445 1668 502 1713 et
528 1658 770 1714 faciliora
797 1671 919 1712 esse
944 1654 1212 1709 volumus.
1243 1654 1299 1708 ln
1333 1671 1438 1724 qua
1465 1656 1627 1706 etiam
1660 1654 1796 1707 cella

200 1752 522 1822 przedictam
597 1749 1054 1818 consanguineam
1129 1756 1369 1802 nostram
1449 1746 1797 1801 Adrehildetn

198 1843 573 1899 venerabilem
600 1842 925 1897 abbatissam
948 1841 1352 1900 constituimus.
1368 1857 1491 1895 cum
1524 1855 1793 1894 consensu

1908 642 2032 682 rosa
2063 636 2155 681 aut
2206 628 2386 696 aliqua
2438 629 2619 694 gravia
2677 628 2920 698 injuncta
2952 645 2981 683 a
3028 632 3250 700 praeﬁxo
3298 634 3498 690 locello

1906 722 2270 790 requirantur.
2321 722 2425 777 Sed
2477 738 2641 791 opera
2674 724 3123 779 vestimentorum
3171 738 3333 795 atque
3376 742 3497 796 qua:

1904 813 1971 868 ad
2018 813 2460 868 sanctimoniales
2510 815 2747 883 pertinet
2803 814 3130 879 faciendum,
3189 816 3275 870 vel
3336 818 3498 873 vesti-

1903 917 2084 962 menta
2133 906 2500 961 ecclesiastica
2559 918 2655 962 aut
2712 908 3042 975 pontilicalia
3100 908 3351 975 lavanda,
3409 909 3495 964 vel

1904 1001 2259 1058 restaurauda
2288 1000 2505 1064 debent,
2539 1000 2719 1054 facere
2742 999 3018 1064 studeant,
3055 1011 3114 1054 ut
3147 1003 3332 1069 regula
3370 1016 3497 1055 sau~

1902 1095 2319 1157 ctimonialium,
2354 1102 2575 1164 propter
2604 1110 2767 1149 censa
2798 1094 2885 1148 vel
2907 1102 3098 1148 exacta
3147 1098 3333 1163 gravia
3358 1113 3496 1165 pon-

1905 1191 1938 1241 ti
1968 1184 2105 1241 .rum
2140 1189 2222 1241 vel
2246 1188 2618 1240 ministrorum
2650 1203 2869 1242 suorum
2901 1187 3033 1242 inibi
3063 1204 3170 1241 non
3197 1190 3497 1258 negligetnr

1901 1282 2041 1335 sicut
2069 1280 2185 1351 [sed
2219 1280 2296 1352 ut]
2329 1296 2357 1334 a
2393 1281 2547 1335 nobis
2576 1281 2928 1334 constitutum
2962 1290 3064 1345 est,
3085 1281 3157 1335 ita
3185 1282 3333 1335 omni
3355 1290 3493 1336 teni-

1902 1389 2035 1441 pnre
2058 1384 2432 1427 conservetur.
2470 1372 2535 1425 Et
2569 1380 2819 1442 posteros
2848 1382 3065 1427 nostros
3099 1375 3189 1443 qui
3218 1375 3269 1427 in
3301 1376 3492 1430 ordine

1903 1468 2213 1537 potililicum
2240 1467 2289 1518 in
2314 1468 2413 1520 hac
2436 1468 2565 1521 sedc
2586 1466 2749 1520 futuri
2778 1475 2923 1529 sunt,
2951 1465 3227 1521 humiliter
3250 1468 3485 1537 postula-

1902 1576 2040 1620 mus,
2076 1558 2300 1626 utquod
2329 1574 2357 1610 a
2388 1559 2541 1611 nobis
2564 1566 2826 1611 statutum
2848 1558 3036 1625 est,ab
3065 1558 3171 1612 illis
3190 1574 3297 1611 non
3321 1558 3493 1613 viole-

1904 1662 2010 1717 tur,
2041 1660 2095 1707 et
2141 1653 2283 1706 sicut
2334 1651 2706 1705 institutiones
2754 1667 2945 1706 eorum
2985 1663 3333 1709 conservatas
3373 1670 3494 1709 esse

1902 1742 2190 1806 voluerint,
2225 1742 2298 1795 ita
2329 1750 2383 1796 et
2416 1751 2596 1795 nostra
2629 1751 2973 1809 conservent,
3007 1752 3064 1798 ut
3094 1744 3255 1798 liceat
3296 1745 3491 1799 ibidem

1901 1834 2207 1887 constitutis
2242 1833 2746 1887 sanctinionialibns
2795 1834 2895 1888 sub
2935 1844 3125 1889 sancto
3174 1836 3367 1891 ordine
3436 1847 3494 1891 et

198 1937 544 1991 sacerdotum
575 1942 906 2000 nostrorum,
933 1942 993 1987 ut
1032 1943 1087 1988 et
1115 1934 1185 1988 ibi
1243 1934 1294 1987 in
1337 1934 1539 1986 Christi
1574 1934 1795 1988 nomine
1833 1944 1875 2002 Β
1902 1928 2003 1979 sub
2032 1926 2213 1995 regula
2234 1940 2580 1993 conservare,
2608 1935 2662 1980 et
2692 1942 2790 1995 1)Ρο
2814 1927 2969 1981 "Obis
3003 1929 3083 1981 V8|
3114 1929 3260 1983 omni
3292 1931 3494 2000 populo

199 2029 462 2100 praidicta
532 2028 802 2083 abbatissa
876 2027 1286 2096 consanguinea
1370 2036 1576 2092 nostra,
1637 2036 1799 2094 atque

198 2130 400 2177 cetera:
444 2119 908 2186 sanctimoniales,
942 2128 1049 2171 tam
1104 2118 1239 2172 infra
1293 2120 1503 2185 urbem,
1554 2134 1714 2188 quam
1746 2127 1801 2171 et

196 2230 379 2279 secus,
406 2214 559 2283 juxta
591 2213 874 2269 ecclesiam
915 2212 1229 2283 praedictam
1268 2214 1481 2267 Sanctia
1526 2212 1617 2266 Dei
1649 2212 1799 2279 geni-

199 2309 352 2364 tricis
383 2307 583 2371 Marize,
618 2305 913 2360 secundum
962 2305 1232 2376 regulam,
1285 2314 1340 2359 et
1389 2318 1529 2357 nunc
1565 2302 1802 2372 quando-

196 2400 419 2470 quidem
450 2400 521 2468 (ει
548 2398 754 2469 quando
784 2397 1014 2468 quidem)
1042 2398 1225 2451 vivere
1249 2396 1501 2450 debeant.
1531 2395 1598 2448 Et
1625 2410 1795 2463 quan-

196 2496 492 2563 tiocunque
520 2494 599 2547 eis
646 2492 917 2546 abbatissa
947 2490 1203 2560 praedicta
1230 2490 1345 2544 sive
1392 2489 1495 2543 alia
1539 2488 1793 2543 deluucta

197 2587 388 2653 fuerit,
416 2602 538 2641 cum
569 2600 837 2640 consensu
866 2593 923 2639 et
952 2583 1292 2639 institutione
1320 2583 1435 2652 jam
1466 2583 1624 2637 dicta:
1651 2582 1795 2637 urbis

193 2681 444 2751 episcOpi
495 2679 697 2748 eligant
738 2679 919 2743 aliam,
948 2693 1109 2747 quam
1175 2677 1445 2731 utiliorem
1503 2691 1568 2728 ex
1598 2685 1794 2729 semet-

198 2773 334 2841 ipsis
377 2772 445 2826 ad
475 2788 602 2826 suas
630 2773 839 2826 animas
870 2770 1273 2825 conservandas
1320 2779 1375 2823 et
1420 2768 1683 2836 regendas
1732 2783 1795 2820 ac

199 2866 317 2920 Deo
363 2866 664 2934 opitulante
712 2863 997 2919 salvandas
1045 2863 1375 2917 invenerint.
1407 2862 1473 2914 Et
1504 2864 1577 2915 ita
1632 2877 1793 2927 nunc,

202 2967 313 3011 tam
350 2972 473 3012 eam
507 2972 666 3029 quam
714 2964 769 3010 et
798 2956 931 3010 alias
958 2970 1079 3027 qua:
1130 2971 1364 3025 praeesse
1414 2955 1542 3008 visa:
1575 2955 1791 3015 fuerint,

198 3063 298 3102 seu
340 3048 487 3117 ipsas
539 3046 980 3102 sanctimoniales
1031 3047 1104 3101 ibi
1158 3047 1258 3100 sub
1304 3046 1487 3114 regula
1539 3046 1797 3113 degentes

202 3156 639 3207 commonemus,
673 3149 731 3195 ut
760 3142 902 3195 sicut
945 3149 1125 3195 cetera
1166 3141 1497 3196 monasteria
1524 3140 1792 3209 regularia

200 3260 326 3314 qua:
355 3245 456 3298 sub
480 3243 670 3297 ordine
709 3235 909 3310 regulae
959 3234 1165 3297 rectius
1191 3234 1415 3304 degunt,
1445 3233 1695 3288 similiter
1740 3242 1795 3287 et

203 3336 523 3405 prmdictum
547 3335 856 3390 coenobium
885 3334 1381 3389 sanctimonialium
1399 3335 1499 3388 sub
1522 3335 1793 3403 potestate

201 3436 257 3482 et
288 3427 554 3495 regimine
583 3426 819 3496 pnefata:
863 3427 1008 3480 urbis
1030 3426 1268 3496 episcopi
1297 3425 1516 3494 degant,
1542 3434 1597 3479 et
1633 3439 1794 3493 regu—

198 3525 310 3579 lam
343 3525 396 3578 in
422 3540 489 3578 eo
525 3524 671 3578 omni
709 3532 956 3593 tempore
993 3533 1341 3579 conservent.
1376 3522 1441 3576 Et
1472 3538 1571 3577 nos
1615 3523 1795 3576 taliter

202 3636 325 3683 vos,
356 3617 443 3672 vel
475 3625 686 3673 vestros
709 3618 1038 3687 quicumque
1081 3617 1226 3673 illius
1255 3617 1497 3673 θευιεδίω
1524 3617 1633 3672 sint
1662 3632 1793 3672 exa-

279 3830 305 3856 ι
336 3818 633 3887 Sequentia
663 3819 883 3886 desunt,
905 3828 962 3875 et
981 3820 1173 3875 horum
1203 3820 1326 3876 loco
1349 3821 1402 3874 in
1428 3821 1611 3875 charta
1635 3836 1793 3891 quam

201 3891 595 3957 interpolatam
621 3905 927 3957 censemus,
957 3892 1163 3957 ingesta
1191 3901 1317 3945 sunt
1337 3907 1455 3959 qua:
1475 3902 1793 3959 sequuntur,

202 3972 267 4016 ut
292 3962 478 4015 videre
515 3969 600 4014 est
630 3960 682 4013 in
700 3961 895 4015 Annal.
919 3962 1121 4016 Mabill.
1147 3979 1200 4031 p.
1236 3962 1361 4017 279.
1401 3981 1418 4013 ι
1463 3963 1611 4017 Unde
1652 3963 1797 4015 doin-

203 4048 405 4087 norum
429 4032 809 4101 episcoporum
833 4041 890 4086 et
914 4034 1459 4100 metropolitanorum
1491 4035 1686 4086 artium
1712 4048 1796 4086 se.-

204 4104 307 4159 des
330 4102 631 4158 tenentium
657 4103 910 4171 suﬂragia
932 4104 1224 4173 poscimus,
1252 4112 1312 4157 ut
1330 4103 1626 4158 adhibeant
1656 4120 1799 4158 mer-

204 4175 399 4230 cedem
443 4183 504 4227 ut
531 4173 635 4227 hoc
682 4183 926 4228 sanctum
972 4174 1310 4243 privilegium
1358 4191 1478 4227 cum
1536 4175 1797 4229 societate

207 4245 563 4301 beatitudinis
609 4252 666 4298 et
695 4245 1007 4299 consentire
1048 4254 1210 4312 atque
1242 4244 1530 4299 adliruiare
1564 4260 1666 4299 una
1702 4261 1799 4299 no-

204 4317 422 4371 biscum
455 4330 564 4369 non
596 4314 973 4384 dedignentur.
1017 4314 1214 4369 lterum
1247 4332 1344 4369 vos
1366 4316 1596 4371 domuos
1620 4318 1799 4384 ponti-

206 4387 342 4442 ﬁces
373 4385 653 4440 humiliter
692 4386 955 4455 deprecor
1001 4396 1062 4441 ut
1110 4387 1217 4441 hoc
1265 4387 1602 4456 privilegium
1644 4403 1673 4441 a
1712 4403 1799 4443 me

206 4458 433 4519 factum,
485 4457 681 4511 vestris
725 4456 973 4510 manibus
1023 4460 1280 4511 roborarc
1329 4466 1383 4511 et
1436 4459 1797 4522 subscribere,

205 4528 498 4582 charitalis
534 4542 693 4581 causa
742 4536 903 4594 atque
953 4528 1351 4592 benevolentia,
1391 4528 1706 4596 dignemini.
1741 4528 1796 4582 lu

206 4598 416 4651 Christi
440 4601 658 4652 nomine
686 4600 1031 4665 Aiglibertus,
1056 4614 1119 4654 ac
1145 4599 1189 4653 si
1213 4607 1466 4668 peccator
1489 4601 1796 4670 cpiscopus,

205 4650 319 4724 hoc
356 4650 1165 4736 privilegiaassuetas;
1206 4650 1549 4723 i'iieiaetuiii
1564 4650 1801 4724 litieiiter
1832 4650 1879 4710 Ι)

206 4739 529 4808 subscripsi.
560 4770 633 4780 -
659 4738 1019 4804 llildehertus,
1054 4749 1110 4793 et.
1138 4741 1179 4793 si
1209 4749 1462 4807 peccator
1490 4742 1796 4810 episcopus,

208 4812 320 4865 hoc
363 4810 702 4878 privilegium
753 4812 993 4863 subs.——
1023 4810 1426 4873 Landebertus,
1484 4813 1653 4875 gratia
1705 4812 1798 4867 Dei

206 4882 527 4950 episcopus,
577 4884 679 4935 hoc
722 4882 1059 4951 privilegium
1107 4883 1253 4935 subs.
1286 4914 1355 4923 —
1386 4883 1437 4934 In
1475 4883 1670 4936 Christi
1704 4898 1801 4937 no-

207 4953 361 5006 mine
413 4952 805 5016 Landobertus,
838 4968 901 5007 ac
948 4953 990 5005 si
1047 4961 1304 5021 peccator
1346 4953 1653 5020 episcouus,
1696 4954 1800 5009 hoc

207 5022 550 5091 privilegium
582 5024 730 5077 subs.
755 5054 823 5062 —
852 5022 907 5076 In
947 5023 1144 5076 Christi
1189 5024 1407 5077 nomine
1439 5025 1797 5089 ltlidranmus,

208 5109 277 5146 ac
305 5093 352 5147 si
383 5102 637 5162 peccator
685 5095 969 5163 episcopus
1014 5094 1117 5148 hoc
1165 5094 1501 5161 privilegium
1552 5096 1699 5149 subs.
1729 5126 1799 5136 --

210 5162 494 5235 (ὶοζεηυε,
537 5175 791 5233 peccator
812 5162 1118 5232 episcopus,
1148 5164 1253 5218 hoc
1279 5165 1616 5235 privilegium
1649 5166 1796 5220 subs.

210 5233 366 5289 ——ln
404 5236 494 5289 Dei
543 5234 760 5289 nomine
810 5235 1103 5299 Protasius,
1131 5250 1194 5288 ac
1232 5235 1275 5288 si
1302 5233 1554 5303 peccatur
1585 5238 1796 5301 episco—

212 5322 339 5376 pus,
371 5304 477 5359 hoc
525 5306 858 5374 privilegium
890 5307 1040 5360 subs.
1071 5338 1139 5348 --
1165 5306 1479 5372 Dampidus,
1514 5324 1576 5359 ac
1602 5307 1643 5359 si
1676 5323 1798 5376 pec-

211 5386 370 5429 cator
397 5377 704 5445 episcopus,
728 5379 829 5432 hoc
859 5377 1195 5447 privilegium
1220 5377 1370 5430 subs.
1394 5407 1463 5416 —-
1488 5378 1794 5439 DatbCi-tus,

212 5464 280 5501 ac
328 5446 372 5500 si
401 5459 656 5515 peccator
700 5446 1005 5517 episcopus,
1037 5448 1139 5503 hoc
1168 5448 1507 5516 privilegium
1541 5450 1688 5504 subs.
1723 5479 1792 5488 -—

212 5517 273 5573 In
306 5517 503 5572 Christi
536 5517 753 5572 nomine
793 5518 1098 5587 llerlingus,
1135 5534 1197 5571 ac
1234 5518 1277 5571 si
1313 5529 1563 5587 peccator
1591 5522 1797 5588 episco-

216 5605 338 5660 pus,
372 5589 475 5643 hoc
497 5589 835 5658 privilegium
863 5590 1012 5644 subs.
1038 5621 1107 5631 --
1128 5588 1182 5641 ln
1213 5590 1408 5643 Christi
1442 5591 1658 5644 nomine
1704 5595 1798 5644 lte-

216 5662 414 5725 rarius,
459 5675 523 5713 ac
570 5659 615 5711 si
669 5669 919 5730 peccator
966 5662 1270 5728 episcopus,
1314 5660 1796 5729 sutiscripsi.—ln

214 5732 416 5785 Christi
442 5730 661 5784 nomine
688 5730 1030 5798 Aiglibertus.
1053 5747 1115 5785 ac
1142 5732 1184 5784 si
1211 5742 1465 5800 peccator
1491 5733 1795 5801 episcopus,

216 5804 321 5855 hoc
346 5801 684 5870 privilegium
707 5804 854 5855 subs.
883 5832 951 5841 —
979 5802 1033 5856 lu
1065 5802 1259 5856 Christi
1294 5805 1511 5857 nomine
1545 5804 1795 5869 Atlaidus,

215 5892 276 5925 ar
311 5875 353 5925 si
386 5880 646 5942 peccator
695 5874 996 5943 epiSCOpus,
1031 5874 1131 5928 hoc
1161 5876 1495 5941 privilegium
1546 5875 1691 5927 subs.
1731 5904 1796 5915 --

216 5948 561 6013 lbgobertus.
637 5953 891 6013 peccator
946 5946 1250 6015 episeopus,
1313 5947 1410 6001 hoc
1462 5944 1797 6016 privilegium

1907 2020 2119 2073 Domini
2174 2019 2601 2074 miscricordiam
2652 2035 2904 2075 exorare.
2934 2021 3021 2083 Et,
3055 2032 3114 2075 ut
3147 2023 3235 2078 hic
3263 2025 3494 2096 scriptus

1904 2112 1971 2165 ad
2004 2112 2233 2167 invicem
2260 2111 2350 2182 [ad
2390 2112 2588 2185 vicem]
2630 2113 2896 2184 privilegii
2929 2113 3125 2170 futuris
3156 2119 3493 2185 temporibus

1904 2205 2189 2271 habeatur,
2223 2220 2505 2259 monemus
2536 2214 2852 2260 utsanctum
2884 2207 3131 2261 ordinem
3160 2210 3492 2278 custodiant,

1903 2307 1958 2353 et
1989 2300 2136 2352 omni
2171 2308 2413 2369 tempore
2453 2309 2641 2355 sancte
2691 2311 2745 2354 ct
2794 2302 3116 2371 regulariter
3156 2305 3207 2358 in
3261 2305 3357 2360 Dei
3390 2323 3491 2361 no-

1903 2393 2048 2448 mine
2079 2392 2208 2447 ioibi
2240 2393 2534 2456 resideant,
2569 2404 2623 2449 et
2653 2395 2866 2451 assidue
2895 2397 3219 2455 lectionibus
3249 2402 3335 2454 vel
3366 2417 3490 2457 san-

1899 2484 2000 2539 ctis
2031 2485 2472 2540 meditationibus
2513 2494 2569 2539 et
2591 2487 2931 2541 orationibus
2960 2499 3173 2543 vacent.
3220 2490 3493 2561 Rogamus

1899 2590 2029 2643 ergo
2075 2590 2139 2629 ac
2194 2584 2564 2631 contestamur
2608 2591 2792 2630 coram
2851 2576 2965 2633 Deo
3015 2587 3069 2633 et
3099 2581 3305 2648 angelis
3348 2584 3487 2651 ejus,

1900 2683 2088 2723 omnes
2127 2682 2301 2738 reges,
2354 2669 2641 2739 principes,
2697 2679 3017 2741 potestates,
3064 2672 3486 2742 dominationes,

1899 2762 2180 2829 consules,
2238 2778 2534 2831 proceres,
2584 2762 2700 2817 sive
2754 2764 3000 2830 comites,
3059 2775 3223 2835 atque
3263 2781 3489 2825 cunctos

1901 2866 2155 2925 potentes
2186 2865 2241 2910 et
2271 2857 2481 2911 nobiles
2512 2872 2608 2911 seu
2660 2868 3065 2927 procuratores,
3101 2869 3157 2913 ut
3191 2862 3293 2916 hoc
3324 2864 3488 2934 privi-

1899 2948 2097 3019 legium
2144 2963 2173 3001 a
2223 2949 2378 3001 nobis
2437 2964 2534 3016 per
2600 2964 2925 3004 consensum
2984 2953 3364 3022 episcoporum
3426 2974 3487 3009 ac

1897 3040 2348 3095 consacertlotum
2404 3050 2713 3096 nostrorum
2755 3043 2959 3107 factum
2990 3060 3096 3105 non
3124 3048 3488 3121 frangantnc-

1898 3148 2004 3203 que
2021 3143 2391 3202 corrumpant.
2412 3144 2498 3187 aut
2519 3136 2806 3210 quomodo
2820 3143 3025 3197 violent
3046 3161 3140 3199 seu
3153 3146 3487 3213 delacercnt,

1824 3256 1868 3317 C
1900 3233 1993 3280 aut
2021 3226 2073 3280 in
2098 3226 2280 3300 aliquo
2309 3227 2471 3287 modo
2501 3248 2869 3305 corrumpant,
2892 3240 3025 3291 sicut
3062 3240 3485 3311 [sedutjsaucti—

1900 3319 2161 3380 moniales
2185 3326 2237 3379 in
2270 3327 2524 3396 pratdicto
2548 3328 2671 3383 loco
2695 3347 2788 3383 seu
2814 3334 3066 3387 C(l:ll()l)l0
3091 3336 3141 3389 in
3168 3353 3353 3391 amore
3388 3340 3491 3391 Do-

1900 3418 2029 3471 mini
2048 3420 2217 3473 nostri
2244 3419 2369 3473 Jcsu
2393 3418 2873 3477 Cln-istietsanctas
2901 3425 2991 3479 Dei
3019 3428 3292 3494 genitricis
3315 3431 3490 3486 Maria:

1900 3513 2083 3579 quiete
2129 3521 2185 3565 et
2240 3513 2564 3581 regulariter
2638 3516 2841 3585 absque
2897 3518 3004 3571 ulla
3059 3521 3347 3576 vexatione
3393 3534 3490 3578 aut

1902 3601 2220 3657 marriticne
2286 3603 2550 3658 securiter
2596 3613 2785 3661 sancte
2827 3606 3010 3663 vivere
3065 3612 3384 3679 permittant
3438 3616 3489 3671 υ.

1900 3812 2215 3889 subscripsi.
2244 3812 2389 3889 —ln
2418 3811 2870 3889 Christiunomine
2910 3815 3258 3889 Adalbertue,
3294 3834 3489 3889 pecca-

1904 3894 1986 3938 tor
2024 3884 2328 3951 episcopus,
2364 3887 2468 3940 hoc
2502 3884 2839 3953 privilegium
2869 3886 3016 3940 subs.
3047 3919 3116 3929 —-
3148 3884 3308 3943 Ahho
3331 3893 3492 3945 mise-

1903 3955 2132 4009 ricordia
2180 3955 2269 4008 Dei
2321 3957 2607 4023 episcopus
2650 3958 2797 4008 subs.
2829 3986 2897 3995 —
2924 3956 2978 4009 lu
3031 3956 3229 4013 Christi
3272 3963 3492 4015 nomine

1902 4027 2304 4085 llermenarius.
2350 4035 2606 4095 peccator
2635 4027 2923 4096 episcopus
2970 4029 3121 4083 subs.
3147 4064 3216 4073 --
3247 4031 3302 4083 lu
3334 4033 3489 4087 Chri-

1901 4098 1970 4171 sti
1998 4098 2215 4171 nomine
2269 4096 2636 4171 Yiitdicianus,
2665 4114 2734 4171 _ac
2758 4099 2821 4171 isi
2860 4109 3129 4171 peccator
3179 4103 3490 4171 episcoiius,

1904 4168 2008 4242 hoc
2039 4168 2373 4242 privilegium
2397 4169 2542 4221 subs.
2564 4198 2644 4242 g—
2665 4167 2721 4221 lu
2745 4170 2941 4223 Christi
2969 4172 3192 4226 nomine
3222 4167 3489 4242 "urgear;

1902 4239 2022 4297 dus.
2054 4239 2188 4311 acrsi
2215 4249 2467 4311 peccator
2492 4240 2796 4311 episcopus,
2839 4241 2943 4294 hoc
2973 4243 3310 4311 privilegium
3335 4239 3487 4300 subs.

1900 4342 1973 4353 —
1999 4310 2057 4365 lu
2084 4309 2285 4386 Christi
2311 4311 2538 4386 nomine
2574 4310 2877 4386 Aquilinus,
2908 4313 3045 4386 ac__si
3080 4309 3335 4381 peccator
3374 4320 3490 4386 epi-

1903 4396 2119 4452 scOpus,
2155 4381 2261 4435 hoc
2301 4381 2636 4449 privilegium
2676 4383 2826 4435 subs.
2862 4411 2930 4421 ——
2964 4381 3493 4452 'l'lieodel'rcdus,'ac

1902 4451 1948 4507 si
1976 4462 2229 4522 peccator
2272 4452 2581 4521 episcoiius,
2623 4453 2727 4506 hoc
2756 4453 3094 4521 privilegium
3144 4457 3293 4510 subs.
3327 4451 3398 4498 —4
3430 4461 3485 4512 lu

1904 4523 2099 4597 Christi
2127 4523 2345 4597 nomine
2365 4522 2745 4597 __Framhertus
2793 4525 3079 4591 episcopus
3132 4526 3236 4581 hoc
3274 4530 3492 4597 privile-

1903 4594 2046 4660 gium
2088 4594 2235 4648 subs.
2261 4622 2330 4632 —
2355 4594 2632 4661 Oniliugus
2652 4595 2939 4663 episcopus
2968 4597 3117 4650 subs.
3152 4627 3222 4637 —-
3250 4594 3493 4656 lierull’us

1905 4665 2191 4733 episcopus
2220 4665 2324 4718 hoc
2371 4664 2709 4737 privilegium
2752 4667 2900 4720 subs.
2930 4664 3379 4737 -lladegarius,
3429 4688 3494 4727 ac

1904 4737 1945 4789 si
2002 4745 2256 4803 peccator
2310 4738 2596 4805 episcopus
2628 4778 2643 4802 ,
2690 4736 2793 4790 hoc
2848 4736 3197 4805 privilegium
3242 4742 3391 4796 subs.
3420 4770 3496 4783 —

1903 4807 2490 4881 T‘lieodegariustacsi
2521 4807 3110 4881 peccatorepiscopus,
3142 4810 3246 4865 hic
3275 4814 3491 4881 privile-

1902 4878 2045 4945 gium
2075 4881 2219 4953 subs.
2248 4909 2316 4919 —-
2343 4877 2395 4930 In
2424 4877 2617 4953 Christi
2651 4878 2870 4953 nomine
2896 4878 3172 4953 Au‘tsinus,
3207 4877 3333 4937 ae'si
3360 4901 3491 4953 pec~

1902 4958 2055 5001 cator
2102 4949 2409 5017 cpiscopus,
2439 4949 2587 5001 subs.
2614 4978 2683 4987 —
2705 4947 2761 5001 In
2791 4950 2987 5002 Christi
3017 4956 3236 5005 nomine
3268 4947 3496 5010 Ericha-

1902 5020 2030 5076 rius.
2056 5034 2118 5071 ac
2139 5021 2181 5072 si
2216 5032 2467 5085 peccator
2489 5018 2796 5088 episcopus,
2828 5021 3116 5074 subs.—-—lu
3142 5024 3233 5076 Dei
3270 5031 3491 5083 nomine

1903 5089 2302 5165 llavingis,‘ac__
2323 5090 2650 5165 sipeccator
2679 5093 2987 5165 episcOpus,
3022 5093 3123 5146 hoc
3153 5098 3490 5165 privilegium

1901 5161 2052 5234 subs.
2079 5192 2151 5234 -έ
2184 5161 2235 5213 In
2266 5160 2469 5234 Christi
2509 5162 2727 5234 nomine
2771 5163 3021 5234 Clemens
3071 5160 3493 5234 episcoiius'lioc

1902 5229 2237 5308 privilegium
2268 5232 2677 5308 subscripsis—s
2704 5233 2755 5285 lu
2797 5233 2993 5308 Christi
3029 5229 3491 5308 nomine-Magali-

1905 5315 2041 5377 teus,
2075 5318 2138 5377 ac
2170 5303 2210 5357 si
2240 5316 2497 5377 precator
2524 5304 2835 5373 episcOpus,
2861 5304 2966 5359 hoc
2991 5307 3329 5377 privilegium
3361 5303 3489 5364 snh-

1901 5374 2113 5449 scripsi.
2147 5407 2216 5415 —
2258 5373 2588 5449 lladoaldus,
2619 5384 2877 5449 peccator
2906 5373 3213 5449 episcopus,
3250 5382 3352 5437 hoc
3384 5385 3491 5449 pri—

1902 5444 2154 5511 vilegium
2188 5447 2337 5498 subs.
2362 5473 2431 5482 —
2453 5444 2509 5498 In
2543 5446 2635 5500 Dei
2683 5448 2904 5501 nomine
2933 5448 3296 5507 Wiuicharius
3326 5444 3494 5509 abbas

1900 5513 2218 5569 suhs.-—ln
2275 5516 2367 5569 Dei
2434 5518 2653 5572 nomine
2714 5518 3031 5572 lladoindus
3077 5522 3495 5581 archidiaconus

1900 5586 2209 5654 subscripsi.
2240 5617 2311 5627 —
2340 5588 2394 5641 In
2452 5588 2546 5641 Dei
2594 5589 2811 5644 nomine
2850 5588 2992 5643 Sado
3018 5591 3219 5648 Christi
3278 5597 3497 5651 humilis

1900 5658 2367 5713 subs—Actum
2431 5659 2797 5714 Cenoniannis
2862 5660 3109 5726 civitate,
3180 5665 3233 5719 in
3309 5682 3497 5723 mense

1900 5726 2078 5806 .luuio.
2105 5744 2247 5783 anno
2289 5732 2362 5798 xj,
2396 5740 2657 5806 regnante
2682 5733 2885 5806 domno
2912 5731 3259 5791 Theodorico
3289 5739 3492 5806 glorio—

1900 5799 2113 5879 sissinio
2146 5815 2287 5870 rego.
2324 5831 2387 5841 -ο
2422 5800 2532 5869 ligo
2584 5803 2892 5860 Bodolcnus
2926 5799 3328 5865 cunnauucnsfs
3362 5823 3490 5865 suo»

1901 5885 2087 5942 scripsi
2148 5890 2162 5921 ι
