4206 6536
254 443 402 502 1145

1012 431 1450 494 υοΝΑτιοΝεδ
1493 430 1578 484 At}
1620 425 2087 485 TESTc‘JIENTA
2131 421 2371 487 EPISC.,
2416 421 2593 490 ABB.,
2639 422 2792 477 ETC.

3398 426 3542 481 ηίϐ

250 554 599 621 Deorovaldi,
648 552 766 607 dari
800 547 1093 622 praecipio.
1129 547 1247 601 Alia
1275 557 1498 602 carruca
1530 556 1653 598 cum
1679 540 1848 595 boves
1877 544 1927 604 Α
1952 538 2156 607 gunthe
2182 578 2196 602 ,
2253 534 2551 592 Chrodult‘o
2580 576 2595 600 ,
2649 534 3089 605 Asindebergane
3115 578 3128 600 ,
3182 537 3538 605 Monechilde,

251 651 343 705 vel
380 647 530 705 omni
573 654 813 701 stratura
863 657 962 697 sua
1010 640 1264 695 ecclisiae
1308 636 1412 691 vici
1464 632 1850 690 Bonisiacinsis

252 742 377 796 dari
416 740 608 810 jubeo.
643 735 907 791 Similiter
946 734 1210 797 villarem,
1264 729 1353 786 cui
1395 727 1721 782 vocabulum
1766 732 1851 780 est

252 832 534 896 Volonno,
565 846 687 885 cum
727 826 1033 897 adjacentia
1067 839 1187 887 sua,
1231 820 1633 891 suprascribtae
1675 816 1851 871 eccle-

254 926 377 980 siae
408 921 816 981 Bonisiacense,
849 932 948 987 pro
991 913 1289 969 remedium
1322 911 1535 963 animae
1564 922 1720 964 meae
1748 907 1849 959 ha-

254 1018 391 1073 here
420 1012 719 1084 praecipio.
747 1008 1108 1065 Sacrosancte
1134 1001 1409 1057 Ecclesiae
1431 999 1668 1053 civitatis
1700 996 1852 1049 Pari-

256 1110 487 1172 siorum,
544 1103 797 1158 missurio
839 1104 1123 1168 argenteo,
1174 1094 1387 1148 valente
1425 1090 1529 1145 sol.
1579 1090 1849 1158 quinqua-

256 1200 433 1268 ginta,
461 1197 579 1251 dari
627 1192 922 1265 praecipio.
970 1187 1249 1243 Baselicae
1296 1180 1728 1238 Sancte-Cruces
1767 1178 1850 1233 vel

256 1289 446 1345 domui
474 1285 746 1353 Vincenti,
769 1281 1023 1339 cocliaria
1060 1286 1315 1347 argentea
1343 1274 1477 1330 dece
1508 1272 1626 1327 dari
1657 1271 1845 1341 jubeo.

261 1379 522 1436 Lectaria
571 1392 669 1447 par
708 1391 837 1437 uno,
871 1382 928 1429 et
968 1369 1275 1426 vestimenti
1326 1366 1434 1421 mei
1463 1364 1680 1435 pareclo
1714 1377 1846 1424 uno,

256 1474 515 1529 fratribus
564 1470 630 1524 ad
686 1469 860 1523 minsa
934 1464 1200 1520 baselicae
1240 1457 1685 1516 Sancti-Dionisi
1733 1455 1849 1510 dari

256 1564 553 1637 praecipio.
588 1561 707 1616 Alio
733 1557 952 1629 pareclo
976 1553 1282 1610 vestimenti
1305 1552 1373 1606 ad
1405 1550 1527 1604 vico
1566 1547 1849 1601 Bnnisiaca

253 1656 518 1712 fratribus
567 1653 683 1707 dari
730 1650 1026 1706 constituo.
1068 1646 1256 1701 Tertio
1292 1642 1502 1714 pariclo
1540 1639 1849 1695 vestimenti

254 1749 453 1805 Emilia
484 1747 551 1801 ad
580 1746 700 1801 vico
729 1744 845 1799 dari
864 1744 1051 1812 jubeo.
1080 1740 1233 1803 Item,
1264 1754 1364 1809 pro
1393 1735 1691 1791 remedium
1720 1748 1851 1786 ane-

254 1856 381 1895 mae
411 1852 586 1901 meae,
621 1834 706 1889 vel
736 1849 803 1888 ex
849 1830 1275 1887 demandacione
1305 1829 1480 1881 bonae
1512 1825 1850 1880 recordatio-

1951 628 2567 697 Aeterno,Bauderuna.
2595 626 2703 683 Hos
2726 644 2915 685 omnes
2933 646 3055 687 cum
3086 632 3233 686 omni
3266 634 3540 701 peculiare

1951 737 2165 786 eorum,
2188 728 2296 773 tau:
2332 721 2568 785 areolas,
2593 719 2904 788 bospitiola,
2928 722 3210 787 hortellos,
3246 726 3326 778 \el
3350 727 3539 780 vineo-

1952 815 2051 881 las,
2071 822 2126 870 et
2151 828 2274 868 cum
2300 812 2351 867 id
2374 812 2519 879 quod
2543 814 2594 867 in
2617 812 2946 882 quibuslibet
2967 816 3127 871 rebus
3143 817 3344 873 habere
3366 818 3544 872 viden-

1953 913 2039 958 tur
2075 903 2274 958 liberos
2321 901 2625 971 liberasque
2669 918 2791 957 esse
2839 906 3149 975 praecipio;
3200 916 3257 961 et
3279 908 3539 977 quidquid

1951 1000 2147 1055 exinde
2163 998 2341 1054 facere
2354 998 2643 1063 voluerint,
2672 1000 2910 1055 habeant
2933 1001 3151 1055 liberam
3189 1012 3536 1071 potestatem.

1950 1090 2207 1144 Similiter
2234 1089 2545 1144 Mumolaue
2585 1106 2705 1144 cum
2757 1090 2905 1145 omni
2938 1092 3212 1158 peculiare
3260 1108 3358 1147 suo
3385 1094 3539 1160 inge-

1952 1180 2110 1234 nuam
2141 1195 2263 1234 esse
2304 1178 2581 1249 praecipio
2616 1194 2630 1232 :
2660 1178 2943 1234 luminaria
2989 1186 3197 1233 tantum
3224 1181 3276 1233 in
3323 1182 3533 1236 ecclisia

1954 1270 2236 1325 Bonisiaca
2292 1270 2603 1323 ministrare
2649 1269 2885 1324 stodeat.
2936 1269 3355 1325 Vualacharium
3410 1287 3532 1327 cura

1952 1364 2099 1418 omni
2130 1363 2401 1433 peculiare
2445 1377 2567 1425 suo,
2600 1367 2658 1415 et
2686 1377 2807 1415 cum
2837 1362 3002 1417 boves
3024 1377 3163 1430 quos
3208 1361 3431 1431 bajolat,
3460 1364 3541 1417 in-

1952 1467 2183 1521 genuum
2211 1468 2273 1506 ea
2295 1452 2615 1507 condicione
2650 1466 2772 1506 esse
2800 1450 2959 1506 dibeo
2990 1452 3129 1522 [sic|,
3162 1463 3220 1506 ut
3247 1452 3390 1521 ligna
3423 1461 3546 1507 tau-

1953 1554 2063 1598 tum
2097 1546 2163 1599 ad
2194 1546 2375 1599 oblata
2408 1544 2713 1600 faciendum
2745 1545 3056 1600 ministrare
3092 1557 3362 1616 procuret.
3394 1545 3546 1602 Gun-

1955 1636 2176 1692 del'redo
2196 1652 2317 1690 cum
2342 1637 2507 1690 boves
2526 1636 2661 1692 duos
2689 1637 2939 1691 laborare
2966 1638 3240 1708 praecipio
3264 1638 3404 1693 unde
3416 1654 3542 1693 cera

1955 1730 2018 1783 ad
2039 1729 2272 1784 baselica
2295 1729 2479 1782 domui
2512 1726 2804 1782 Siufuriani
2829 1738 3191 1799 comparetur.
3218 1730 3546 1786 Martiniano

1953 1820 2338 1886 'l‘heoderuna,
2371 1834 2492 1873 cum
2520 1819 2628 1872 lilio
2668 1834 2767 1873 suo
2815 1820 3051 1886 seniore,
3092 1836 3213 1874 cum
3271 1822 3545 1891 peculiare

254 1931 345 1985 nis
390 1925 465 1982 ﬁli
515 1927 621 1981 mei
664 1923 1011 1987 Deorovaldi,
1044 1921 1226 1976 villam
1278 1921 1363 1974 cui
1410 1917 1735 1973 vocabulum
1764 1926 1851 1971 est
1883 1905 1927 1963 Β
1957 1926 2166 1977 eorum,
2194 1910 2704 1979 sicutsuprascribti
2738 1909 3092 1976 henemereti,
3120 1912 3384 1980 ingenuos
3414 1928 3537 1970 esse

254 2019 562 2083 Latiniaco,
605 2017 708 2072 sita
736 2016 789 2069 in
838 2013 1115 2068 territurio
1147 2011 1427 2076 Meldiuse,
1468 2024 1591 2065 cum
1622 2008 1846 2078 can‘ipis,

254 2112 539 2167 colonecis
560 2109 628 2165 ad
651 2108 841 2163 eadem
865 2107 1221 2174 pertinentes,
1248 2119 1368 2158 cum
1400 2103 1588 2173 pratis,
1616 2102 1846 2171 pascuis,

254 2202 435 2268 silvis,
471 2200 558 2253 vel
586 2200 638 2252 in
671 2198 821 2252 omni
846 2195 967 2265 jure
998 2204 1050 2249 et
1081 2194 1313 2248 termino
1340 2209 1464 2257 suo,
1494 2193 1617 2263 quia
1651 2194 1702 2269 in
1730 2208 1851 2260 por-

255 2293 416 2346 tione
462 2287 918 2358 supramcmorati
958 2285 1052 2341 ﬁlii
1092 2284 1201 2340 mei
1251 2283 1575 2339 Deorovaldi
1606 2283 1848 2349 obvenit,

255 2397 388 2436 cum
430 2381 576 2435 omni
628 2379 944 2447 integritate
992 2377 1266 2431 baselicae
1314 2374 1847 2437 Sancti-Siufuriani,

255 2475 356 2528 ubi
386 2474 698 2543 saepultura
738 2472 939 2525 habere
989 2470 1309 2532 diuuscitur,
1338 2484 1438 2538 pro
1458 2468 1703 2537 requiem
1733 2468 1852 2536 ejus

257 2564 329 2620 da
340 2566 385 2619 ri
404 2563 696 2634 praecipio.
712 2560 975 2617 Similiter
991 2561 1262 2630 porcario,
1282 2558 1502 2613 nomine
1527 2557 1850 2624 Gundilane,

258 2669 387 2709 cum
415 2654 620 2723 gregim
657 2666 970 2722 porcorum,
1002 2658 1058 2705 et
1081 2648 1419 2703 Baudomere
1464 2663 1587 2702 cum
1644 2648 1848 2715 gregim

256 2744 447 2799 ovium
465 2751 521 2797 et
535 2755 724 2813 troppo
741 2742 1134 2811 jumentorum,
1158 2739 1250 2809 qui
1271 2738 1471 2792 suntad
1488 2740 1849 2806 suprascripta

255 2835 392 2892 villa
421 2834 722 2898 Latiniaco,
746 2832 1095 2903 supradictae
1135 2830 1405 2885 baselicae
1451 2828 1849 2883 Sancti-Sintu-

259 2925 405 2983 riani
436 2926 638 2981 habere
653 2925 841 2993 jubeo.
868 2922 1137 2978 Goderico
1161 2929 1217 2975 et
1239 2920 1545 2975 Gunderico
1577 2921 1629 2974 in
1661 2936 1849 2990 supra-

261 3019 527 3087 scriptam
556 3016 762 3082 villam,
802 3030 963 3084 quem
1013 3013 1285 3069 baselicae
1324 3012 1505 3067 domui
1555 3009 1851 3066 Sinfuriani

259 3111 517 3180 deligavi,
550 3111 622 3165 ita
644 3110 811 3179 jubeo
835 3117 892 3163 ut
917 3108 1186 3173 laborent,
1217 3107 1360 3159 unde
1388 3105 1453 3159 ad
1477 3105 1593 3174 ipsa
1616 3103 1852 3158 baselica

1951 2006 2137 2075 jubeo.
2181 2005 2353 2060 Simili
2398 2006 2559 2059 modo
2590 2021 2686 2074 pro
2713 2005 3010 2060 remedium
3065 2008 3278 2061 animae
3306 2024 3460 2063 meae
3488 2018 3545 2063 et

1954 2116 2021 2153 ex
2051 2097 2470 2153 demandatioue
2503 2099 2573 2151 lili
2599 2099 2703 2151 mei
2748 2099 3084 2162 Deorovaldi,
3137 2102 3380 2172 Gygoue,
3406 2102 3544 2171 Sep-

1956 2189 2142 2242 teredo
2172 2203 2296 2242 cum
2341 2203 2512 2242 uxore
2543 2187 2854 2253 Goderunu,
2904 2190 3296 2259 'Iheodonivia,
3332 2194 3542 2249 Baudo-

1957 2279 2122 2343 nivia,
2156 2278 2394 2344 Carane,
2424 2278 2661 2333 Patricio
2692 2296 2812 2333 cum
2860 2297 3026 2335 uxore
3055 2281 3308 2348 Eusebia,
3369 2284 3545 2353 Daga-

1955 2371 2069 2423 rico
2101 2385 2221 2423 cum
2256 2384 2424 2422 uxore
2452 2370 2742 2435 Aurovefa,
2788 2371 3159 2435 Ciuncioleno,
3196 2374 3546 2430 Blidetnundo

1955 2476 2077 2513 cum
2107 2460 2211 2512 lilia
2255 2459 2603 2525 Blidechilde,
2628 2459 2953 2525 Manileubo,
2982 2463 3278 2528 'I‘rasilane,
3311 2462 3545 2518 Eumun-

1957 2550 2050 2617 do,
2080 2549 2361 2604 lmneredo
2383 2565 2504 2603 cum
2532 2564 2701 2604 uxore
2729 2550 2967 2619 Torigia,
3011 2552 3296 2616 Chadullo,
3340 2554 3545 2621 Aridia,

1958 2640 2286 2703 Rocculane,
2321 2640 2641 2706 Babiccone,
2674 2641 3003 2696 Guntbivera
3032 2660 3045 2693 :
3080 2643 3179 2697 hos
3204 2660 3392 2699 omnes
3421 2661 3545 2701 cum

1958 2734 2105 2788 omni
2130 2735 2422 2803 peculiare,
2441 2743 2551 2786 tam
2580 2734 2810 2798 areolas,
2831 2749 2994 2803 quam
3016 2735 3332 2805 hospiciola,
3350 2738 3543 2793 vineo-

1960 2824 2059 2889 las,
2104 2824 2187 2878 vel
2223 2824 2504 2888 hortellos,
2530 2839 2652 2878 cum
2684 2826 2736 2880 id
2781 2825 2926 2893 quod
2980 2829 3251 2896 praesenti
3299 2836 3546 2897 tempore

1960 2914 2162 2968 habere
2186 2914 2461 2978 videntur,
2496 2915 2762 2982 ingenuus
2789 2930 2908 2969 esse
2933 2918 3227 2971 constituo.
3283 2918 3546 2971 Baudnlfn

1959 3014 2016 3059 et
2042 3004 2424 3059 Sumthahario
2467 3020 2588 3057 cum
2616 3005 2778 3059 boves
2807 3022 2945 3075 quos
2974 3008 3241 3076 bajolant,
3290 3009 3541 3064 laborare

1960 3095 2258 3165 praecipio,
2287 3096 2429 3147 unde
2460 3096 2641 3149 oblata
2685 3097 2752 3150 ab
2779 3097 3013 3152 baselica
3042 3098 3224 3154 domui
3252 3098 3545 3156 Sinfuriaui

259 3202 449 3257 oblata
505 3200 741 3256 cotidiae
788 3199 1147 3253 ministretur.
1193 3195 1459 3251 Leudull‘o
1515 3211 1636 3249 cum
1694 3196 1850 3249 vinea
1877 3197 1925 3260 ο
1958 3187 2535 3255 Ιυείιεΐιηίηίειτθιητο
2570 3187 2647 3242 lla
2683 3189 2774 3255 d0,
2828 3192 2900 3243 ίῑτι
2936 3192 3063 3259 Πὲθν
3114 3194 3187 3247 ita
3230 3204 3421 3263 ιθειοΐ.
3472 3196 3545 3250 ila

258 3305 427 3359 quem
474 3288 731 3343 Sabucito
777 3288 928 3350 colit,
974 3288 1040 3340 ad
1097 3285 1337 3340 oraturio
1371 3283 1461 3353 qui
1501 3293 1584 3337 est
1640 3284 1693 3336 iu
1726 3284 1853 3337 villa

254 3383 569 3450 Latiniaco,
600 3382 745 3436 unde
788 3379 985 3435 ibidem
1032 3379 1212 3435 oblata
1240 3385 1511 3443 occurrat,
1542 3377 1658 3431 dari
1701 3377 1848 3431 volo.

258 3471 583 3537 Baudulfus,
636 3469 1077 3536 Sumthaharius,
1125 3468 1374 3522 similiter
1402 3482 1525 3522 cum
1572 3467 1741 3521 boves
1794 3477 1855 3521 ut

259 3563 519 3620 laborent
540 3561 732 3630 jubeo,
763 3560 906 3615 unde
933 3559 1115 3614 oblata
1147 3558 1215 3612 ad
1239 3557 1472 3613 baselica
1502 3559 1559 3611 S.
1591 3555 1853 3611 Sinfuria-

260 3654 341 3720 ni,
370 3668 470 3725 pro
514 3651 757 3720 requiem
812 3649 1136 3705 Deorovaldi
1178 3647 1456 3702 offeretur.
1492 3644 1665 3700 Simili
1692 3647 1853 3701 modo

259 3745 459 3801 vineae
482 3742 744 3813 pedatura
768 3754 892 3803 una,
918 3740 1021 3793 sita
1045 3736 1391 3799 Tauriniaco,
1409 3743 1466 3790 et
1488 3749 1648 3805 quem
1681 3733 1854 3804 Pinpo

261 3834 415 3897 colit,
475 3831 745 3886 baselicae
809 3829 993 3884 domni
1060 3826 1264 3897 Georgi
1314 3826 1448 3881 Cab.
1493 3864 1510 3880 .
1553 3865 1571 3882 .
1614 3865 1629 3879 .
1676 3866 1691 3881 .
1732 3825 1851 3880 dari

261 3925 563 3997 praecipio.
614 3922 824 3977 Vineae
901 3920 1162 3992 pedatura
1228 3935 1355 3985 una,
1387 3920 1515 3985 ,sita
1556 3920 1609 3973 in
1667 3928 1852 3974 monte

260 4017 497 4081 Buxata,
528 4031 692 4086 quem
746 4013 933 4070 Juvius
976 4013 1128 4078 colit,
1181 4013 1431 4067 ecclisiae
1481 4011 1851 4066 Bonisiacinse

261 4111 382 4164 dari
430 4108 723 4163 constituo.
789 4105 971 4171 Vinea,
1025 4118 1185 4174 quem
1252 4103 1480 4159 Uvassio
1527 4102 1679 4169 colit,
1727 4116 1848 4157 cum

261 4200 1846 4273 ipsoUvassione...................

263 4302 1851 4349 ......................nomene

261 4380 611 4439 Tbeuderico
640 4396 821 4450 quem.
868 4419 882 4432 .
928 4419 944 4434 .
988 4416 1004 4433 .
1049 4418 1064 4432 .
1111 4419 1125 4434 .
1165 4379 1349 4434 colere
1396 4379 1611 4442 debeat,
1646 4380 1847 4434 baseli-

259 4489 365 4532 cae
390 4472 917 4528 domniSinluriani.
963 4511 978 4525 .
1025 4511 1038 4525 .
1087 4510 1102 4525 .
1148 4510 1163 4525 .
1209 4510 1221 4523 .
1261 4470 1465 4525 oblata.
1509 4511 1522 4524 .
1571 4512 1584 4525 .
1630 4510 1642 4524 .
1688 4510 1703 4525 .
1734 4472 1845 4525 dari

261 4565 567 4621 constituo.
605 4562 807 4617 Vineae
851 4561 1110 4632 pedatura
1140 4576 1266 4624 una,
1289 4562 1389 4615 sita
1419 4563 1470 4615 in
1525 4570 1710 4615 monte
1739 4562 1848 4615 Bli-
1880 4535 1925 4595 υ

258 4663 414 4721 xata,
446 4669 607 4724 quem
648 4652 989 4709 Leudefredo
1015 4652 1167 4719 colit,
1201 4652 1469 4709 baselicae
1497 4651 1682 4708 Sancti
1714 4652 1847 4708 Mar-

259 4745 363 4801 tini
386 4745 661 4815 ciperente
689 4742 805 4796 dari
825 4741 1015 4810 jubeo.

338 4835 680 4890 Libertorum
731 4848 977 4888 meorum
1010 4848 1243 4888 nomena
1299 4833 1349 4886 in
1399 4833 1481 4887 his
1525 4842 1848 4889 testamento

261 4926 483 4982 abnecti
509 4924 785 4980 constituo
814 4922 1212 4993 Medibergane,
1244 4921 1505 4988 Ilouorio,
1557 4925 1850 4980 Guutlileu-

258 5017 427 5078 bane,
460 5012 646 5081 Piaue,
694 5012 1021 5078 Sumthulfo,
1079 5014 1421 5079 Ciuccirane,
1474 5014 1845 5081 Hicchicioue,

258 5105 426 5163 Maxa
456 5122 651 5175 uxore,
680 5105 1003 5174 Chioberga,
1034 5105 1353 5171 Sinderedo,
1377 5107 1664 5175 Angilonc,
1698 5108 1839 5163 Leu-

260 5198 510 5268 defredo,
541 5213 665 5254 cum
701 5212 873 5253 uxore
900 5198 1256 5265 Vuandilone,
1305 5197 1665 5266 Chaideruna,
1700 5202 1848 5255 Chil-

261 5293 498 5360 deruna,
542 5289 953 5359 Thrasteberga,
1003 5289 1434 5357 Theodachario,
1490 5290 1684 5360 Vigilio
1728 5306 1847 5346 cum

262 5399 441 5441 uxore
468 5381 732 5449 Sunnine,
758 5383 965 5450 Agione
989 5397 1111 5438 cum
1142 5383 1248 5438 tilio
1281 5399 1381 5438 suo
1408 5382 1689 5449 Garilull‘o,
1721 5384 1848 5438 Vin-

261 5474 463 5531 cimalo
492 5488 613 5529 cum
663 5487 835 5528 uxore
882 5470 1163 5537 Maurella,
1206 5474 1405 5529 Mellita
1443 5490 1563 5530 cum
1614 5474 1724 5529 ﬁlio
1748 5492 1850 5531 suo

266 5564 509 5638 juniore,
541 5563 812 5619 Coccione
837 5578 957 5618 cum
990 5563 1101 5620 lilio
1128 5579 1225 5619 suo
1257 5565 1529 5633 Daigisilo,
1579 5566 1849 5622 Mudilaue

263 5670 392 5712 cum
422 5654 545 5709 (iliis
566 5654 679 5709 suis
709 5653 1028 5723 Munegisilo
1052 5663 1107 5711 et
1135 5654 1520 5721 Monechrude,
1551 5657 1844 5720 Acchiouc.

262 5747 513 5809 Bonane,
537 5743 962 5809 Leubosuintho,
981 5744 1196 5801 Gibulfo
1219 5743 1328 5802 ﬁlio
1358 5744 1572 5816 Vigilio,
1599 5748 1848 5804 Dommo-

258 5851 424 5904 runa,
470 5832 893 5904 Childerimane,
927 5834 1157 5905 Basone,
1204 5835 1583 5908 Childegiselo,
1631 5838 1843 5896 Cbilde-

1956 3293 2052 3332 vos
2080 3279 2234 3340 mihi,
2261 3278 2505 3343 Quiritis,
2525 3282 2897 3334 testimonium
2925 3282 3265 3348 perhibetote
3286 3288 3542 3353 testanti;

1953 3370 2107 3424 citeri
2129 3370 2441 3437 citeraeque
2454 3372 2683 3438 proximi
2703 3373 3083 3442 proximeque,
3100 3376 3384 3433 exheredis
3411 3378 3547 3434 mihi

1954 3469 2160 3524 estote;
2192 3461 2491 3529 proculque
2524 3462 2799 3516 habetote.
2834 3466 2890 3518 Si
2927 3481 3033 3532 que
3060 3466 3255 3521 liturae
3280 3469 3364 3522 vel
3387 3484 3545 3523 cara—

1954 3561 2179 3603 xaturae
2208 3552 2259 3604 in
2290 3551 2393 3605 hoc
2424 3560 2749 3607 testamento
2790 3570 2912 3608 meo
2939 3566 3085 3621 sunt,
3139 3574 3241 3629 ego
3264 3558 3366 3613 feci
3400 3562 3545 3614 tieri-

1952 3655 2058 3709 que
2082 3642 2342 3712 praecipi,
2370 3642 2495 3696 dum
2520 3644 2648 3697 mihi
2672 3647 2850 3715 saepis
2878 3649 3026 3703 volui
3085 3653 3379 3706 recenseri.
3406 3650 3546 3707 Addi

1922 3731 2118 3784 “etiam
2174 3734 2455 3797 constitui,
2505 3734 2552 3787 si
2599 3736 2718 3805 quis
2748 3747 2938 3793 contra
2971 3742 3111 3796 hanc
3166 3752 3549 3801 testamentum

1959 3824 2148 3878 venire
2178 3825 2434 3893 voluerit,
2468 3837 2562 3882 aut
2583 3830 2920 3886 voluntatem
2950 3849 3126 3889 meam
3147 3837 3198 3889 in
3222 3838 3401 3907 aliquo
3421 3855 3550 3893 cor-

1954 3926 2209 3981 rumpere
2241 3917 2607 3983 temptaverit,
2642 3933 2672 3971 a
2704 3925 3091 3979 communione
3118 3928 3357 3982 omnium
3382 3944 3548 3985 sanc-

1955 4012 2128 4057 torum
2146 4014 2201 4058 et
2219 4020 2249 4058 a
2269 4006 2569 4063 limeuebus
2584 4010 2918 4066 ecclisiarum
2940 4013 3216 4071 efﬁceatur
3232 4028 3548 4089 extraneus,

1953 4104 2008 4146 et
2039 4096 2260 4163 insuper
2289 4105 2417 4151 ante
2447 4098 2685 4153 tribunal
2707 4099 2811 4171 Xpi
2835 4105 3545 4176 auathimatuspermaneat.

1953 4184 2148 4238 Actum
2193 4185 2434 4243 Parisius
2485 4190 2585 4245 sub
2614 4191 2703 4246 die
2732 4202 2789 4247 et
2829 4204 3072 4265 tempore
3118 4213 3279 4269 supra
3316 4202 3544 4271 scripto.

2023 4294 2244 4361 Signum
2274 4294 2315 4365 σί-
2346 4294 2815 4356 Erminethrudiae
2863 4306 3173 4360 testatricis.
3207 4339 3278 4348 —
3305 4310 3344 4379 -ι-
3372 4309 3547 4367 Mum-

1952 4385 2127 4437 molus
2158 4399 2298 4440 com.
2334 4398 2561 4455 rogante
2588 4403 2642 4444 et
2669 4406 2957 4460 praesente
2996 4397 3379 4456 Erminthrude
3404 4404 3548 4460 hunc

1955 4482 2338 4563 testamentum
2366 4478 2516 4533 subs.
2551 4510 2619 4519 --
2673 4482 2916 4553 Scupilio
2970 4491 3265 4556 spatarius,
3320 4502 3553 4563 rogante

1952 4560 2420 4622 Erminethrudiae
2462 4568 2588 4623 huic
2648 4580 3026 4628 testamentum
3084 4560 3407 4635 subternot.‘
3427 4583 3550 4638 diae

1951 4662 2006 4707 et
2036 4669 2179 4709 anno
2209 4656 2403 4724 quibus
2432 4674 2615 4730 supra.
2648 4660 3029 4733 Munegiselus,
3053 4678 3277 4736 rogante
3308 4680 3361 4725 et
3390 4688 3548 4741 prae-

1952 4754 2104 4801 sente
2138 4747 2633 4817 Ermminethrude,
2677 4753 2819 4810 hunc
2852 4764 3231 4814 testamentum
3265 4770 3385 4816 test.
3419 4765 3547 4819 sub-

1955 4847 2151 4893 teruot.
2205 4840 2293 4894 die
2342 4850 2397 4894 et
2446 4858 2589 4897 anno
2657 4846 2853 4913 quibus
2897 4864 3079 4918 supra.
3126 4882 3195 4893 ——
3229 4853 3547 4910 Baudacha-

1953 4930 2061 4983 rius
2117 4929 2369 4986 defensor
2413 4935 2559 4989 subs.
2591 4965 2661 4975 —
2688 4936 2972 5008 Eusebius,
3003 4953 3221 5011 rogatus
3255 4945 3322 5000 ab
3363 4946 3541 5003 Enni-

1952 5020 2233 5090 uethrude,
2248 5024 2391 5081 hunc
2414 5035 2793 5085 testamentum
2808 5034 3016 5104 scripsi,
3051 5037 3214 5106 relegi
3236 5048 3289 5093 et
3319 5040 3478 5102 subs.

2646 5140 2826 5197 XLIII.

1952 5246 2147 5301 Charta
2175 5267 2277 5333 qua
2307 5250 2607 5333 Pipimtslet
2636 5254 2953 5333 Plectrudis,
2979 5277 3114 5316 uxor
3132 5263 3266 5333 ejus,
3298 5269 3545 5333 quadam

2024 5325 2789 5404 commutantriunal‘rmonio,
2818 5333 3055 5404 episcopo
3112 5325 3443 5404 Virdniierrsi,
3493 5325 3545 5396 et

2023 5388 2334 5474 ξῃῃέειξενιρ
2385 5396 2756 5474 ανε,ἰἱι1ἱαεοιιρ
2963 5388 3189 5457 ecclesia:
3237 5388 3325 5459 S.V

2026 5459 2106 5547 (n5,-
2136 5460 2334 5547 Vitam)
2365 5473 2622 5544 Prwef'a‘.’
2651 5459 3243 5547 nelluiciecclesiwdoua
3267 5459 3545 5547 con’réﬁiiii

2029 5528 2264 5598 I’t'piuus,
2297 5532 2572 5588 Armenius
2594 5547 2644 5589 et
2674 5540 3012 5609 Anglebertus
3040 5554 3064 5580 ι
3097 5528 3249 5614 (ann.

2026 5638 2081 5693 In
2138 5642 2357 5696 nomine
2415 5644 2625 5702 Domini
2674 5654 2844 5708 nostri
2875 5654 3000 5709 Jesu
3060 5658 3294 5727 Christi,
3356 5681 3537 5721 amen.

2025 5774 2286 5862 :Al’lurie‘s
2326 5779 2619 5862 _edila_lu_it.
2674 5785 2821 5843 Ilauc
2848 5790 3259 5862 _Wasschurgus
3304 5801 3541 5862 \‘Ulglll'll

1954 5844 2179 5914 primus,
2234 5847 2419 5920 Antiq.
2474 5853 2618 5922 lielg.
2663 5841 3539 5929 pag.'iiiiIIJéiQfIi-uitruii"23';
