  <div class='ocr_page' id='page_1' title='image "/cluster/home/n/w/nwhite01/storage/ocr_20150623/88-89/uc1.31175000868714/627.png"; bbox 0 0 4206 6534; ppageno 0'>
   <div class='ocr_carea' id='block_1_1' title="bbox 702 399 842 454">
    <p class='ocr_par' dir='ltr' id='par_1_1' title="bbox 702 399 842 454">
     <span class='ocr_line' id='line_1_1' title="bbox 702 399 842 454; baseline 0.007 -1"><span class='ocrx_word' id='word_1_1' title='bbox 702 399 842 454; x_wconf 60' lang='grc'><strong>128⁸1</strong></span> 
     </span>
    </p>
   </div>
   <div class='ocr_carea' id='block_1_2' title="bbox 695 505 2360 578">
    <p class='ocr_par' dir='ltr' id='par_1_2' title="bbox 695 505 2360 578">
     <span class='ocr_line' id='line_1_2' title="bbox 695 505 2360 578; baseline 0 -16"><span class='ocrx_word' id='word_1_2' title='bbox 695 511 829 565; x_wconf 68' lang='lat' dir='ltr'><strong>tium</strong></span> <span class='ocrx_word' id='word_1_3' title='bbox 861 511 1003 566; x_wconf 90' lang='lat' dir='ltr'><strong>inter</strong></span> <span class='ocrx_word' id='word_1_4' title='bbox 1030 510 1240 567; x_wconf 92' lang='lat' dir='ltr'><strong>illuster</strong></span> <span class='ocrx_word' id='word_1_5' title='bbox 1259 511 1377 565; x_wconf 91' lang='lat' dir='ltr'><strong>viro</strong></span> <span class='ocrx_word' id='word_1_6' title='bbox 1424 509 1617 578; x_wconf 87' lang='lat' dir='ltr'><strong>Pipino</strong></span> <span class='ocrx_word' id='word_1_7' title='bbox 1657 507 1881 578; x_wconf 83' lang='lat' dir='ltr'><strong>ejusque</strong></span> <span class='ocrx_word' id='word_1_8' title='bbox 1906 505 2114 560; x_wconf 90' lang='lat' dir='ltr'><strong>illustra</strong></span> <span class='ocrx_word' id='word_1_9' title='bbox 2162 518 2277 557; x_wconf 89' lang='lat' dir='ltr'><strong>ma-</strong></span> <span class='ocrx_word' id='word_1_10' title='bbox 2308 507 2360 562; x_wconf 75' lang='grc' dir='ltr'>Α</span> 
     </span>
    </p>
   </div>
   <div class='ocr_carea' id='block_1_3' title="bbox 696 595 2280 672">
    <p class='ocr_par' dir='ltr' id='par_1_3' title="bbox 696 595 2280 672">
     <span class='ocr_line' id='line_1_3' title="bbox 696 595 2280 672; baseline -0.004 -19"><span class='ocrx_word' id='word_1_11' title='bbox 696 609 855 656; x_wconf 89' lang='lat' dir='ltr'><strong>trona</strong></span> <span class='ocrx_word' id='word_1_12' title='bbox 888 600 1190 668; x_wconf 89' lang='lat' dir='ltr'><strong>Plectrude,</strong></span> <span class='ocrx_word' id='word_1_13' title='bbox 1224 601 1361 672; x_wconf 89' lang='lat' dir='ltr'><strong>apud</strong></span> <span class='ocrx_word' id='word_1_14' title='bbox 1386 600 1691 669; x_wconf 88' lang='lat' dir='ltr'><strong>apostolico</strong></span> <span class='ocrx_word' id='word_1_15' title='bbox 1713 599 1829 652; x_wconf 91' lang='lat' dir='ltr'><strong>viro</strong></span> <span class='ocrx_word' id='word_1_16' title='bbox 1855 596 2138 660; x_wconf 79' lang='lat' dir='ltr'><strong>Armonio,</strong></span> <span class='ocrx_word' id='word_1_17' title='bbox 2167 595 2280 664; x_wconf 89' lang='lat' dir='ltr'><strong>epi-</strong></span> 
     </span>
    </p>
   </div>
   <div class='ocr_carea' id='block_1_4' title="bbox 694 685 2280 762">
    <p class='ocr_par' dir='ltr' id='par_1_4' title="bbox 694 685 2280 762">
     <span class='ocr_line' id='line_1_4' title="bbox 694 685 2280 762; baseline -0.005 -16"><span class='ocrx_word' id='word_1_18' title='bbox 694 703 869 762; x_wconf 86' lang='lat' dir='ltr'><strong>scopo</strong></span> <span class='ocrx_word' id='word_1_19' title='bbox 890 692 1246 747; x_wconf 81' lang='lat' dir='ltr'><strong>Virdunensis</strong></span> <span class='ocrx_word' id='word_1_20' title='bbox 1276 692 1446 753; x_wconf 90' lang='lat' dir='ltr'><strong>urbis,</strong></span> <span class='ocrx_word' id='word_1_21' title='bbox 1480 707 1576 746; x_wconf 90' lang='lat' dir='ltr'><strong>seu</strong></span> <span class='ocrx_word' id='word_1_22' title='bbox 1608 687 1904 743; x_wconf 84' lang='lat' dir='ltr'><strong>venerabili</strong></span> <span class='ocrx_word' id='word_1_23' title='bbox 1934 688 2052 740; x_wconf 92' lang='lat' dir='ltr'><strong>viro</strong></span> <span class='ocrx_word' id='word_1_24' title='bbox 2081 685 2280 754; x_wconf 84' lang='lat' dir='ltr'><strong>Angle-</strong></span> 
     </span>
    </p>
   </div>
   <div class='ocr_carea' id='block_1_5' title="bbox 697 779 2280 853">
    <p class='ocr_par' dir='ltr' id='par_1_5' title="bbox 697 779 2280 853">
     <span class='ocr_line' id='line_1_5' title="bbox 697 779 2280 853; baseline -0.006 -14"><span class='ocrx_word' id='word_1_25' title='bbox 697 784 879 853; x_wconf 86' lang='lat' dir='ltr'><strong>berto,</strong></span> <span class='ocrx_word' id='word_1_26' title='bbox 904 784 1308 851; x_wconf 90' lang='lat' dir='ltr'><strong>archidiacono,</strong></span> <span class='ocrx_word' id='word_1_27' title='bbox 1339 784 1430 853; x_wconf 89' lang='lat' dir='ltr'><strong>qui</strong></span> <span class='ocrx_word' id='word_1_28' title='bbox 1457 784 1508 837; x_wconf 91' lang='lat' dir='ltr'><strong>in</strong></span> <span class='ocrx_word' id='word_1_29' title='bbox 1557 781 1783 836; x_wconf 87' lang='lat' dir='ltr'><strong>ecclesia</strong></span> <span class='ocrx_word' id='word_1_30' title='bbox 1809 779 2011 836; x_wconf 91' lang='lat' dir='ltr'><strong>Sancto</strong></span> <span class='ocrx_word' id='word_1_31' title='bbox 2049 779 2280 842; x_wconf 84' lang='lat' dir='ltr'><strong>Videno,</strong></span> 
     </span>
    </p>
   </div>
   <div class='ocr_carea' id='block_1_6' title="bbox 697 871 2284 944">
    <p class='ocr_par' dir='ltr' id='par_1_6' title="bbox 697 871 2284 944">
     <span class='ocr_line' id='line_1_6' title="bbox 697 871 2284 944; baseline -0.007 -14"><span class='ocrx_word' id='word_1_32' title='bbox 697 874 791 930; x_wconf 89' lang='lat' dir='ltr'><strong>ubi</strong></span> <span class='ocrx_word' id='word_1_33' title='bbox 820 875 1090 944; x_wconf 90' lang='lat' dir='ltr'><strong>pretiosus</strong></span> <span class='ocrx_word' id='word_1_34' title='bbox 1116 889 1247 928; x_wconf 90' lang='lat' dir='ltr'><strong>suus</strong></span> <span class='ocrx_word' id='word_1_35' title='bbox 1272 890 1472 943; x_wconf 88' lang='lat' dir='ltr'><strong>corpus</strong></span> <span class='ocrx_word' id='word_1_36' title='bbox 1501 871 1812 941; x_wconf 92' lang='lat' dir='ltr'><strong>requiescit,</strong></span> <span class='ocrx_word' id='word_1_37' title='bbox 1865 877 2082 939; x_wconf 62' lang='lat' dir='ltr'><strong>praeest,</strong></span> <span class='ocrx_word' id='word_1_38' title='bbox 2140 876 2284 921; x_wconf 90' lang='lat' dir='ltr'><strong>esset</strong></span> 
     </span>
    </p>
   </div>
   <div class='ocr_carea' id='block_1_7' title="bbox 697 962 2282 1041">
    <p class='ocr_par' dir='ltr' id='par_1_7' title="bbox 697 962 2282 1041">
     <span class='ocr_line' id='line_1_7' title="bbox 697 962 2282 1041; baseline -0.008 -14"><span class='ocrx_word' id='word_1_39' title='bbox 697 971 916 1028; x_wconf 76' lang='lat' dir='ltr'><strong>collatio</strong></span> <span class='ocrx_word' id='word_1_40' title='bbox 945 971 1017 1027; x_wconf 91' lang='lat' dir='ltr'><strong>de</strong></span> <span class='ocrx_word' id='word_1_41' title='bbox 1045 971 1238 1026; x_wconf 84' lang='lat' dir='ltr'><strong>locella</strong></span> <span class='ocrx_word' id='word_1_42' title='bbox 1283 987 1381 1041; x_wconf 91' lang='lat' dir='ltr'><strong>per</strong></span> <span class='ocrx_word' id='word_1_43' title='bbox 1428 969 1911 1024; x_wconf 81' lang='lat' dir='ltr'><strong>commutationum</strong></span> <span class='ocrx_word' id='word_1_44' title='bbox 1964 978 2128 1020; x_wconf 87' lang='lat' dir='ltr'><strong>causa</strong></span> <span class='ocrx_word' id='word_1_45' title='bbox 2181 962 2282 1017; x_wconf 90' lang='lat' dir='ltr'><strong>sibi</strong></span> 
     </span>
    </p>
   </div>
   <div class='ocr_carea' id='block_1_8' title="bbox 695 1056 2283 1133">
    <p class='ocr_par' dir='ltr' id='par_1_8' title="bbox 695 1056 2283 1133">
     <span class='ocr_line' id='line_1_8' title="bbox 695 1056 2283 1133; baseline -0.01 -11"><span class='ocrx_word' id='word_1_46' title='bbox 695 1067 930 1123; x_wconf 83' lang='lat' dir='ltr'><strong>invicem</strong></span> <span class='ocrx_word' id='word_1_47' title='bbox 954 1073 1008 1120; x_wconf 90' lang='lat' dir='ltr'><strong>et</strong></span> <span class='ocrx_word' id='word_1_48' title='bbox 1029 1079 1271 1133; x_wconf 87' lang='lat' dir='ltr'><strong>congrua</strong></span> <span class='ocrx_word' id='word_1_49' title='bbox 1299 1063 1381 1117; x_wconf 89' lang='lat' dir='ltr'><strong>vel</strong></span> <span class='ocrx_word' id='word_1_50' title='bbox 1410 1070 1718 1131; x_wconf 87' lang='lat' dir='ltr'><strong>opportuna</strong></span> <span class='ocrx_word' id='word_1_51' title='bbox 1773 1059 1951 1112; x_wconf 88' lang='lat' dir='ltr'><strong>facere</strong></span> <span class='ocrx_word' id='word_1_52' title='bbox 2002 1056 2283 1118; x_wconf 85' lang='lat' dir='ltr'><strong>deberent,</strong></span> 
     </span>
    </p>
   </div>
   <div class='ocr_carea' id='block_1_9' title="bbox 697 1144 2286 1227">
    <p class='ocr_par' dir='ltr' id='par_1_9' title="bbox 697 1144 2286 1227">
     <span class='ocr_line' id='line_1_9' title="bbox 697 1144 2286 1227; baseline -0.011 -14"><span class='ocrx_word' id='word_1_53' title='bbox 697 1156 845 1227; x_wconf 89' lang='lat' dir='ltr'><strong>quod</strong></span> <span class='ocrx_word' id='word_1_54' title='bbox 861 1165 917 1212; x_wconf 93' lang='lat' dir='ltr'><strong>et</strong></span> <span class='ocrx_word' id='word_1_55' title='bbox 931 1156 1174 1212; x_wconf 90' lang='lat' dir='ltr'><strong>fecerunt</strong></span> <span class='ocrx_word' id='word_1_56' title='bbox 1192 1173 1205 1219; x_wconf 92' lang='lat'><strong>;</strong></span> <span class='ocrx_word' id='word_1_57' title='bbox 1226 1155 1346 1208; x_wconf 91' lang='lat' dir='ltr'><strong>ideo</strong></span> <span class='ocrx_word' id='word_1_58' title='bbox 1363 1167 1461 1222; x_wconf 92' lang='lat' dir='ltr'><strong>per</strong></span> <span class='ocrx_word' id='word_1_59' title='bbox 1479 1158 1784 1222; x_wconf 89' lang='lat' dir='ltr'><strong>presentem</strong></span> <span class='ocrx_word' id='word_1_60' title='bbox 1803 1144 2286 1201; x_wconf 79' lang='lat' dir='ltr'><strong>commutationem</strong></span> 
     </span>
    </p>
   </div>
   <div class='ocr_carea' id='block_1_10' title="bbox 695 1239 2285 1314">
    <p class='ocr_par' dir='ltr' id='par_1_10' title="bbox 695 1239 2285 1314">
     <span class='ocr_line' id='line_1_10' title="bbox 695 1239 2285 1314; baseline -0.009 -11"><span class='ocrx_word' id='word_1_61' title='bbox 695 1250 865 1303; x_wconf 87' lang='lat' dir='ltr'><strong>donat</strong></span> <span class='ocrx_word' id='word_1_62' title='bbox 894 1249 1103 1303; x_wconf 90' lang='lat' dir='ltr'><strong>illuster</strong></span> <span class='ocrx_word' id='word_1_63' title='bbox 1127 1248 1207 1301; x_wconf 91' lang='lat' dir='ltr'><strong>vir</strong></span> <span class='ocrx_word' id='word_1_64' title='bbox 1234 1244 1474 1314; x_wconf 89' lang='lat' dir='ltr'><strong>Pipinus,</strong></span> <span class='ocrx_word' id='word_1_65' title='bbox 1523 1243 1748 1311; x_wconf 89' lang='lat' dir='ltr'><strong>ejusque</strong></span> <span class='ocrx_word' id='word_1_66' title='bbox 1802 1239 2008 1294; x_wconf 88' lang='lat' dir='ltr'><strong>illustra</strong></span> <span class='ocrx_word' id='word_1_67' title='bbox 2037 1244 2285 1290; x_wconf 82' lang='lat' dir='ltr'><strong>matrona</strong></span> 
     </span>
    </p>
   </div>
   <div class='ocr_carea' id='block_1_11' title="bbox 699 1323 2286 1406">
    <p class='ocr_par' dir='ltr' id='par_1_11' title="bbox 699 1323 2286 1406">
     <span class='ocr_line' id='line_1_11' title="bbox 699 1323 2286 1406; baseline -0.01 -13"><span class='ocrx_word' id='word_1_68' title='bbox 699 1339 1020 1405; x_wconf 87' lang='lat' dir='ltr'><strong>Plectrndis,</strong></span> <span class='ocrx_word' id='word_1_69' title='bbox 1050 1339 1171 1392; x_wconf 88' lang='lat' dir='ltr'><strong>loco</strong></span> <span class='ocrx_word' id='word_1_70' title='bbox 1199 1342 1542 1406; x_wconf 83' lang='lat' dir='ltr'><strong>nuncupante</strong></span> <span class='ocrx_word' id='word_1_71' title='bbox 1571 1331 1840 1395; x_wconf 90' lang='lat' dir='ltr'><strong>Pararito,</strong></span> <span class='ocrx_word' id='word_1_72' title='bbox 1871 1325 2127 1404; x_wconf 81' lang='lat' dir='ltr'><strong>quicquid</strong></span> <span class='ocrx_word' id='word_1_73' title='bbox 2180 1323 2286 1378; x_wconf 89' lang='lat' dir='ltr'><strong>ibi-</strong></span> 
     </span>
    </p>
   </div>
   <div class='ocr_carea' id='block_1_12' title="bbox 699 1417 2290 1499">
    <p class='ocr_par' dir='ltr' id='par_1_12' title="bbox 699 1417 2290 1499">
     <span class='ocr_line' id='line_1_12' title="bbox 699 1417 2290 1499; baseline -0.011 -14"><span class='ocrx_word' id='word_1_74' title='bbox 699 1431 824 1486; x_wconf 87' lang='lat' dir='ltr'><strong>dem</strong></span> <span class='ocrx_word' id='word_1_75' title='bbox 854 1432 922 1486; x_wconf 89' lang='lat' dir='ltr'><strong>ad</strong></span> <span class='ocrx_word' id='word_1_76' title='bbox 948 1431 1090 1485; x_wconf 89' lang='lat' dir='ltr'><strong>diem</strong></span> <span class='ocrx_word' id='word_1_77' title='bbox 1139 1437 1445 1499; x_wconf 80' lang='lat' dir='ltr'><strong>presentem</strong></span> <span class='ocrx_word' id='word_1_78' title='bbox 1475 1424 1752 1495; x_wconf 87' lang='lat' dir='ltr'><strong>possidere</strong></span> <span class='ocrx_word' id='word_1_79' title='bbox 1780 1422 1865 1475; x_wconf 90' lang='lat' dir='ltr'><strong>vel</strong></span> <span class='ocrx_word' id='word_1_80' title='bbox 1897 1421 2180 1474; x_wconf 83' lang='lat' dir='ltr'><strong>dominare</strong></span> <span class='ocrx_word' id='word_1_81' title='bbox 2211 1417 2290 1469; x_wconf 90' lang='lat' dir='ltr'><strong>vi-</strong></span> 
     </span>
    </p>
   </div>
   <div class='ocr_carea' id='block_1_13' title="bbox 699 1509 2285 1588">
    <p class='ocr_par' dir='ltr' id='par_1_13' title="bbox 699 1509 2285 1588">
     <span class='ocr_line' id='line_1_13' title="bbox 699 1509 2285 1588; baseline -0.009 -13"><span class='ocrx_word' id='word_1_82' title='bbox 699 1521 916 1586; x_wconf 84' lang='lat' dir='ltr'><strong>dentur,</strong></span> <span class='ocrx_word' id='word_1_83' title='bbox 942 1536 1068 1577; x_wconf 89' lang='lat' dir='ltr'><strong>cum</strong></span> <span class='ocrx_word' id='word_1_84' title='bbox 1093 1520 1333 1583; x_wconf 88' lang='lat' dir='ltr'><strong>edificiis,</strong></span> <span class='ocrx_word' id='word_1_85' title='bbox 1355 1518 1545 1588; x_wconf 86' lang='lat' dir='ltr'><strong>pratis,</strong></span> <span class='ocrx_word' id='word_1_86' title='bbox 1573 1515 1720 1570; x_wconf 88' lang='lat' dir='ltr'><strong>silvis</strong></span> <span class='ocrx_word' id='word_1_87' title='bbox 1751 1532 1765 1566; x_wconf 86' lang='lat'><strong>:</strong></span> <span class='ocrx_word' id='word_1_88' title='bbox 1798 1528 1918 1582; x_wconf 73' lang='lat' dir='ltr'><strong>quae</strong></span> <span class='ocrx_word' id='word_1_89' title='bbox 1943 1520 2072 1565; x_wconf 89' lang='lat' dir='ltr'><strong>sunt</strong></span> <span class='ocrx_word' id='word_1_90' title='bbox 2097 1509 2285 1563; x_wconf 75' lang='lat' dir='ltr'><strong>termi-</strong></span> 
     </span>
    </p>
   </div>
   <div class='ocr_carea' id='block_1_14' title="bbox 700 1601 2287 1676">
    <p class='ocr_par' dir='ltr' id='par_1_14' title="bbox 700 1601 2287 1676">
     <span class='ocr_line' id='line_1_14' title="bbox 700 1601 2287 1676; baseline -0.011 -7"><span class='ocrx_word' id='word_1_91' title='bbox 700 1616 951 1671; x_wconf 86' lang='lat' dir='ltr'><strong>nationes</strong></span> <span class='ocrx_word' id='word_1_92' title='bbox 974 1615 1108 1669; x_wconf 89' lang='lat' dir='ltr'><strong>silve</strong></span> <span class='ocrx_word' id='word_1_93' title='bbox 1133 1629 1162 1667; x_wconf 92' lang='lat' dir='ltr'><strong>a</strong></span> <span class='ocrx_word' id='word_1_94' title='bbox 1189 1612 1426 1676; x_wconf 83' lang='lat' dir='ltr'><strong>Luponis</strong></span> <span class='ocrx_word' id='word_1_95' title='bbox 1453 1610 1676 1664; x_wconf 88' lang='lat' dir='ltr'><strong>fontana</strong></span> <span class='ocrx_word' id='word_1_96' title='bbox 1724 1621 1896 1675; x_wconf 89' lang='lat' dir='ltr'><strong>usque</strong></span> <span class='ocrx_word' id='word_1_97' title='bbox 1935 1605 2135 1657; x_wconf 85' lang='lat' dir='ltr'><strong>Domus</strong></span> <span class='ocrx_word' id='word_1_98' title='bbox 2164 1601 2287 1654; x_wconf 87' lang='lat' dir='ltr'><strong>fon-</strong></span> 
     </span>
    </p>
   </div>
   <div class='ocr_carea' id='block_1_15' title="bbox 698 1697 2289 1771">
    <p class='ocr_par' dir='ltr' id='par_1_15' title="bbox 698 1697 2289 1771">
     <span class='ocr_line' id='line_1_15' title="bbox 698 1697 2289 1771; baseline -0.013 -10"><span class='ocrx_word' id='word_1_99' title='bbox 698 1714 859 1771; x_wconf 83' lang='lat' dir='ltr'><strong>tana;</strong></span> <span class='ocrx_word' id='word_1_100' title='bbox 916 1706 1087 1760; x_wconf 90' lang='lat' dir='ltr'><strong>altera</strong></span> <span class='ocrx_word' id='word_1_101' title='bbox 1138 1702 1448 1758; x_wconf 86' lang='lat' dir='ltr'><strong>terminatio</strong></span> <span class='ocrx_word' id='word_1_102' title='bbox 1508 1714 1606 1770; x_wconf 88' lang='lat' dir='ltr'><strong>per</strong></span> <span class='ocrx_word' id='word_1_103' title='bbox 1658 1698 1881 1750; x_wconf 82' lang='lat' dir='ltr'><strong>Perfnut</strong></span> <span class='ocrx_word' id='word_1_104' title='bbox 1942 1697 2062 1748; x_wconf 86' lang='lat' dir='ltr'><strong>vivo</strong></span> <span class='ocrx_word' id='word_1_105' title='bbox 2119 1702 2289 1756; x_wconf 86' lang='lat' dir='ltr'><strong>usque</strong></span> 
     </span>
    </p>
   </div>
   <div class='ocr_carea' id='block_1_16' title="bbox 1445 372 3185 467">
    <p class='ocr_par' dir='ltr' id='par_1_16' title="bbox 1445 372 3185 467">
     <span class='ocr_line' id='line_1_16' title="bbox 1445 372 3185 467; baseline -0.004 -11"><span class='ocrx_word' id='word_1_106' title='bbox 1445 396 1718 456; x_wconf 54' lang='lat' dir='ltr'><strong>secus.</strong></span> <span class='ocrx_word' id='word_1_107' title='bbox 1750 397 1841 452; x_wconf 89' lang='lat' dir='ltr'><strong>vn</strong></span> <span class='ocrx_word' id='word_1_108' title='bbox 1883 372 1970 452; x_wconf 76' lang='lat' dir='ltr'><strong>Er</strong></span> <span class='ocrx_word' id='word_1_109' title='bbox 2009 391 2126 449; x_wconf 87' lang='lat' dir='ltr'><strong>vm</strong></span> <span class='ocrx_word' id='word_1_110' title='bbox 2167 390 2699 467; x_wconf 80' lang='lat' dir='ltr'><strong>ECCLESIASTICA</strong></span> <span class='ocrx_word' id='word_1_111' title='bbox 2738 391 3185 451; x_wconf 70' lang='lat' dir='ltr'><strong>uouuusun.</strong></span> 
     </span>
    </p>
   </div>
   <div class='ocr_carea' id='block_1_17' title="bbox 3831 391 3966 449">
    <p class='ocr_par' dir='ltr' id='par_1_17' title="bbox 3831 391 3966 449">
     <span class='ocr_line' id='line_1_17' title="bbox 3831 391 3966 449; baseline -0.015 -1"><span class='ocrx_word' id='word_1_112' title='bbox 3831 391 3966 449; x_wconf 64' lang='grc' dir='ltr'>ιω</span> 
     </span>
    </p>
   </div>
   <div class='ocr_carea' id='block_1_18' title="bbox 3083 501 3338 558">
    <p class='ocr_par' dir='ltr' id='par_1_18' title="bbox 3083 501 3338 558">
     <span class='ocr_line' id='line_1_18' title="bbox 3083 501 3338 558; baseline -0.004 -1"><span class='ocrx_word' id='word_1_113' title='bbox 3083 501 3263 558; x_wconf 79' lang='lat' dir='ltr'><strong>XLIV.</strong></span> <span class='ocrx_word' id='word_1_114' title='bbox 3333 553 3338 556; x_wconf 91' lang='lat'><strong>.</strong></span> 
     </span>
    </p>
   </div>
   <div class='ocr_carea' id='block_1_19' title="bbox 2390 590 3972 659">
    <p class='ocr_par' dir='ltr' id='par_1_19' title="bbox 2390 590 3972 659">
     <span class='ocr_line' id='line_1_19' title="bbox 2390 590 3972 659; baseline 0.004 -11"><span class='ocrx_word' id='word_1_115' title='bbox 2390 593 2581 648; x_wconf 84' lang='lat' dir='ltr'><strong>Charta</strong></span> <span class='ocrx_word' id='word_1_116' title='bbox 2602 610 2700 658; x_wconf 86' lang='lat' dir='ltr'><strong>qua</strong></span> <span class='ocrx_word' id='word_1_117' title='bbox 2729 593 3046 649; x_wconf 72' lang='lat' dir='ltr'><strong>Eodebertua</strong></span> <span class='ocrx_word' id='word_1_118' title='bbox 3070 613 3271 650; x_wconf 80' lang='lat' dir='ltr'><strong>omnem</strong></span> <span class='ocrx_word' id='word_1_119' title='bbox 3291 590 3404 656; x_wconf 18' lang='lat' dir='ltr'><strong>rem.</strong></span> <span class='ocrx_word' id='word_1_120' title='bbox 3424 612 3571 659; x_wconf 74' lang='lat' dir='ltr'><strong>suam</strong></span> <span class='ocrx_word' id='word_1_121' title='bbox 3591 597 3644 650; x_wconf 83' lang='lat' dir='ltr'><strong>in</strong></span> <span class='ocrx_word' id='word_1_122' title='bbox 3675 595 3972 654; x_wconf 82' lang='lat' dir='ltr'><strong>Rumeliaco</strong></span> 
     </span>
    </p>
   </div>
   <div class='ocr_carea' id='block_1_20' title="bbox 2514 663 3861 737">
    <p class='ocr_par' dir='ltr' id='par_1_20' title="bbox 2514 663 3861 737">
     <span class='ocr_line' id='line_1_20' title="bbox 2514 663 3861 737; baseline 0.004 -19"><span class='ocrx_word' id='word_1_123' title='bbox 2514 667 2684 718; x_wconf 71' lang='lat' dir='ltr'><strong>vendit</strong></span> <span class='ocrx_word' id='word_1_124' title='bbox 2721 663 2994 736; x_wconf 78' lang='lat' dir='ltr'><strong>Rigoberto</strong></span> <span class='ocrx_word' id='word_1_125' title='bbox 3023 668 3271 720; x_wconf 67' lang='lat' dir='ltr'><strong>Sit/liensi</strong></span> <span class='ocrx_word' id='word_1_126' title='bbox 3301 668 3470 721; x_wconf 80' lang='lat' dir='ltr'><strong>abbati</strong></span> <span class='ocrx_word' id='word_1_127' title='bbox 3488 677 3513 704; x_wconf 79' lang='grc' dir='ltr'><strong>ι</strong></span> <span class='ocrx_word' id='word_1_128' title='bbox 3543 671 3688 730; x_wconf 83' lang='lat' dir='ltr'><strong>(amt.</strong></span> <span class='ocrx_word' id='word_1_129' title='bbox 3713 669 3861 737; x_wconf 68' lang='grc'><strong>704).</strong></span> 
     </span>
    </p>
   </div>
   <div class='ocr_carea' id='block_1_21' title="bbox 2464 776 3969 850">
    <p class='ocr_par' dir='ltr' id='par_1_21' title="bbox 2464 776 3969 850">
     <span class='ocr_line' id='line_1_21' title="bbox 2464 776 3969 850; baseline 0.005 -20"><span class='ocrx_word' id='word_1_130' title='bbox 2464 776 2691 830; x_wconf 87' lang='lat' dir='ltr'><strong>Domino</strong></span> <span class='ocrx_word' id='word_1_131' title='bbox 2711 785 2901 830; x_wconf 91' lang='lat' dir='ltr'><strong>sancto</strong></span> <span class='ocrx_word' id='word_1_132' title='bbox 2940 786 2996 831; x_wconf 89' lang='lat' dir='ltr'><strong>et</strong></span> <span class='ocrx_word' id='word_1_133' title='bbox 3022 777 3074 831; x_wconf 94' lang='lat' dir='ltr'><strong>in</strong></span> <span class='ocrx_word' id='word_1_134' title='bbox 3097 776 3311 832; x_wconf 77' lang='lat' dir='ltr'><strong>Christo</strong></span> <span class='ocrx_word' id='word_1_135' title='bbox 3342 781 3634 834; x_wconf 86' lang='lat' dir='ltr'><strong>venerabili</strong></span> <span class='ocrx_word' id='word_1_136' title='bbox 3664 783 3778 835; x_wconf 89' lang='lat' dir='ltr'><strong>viro</strong></span> <span class='ocrx_word' id='word_1_137' title='bbox 3811 781 3969 850; x_wconf 82' lang='lat' dir='ltr'><strong>Rigo-</strong></span> 
     </span>
    </p>
   </div>
   <div class='ocr_carea' id='block_1_22' title="bbox 2390 868 3971 939">
    <p class='ocr_par' dir='ltr' id='par_1_22' title="bbox 2390 868 3971 939">
     <span class='ocr_line' id='line_1_22' title="bbox 2390 868 3971 939; baseline 0.004 -17"><span class='ocrx_word' id='word_1_138' title='bbox 2390 868 2565 934; x_wconf 87' lang='lat' dir='ltr'><strong>berto,</strong></span> <span class='ocrx_word' id='word_1_139' title='bbox 2597 869 2773 923; x_wconf 85' lang='lat' dir='ltr'><strong>abbati</strong></span> <span class='ocrx_word' id='word_1_140' title='bbox 2801 869 2869 924; x_wconf 88' lang='lat' dir='ltr'><strong>de</strong></span> <span class='ocrx_word' id='word_1_141' title='bbox 2890 871 3218 925; x_wconf 87' lang='lat' dir='ltr'><strong>monasterio</strong></span> <span class='ocrx_word' id='word_1_142' title='bbox 3244 871 3436 939; x_wconf 68' lang='lat' dir='ltr'><strong>Sitlru,</strong></span> <span class='ocrx_word' id='word_1_143' title='bbox 3464 874 3795 930; x_wconf 87' lang='lat' dir='ltr'><strong>Eodebertus</strong></span> <span class='ocrx_word' id='word_1_144' title='bbox 3841 891 3971 930; x_wconf 82' lang='lat' dir='ltr'><strong>ven-</strong></span> 
     </span>
    </p>
   </div>
   <div class='ocr_carea' id='block_1_23' title="bbox 2393 959 3970 1033">
    <p class='ocr_par' dir='ltr' id='par_1_23' title="bbox 2393 959 3970 1033">
     <span class='ocr_line' id='line_1_23' title="bbox 2393 959 3970 1033; baseline 0.004 -20"><span class='ocrx_word' id='word_1_145' title='bbox 2393 959 2555 1013; x_wconf 88' lang='lat' dir='ltr'><strong>ditor.</strong></span> <span class='ocrx_word' id='word_1_146' title='bbox 2590 959 2811 1014; x_wconf 86' lang='lat' dir='ltr'><strong>Constat</strong></span> <span class='ocrx_word' id='word_1_147' title='bbox 2837 974 2925 1014; x_wconf 90' lang='lat' dir='ltr'><strong>me</strong></span> <span class='ocrx_word' id='word_1_148' title='bbox 2952 975 3059 1018; x_wconf 90' lang='lat' dir='ltr'><strong>non</strong></span> <span class='ocrx_word' id='word_1_149' title='bbox 3091 960 3401 1030; x_wconf 85' lang='lat' dir='ltr'><strong>imaginario</strong></span> <span class='ocrx_word' id='word_1_150' title='bbox 3449 961 3569 1031; x_wconf 86' lang='lat' dir='ltr'><strong>jure</strong></span> <span class='ocrx_word' id='word_1_151' title='bbox 3591 1002 3608 1029; x_wconf 91' lang='lat'><strong>,</strong></span> <span class='ocrx_word' id='word_1_152' title='bbox 3653 967 3747 1018; x_wconf 84' lang='lat' dir='ltr'><strong>sed</strong></span> <span class='ocrx_word' id='word_1_153' title='bbox 3776 965 3970 1033; x_wconf 81' lang='lat' dir='ltr'><strong>plenis-</strong></span> 
     </span>
    </p>
   </div>
   <div class='ocr_carea' id='block_1_24' title="bbox 2394 1049 3970 1123">
    <p class='ocr_par' dir='ltr' id='par_1_24' title="bbox 2394 1049 3970 1123">
     <span class='ocr_line' id='line_1_24' title="bbox 2394 1049 3970 1123; baseline 0.004 -21"><span class='ocrx_word' id='word_1_154' title='bbox 2394 1049 2529 1103; x_wconf 89' lang='lat' dir='ltr'><strong>sima</strong></span> <span class='ocrx_word' id='word_1_155' title='bbox 2550 1051 2844 1115; x_wconf 80' lang='lat' dir='ltr'><strong>voluntate,</strong></span> <span class='ocrx_word' id='word_1_156' title='bbox 2874 1052 3025 1106; x_wconf 84' lang='lat' dir='ltr'><strong>vobis</strong></span> <span class='ocrx_word' id='word_1_157' title='bbox 3046 1054 3367 1118; x_wconf 89' lang='lat' dir='ltr'><strong>vendidisse,</strong></span> <span class='ocrx_word' id='word_1_158' title='bbox 3397 1064 3454 1110; x_wconf 90' lang='lat' dir='ltr'><strong>et</strong></span> <span class='ocrx_word' id='word_1_159' title='bbox 3480 1056 3551 1108; x_wconf 90' lang='lat' dir='ltr'><strong>ita</strong></span> <span class='ocrx_word' id='word_1_160' title='bbox 3579 1057 3788 1111; x_wconf 79' lang='lat' dir='ltr'><strong>vendidi</strong></span> <span class='ocrx_word' id='word_1_161' title='bbox 3811 1099 3827 1123; x_wconf 91' lang='lat'><strong>,</strong></span> <span class='ocrx_word' id='word_1_162' title='bbox 3874 1066 3970 1111; x_wconf 85' lang='lat' dir='ltr'><strong>tra-</strong></span> 
     </span>
    </p>
   </div>
   <div class='ocr_carea' id='block_1_25' title="bbox 2394 1141 3972 1216">
    <p class='ocr_par' dir='ltr' id='par_1_25' title="bbox 2394 1141 3972 1216">
     <span class='ocr_line' id='line_1_25' title="bbox 2394 1141 3972 1216; baseline 0.008 -22"><span class='ocrx_word' id='word_1_163' title='bbox 2394 1141 2610 1204; x_wconf 89' lang='lat' dir='ltr'><strong>didisse,</strong></span> <span class='ocrx_word' id='word_1_164' title='bbox 2640 1151 2696 1194; x_wconf 89' lang='lat' dir='ltr'><strong>et</strong></span> <span class='ocrx_word' id='word_1_165' title='bbox 2725 1142 2797 1196; x_wconf 90' lang='lat' dir='ltr'><strong>ita</strong></span> <span class='ocrx_word' id='word_1_166' title='bbox 2829 1143 3023 1198; x_wconf 87' lang='lat' dir='ltr'><strong>tradidi</strong></span> <span class='ocrx_word' id='word_1_167' title='bbox 3053 1143 3122 1199; x_wconf 90' lang='lat' dir='ltr'><strong>de</strong></span> <span class='ocrx_word' id='word_1_168' title='bbox 3160 1157 3410 1216; x_wconf 83' lang='lat' dir='ltr'><strong>presente</strong></span> <span class='ocrx_word' id='word_1_169' title='bbox 3432 1186 3450 1212; x_wconf 90' lang='lat'><strong>,</strong></span> <span class='ocrx_word' id='word_1_170' title='bbox 3501 1149 3603 1203; x_wconf 92' lang='lat' dir='ltr'><strong>hoc</strong></span> <span class='ocrx_word' id='word_1_171' title='bbox 3647 1158 3732 1204; x_wconf 89' lang='lat' dir='ltr'><strong>est</strong></span> <span class='ocrx_word' id='word_1_172' title='bbox 3757 1166 3972 1205; x_wconf 92' lang='lat' dir='ltr'><strong>omnem</strong></span> 
     </span>
    </p>
   </div>
   <div class='ocr_carea' id='block_1_26' title="bbox 2395 1234 3970 1308">
    <p class='ocr_par' dir='ltr' id='par_1_26' title="bbox 2395 1234 3970 1308">
     <span class='ocr_line' id='line_1_26' title="bbox 2395 1234 3970 1308; baseline 0.005 -22"><span class='ocrx_word' id='word_1_173' title='bbox 2395 1248 2509 1286; x_wconf 89' lang='lat' dir='ltr'><strong>rem</strong></span> <span class='ocrx_word' id='word_1_174' title='bbox 2538 1234 2800 1301; x_wconf 87' lang='lat' dir='ltr'><strong>portionis</strong></span> <span class='ocrx_word' id='word_1_175' title='bbox 2828 1249 2965 1300; x_wconf 91' lang='lat' dir='ltr'><strong>mee,</strong></span> <span class='ocrx_word' id='word_1_176' title='bbox 2997 1237 3051 1289; x_wconf 90' lang='lat' dir='ltr'><strong>in</strong></span> <span class='ocrx_word' id='word_1_177' title='bbox 3079 1236 3198 1292; x_wconf 94' lang='lat' dir='ltr'><strong>loco</strong></span> <span class='ocrx_word' id='word_1_178' title='bbox 3233 1248 3576 1308; x_wconf 91' lang='lat' dir='ltr'><strong>nuncupante</strong></span> <span class='ocrx_word' id='word_1_179' title='bbox 3607 1238 3970 1304; x_wconf 85' lang='lat' dir='ltr'><strong>Rumliaco,in</strong></span> 
     </span>
    </p>
   </div>
   <div class='ocr_carea' id='block_1_27' title="bbox 2396 1323 3971 1397">
    <p class='ocr_par' dir='ltr' id='par_1_27' title="bbox 2396 1323 3971 1397">
     <span class='ocr_line' id='line_1_27' title="bbox 2396 1323 3971 1397; baseline 0.007 -23"><span class='ocrx_word' id='word_1_180' title='bbox 2396 1337 2532 1391; x_wconf 87' lang='lat' dir='ltr'><strong>pago</strong></span> <span class='ocrx_word' id='word_1_181' title='bbox 2564 1323 2964 1393; x_wconf 90' lang='lat' dir='ltr'><strong>Taruanninse,</strong></span> <span class='ocrx_word' id='word_1_182' title='bbox 2995 1343 3156 1395; x_wconf 90' lang='lat' dir='ltr'><strong>quam</strong></span> <span class='ocrx_word' id='word_1_183' title='bbox 3184 1327 3252 1382; x_wconf 90' lang='lat' dir='ltr'><strong>de</strong></span> <span class='ocrx_word' id='word_1_184' title='bbox 3279 1337 3431 1397; x_wconf 88' lang='lat' dir='ltr'><strong>parte</strong></span> <span class='ocrx_word' id='word_1_185' title='bbox 3464 1330 3553 1384; x_wconf 86' lang='lat' dir='ltr'><strong>lilii</strong></span> <span class='ocrx_word' id='word_1_186' title='bbox 3600 1332 3702 1384; x_wconf 91' lang='lat' dir='ltr'><strong>mei</strong></span> <span class='ocrx_word' id='word_1_187' title='bbox 3733 1331 3971 1386; x_wconf 89' lang='lat' dir='ltr'><strong>Cbarde-</strong></span> 
     </span>
    </p>
   </div>
   <div class='ocr_carea' id='block_1_28' title="bbox 2397 1413 3970 1487">
    <p class='ocr_par' dir='ltr' id='par_1_28' title="bbox 2397 1413 3970 1487">
     <span class='ocr_line' id='line_1_28' title="bbox 2397 1413 3970 1487; baseline 0.006 -21"><span class='ocrx_word' id='word_1_188' title='bbox 2397 1413 2532 1466; x_wconf 90' lang='lat' dir='ltr'><strong>berti</strong></span> <span class='ocrx_word' id='word_1_189' title='bbox 2562 1414 2854 1480; x_wconf 90' lang='lat' dir='ltr'><strong>quondam,</strong></span> <span class='ocrx_word' id='word_1_190' title='bbox 2884 1430 2950 1470; x_wconf 78' lang='lat' dir='ltr'><strong>ex</strong></span> <span class='ocrx_word' id='word_1_191' title='bbox 2982 1417 3226 1474; x_wconf 90' lang='lat' dir='ltr'><strong>luctuosa</strong></span> <span class='ocrx_word' id='word_1_192' title='bbox 3253 1420 3549 1474; x_wconf 89' lang='lat' dir='ltr'><strong>hereditate</strong></span> <span class='ocrx_word' id='word_1_193' title='bbox 3577 1421 3704 1474; x_wconf 91' lang='lat' dir='ltr'><strong>mihi</strong></span> <span class='ocrx_word' id='word_1_194' title='bbox 3736 1422 3970 1487; x_wconf 86' lang='lat' dir='ltr'><strong>obvenit,</strong></span> 
     </span>
    </p>
   </div>
   <div class='ocr_carea' id='block_1_29' title="bbox 2397 1489 3969 1582">
    <p class='ocr_par' dir='ltr' id='par_1_29' title="bbox 2397 1489 3969 1582">
     <span class='ocr_line' id='line_1_29' title="bbox 2397 1489 3969 1582; baseline 0.008 -26"><span class='ocrx_word' id='word_1_195' title='bbox 2397 1503 2448 1556; x_wconf 88' lang='lat' dir='ltr'><strong>id</strong></span> <span class='ocrx_word' id='word_1_196' title='bbox 2469 1512 2568 1563; x_wconf 86' lang='lat' dir='ltr'><strong>est,</strong></span> <span class='ocrx_word' id='word_1_197' title='bbox 2593 1521 2712 1558; x_wconf 91' lang='lat' dir='ltr'><strong>cum</strong></span> <span class='ocrx_word' id='word_1_198' title='bbox 2738 1507 2915 1570; x_wconf 83' lang='lat' dir='ltr'><strong>terris,</strong></span> <span class='ocrx_word' id='word_1_199' title='bbox 2932 1506 3202 1582; x_wconf 87' lang='lat' dir='ltr'><strong>domibus,</strong></span> <span class='ocrx_word' id='word_1_200' title='bbox 3218 1509 3462 1572; x_wconf 88' lang='lat' dir='ltr'><strong>ediliciis,</strong></span> <span class='ocrx_word' id='word_1_201' title='bbox 3485 1513 3784 1581; x_wconf 85' lang='lat' dir='ltr'><strong>mancipiis,</strong></span> <span class='ocrx_word' id='word_1_202' title='bbox 3803 1489 3969 1578; x_wconf 83' lang='lat' dir='ltr'><strong>silvis,</strong></span> 
     </span>
    </p>
   </div>
   <div class='ocr_carea' id='block_1_30' title="bbox 2395 1597 3972 1672">
    <p class='ocr_par' dir='ltr' id='par_1_30' title="bbox 2395 1597 3972 1672">
     <span class='ocr_line' id='line_1_30' title="bbox 2395 1597 3972 1672; baseline 0.008 -21"><span class='ocrx_word' id='word_1_203' title='bbox 2395 1597 2622 1663; x_wconf 87' lang='lat' dir='ltr'><strong>campis,</strong></span> <span class='ocrx_word' id='word_1_204' title='bbox 2641 1601 2826 1665; x_wconf 78' lang='lat' dir='ltr'><strong>pratis,</strong></span> <span class='ocrx_word' id='word_1_205' title='bbox 2847 1603 3076 1669; x_wconf 89' lang='lat' dir='ltr'><strong>pascuis,</strong></span> <span class='ocrx_word' id='word_1_206' title='bbox 3103 1603 3255 1670; x_wconf 87' lang='lat' dir='ltr'><strong>aquis</strong></span> <span class='ocrx_word' id='word_1_207' title='bbox 3284 1619 3611 1672; x_wconf 88' lang='lat' dir='ltr'><strong>aquarumve</strong></span> <span class='ocrx_word' id='word_1_208' title='bbox 3638 1607 3972 1672; x_wconf 88' lang='lat' dir='ltr'><strong>decursibus,</strong></span> 
     </span>
    </p>
   </div>
   <div class='ocr_carea' id='block_1_31' title="bbox 2397 1687 3972 1770">
    <p class='ocr_par' dir='ltr' id='par_1_31' title="bbox 2397 1687 3972 1770">
     <span class='ocr_line' id='line_1_31' title="bbox 2397 1687 3972 1770; baseline 0.01 -33"><span class='ocrx_word' id='word_1_209' title='bbox 2397 1687 2678 1740; x_wconf 85' lang='lat' dir='ltr'><strong>mobilibus</strong></span> <span class='ocrx_word' id='word_1_210' title='bbox 2705 1697 2759 1741; x_wconf 90' lang='lat' dir='ltr'><strong>et</strong></span> <span class='ocrx_word' id='word_1_211' title='bbox 2790 1689 3150 1770; x_wconf 72' lang='lat' dir='ltr'><strong>lll‘llllObillbllS</strong></span> <span class='ocrx_word' id='word_1_212' title='bbox 3183 1733 3197 1757; x_wconf 93' lang='lat'><strong>,</strong></span> <span class='ocrx_word' id='word_1_213' title='bbox 3254 1691 3520 1749; x_wconf 79' lang='lat' dir='ltr'><strong>farinariis</strong></span> <span class='ocrx_word' id='word_1_214' title='bbox 3549 1738 3564 1761; x_wconf 93' lang='lat'><strong>,</strong></span> <span class='ocrx_word' id='word_1_215' title='bbox 3623 1711 3813 1765; x_wconf 77' lang='lat' dir='ltr'><strong>greges</strong></span> <span class='ocrx_word' id='word_1_216' title='bbox 3853 1716 3972 1753; x_wconf 85' lang='lat' dir='ltr'><strong>cum</strong></span> 
     </span>
    </p>
   </div>
   <div class='ocr_carea' id='block_1_32' title="bbox 697 1776 3976 1870">
    <p class='ocr_par' dir='ltr' id='par_1_32' title="bbox 697 1776 3976 1870">
     <span class='ocr_line' id='line_1_32' title="bbox 697 1776 3976 1870; baseline -0.003 -18"><span class='ocrx_word' id='word_1_217' title='bbox 697 1797 939 1860; x_wconf 90' lang='lat' dir='ltr'><strong>Biunna;</strong></span> <span class='ocrx_word' id='word_1_218' title='bbox 996 1795 1156 1849; x_wconf 89' lang='lat' dir='ltr'><strong>tertia</strong></span> <span class='ocrx_word' id='word_1_219' title='bbox 1185 1801 1242 1847; x_wconf 92' lang='lat' dir='ltr'><strong>et</strong></span> <span class='ocrx_word' id='word_1_220' title='bbox 1271 1798 1462 1860; x_wconf 88' lang='lat' dir='ltr'><strong>quarta</strong></span> <span class='ocrx_word' id='word_1_221' title='bbox 1493 1786 1797 1842; x_wconf 87' lang='lat' dir='ltr'><strong>communis</strong></span> <span class='ocrx_word' id='word_1_222' title='bbox 1821 1781 2154 1844; x_wconf 89' lang='lat' dir='ltr'><strong>terminatio,</strong></span> <span class='ocrx_word' id='word_1_223' title='bbox 2199 1778 2287 1832; x_wconf 89' lang='lat' dir='ltr'><strong>Fi—</strong></span> <span class='ocrx_word' id='word_1_224' title='bbox 2318 1810 2367 1870; x_wconf 73' lang='grc' dir='ltr'><strong>Β</strong></span> <span class='ocrx_word' id='word_1_225' title='bbox 2396 1776 2722 1844; x_wconf 84' lang='lat' dir='ltr'><strong>pastoribus,</strong></span> <span class='ocrx_word' id='word_1_226' title='bbox 2750 1793 2864 1832; x_wconf 91' lang='lat' dir='ltr'><strong>rem</strong></span> <span class='ocrx_word' id='word_1_227' title='bbox 2897 1779 3275 1848; x_wconf 84' lang='lat' dir='ltr'><strong>inexquisitam</strong></span> <span class='ocrx_word' id='word_1_228' title='bbox 3300 1825 3316 1848; x_wconf 96' lang='lat'><strong>,</strong></span> <span class='ocrx_word' id='word_1_229' title='bbox 3367 1783 3433 1839; x_wconf 92' lang='lat' dir='ltr'><strong>ad</strong></span> <span class='ocrx_word' id='word_1_230' title='bbox 3456 1786 3718 1854; x_wconf 88' lang='lat' dir='ltr'><strong>integrum</strong></span> <span class='ocrx_word' id='word_1_231' title='bbox 3744 1829 3759 1853; x_wconf 93' lang='lat'><strong>,</strong></span> <span class='ocrx_word' id='word_1_232' title='bbox 3805 1802 3976 1856; x_wconf 86' lang='lat' dir='ltr'><strong>quan-</strong></span> 
     </span>
    </p>
   </div>
   <div class='ocr_carea' id='block_1_33' title="bbox 701 1873 2288 1947">
    <p class='ocr_par' dir='ltr' id='par_1_33' title="bbox 701 1873 2288 1947">
     <span class='ocr_line' id='line_1_33' title="bbox 701 1873 2288 1947; baseline -0.008 -5"><span class='ocrx_word' id='word_1_233' title='bbox 701 1888 901 1944; x_wconf 85' lang='lat' dir='ltr'><strong>lealina</strong></span> <span class='ocrx_word' id='word_1_234' title='bbox 923 1888 990 1942; x_wconf 92' lang='lat' dir='ltr'><strong>de</strong></span> <span class='ocrx_word' id='word_1_235' title='bbox 1007 1886 1298 1941; x_wconf 84' lang='lat' dir='ltr'><strong>Herberica</strong></span> <span class='ocrx_word' id='word_1_236' title='bbox 1328 1883 1474 1947; x_wconf 89' lang='lat' dir='ltr'><strong>villa,</strong></span> <span class='ocrx_word' id='word_1_237' title='bbox 1505 1891 1560 1935; x_wconf 91' lang='lat' dir='ltr'><strong>et</strong></span> <span class='ocrx_word' id='word_1_238' title='bbox 1589 1879 1773 1934; x_wconf 88' lang='lat' dir='ltr'><strong>Sancti</strong></span> <span class='ocrx_word' id='word_1_239' title='bbox 1800 1876 2039 1932; x_wconf 82' lang='lat' dir='ltr'><strong>Mauricii</strong></span> <span class='ocrx_word' id='word_1_240' title='bbox 2063 1891 2080 1932; x_wconf 86' lang='lat'><strong>:</strong></span> <span class='ocrx_word' id='word_1_241' title='bbox 2111 1883 2168 1930; x_wconf 88' lang='lat' dir='ltr'><strong>et</strong></span> <span class='ocrx_word' id='word_1_242' title='bbox 2194 1873 2288 1929; x_wconf 85' lang='lat' dir='ltr'><strong>d0-</strong></span> 
     </span>
    </p>
   </div>
   <div class='ocr_carea' id='block_1_34' title="bbox 702 1966 2290 2048">
    <p class='ocr_par' dir='ltr' id='par_1_34' title="bbox 702 1966 2290 2048">
     <span class='ocr_line' id='line_1_34' title="bbox 702 1966 2290 2048; baseline -0.009 -14"><span class='ocrx_word' id='word_1_243' title='bbox 702 1995 778 2034; x_wconf 82' lang='lat' dir='ltr'><strong>no</strong></span> <span class='ocrx_word' id='word_1_244' title='bbox 805 1980 858 2034; x_wconf 91' lang='lat' dir='ltr'><strong>in</strong></span> <span class='ocrx_word' id='word_1_245' title='bbox 884 1979 1013 2048; x_wconf 86' lang='lat' dir='ltr'><strong>ipsis</strong></span> <span class='ocrx_word' id='word_1_246' title='bbox 1057 1976 1271 2038; x_wconf 78' lang='lat' dir='ltr'><strong>finibus,</strong></span> <span class='ocrx_word' id='word_1_247' title='bbox 1328 1973 1562 2044; x_wconf 89' lang='lat' dir='ltr'><strong>pascuis,</strong></span> <span class='ocrx_word' id='word_1_248' title='bbox 1620 1972 1772 2039; x_wconf 87' lang='lat' dir='ltr'><strong>aquis</strong></span> <span class='ocrx_word' id='word_1_249' title='bbox 1815 1981 2182 2038; x_wconf 89' lang='lat' dir='ltr'><strong>aquarumque</strong></span> <span class='ocrx_word' id='word_1_250' title='bbox 2203 1966 2290 2020; x_wconf 86' lang='lat' dir='ltr'><strong>de-</strong></span> 
     </span>
    </p>
   </div>
   <div class='ocr_carea' id='block_1_35' title="bbox 701 2059 2288 2138">
    <p class='ocr_par' dir='ltr' id='par_1_35' title="bbox 701 2059 2288 2138">
     <span class='ocr_line' id='line_1_35' title="bbox 701 2059 2288 2138; baseline -0.011 -12"><span class='ocrx_word' id='word_1_251' title='bbox 701 2071 968 2138; x_wconf 89' lang='lat' dir='ltr'><strong>cursibus,</strong></span> <span class='ocrx_word' id='word_1_252' title='bbox 1001 2083 1124 2123; x_wconf 91' lang='lat' dir='ltr'><strong>cum</strong></span> <span class='ocrx_word' id='word_1_253' title='bbox 1152 2066 1300 2122; x_wconf 92' lang='lat' dir='ltr'><strong>omni</strong></span> <span class='ocrx_word' id='word_1_254' title='bbox 1327 2066 1452 2134; x_wconf 85' lang='lat' dir='ltr'><strong>jure</strong></span> <span class='ocrx_word' id='word_1_255' title='bbox 1479 2064 1566 2118; x_wconf 90' lang='lat' dir='ltr'><strong>vel</strong></span> <span class='ocrx_word' id='word_1_256' title='bbox 1594 2063 1802 2129; x_wconf 82' lang='lat' dir='ltr'><strong>integre</strong></span> <span class='ocrx_word' id='word_1_257' title='bbox 1850 2059 2163 2120; x_wconf 89' lang='lat' dir='ltr'><strong>terminum,</strong></span> <span class='ocrx_word' id='word_1_258' title='bbox 2190 2071 2288 2110; x_wconf 90' lang='lat' dir='ltr'><strong>seu</strong></span> 
     </span>
    </p>
   </div>
   <div class='ocr_carea' id='block_1_36' title="bbox 701 2150 2278 2229">
    <p class='ocr_par' dir='ltr' id='par_1_36' title="bbox 701 2150 2278 2229">
     <span class='ocr_line' id='line_1_36' title="bbox 701 2150 2278 2229; baseline -0.01 -13"><span class='ocrx_word' id='word_1_259' title='bbox 701 2169 848 2216; x_wconf 88' lang='lat' dir='ltr'><strong>statu</strong></span> <span class='ocrx_word' id='word_1_260' title='bbox 867 2176 966 2216; x_wconf 91' lang='lat' dir='ltr'><strong>suo</strong></span> <span class='ocrx_word' id='word_1_261' title='bbox 988 2159 1131 2228; x_wconf 89' lang='lat' dir='ltr'><strong>quod</strong></span> <span class='ocrx_word' id='word_1_262' title='bbox 1158 2158 1402 2229; x_wconf 88' lang='lat' dir='ltr'><strong>predicto</strong></span> <span class='ocrx_word' id='word_1_263' title='bbox 1427 2157 1550 2211; x_wconf 88' lang='lat' dir='ltr'><strong>loco</strong></span> <span class='ocrx_word' id='word_1_264' title='bbox 1576 2157 1629 2208; x_wconf 92' lang='lat' dir='ltr'><strong>in</strong></span> <span class='ocrx_word' id='word_1_265' title='bbox 1653 2154 1748 2208; x_wconf 90' lang='lat' dir='ltr'><strong>Dei</strong></span> <span class='ocrx_word' id='word_1_266' title='bbox 1779 2153 2001 2206; x_wconf 91' lang='lat' dir='ltr'><strong>nomine</strong></span> <span class='ocrx_word' id='word_1_267' title='bbox 2021 2150 2278 2220; x_wconf 90' lang='lat' dir='ltr'><strong>pertinet,</strong></span> 
     </span>
    </p>
   </div>
   <div class='ocr_carea' id='block_1_37' title="bbox 701 2241 2287 2320">
    <p class='ocr_par' dir='ltr' id='par_1_37' title="bbox 701 2241 2287 2320">
     <span class='ocr_line' id='line_1_37' title="bbox 701 2241 2287 2320; baseline -0.008 -13"><span class='ocrx_word' id='word_1_268' title='bbox 701 2268 826 2307; x_wconf 89' lang='lat' dir='ltr'><strong>cum</strong></span> <span class='ocrx_word' id='word_1_269' title='bbox 849 2246 1129 2320; x_wconf 84' lang='lat' dir='ltr'><strong>mancipiis</strong></span> <span class='ocrx_word' id='word_1_270' title='bbox 1151 2259 1260 2303; x_wconf 91' lang='lat' dir='ltr'><strong>tam</strong></span> <span class='ocrx_word' id='word_1_271' title='bbox 1292 2249 1509 2302; x_wconf 85' lang='lat' dir='ltr'><strong>rusticis</strong></span> <span class='ocrx_word' id='word_1_272' title='bbox 1543 2261 1704 2316; x_wconf 90' lang='lat' dir='ltr'><strong>quam</strong></span> <span class='ocrx_word' id='word_1_273' title='bbox 1752 2245 1998 2310; x_wconf 87' lang='lat' dir='ltr'><strong>urbanis,</strong></span> <span class='ocrx_word' id='word_1_274' title='bbox 2028 2241 2287 2311; x_wconf 89' lang='lat' dir='ltr'><strong>quicquid</strong></span> 
     </span>
    </p>
   </div>
   <div class='ocr_carea' id='block_1_38' title="bbox 702 2335 2280 2410">
    <p class='ocr_par' dir='ltr' id='par_1_38' title="bbox 702 2335 2280 2410">
     <span class='ocr_line' id='line_1_38' title="bbox 702 2335 2280 2410; baseline -0.008 -13"><span class='ocrx_word' id='word_1_275' title='bbox 702 2342 902 2398; x_wconf 89' lang='lat' dir='ltr'><strong>ibidem</strong></span> <span class='ocrx_word' id='word_1_276' title='bbox 931 2357 960 2395; x_wconf 92' lang='lat' dir='ltr'><strong>a</strong></span> <span class='ocrx_word' id='word_1_277' title='bbox 991 2342 1078 2395; x_wconf 87' lang='lat' dir='ltr'><strong>die</strong></span> <span class='ocrx_word' id='word_1_278' title='bbox 1108 2347 1358 2410; x_wconf 88' lang='lat' dir='ltr'><strong>presente</strong></span> <span class='ocrx_word' id='word_1_279' title='bbox 1387 2338 1670 2392; x_wconf 85' lang='lat' dir='ltr'><strong>dominare</strong></span> <span class='ocrx_word' id='word_1_280' title='bbox 1695 2336 1941 2388; x_wconf 77' lang='lat' dir='ltr'><strong>videntur</strong></span> <span class='ocrx_word' id='word_1_281' title='bbox 1969 2335 2034 2388; x_wconf 89' lang='lat' dir='ltr'><strong>ad</strong></span> <span class='ocrx_word' id='word_1_282' title='bbox 2071 2342 2280 2401; x_wconf 89' lang='lat' dir='ltr'><strong>partem</strong></span> 
     </span>
    </p>
   </div>
   <div class='ocr_carea' id='block_1_39' title="bbox 702 2425 2290 2498">
    <p class='ocr_par' dir='ltr' id='par_1_39' title="bbox 702 2425 2290 2498">
     <span class='ocr_line' id='line_1_39' title="bbox 702 2425 2290 2498; baseline -0.008 -9"><span class='ocrx_word' id='word_1_283' title='bbox 702 2433 948 2489; x_wconf 67' lang='lat' dir='ltr'><strong>ecclesiae</strong></span> <span class='ocrx_word' id='word_1_284' title='bbox 970 2433 1171 2486; x_wconf 93' lang='lat' dir='ltr'><strong>domno</strong></span> <span class='ocrx_word' id='word_1_285' title='bbox 1197 2431 1426 2493; x_wconf 84' lang='lat' dir='ltr'><strong>Videno,</strong></span> <span class='ocrx_word' id='word_1_286' title='bbox 1457 2429 1551 2483; x_wconf 92' lang='lat' dir='ltr'><strong>vel</strong></span> <span class='ocrx_word' id='word_1_287' title='bbox 1581 2429 1673 2498; x_wconf 92' lang='lat' dir='ltr'><strong>qui</strong></span> <span class='ocrx_word' id='word_1_288' title='bbox 1725 2426 1924 2481; x_wconf 90' lang='lat' dir='ltr'><strong>ibidem</strong></span> <span class='ocrx_word' id='word_1_289' title='bbox 1969 2425 2290 2495; x_wconf 85' lang='lat' dir='ltr'><strong>prefuerint,</strong></span> 
     </span>
    </p>
   </div>
   <div class='ocr_carea' id='block_1_40' title="bbox 705 2514 2292 2578">
    <p class='ocr_par' dir='ltr' id='par_1_40' title="bbox 705 2514 2292 2578">
     <span class='ocr_line' id='line_1_40' title="bbox 705 2514 2292 2578; baseline -0.006 -2"><span class='ocrx_word' id='word_1_290' title='bbox 705 2531 801 2576; x_wconf 89' lang='lat' dir='ltr'><strong>aut</strong></span> <span class='ocrx_word' id='word_1_291' title='bbox 827 2522 1036 2578; x_wconf 88' lang='lat' dir='ltr'><strong>clericis</strong></span> <span class='ocrx_word' id='word_1_292' title='bbox 1063 2521 1260 2575; x_wconf 89' lang='lat' dir='ltr'><strong>ibidem</strong></span> <span class='ocrx_word' id='word_1_293' title='bbox 1289 2518 1742 2577; x_wconf 87' lang='lat' dir='ltr'><strong>deservientibus,</strong></span> <span class='ocrx_word' id='word_1_294' title='bbox 1776 2517 1829 2570; x_wconf 92' lang='lat' dir='ltr'><strong>iu</strong></span> <span class='ocrx_word' id='word_1_295' title='bbox 1858 2531 2072 2570; x_wconf 92' lang='lat' dir='ltr'><strong>omnem</strong></span> <span class='ocrx_word' id='word_1_296' title='bbox 2104 2514 2292 2569; x_wconf 91' lang='lat' dir='ltr'><strong>solidi-</strong></span> 
     </span>
    </p>
   </div>
   <div class='ocr_carea' id='block_1_41' title="bbox 668 2597 2293 2678">
    <p class='ocr_par' dir='ltr' id='par_1_41' title="bbox 668 2597 2293 2678">
     <span class='ocr_line' id='line_1_41' title="bbox 668 2597 2293 2678; baseline -0.009 -7"><span class='ocrx_word' id='word_1_297' title='bbox 668 2669 670 2671; x_wconf 66' lang='lat'><strong>,</strong></span> <span class='ocrx_word' id='word_1_298' title='bbox 707 2622 876 2668; x_wconf 83' lang='lat' dir='ltr'><strong>tatem</strong></span> <span class='ocrx_word' id='word_1_299' title='bbox 900 2613 1104 2668; x_wconf 85' lang='lat' dir='ltr'><strong>donant</strong></span> <span class='ocrx_word' id='word_1_300' title='bbox 1123 2620 1178 2666; x_wconf 91' lang='lat' dir='ltr'><strong>et</strong></span> <span class='ocrx_word' id='word_1_301' title='bbox 1201 2597 1493 2672; x_wconf 80' lang='lat' dir='ltr'><strong>aftirmant,</strong></span> <span class='ocrx_word' id='word_1_302' title='bbox 1519 2619 1578 2662; x_wconf 90' lang='lat' dir='ltr'><strong>ut</strong></span> <span class='ocrx_word' id='word_1_303' title='bbox 1596 2608 1849 2678; x_wconf 88' lang='lat' dir='ltr'><strong>quicquid</strong></span> <span class='ocrx_word' id='word_1_304' title='bbox 1871 2608 1938 2662; x_wconf 91' lang='lat' dir='ltr'><strong>de</strong></span> <span class='ocrx_word' id='word_1_305' title='bbox 1957 2607 2037 2660; x_wconf 91' lang='lat' dir='ltr'><strong>his</strong></span> <span class='ocrx_word' id='word_1_306' title='bbox 2054 2605 2293 2675; x_wconf 88' lang='lat' dir='ltr'><strong>predicte</strong></span> 
     </span>
    </p>
   </div>
   <div class='ocr_carea' id='block_1_42' title="bbox 709 2696 2292 2764">
    <p class='ocr_par' dir='ltr' id='par_1_42' title="bbox 709 2696 2292 2764">
     <span class='ocr_line' id='line_1_42' title="bbox 709 2696 2292 2764; baseline -0.007 -5"><span class='ocrx_word' id='word_1_307' title='bbox 709 2705 942 2760; x_wconf 90' lang='lat' dir='ltr'><strong>ecclesie</strong></span> <span class='ocrx_word' id='word_1_308' title='bbox 992 2704 1298 2759; x_wconf 90' lang='lat' dir='ltr'><strong>decreverit</strong></span> <span class='ocrx_word' id='word_1_309' title='bbox 1327 2702 1596 2764; x_wconf 88' lang='lat' dir='ltr'><strong>voluntas,</strong></span> <span class='ocrx_word' id='word_1_310' title='bbox 1649 2697 1880 2753; x_wconf 90' lang='lat' dir='ltr'><strong>faciendi</strong></span> <span class='ocrx_word' id='word_1_311' title='bbox 1923 2697 2162 2751; x_wconf 82' lang='lat' dir='ltr'><strong>liberam.</strong></span> <span class='ocrx_word' id='word_1_312' title='bbox 2191 2696 2292 2749; x_wconf 86' lang='lat' dir='ltr'><strong>ha-</strong></span> 
     </span>
    </p>
   </div>
   <div class='ocr_carea' id='block_1_43' title="bbox 705 2785 2294 2865">
    <p class='ocr_par' dir='ltr' id='par_1_43' title="bbox 705 2785 2294 2865">
     <span class='ocr_line' id='line_1_43' title="bbox 705 2785 2294 2865; baseline -0.008 -15"><span class='ocrx_word' id='word_1_313' title='bbox 705 2797 872 2851; x_wconf 87' lang='lat' dir='ltr'><strong>beant</strong></span> <span class='ocrx_word' id='word_1_314' title='bbox 922 2802 1273 2865; x_wconf 82' lang='lat' dir='ltr'><strong>potestatem.</strong></span> <span class='ocrx_word' id='word_1_315' title='bbox 1304 2791 1564 2845; x_wconf 90' lang='lat' dir='ltr'><strong>Similiter</strong></span> <span class='ocrx_word' id='word_1_316' title='bbox 1591 2788 1760 2844; x_wconf 92' lang='lat' dir='ltr'><strong>donat</strong></span> <span class='ocrx_word' id='word_1_317' title='bbox 1806 2787 1922 2855; x_wconf 91' lang='lat' dir='ltr'><strong>ipse</strong></span> <span class='ocrx_word' id='word_1_318' title='bbox 1964 2785 2294 2854; x_wconf 89' lang='lat' dir='ltr'><strong>apostolicus</strong></span> 
     </span>
    </p>
   </div>
   <div class='ocr_carea' id='block_1_44' title="bbox 705 2877 2293 2954">
    <p class='ocr_par' dir='ltr' id='par_1_44' title="bbox 705 2877 2293 2954">
     <span class='ocr_line' id='line_1_44' title="bbox 705 2877 2293 2954; baseline -0.008 -13"><span class='ocrx_word' id='word_1_319' title='bbox 705 2889 794 2943; x_wconf 87' lang='lat' dir='ltr'><strong>vir</strong></span> <span class='ocrx_word' id='word_1_320' title='bbox 819 2886 1107 2941; x_wconf 81' lang='lat' dir='ltr'><strong>Armouius</strong></span> <span class='ocrx_word' id='word_1_321' title='bbox 1134 2885 1442 2954; x_wconf 88' lang='lat' dir='ltr'><strong>episcopus,</strong></span> <span class='ocrx_word' id='word_1_322' title='bbox 1473 2891 1529 2935; x_wconf 90' lang='lat' dir='ltr'><strong>et</strong></span> <span class='ocrx_word' id='word_1_323' title='bbox 1555 2879 1878 2936; x_wconf 85' lang='lat' dir='ltr'><strong>venerabilis</strong></span> <span class='ocrx_word' id='word_1_324' title='bbox 1897 2878 1980 2931; x_wconf 89' lang='lat' dir='ltr'><strong>vir</strong></span> <span class='ocrx_word' id='word_1_325' title='bbox 2001 2877 2293 2944; x_wconf 86' lang='lat' dir='ltr'><strong>Angleber-</strong></span> 
     </span>
    </p>
   </div>
   <div class='ocr_carea' id='block_1_45' title="bbox 707 2965 2290 3038">
    <p class='ocr_par' dir='ltr' id='par_1_45' title="bbox 707 2965 2290 3038">
     <span class='ocr_line' id='line_1_45' title="bbox 707 2965 2290 3038; baseline -0.009 -6"><span class='ocrx_word' id='word_1_326' title='bbox 707 2987 795 3033; x_wconf 88' lang='lat' dir='ltr'><strong>tus</strong></span> <span class='ocrx_word' id='word_1_327' title='bbox 851 2975 1281 3038; x_wconf 88' lang='lat' dir='ltr'><strong>archidiaconus,</strong></span> <span class='ocrx_word' id='word_1_328' title='bbox 1331 2974 1448 3027; x_wconf 88' lang='lat' dir='ltr'><strong>loco</strong></span> <span class='ocrx_word' id='word_1_329' title='bbox 1481 2978 1826 3038; x_wconf 85' lang='lat' dir='ltr'><strong>nuncupante</strong></span> <span class='ocrx_word' id='word_1_330' title='bbox 1864 2965 2290 3030; x_wconf 87' lang='lat' dir='ltr'><strong>Commeuarias,</strong></span> 
     </span>
    </p>
   </div>
   <div class='ocr_carea' id='block_1_46' title="bbox 708 3058 2296 3138">
    <p class='ocr_par' dir='ltr' id='par_1_46' title="bbox 708 3058 2296 3138">
     <span class='ocr_line' id='line_1_46' title="bbox 708 3058 2296 3138; baseline -0.008 -16"><span class='ocrx_word' id='word_1_331' title='bbox 708 3084 872 3138; x_wconf 81' lang='lat' dir='ltr'><strong>quem</strong></span> <span class='ocrx_word' id='word_1_332' title='bbox 903 3068 1019 3136; x_wconf 90' lang='lat' dir='ltr'><strong>ipse</strong></span> <span class='ocrx_word' id='word_1_333' title='bbox 1049 3065 1271 3135; x_wconf 89' lang='lat' dir='ltr'><strong>Pipinus</strong></span> <span class='ocrx_word' id='word_1_334' title='bbox 1321 3065 1547 3132; x_wconf 77' lang='lat' dir='ltr'><strong>ejusque</strong></span> <span class='ocrx_word' id='word_1_335' title='bbox 1604 3061 1812 3115; x_wconf 89' lang='lat' dir='ltr'><strong>illustra</strong></span> <span class='ocrx_word' id='word_1_336' title='bbox 1863 3066 2111 3113; x_wconf 86' lang='lat' dir='ltr'><strong>matrona</strong></span> <span class='ocrx_word' id='word_1_337' title='bbox 2143 3058 2296 3110; x_wconf 85' lang='lat' dir='ltr'><strong>Plec-</strong></span> 
     </span>
    </p>
   </div>
   <div class='ocr_carea' id='block_1_47' title="bbox 2395 1868 3976 1946">
    <p class='ocr_par' dir='ltr' id='par_1_47' title="bbox 2395 1868 3976 1946">
     <span class='ocr_line' id='line_1_47' title="bbox 2395 1868 3976 1946; baseline 0.011 -30"><span class='ocrx_word' id='word_1_338' title='bbox 2395 1874 2742 1935; x_wconf 90' lang='lat' dir='ltr'><strong>tumeumque</strong></span> <span class='ocrx_word' id='word_1_339' title='bbox 2783 1868 2980 1936; x_wconf 83' lang='lat' dir='ltr'><strong>conjux</strong></span> <span class='ocrx_word' id='word_1_340' title='bbox 3027 1886 3144 1924; x_wconf 88' lang='lat' dir='ltr'><strong>mea</strong></span> <span class='ocrx_word' id='word_1_341' title='bbox 3195 1872 3389 1928; x_wconf 88' lang='lat' dir='ltr'><strong>ibidem</strong></span> <span class='ocrx_word' id='word_1_342' title='bbox 3429 1876 3600 1929; x_wconf 88' lang='lat' dir='ltr'><strong>tenuit</strong></span> <span class='ocrx_word' id='word_1_343' title='bbox 3637 1879 3976 1946; x_wconf 89' lang='lat' dir='ltr'><strong>moriensque</strong></span> 
     </span>
    </p>
   </div>
   <div class='ocr_carea' id='block_1_48' title="bbox 2391 1955 3975 2033">
    <p class='ocr_par' dir='ltr' id='par_1_48' title="bbox 2391 1955 3975 2033">
     <span class='ocr_line' id='line_1_48' title="bbox 2391 1955 3975 2033; baseline 0.009 -25"><span class='ocrx_word' id='word_1_344' title='bbox 2391 1955 2698 2024; x_wconf 90' lang='lat' dir='ltr'><strong>dereliquit,</strong></span> <span class='ocrx_word' id='word_1_345' title='bbox 2721 1959 2805 2012; x_wconf 91' lang='lat' dir='ltr'><strong>vel</strong></span> <span class='ocrx_word' id='word_1_346' title='bbox 2837 1959 2906 2013; x_wconf 91' lang='lat' dir='ltr'><strong>ad</strong></span> <span class='ocrx_word' id='word_1_347' title='bbox 2935 1960 3098 2014; x_wconf 87' lang='lat' dir='ltr'><strong>tilium</strong></span> <span class='ocrx_word' id='word_1_348' title='bbox 3152 1971 3392 2028; x_wconf 88' lang='lat' dir='ltr'><strong>nostrum</strong></span> <span class='ocrx_word' id='word_1_349' title='bbox 3439 1966 3683 2033; x_wconf 88' lang='lat' dir='ltr'><strong>superius</strong></span> <span class='ocrx_word' id='word_1_350' title='bbox 3732 1968 3975 2022; x_wconf 86' lang='lat' dir='ltr'><strong>nomina-</strong></span> 
     </span>
    </p>
   </div>
   <div class='ocr_carea' id='block_1_49' title="bbox 2392 2045 3975 2122">
    <p class='ocr_par' dir='ltr' id='par_1_49' title="bbox 2392 2045 3975 2122">
     <span class='ocr_line' id='line_1_49' title="bbox 2392 2045 3975 2122; baseline 0.009 -25"><span class='ocrx_word' id='word_1_351' title='bbox 2392 2054 2504 2111; x_wconf 88' lang='lat' dir='ltr'><strong>tum</strong></span> <span class='ocrx_word' id='word_1_352' title='bbox 2535 2045 2605 2101; x_wconf 90' lang='lat' dir='ltr'><strong>de</strong></span> <span class='ocrx_word' id='word_1_353' title='bbox 2656 2057 2809 2115; x_wconf 88' lang='lat' dir='ltr'><strong>parte</strong></span> <span class='ocrx_word' id='word_1_354' title='bbox 2837 2064 2932 2102; x_wconf 91' lang='lat' dir='ltr'><strong>sua</strong></span> <span class='ocrx_word' id='word_1_355' title='bbox 2972 2050 3038 2103; x_wconf 89' lang='lat' dir='ltr'><strong>ad</strong></span> <span class='ocrx_word' id='word_1_356' title='bbox 3070 2052 3243 2120; x_wconf 91' lang='lat' dir='ltr'><strong>ipsum</strong></span> <span class='ocrx_word' id='word_1_357' title='bbox 3280 2055 3561 2122; x_wconf 89' lang='lat' dir='ltr'><strong>pervenit,</strong></span> <span class='ocrx_word' id='word_1_358' title='bbox 3617 2055 3718 2110; x_wconf 91' lang='lat' dir='ltr'><strong>hoc</strong></span> <span class='ocrx_word' id='word_1_359' title='bbox 3746 2066 3802 2110; x_wconf 89' lang='lat' dir='ltr'><strong>et</strong></span> <span class='ocrx_word' id='word_1_360' title='bbox 3839 2057 3975 2112; x_wconf 82' lang='lat' dir='ltr'><strong>inte-</strong></span> 
     </span>
    </p>
   </div>
   <div class='ocr_carea' id='block_1_50' title="bbox 2391 2137 3974 2212">
    <p class='ocr_par' dir='ltr' id='par_1_50' title="bbox 2391 2137 3974 2212">
     <span class='ocr_line' id='line_1_50' title="bbox 2391 2137 3974 2212; baseline 0.009 -25"><span class='ocrx_word' id='word_1_361' title='bbox 2391 2148 2544 2202; x_wconf 89' lang='lat' dir='ltr'><strong>grato</strong></span> <span class='ocrx_word' id='word_1_362' title='bbox 2578 2137 2770 2192; x_wconf 91' lang='lat' dir='ltr'><strong>ordine</strong></span> <span class='ocrx_word' id='word_1_363' title='bbox 2800 2139 2914 2207; x_wconf 89' lang='lat' dir='ltr'><strong>ipse</strong></span> <span class='ocrx_word' id='word_1_364' title='bbox 2938 2141 3106 2195; x_wconf 89' lang='lat' dir='ltr'><strong>abbas</strong></span> <span class='ocrx_word' id='word_1_365' title='bbox 3127 2142 3211 2195; x_wconf 91' lang='lat' dir='ltr'><strong>vel</strong></span> <span class='ocrx_word' id='word_1_366' title='bbox 3244 2158 3368 2212; x_wconf 90' lang='lat' dir='ltr'><strong>pars</strong></span> <span class='ocrx_word' id='word_1_367' title='bbox 3395 2148 3705 2200; x_wconf 90' lang='lat' dir='ltr'><strong>monasterii</strong></span> <span class='ocrx_word' id='word_1_368' title='bbox 3751 2148 3872 2212; x_wconf 90' lang='lat' dir='ltr'><strong>sui,</strong></span> <span class='ocrx_word' id='word_1_369' title='bbox 3923 2150 3974 2204; x_wconf 92' lang='lat' dir='ltr'><strong>in</strong></span> 
     </span>
    </p>
   </div>
   <div class='ocr_carea' id='block_1_51' title="bbox 2388 2227 3978 2304">
    <p class='ocr_par' dir='ltr' id='par_1_51' title="bbox 2388 2227 3978 2304">
     <span class='ocr_line' id='line_1_51' title="bbox 2388 2227 3978 2304; baseline 0.008 -23"><span class='ocrx_word' id='word_1_370' title='bbox 2388 2227 2508 2295; x_wconf 91' lang='lat' dir='ltr'><strong>jure</strong></span> <span class='ocrx_word' id='word_1_371' title='bbox 2537 2237 2593 2283; x_wconf 90' lang='lat' dir='ltr'><strong>et</strong></span> <span class='ocrx_word' id='word_1_372' title='bbox 2616 2229 2986 2286; x_wconf 88' lang='lat' dir='ltr'><strong>dominatione</strong></span> <span class='ocrx_word' id='word_1_373' title='bbox 3033 2247 3250 2298; x_wconf 88' lang='lat' dir='ltr'><strong>eorum,</strong></span> <span class='ocrx_word' id='word_1_374' title='bbox 3295 2249 3326 2288; x_wconf 91' lang='lat' dir='ltr'><strong>a</strong></span> <span class='ocrx_word' id='word_1_375' title='bbox 3356 2235 3445 2290; x_wconf 90' lang='lat' dir='ltr'><strong>die</strong></span> <span class='ocrx_word' id='word_1_376' title='bbox 3499 2239 3732 2304; x_wconf 87' lang='lat' dir='ltr'><strong>presenti</strong></span> <span class='ocrx_word' id='word_1_377' title='bbox 3778 2239 3978 2293; x_wconf 80' lang='lat' dir='ltr'><strong>faciant</strong></span> 
     </span>
    </p>
   </div>
   <div class='ocr_carea' id='block_1_52' title="bbox 2392 2319 3975 2396">
    <p class='ocr_par' dir='ltr' id='par_1_52' title="bbox 2392 2319 3975 2396">
     <span class='ocr_line' id='line_1_52' title="bbox 2392 2319 3975 2396; baseline 0.009 -27"><span class='ocrx_word' id='word_1_378' title='bbox 2392 2319 2638 2387; x_wconf 89' lang='lat' dir='ltr'><strong>recipere</strong></span> <span class='ocrx_word' id='word_1_379' title='bbox 2660 2321 2744 2374; x_wconf 89' lang='lat' dir='ltr'><strong>vel</strong></span> <span class='ocrx_word' id='word_1_380' title='bbox 2773 2321 3082 2389; x_wconf 86' lang='lat' dir='ltr'><strong>dominare;</strong></span> <span class='ocrx_word' id='word_1_381' title='bbox 3131 2325 3270 2379; x_wconf 89' lang='lat' dir='ltr'><strong>unde</strong></span> <span class='ocrx_word' id='word_1_382' title='bbox 3311 2327 3618 2396; x_wconf 91' lang='lat' dir='ltr'><strong>accepimus</strong></span> <span class='ocrx_word' id='word_1_383' title='bbox 3662 2345 3692 2382; x_wconf 93' lang='lat' dir='ltr'><strong>a</strong></span> <span class='ocrx_word' id='word_1_384' title='bbox 3743 2332 3894 2385; x_wconf 86' lang='lat' dir='ltr'><strong>vobis</strong></span> <span class='ocrx_word' id='word_1_385' title='bbox 3925 2331 3975 2384; x_wconf 93' lang='lat' dir='ltr'><strong>in</strong></span> 
     </span>
    </p>
   </div>
   <div class='ocr_carea' id='block_1_53' title="bbox 2393 2411 3975 2488">
    <p class='ocr_par' dir='ltr' id='par_1_53' title="bbox 2393 2411 3975 2488">
     <span class='ocr_line' id='line_1_53' title="bbox 2393 2411 3975 2488; baseline 0.008 -27"><span class='ocrx_word' id='word_1_386' title='bbox 2393 2411 2578 2476; x_wconf 91' lang='lat' dir='ltr'><strong>precio</strong></span> <span class='ocrx_word' id='word_1_387' title='bbox 2607 2418 2814 2478; x_wconf 86' lang='lat' dir='ltr'><strong>taxato,</strong></span> <span class='ocrx_word' id='word_1_388' title='bbox 2837 2414 2989 2479; x_wconf 81' lang='lat' dir='ltr'><strong>juxta</strong></span> <span class='ocrx_word' id='word_1_389' title='bbox 3017 2415 3164 2482; x_wconf 90' lang='lat' dir='ltr'><strong>quod</strong></span> <span class='ocrx_word' id='word_1_390' title='bbox 3204 2415 3359 2470; x_wconf 91' lang='lat' dir='ltr'><strong>nobis</strong></span> <span class='ocrx_word' id='word_1_391' title='bbox 3389 2417 3524 2471; x_wconf 88' lang='lat' dir='ltr'><strong>bene</strong></span> <span class='ocrx_word' id='word_1_392' title='bbox 3547 2418 3871 2488; x_wconf 90' lang='lat' dir='ltr'><strong>complacuit</strong></span> <span class='ocrx_word' id='word_1_393' title='bbox 3899 2429 3975 2473; x_wconf 64' lang='lat' dir='ltr'><strong>ato</strong></span> 
     </span>
    </p>
   </div>
   <div class='ocr_carea' id='block_1_54' title="bbox 2393 2503 3978 2576">
    <p class='ocr_par' dir='ltr' id='par_1_54' title="bbox 2393 2503 3978 2576">
     <span class='ocr_line' id='line_1_54' title="bbox 2393 2503 3978 2576; baseline 0.009 -24"><span class='ocrx_word' id='word_1_394' title='bbox 2393 2516 2499 2569; x_wconf 87' lang='lat' dir='ltr'><strong>que</strong></span> <span class='ocrx_word' id='word_1_395' title='bbox 2526 2503 2799 2570; x_wconf 86' lang='lat' dir='ltr'><strong>convenit,</strong></span> <span class='ocrx_word' id='word_1_396' title='bbox 2822 2504 2961 2558; x_wconf 86' lang='lat' dir='ltr'><strong>inter</strong></span> <span class='ocrx_word' id='word_1_397' title='bbox 2985 2519 3173 2559; x_wconf 90' lang='lat' dir='ltr'><strong>aurum</strong></span> <span class='ocrx_word' id='word_1_398' title='bbox 3198 2517 3253 2560; x_wconf 92' lang='lat' dir='ltr'><strong>et</strong></span> <span class='ocrx_word' id='word_1_399' title='bbox 3277 2517 3578 2576; x_wconf 81' lang='lat' dir='ltr'><strong>argentum,</strong></span> <span class='ocrx_word' id='word_1_400' title='bbox 3601 2513 3805 2566; x_wconf 91' lang='lat' dir='ltr'><strong>solidos</strong></span> <span class='ocrx_word' id='word_1_401' title='bbox 3835 2514 3978 2567; x_wconf 89' lang='lat' dir='ltr'><strong>mille</strong></span> 
     </span>
    </p>
   </div>
   <div class='ocr_carea' id='block_1_55' title="bbox 2393 2593 3976 2674">
    <p class='ocr_par' dir='ltr' id='par_1_55' title="bbox 2393 2593 3976 2674">
     <span class='ocr_line' id='line_1_55' title="bbox 2393 2593 3976 2674; baseline 0.009 -31"><span class='ocrx_word' id='word_1_402' title='bbox 2393 2593 2719 2658; x_wconf 77' lang='lat' dir='ltr'><strong>quingentos</strong></span> <span class='ocrx_word' id='word_1_403' title='bbox 2741 2602 2968 2661; x_wconf 85' lang='lat' dir='ltr'><strong>tantum,</strong></span> <span class='ocrx_word' id='word_1_404' title='bbox 3001 2594 3074 2649; x_wconf 91' lang='lat' dir='ltr'><strong>ita</strong></span> <span class='ocrx_word' id='word_1_405' title='bbox 3104 2605 3159 2650; x_wconf 87' lang='lat' dir='ltr'><strong>ut</strong></span> <span class='ocrx_word' id='word_1_406' title='bbox 3182 2598 3248 2649; x_wconf 89' lang='lat' dir='ltr'><strong>ab</strong></span> <span class='ocrx_word' id='word_1_407' title='bbox 3276 2598 3531 2653; x_wconf 89' lang='lat' dir='ltr'><strong>hodierna</strong></span> <span class='ocrx_word' id='word_1_408' title='bbox 3555 2600 3640 2655; x_wconf 89' lang='lat' dir='ltr'><strong>die</strong></span> <span class='ocrx_word' id='word_1_409' title='bbox 3679 2602 3793 2670; x_wconf 90' lang='lat' dir='ltr'><strong>ipse</strong></span> <span class='ocrx_word' id='word_1_410' title='bbox 3819 2604 3976 2674; x_wconf 86' lang='lat' dir='ltr'><strong>abba,</strong></span> 
     </span>
    </p>
   </div>
   <div class='ocr_carea' id='block_1_56' title="bbox 2393 2680 3975 2760">
    <p class='ocr_par' dir='ltr' id='par_1_56' title="bbox 2393 2680 3975 2760">
     <span class='ocr_line' id='line_1_56' title="bbox 2393 2680 3975 2760; baseline 0.009 -29"><span class='ocrx_word' id='word_1_411' title='bbox 2393 2680 2480 2733; x_wconf 86' lang='lat' dir='ltr'><strong>vel</strong></span> <span class='ocrx_word' id='word_1_412' title='bbox 2510 2696 2634 2748; x_wconf 90' lang='lat' dir='ltr'><strong>pars</strong></span> <span class='ocrx_word' id='word_1_413' title='bbox 2685 2684 2995 2737; x_wconf 73' lang='lat' dir='ltr'><strong>monasuerii</strong></span> <span class='ocrx_word' id='word_1_414' title='bbox 3045 2686 3147 2748; x_wconf 92' lang='lat' dir='ltr'><strong>sui,</strong></span> <span class='ocrx_word' id='word_1_415' title='bbox 3176 2687 3429 2753; x_wconf 88' lang='lat' dir='ltr'><strong>habendi,</strong></span> <span class='ocrx_word' id='word_1_416' title='bbox 3463 2690 3675 2742; x_wconf 90' lang='lat' dir='ltr'><strong>tenendi</strong></span> <span class='ocrx_word' id='word_1_417' title='bbox 3705 2731 3720 2755; x_wconf 91' lang='lat'><strong>,</strong></span> <span class='ocrx_word' id='word_1_418' title='bbox 3777 2690 3975 2760; x_wconf 90' lang='lat' dir='ltr'><strong>dandi,</strong></span> 
     </span>
    </p>
   </div>
   <div class='ocr_carea' id='block_1_57' title="bbox 2394 2773 3976 2848">
    <p class='ocr_par' dir='ltr' id='par_1_57' title="bbox 2394 2773 3976 2848">
     <span class='ocr_line' id='line_1_57' title="bbox 2394 2773 3976 2848; baseline 0.008 -23"><span class='ocrx_word' id='word_1_419' title='bbox 2394 2773 2680 2836; x_wconf 89' lang='lat' dir='ltr'><strong>vendendi,</strong></span> <span class='ocrx_word' id='word_1_420' title='bbox 2709 2777 3107 2841; x_wconf 90' lang='lat' dir='ltr'><strong>commutandi,</strong></span> <span class='ocrx_word' id='word_1_421' title='bbox 3167 2778 3252 2832; x_wconf 86' lang='lat' dir='ltr'><strong>vel</strong></span> <span class='ocrx_word' id='word_1_422' title='bbox 3281 2779 3533 2848; x_wconf 90' lang='lat' dir='ltr'><strong>quicquid</strong></span> <span class='ocrx_word' id='word_1_423' title='bbox 3566 2780 3758 2835; x_wconf 81' lang='lat' dir='ltr'><strong>exinde</strong></span> <span class='ocrx_word' id='word_1_424' title='bbox 3799 2783 3976 2838; x_wconf 85' lang='lat' dir='ltr'><strong>facere</strong></span> 
     </span>
    </p>
   </div>
   <div class='ocr_carea' id='block_1_58' title="bbox 2395 2864 3977 2927">
    <p class='ocr_par' dir='ltr' id='par_1_58' title="bbox 2395 2864 3977 2927">
     <span class='ocr_line' id='line_1_58' title="bbox 2395 2864 3977 2927; baseline 0.009 -15"><span class='ocrx_word' id='word_1_425' title='bbox 2395 2864 2621 2917; x_wconf 89' lang='lat' dir='ltr'><strong>voluerit</strong></span> <span class='ocrx_word' id='word_1_426' title='bbox 2649 2866 2868 2917; x_wconf 88' lang='lat' dir='ltr'><strong>liberam</strong></span> <span class='ocrx_word' id='word_1_427' title='bbox 2898 2875 2954 2919; x_wconf 87' lang='lat' dir='ltr'><strong>et</strong></span> <span class='ocrx_word' id='word_1_428' title='bbox 2983 2869 3339 2922; x_wconf 85' lang='lat' dir='ltr'><strong>firmissimam</strong></span> <span class='ocrx_word' id='word_1_429' title='bbox 3371 2870 3421 2922; x_wconf 92' lang='lat' dir='ltr'><strong>iu</strong></span> <span class='ocrx_word' id='word_1_430' title='bbox 3463 2871 3709 2926; x_wconf 88' lang='lat' dir='ltr'><strong>omnibus</strong></span> <span class='ocrx_word' id='word_1_431' title='bbox 3739 2873 3977 2927; x_wconf 87' lang='lat' dir='ltr'><strong>habeant</strong></span> 
     </span>
    </p>
   </div>
   <div class='ocr_carea' id='block_1_59' title="bbox 2396 2958 3973 3030">
    <p class='ocr_par' dir='ltr' id='par_1_59' title="bbox 2396 2958 3973 3030">
     <span class='ocr_line' id='line_1_59' title="bbox 2396 2958 3973 3030; baseline 0.007 -21"><span class='ocrx_word' id='word_1_432' title='bbox 2396 2965 2739 3026; x_wconf 87' lang='lat' dir='ltr'><strong>potestatem.</strong></span> <span class='ocrx_word' id='word_1_433' title='bbox 2772 2958 2826 3011; x_wconf 91' lang='lat' dir='ltr'><strong>Si</strong></span> <span class='ocrx_word' id='word_1_434' title='bbox 2849 2960 2967 3024; x_wconf 92' lang='lat' dir='ltr'><strong>quis</strong></span> <span class='ocrx_word' id='word_1_435' title='bbox 2987 2960 3295 3030; x_wconf 88' lang='lat' dir='ltr'><strong>vero,&#39;quod</strong></span> <span class='ocrx_word' id='word_1_436' title='bbox 3317 2962 3550 3016; x_wconf 90' lang='lat' dir='ltr'><strong>futurum</strong></span> <span class='ocrx_word' id='word_1_437' title='bbox 3574 2979 3696 3018; x_wconf 91' lang='lat' dir='ltr'><strong>esse</strong></span> <span class='ocrx_word' id='word_1_438' title='bbox 3722 2980 3827 3018; x_wconf 90' lang='lat' dir='ltr'><strong>non</strong></span> <span class='ocrx_word' id='word_1_439' title='bbox 3858 2981 3973 3020; x_wconf 89' lang='lat' dir='ltr'><strong>crc-</strong></span> 
     </span>
    </p>
   </div>
   <div class='ocr_carea' id='block_1_60' title="bbox 2398 3047 3975 3124">
    <p class='ocr_par' dir='ltr' id='par_1_60' title="bbox 2398 3047 3975 3124">
     <span class='ocr_line' id='line_1_60' title="bbox 2398 3047 3975 3124; baseline 0.006 -24"><span class='ocrx_word' id='word_1_440' title='bbox 2398 3047 2594 3113; x_wconf 85' lang='lat' dir='ltr'><strong>dimus,</strong></span> <span class='ocrx_word' id='word_1_441' title='bbox 2623 3050 2665 3102; x_wconf 91' lang='lat' dir='ltr'><strong>si</strong></span> <span class='ocrx_word' id='word_1_442' title='bbox 2693 3064 2790 3101; x_wconf 87' lang='lat' dir='ltr'><strong>nos</strong></span> <span class='ocrx_word' id='word_1_443' title='bbox 2812 3049 2927 3117; x_wconf 90' lang='lat' dir='ltr'><strong>ipsi,</strong></span> <span class='ocrx_word' id='word_1_444' title='bbox 2953 3061 3043 3102; x_wconf 91' lang='lat' dir='ltr'><strong>aut</strong></span> <span class='ocrx_word' id='word_1_445' title='bbox 3074 3051 3212 3103; x_wconf 89' lang='lat' dir='ltr'><strong>ullus</strong></span> <span class='ocrx_word' id='word_1_446' title='bbox 3247 3051 3314 3105; x_wconf 92' lang='lat' dir='ltr'><strong>de</strong></span> <span class='ocrx_word' id='word_1_447' title='bbox 3339 3053 3624 3107; x_wconf 85' lang='lat' dir='ltr'><strong>heredibus</strong></span> <span class='ocrx_word' id='word_1_448' title='bbox 3649 3064 3744 3108; x_wconf 91' lang='lat' dir='ltr'><strong>aut</strong></span> <span class='ocrx_word' id='word_1_449' title='bbox 3782 3057 3975 3124; x_wconf 79' lang='lat' dir='ltr'><strong>probe-</strong></span> 
     </span>
    </p>
   </div>
   <div class='ocr_carea' id='block_1_61' title="bbox 707 3139 3972 3228">
    <p class='ocr_par' dir='ltr' id='par_1_61' title="bbox 707 3139 3972 3228">
     <span class='ocr_line' id='line_1_61' title="bbox 707 3139 3972 3228; baseline -0.003 -18"><span class='ocrx_word' id='word_1_450' title='bbox 707 3160 882 3215; x_wconf 84' lang='lat' dir='ltr'><strong>trudis</strong></span> <span class='ocrx_word' id='word_1_451' title='bbox 904 3159 968 3213; x_wconf 91' lang='lat' dir='ltr'><strong>ad</strong></span> <span class='ocrx_word' id='word_1_452' title='bbox 1021 3159 1191 3228; x_wconf 89' lang='lat' dir='ltr'><strong>ipsam</strong></span> <span class='ocrx_word' id='word_1_453' title='bbox 1220 3156 1507 3210; x_wconf 84' lang='lat' dir='ltr'><strong>ecclesiam</strong></span> <span class='ocrx_word' id='word_1_454' title='bbox 1537 3153 1738 3205; x_wconf 88' lang='lat' dir='ltr'><strong>domno</strong></span> <span class='ocrx_word' id='word_1_455' title='bbox 1766 3148 1974 3202; x_wconf 84' lang='lat' dir='ltr'><strong>Videno</strong></span> <span class='ocrx_word' id='word_1_456' title='bbox 1996 3162 2094 3216; x_wconf 90' lang='lat' dir='ltr'><strong>per</strong></span> <span class='ocrx_word' id='word_1_457' title='bbox 2113 3155 2294 3201; x_wconf 88' lang='lat' dir='ltr'><strong>cartu-</strong></span> <span class='ocrx_word' id='word_1_458' title='bbox 2323 3158 2368 3215; x_wconf 69' lang='grc' dir='ltr'>ο</span> <span class='ocrx_word' id='word_1_459' title='bbox 2400 3139 2615 3191; x_wconf 87' lang='lat' dir='ltr'><strong>redibus</strong></span> <span class='ocrx_word' id='word_1_460' title='bbox 2645 3141 2862 3204; x_wconf 89' lang='lat' dir='ltr'><strong>nostris,</strong></span> <span class='ocrx_word' id='word_1_461' title='bbox 2893 3140 2977 3193; x_wconf 91' lang='lat' dir='ltr'><strong>vel</strong></span> <span class='ocrx_word' id='word_1_462' title='bbox 3024 3141 3276 3209; x_wconf 91' lang='lat' dir='ltr'><strong>quislibet</strong></span> <span class='ocrx_word' id='word_1_463' title='bbox 3305 3144 3548 3211; x_wconf 86' lang='lat' dir='ltr'><strong>opposita</strong></span> <span class='ocrx_word' id='word_1_464' title='bbox 3581 3159 3807 3212; x_wconf 84' lang='lat' dir='ltr'><strong>persona</strong></span> <span class='ocrx_word' id='word_1_465' title='bbox 3827 3188 3842 3212; x_wconf 94' lang='lat'><strong>,</strong></span> <span class='ocrx_word' id='word_1_466' title='bbox 3885 3149 3972 3215; x_wconf 92' lang='lat' dir='ltr'><strong>qui</strong></span> 
     </span>
    </p>
   </div>
   <div class='ocr_carea' id='block_1_62' title="bbox 709 3238 2290 3309">
    <p class='ocr_par' dir='ltr' id='par_1_62' title="bbox 709 3238 2290 3309">
     <span class='ocr_line' id='line_1_62' title="bbox 709 3238 2290 3309; baseline -0.013 -1"><span class='ocrx_word' id='word_1_467' title='bbox 709 3254 820 3307; x_wconf 80' lang='lat' dir='ltr'><strong>iam</strong></span> <span class='ocrx_word' id='word_1_468' title='bbox 849 3249 1220 3307; x_wconf 89' lang='lat' dir='ltr'><strong>concessionis</strong></span> <span class='ocrx_word' id='word_1_469' title='bbox 1249 3262 1434 3301; x_wconf 91' lang='lat' dir='ltr'><strong>eorum</strong></span> <span class='ocrx_word' id='word_1_470' title='bbox 1484 3244 1839 3309; x_wconf 89' lang='lat' dir='ltr'><strong>tradiderunt,</strong></span> <span class='ocrx_word' id='word_1_471' title='bbox 1871 3255 1994 3294; x_wconf 92' lang='lat' dir='ltr'><strong>cum</strong></span> <span class='ocrx_word' id='word_1_472' title='bbox 2045 3238 2290 3300; x_wconf 89' lang='lat' dir='ltr'><strong>editiciis,</strong></span> 
     </span>
    </p>
   </div>
   <div class='ocr_carea' id='block_1_63' title="bbox 707 3328 2291 3412">
    <p class='ocr_par' dir='ltr' id='par_1_63' title="bbox 707 3328 2291 3412">
     <span class='ocr_line' id='line_1_63' title="bbox 707 3328 2291 3412; baseline -0.011 -16"><span class='ocrx_word' id='word_1_473' title='bbox 707 3341 897 3412; x_wconf 87' lang='lat' dir='ltr'><strong>pratis,</strong></span> <span class='ocrx_word' id='word_1_474' title='bbox 928 3339 1161 3409; x_wconf 91' lang='lat' dir='ltr'><strong>pascuis,</strong></span> <span class='ocrx_word' id='word_1_475' title='bbox 1196 3337 1364 3398; x_wconf 88' lang='lat' dir='ltr'><strong>silvis,</strong></span> <span class='ocrx_word' id='word_1_476' title='bbox 1401 3334 1555 3401; x_wconf 90' lang='lat' dir='ltr'><strong>aquis</strong></span> <span class='ocrx_word' id='word_1_477' title='bbox 1583 3345 1914 3400; x_wconf 87' lang='lat' dir='ltr'><strong>aquarumve</strong></span> <span class='ocrx_word' id='word_1_478' title='bbox 1954 3328 2291 3390; x_wconf 86' lang='lat' dir='ltr'><strong>decursibus,</strong></span> 
     </span>
    </p>
   </div>
   <div class='ocr_carea' id='block_1_64' title="bbox 709 3418 2295 3488">
    <p class='ocr_par' dir='ltr' id='par_1_64' title="bbox 709 3418 2295 3488">
     <span class='ocr_line' id='line_1_64' title="bbox 709 3418 2295 3488; baseline -0.009 -4"><span class='ocrx_word' id='word_1_479' title='bbox 709 3445 834 3485; x_wconf 90' lang='lat' dir='ltr'><strong>cum</strong></span> <span class='ocrx_word' id='word_1_480' title='bbox 856 3429 1002 3483; x_wconf 89' lang='lat' dir='ltr'><strong>omni</strong></span> <span class='ocrx_word' id='word_1_481' title='bbox 1027 3429 1259 3482; x_wconf 89' lang='lat' dir='ltr'><strong>termino</strong></span> <span class='ocrx_word' id='word_1_482' title='bbox 1287 3425 1373 3480; x_wconf 91' lang='lat' dir='ltr'><strong>vel</strong></span> <span class='ocrx_word' id='word_1_483' title='bbox 1395 3433 1538 3477; x_wconf 88' lang='lat' dir='ltr'><strong>statu</strong></span> <span class='ocrx_word' id='word_1_484' title='bbox 1563 3437 1682 3484; x_wconf 92' lang='lat' dir='ltr'><strong>suo,</strong></span> <span class='ocrx_word' id='word_1_485' title='bbox 1705 3422 1848 3476; x_wconf 89' lang='lat' dir='ltr'><strong>sicut</strong></span> <span class='ocrx_word' id='word_1_486' title='bbox 1877 3420 1943 3474; x_wconf 90' lang='lat' dir='ltr'><strong>ab</strong></span> <span class='ocrx_word' id='word_1_487' title='bbox 1969 3419 2085 3488; x_wconf 92' lang='lat' dir='ltr'><strong>ipsa</strong></span> <span class='ocrx_word' id='word_1_488' title='bbox 2121 3418 2295 3472; x_wconf 87' lang='lat' dir='ltr'><strong>eccle-</strong></span> 
     </span>
    </p>
   </div>
   <div class='ocr_carea' id='block_1_65' title="bbox 710 3507 2292 3588">
    <p class='ocr_par' dir='ltr' id='par_1_65' title="bbox 710 3507 2292 3588">
     <span class='ocr_line' id='line_1_65' title="bbox 710 3507 2292 3588; baseline -0.01 -14"><span class='ocrx_word' id='word_1_489' title='bbox 710 3521 790 3575; x_wconf 86' lang='lat' dir='ltr'><strong>sia</strong></span> <span class='ocrx_word' id='word_1_490' title='bbox 823 3518 1061 3588; x_wconf 89' lang='lat' dir='ltr'><strong>presenti</strong></span> <span class='ocrx_word' id='word_1_491' title='bbox 1087 3525 1331 3584; x_wconf 85' lang='lat' dir='ltr'><strong>tempore</strong></span> <span class='ocrx_word' id='word_1_492' title='bbox 1354 3512 1679 3583; x_wconf 84' lang='lat' dir='ltr'><strong>possidetur,</strong></span> <span class='ocrx_word' id='word_1_493' title='bbox 1709 3511 1775 3564; x_wconf 89' lang='lat' dir='ltr'><strong>ad</strong></span> <span class='ocrx_word' id='word_1_494' title='bbox 1813 3511 1982 3579; x_wconf 85' lang='lat' dir='ltr'><strong>ipsam</strong></span> <span class='ocrx_word' id='word_1_495' title='bbox 2005 3507 2292 3564; x_wconf 84' lang='lat' dir='ltr'><strong>ecclesiam</strong></span> 
     </span>
    </p>
   </div>
   <div class='ocr_carea' id='block_1_66' title="bbox 708 3598 2293 3674">
    <p class='ocr_par' dir='ltr' id='par_1_66' title="bbox 708 3598 2293 3674">
     <span class='ocr_line' id='line_1_66' title="bbox 708 3598 2293 3674; baseline -0.009 -9"><span class='ocrx_word' id='word_1_496' title='bbox 708 3611 1113 3673; x_wconf 81' lang='lat' dir='ltr'><strong>confirmamus,</strong></span> <span class='ocrx_word' id='word_1_497' title='bbox 1146 3607 1348 3674; x_wconf 86' lang='lat' dir='ltr'><strong>absque</strong></span> <span class='ocrx_word' id='word_1_498' title='bbox 1395 3605 1784 3671; x_wconf 88' lang='lat' dir='ltr'><strong>cujuscumque</strong></span> <span class='ocrx_word' id='word_1_499' title='bbox 1831 3600 2157 3670; x_wconf 85' lang='lat' dir='ltr'><strong>repetitione</strong></span> <span class='ocrx_word' id='word_1_500' title='bbox 2209 3598 2293 3652; x_wconf 89' lang='lat' dir='ltr'><strong>vel</strong></span> 
     </span>
    </p>
   </div>
   <div class='ocr_carea' id='block_1_67' title="bbox 709 3687 2295 3772">
    <p class='ocr_par' dir='ltr' id='par_1_67' title="bbox 709 3687 2295 3772">
     <span class='ocr_line' id='line_1_67' title="bbox 709 3687 2295 3772; baseline -0.011 -14"><span class='ocrx_word' id='word_1_501' title='bbox 709 3703 1106 3772; x_wconf 79' lang='lat' dir='ltr'><strong>requisitione;</strong></span> <span class='ocrx_word' id='word_1_502' title='bbox 1139 3707 1214 3764; x_wconf 89' lang='lat' dir='ltr'><strong>et,</strong></span> <span class='ocrx_word' id='word_1_503' title='bbox 1243 3700 1288 3752; x_wconf 90' lang='lat' dir='ltr'><strong>si</strong></span> <span class='ocrx_word' id='word_1_504' title='bbox 1320 3698 1500 3767; x_wconf 87' lang='lat' dir='ltr'><strong>aliqua</strong></span> <span class='ocrx_word' id='word_1_505' title='bbox 1531 3710 1654 3764; x_wconf 90' lang='lat' dir='ltr'><strong>pars</strong></span> <span class='ocrx_word' id='word_1_506' title='bbox 1678 3687 1864 3756; x_wconf 83' lang='lat' dir='ltr'><strong>fuerit,</strong></span> <span class='ocrx_word' id='word_1_507' title='bbox 1887 3701 1979 3745; x_wconf 86' lang='lat' dir='ltr'><strong>aut</strong></span> <span class='ocrx_word' id='word_1_508' title='bbox 2001 3691 2179 3758; x_wconf 89' lang='lat' dir='ltr'><strong>aliqua</strong></span> <span class='ocrx_word' id='word_1_509' title='bbox 2213 3691 2295 3742; x_wconf 90' lang='lat' dir='ltr'><strong>in-</strong></span> 
     </span>
    </p>
   </div>
   <div class='ocr_carea' id='block_1_68' title="bbox 712 3780 2291 3862">
    <p class='ocr_par' dir='ltr' id='par_1_68' title="bbox 712 3780 2291 3862">
     <span class='ocr_line' id='line_1_68' title="bbox 712 3780 2291 3862; baseline -0.011 -14"><span class='ocrx_word' id='word_1_510' title='bbox 712 3793 972 3862; x_wconf 88' lang='lat' dir='ltr'><strong>quietudo</strong></span> <span class='ocrx_word' id='word_1_511' title='bbox 1001 3799 1096 3844; x_wconf 86' lang='lat' dir='ltr'><strong>aut</strong></span> <span class='ocrx_word' id='word_1_512' title='bbox 1129 3788 1396 3856; x_wconf 75' lang='lat' dir='ltr'><strong>fatigatio,</strong></span> <span class='ocrx_word' id='word_1_513' title='bbox 1448 3801 1546 3840; x_wconf 91' lang='lat' dir='ltr'><strong>nos</strong></span> <span class='ocrx_word' id='word_1_514' title='bbox 1575 3785 1674 3854; x_wconf 83' lang='lat' dir='ltr'><strong>ipsi</strong></span> <span class='ocrx_word' id='word_1_515' title='bbox 1707 3791 1800 3836; x_wconf 92' lang='lat' dir='ltr'><strong>aut</strong></span> <span class='ocrx_word' id='word_1_516' title='bbox 1848 3781 2077 3835; x_wconf 85' lang='lat' dir='ltr'><strong>heredes</strong></span> <span class='ocrx_word' id='word_1_517' title='bbox 2100 3780 2291 3843; x_wconf 91' lang='lat' dir='ltr'><strong>nostri,</strong></span> 
     </span>
    </p>
   </div>
   <div class='ocr_carea' id='block_1_69' title="bbox 713 3869 2296 3943">
    <p class='ocr_par' dir='ltr' id='par_1_69' title="bbox 713 3869 2296 3943">
     <span class='ocr_line' id='line_1_69' title="bbox 713 3869 2296 3943; baseline -0.01 -4"><span class='ocrx_word' id='word_1_518' title='bbox 713 3885 801 3939; x_wconf 89' lang='lat' dir='ltr'><strong>vel</strong></span> <span class='ocrx_word' id='word_1_519' title='bbox 841 3895 1217 3937; x_wconf 87' lang='lat' dir='ltr'><strong>successorum</strong></span> <span class='ocrx_word' id='word_1_520' title='bbox 1260 3885 1566 3942; x_wconf 87' lang='lat' dir='ltr'><strong>nostrorum</strong></span> <span class='ocrx_word' id='word_1_521' title='bbox 1599 3873 1689 3943; x_wconf 92' lang='lat' dir='ltr'><strong>qui</strong></span> <span class='ocrx_word' id='word_1_522' title='bbox 1735 3882 1926 3928; x_wconf 88' lang='lat' dir='ltr'><strong>contra</strong></span> <span class='ocrx_word' id='word_1_523' title='bbox 1957 3871 2064 3924; x_wconf 87' lang='lat' dir='ltr'><strong>hoc</strong></span> <span class='ocrx_word' id='word_1_524' title='bbox 2117 3869 2296 3923; x_wconf 90' lang='lat' dir='ltr'><strong>facere</strong></span> 
     </span>
    </p>
   </div>
   <div class='ocr_carea' id='block_1_70' title="bbox 709 3959 2294 4044">
    <p class='ocr_par' dir='ltr' id='par_1_70' title="bbox 709 3959 2294 4044">
     <span class='ocr_line' id='line_1_70' title="bbox 709 3959 2294 4044; baseline -0.01 -16"><span class='ocrx_word' id='word_1_525' title='bbox 709 3971 1177 4044; x_wconf 85' lang='lat' dir='ltr'><strong>presumpserint,</strong></span> <span class='ocrx_word' id='word_1_526' title='bbox 1227 3968 1503 4030; x_wconf 85' lang='lat' dir='ltr'><strong>inferant,</strong></span> <span class='ocrx_word' id='word_1_527' title='bbox 1561 3971 1718 4034; x_wconf 88' lang='lat' dir='ltr'><strong>parte</strong></span> <span class='ocrx_word' id='word_1_528' title='bbox 1765 3961 2127 4025; x_wconf 88' lang='lat' dir='ltr'><strong>custodiente,</strong></span> <span class='ocrx_word' id='word_1_529' title='bbox 2176 3959 2294 4018; x_wconf 89' lang='lat' dir='ltr'><strong>auri</strong></span> 
     </span>
    </p>
   </div>
   <div class='ocr_carea' id='block_1_71' title="bbox 713 4052 2293 4128">
    <p class='ocr_par' dir='ltr' id='par_1_71' title="bbox 713 4052 2293 4128">
     <span class='ocr_line' id='line_1_71' title="bbox 713 4052 2293 4128; baseline -0.012 -7"><span class='ocrx_word' id='word_1_530' title='bbox 713 4067 877 4120; x_wconf 86' lang='lat' dir='ltr'><strong>libras</strong></span> <span class='ocrx_word' id='word_1_531' title='bbox 902 4073 1031 4127; x_wconf 89' lang='lat' dir='ltr'><strong>tres,</strong></span> <span class='ocrx_word' id='word_1_532' title='bbox 1081 4061 1291 4128; x_wconf 75' lang='lat' dir='ltr'><strong>argenti</strong></span> <span class='ocrx_word' id='word_1_533' title='bbox 1322 4057 1560 4126; x_wconf 88' lang='lat' dir='ltr'><strong>pondera</strong></span> <span class='ocrx_word' id='word_1_534' title='bbox 1610 4054 2023 4124; x_wconf 78' lang='lat' dir='ltr'><strong>quinquaginta.</strong></span> <span class='ocrx_word' id='word_1_535' title='bbox 2074 4052 2293 4105; x_wconf 82' lang='lat' dir='ltr'><strong>Factam</strong></span> 
     </span>
    </p>
   </div>
   <div class='ocr_carea' id='block_1_72' title="bbox 711 4143 2296 4212">
    <p class='ocr_par' dir='ltr' id='par_1_72' title="bbox 711 4143 2296 4212">
     <span class='ocr_line' id='line_1_72' title="bbox 711 4143 2296 4212; baseline -0.011 0"><span class='ocrx_word' id='word_1_536' title='bbox 711 4155 1197 4212; x_wconf 89' lang='lat' dir='ltr'><strong>commutationem</strong></span> <span class='ocrx_word' id='word_1_537' title='bbox 1242 4152 1342 4205; x_wconf 91' lang='lat' dir='ltr'><strong>sub</strong></span> <span class='ocrx_word' id='word_1_538' title='bbox 1394 4149 1483 4203; x_wconf 91' lang='lat' dir='ltr'><strong>dic</strong></span> <span class='ocrx_word' id='word_1_539' title='bbox 1525 4163 1632 4204; x_wconf 76' lang='lat' dir='ltr'><strong>.xnt</strong></span> <span class='ocrx_word' id='word_1_540' title='bbox 1706 4146 1971 4200; x_wconf 77' lang='lat' dir='ltr'><strong>Kalendas</strong></span> <span class='ocrx_word' id='word_1_541' title='bbox 2018 4143 2296 4200; x_wconf 84' lang='lat' dir='ltr'><strong>Februarii</strong></span> 
     </span>
    </p>
   </div>
   <div class='ocr_carea' id='block_1_73' title="bbox 713 4233 2295 4314">
    <p class='ocr_par' dir='ltr' id='par_1_73' title="bbox 713 4233 2295 4314">
     <span class='ocr_line' id='line_1_73' title="bbox 713 4233 2295 4314; baseline -0.009 -14"><span class='ocrx_word' id='word_1_542' title='bbox 713 4265 855 4301; x_wconf 89' lang='lat' dir='ltr'><strong>anno</strong></span> <span class='ocrx_word' id='word_1_543' title='bbox 883 4247 915 4298; x_wconf 91' lang='lat'><strong>7</strong></span> <span class='ocrx_word' id='word_1_544' title='bbox 944 4245 1094 4314; x_wconf 87' lang='lat' dir='ltr'><strong>regni</strong></span> <span class='ocrx_word' id='word_1_545' title='bbox 1123 4244 1326 4297; x_wconf 92' lang='lat' dir='ltr'><strong>domno</strong></span> <span class='ocrx_word' id='word_1_546' title='bbox 1357 4248 1545 4295; x_wconf 91' lang='lat' dir='ltr'><strong>nostro</strong></span> <span class='ocrx_word' id='word_1_547' title='bbox 1567 4237 1924 4294; x_wconf 86' lang='lat' dir='ltr'><strong>Cbildeberto</strong></span> <span class='ocrx_word' id='word_1_548' title='bbox 1972 4237 2130 4304; x_wconf 81' lang='lat' dir='ltr'><strong>regis.</strong></span> <span class='ocrx_word' id='word_1_549' title='bbox 2184 4233 2295 4302; x_wconf 85' lang='lat' dir='ltr'><strong>Ego</strong></span> 
     </span>
    </p>
   </div>
   <div class='ocr_carea' id='block_1_74' title="bbox 716 4326 2295 4402">
    <p class='ocr_par' dir='ltr' id='par_1_74' title="bbox 716 4326 2295 4402">
     <span class='ocr_line' id='line_1_74' title="bbox 716 4326 2295 4402; baseline -0.008 -12"><span class='ocrx_word' id='word_1_550' title='bbox 716 4336 1026 4398; x_wconf 86' lang='lat' dir='ltr'><strong>llardricus,</strong></span> <span class='ocrx_word' id='word_1_551' title='bbox 1067 4333 1294 4402; x_wconf 86' lang='lat' dir='ltr'><strong>jubente</strong></span> <span class='ocrx_word' id='word_1_552' title='bbox 1341 4332 1540 4386; x_wconf 91' lang='lat' dir='ltr'><strong>domno</strong></span> <span class='ocrx_word' id='word_1_553' title='bbox 1588 4328 1778 4396; x_wconf 88' lang='lat' dir='ltr'><strong>Pipino</strong></span> <span class='ocrx_word' id='word_1_554' title='bbox 1821 4326 2044 4394; x_wconf 87' lang='lat' dir='ltr'><strong>ejusque</strong></span> <span class='ocrx_word' id='word_1_555' title='bbox 2089 4327 2295 4380; x_wconf 91' lang='lat' dir='ltr'><strong>illustra</strong></span> 
     </span>
    </p>
   </div>
   <div class='ocr_carea' id='block_1_75' title="bbox 715 4418 2292 4487">
    <p class='ocr_par' dir='ltr' id='par_1_75' title="bbox 715 4418 2292 4487">
     <span class='ocr_line' id='line_1_75' title="bbox 715 4418 2292 4487; baseline -0.007 -6"><span class='ocrx_word' id='word_1_556' title='bbox 715 4437 962 4481; x_wconf 84' lang='lat' dir='ltr'><strong>matrona</strong></span> <span class='ocrx_word' id='word_1_557' title='bbox 986 4425 1290 4487; x_wconf 88' lang='lat' dir='ltr'><strong>Plectrude,</strong></span> <span class='ocrx_word' id='word_1_558' title='bbox 1307 4424 1666 4477; x_wconf 87' lang='lat' dir='ltr'><strong>banccartam</strong></span> <span class='ocrx_word' id='word_1_559' title='bbox 1692 4419 1882 4487; x_wconf 87' lang='lat' dir='ltr'><strong>scripsi</strong></span> <span class='ocrx_word' id='word_1_560' title='bbox 1903 4428 1956 4472; x_wconf 85' lang='lat' dir='ltr'><strong>et</strong></span> <span class='ocrx_word' id='word_1_561' title='bbox 1977 4418 2292 4487; x_wconf 87' lang='lat' dir='ltr'><strong>subscripsi.</strong></span> 
     </span>
    </p>
   </div>
   <div class='ocr_carea' id='block_1_76' title="bbox 2398 3230 3977 3303">
    <p class='ocr_par' dir='ltr' id='par_1_76' title="bbox 2398 3230 3977 3303">
     <span class='ocr_line' id='line_1_76' title="bbox 2398 3230 3977 3303; baseline 0.005 -20"><span class='ocrx_word' id='word_1_562' title='bbox 2398 3238 2586 3283; x_wconf 90' lang='lat' dir='ltr'><strong>contra</strong></span> <span class='ocrx_word' id='word_1_563' title='bbox 2622 3230 2759 3303; x_wconf 88' lang='lat' dir='ltr'><strong>hanc</strong></span> <span class='ocrx_word' id='word_1_564' title='bbox 2788 3231 3162 3286; x_wconf 90' lang='lat' dir='ltr'><strong>vendicionem</strong></span> <span class='ocrx_word' id='word_1_565' title='bbox 3208 3248 3366 3300; x_wconf 91' lang='lat' dir='ltr'><strong>quam</strong></span> <span class='ocrx_word' id='word_1_566' title='bbox 3400 3247 3498 3300; x_wconf 82' lang='lat' dir='ltr'><strong>ego</strong></span> <span class='ocrx_word' id='word_1_567' title='bbox 3531 3234 3836 3302; x_wconf 88' lang='lat' dir='ltr'><strong>plenissima</strong></span> <span class='ocrx_word' id='word_1_568' title='bbox 3883 3253 3977 3291; x_wconf 78' lang='lat' dir='ltr'><strong>vo-</strong></span> 
     </span>
    </p>
   </div>
   <div class='ocr_carea' id='block_1_77' title="bbox 2397 3321 3978 3393">
    <p class='ocr_par' dir='ltr' id='par_1_77' title="bbox 2397 3321 3978 3393">
     <span class='ocr_line' id='line_1_77' title="bbox 2397 3321 3978 3393; baseline 0.007 -20"><span class='ocrx_word' id='word_1_569' title='bbox 2397 3321 2600 3375; x_wconf 85' lang='lat' dir='ltr'><strong>luntate</strong></span> <span class='ocrx_word' id='word_1_570' title='bbox 2629 3323 2740 3375; x_wconf 83' lang='lat' dir='ltr'><strong>fieri</strong></span> <span class='ocrx_word' id='word_1_571' title='bbox 2771 3323 2856 3375; x_wconf 84' lang='lat' dir='ltr'><strong>vel</strong></span> <span class='ocrx_word' id='word_1_572' title='bbox 2908 3325 3177 3380; x_wconf 83' lang='lat' dir='ltr'><strong>conscribi</strong></span> <span class='ocrx_word' id='word_1_573' title='bbox 3206 3326 3412 3393; x_wconf 84' lang='lat' dir='ltr'><strong>rogavi,</strong></span> <span class='ocrx_word' id='word_1_574' title='bbox 3446 3327 3630 3380; x_wconf 90' lang='lat' dir='ltr'><strong>venire</strong></span> <span class='ocrx_word' id='word_1_575' title='bbox 3654 3337 3747 3381; x_wconf 90' lang='lat' dir='ltr'><strong>aut</strong></span> <span class='ocrx_word' id='word_1_576' title='bbox 3798 3327 3978 3384; x_wconf 80' lang='lat' dir='ltr'><strong>effrin-</strong></span> 
     </span>
    </p>
   </div>
   <div class='ocr_carea' id='block_1_78' title="bbox 2395 3415 3979 3481">
    <p class='ocr_par' dir='ltr' id='par_1_78' title="bbox 2395 3415 3979 3481">
     <span class='ocr_line' id='line_1_78' title="bbox 2395 3415 3979 3481; baseline 0.007 -17"><span class='ocrx_word' id='word_1_577' title='bbox 2395 3424 2522 3478; x_wconf 89' lang='lat' dir='ltr'><strong>gere</strong></span> <span class='ocrx_word' id='word_1_578' title='bbox 2550 3415 2956 3481; x_wconf 86' lang='lat' dir='ltr'><strong>presumpserit,</strong></span> <span class='ocrx_word' id='word_1_579' title='bbox 2987 3425 3040 3468; x_wconf 89' lang='lat' dir='ltr'><strong>et</strong></span> <span class='ocrx_word' id='word_1_580' title='bbox 3068 3431 3098 3469; x_wconf 91' lang='lat' dir='ltr'><strong>a</strong></span> <span class='ocrx_word' id='word_1_581' title='bbox 3129 3431 3215 3471; x_wconf 89' lang='lat' dir='ltr'><strong>me</strong></span> <span class='ocrx_word' id='word_1_582' title='bbox 3237 3418 3321 3472; x_wconf 90' lang='lat' dir='ltr'><strong>vel</strong></span> <span class='ocrx_word' id='word_1_583' title='bbox 3349 3434 3377 3472; x_wconf 92' lang='lat' dir='ltr'><strong>a</strong></span> <span class='ocrx_word' id='word_1_584' title='bbox 3401 3421 3536 3474; x_wconf 89' lang='lat' dir='ltr'><strong>meis</strong></span> <span class='ocrx_word' id='word_1_585' title='bbox 3566 3423 3853 3476; x_wconf 87' lang='lat' dir='ltr'><strong>heredibus</strong></span> <span class='ocrx_word' id='word_1_586' title='bbox 3885 3421 3979 3475; x_wconf 83' lang='lat' dir='ltr'><strong>de-</strong></span> 
     </span>
    </p>
   </div>
   <div class='ocr_carea' id='block_1_79' title="bbox 2397 3502 3978 3569">
    <p class='ocr_par' dir='ltr' id='par_1_79' title="bbox 2397 3502 3978 3569">
     <span class='ocr_line' id='line_1_79' title="bbox 2397 3502 3978 3569; baseline 0.006 -15"><span class='ocrx_word' id='word_1_587' title='bbox 2397 3502 2666 3555; x_wconf 89' lang='lat' dir='ltr'><strong>fensatum</strong></span> <span class='ocrx_word' id='word_1_588' title='bbox 2690 3517 2796 3556; x_wconf 89' lang='lat' dir='ltr'><strong>non</strong></span> <span class='ocrx_word' id='word_1_589' title='bbox 2829 3503 3008 3569; x_wconf 85' lang='lat' dir='ltr'><strong>fuerit,</strong></span> <span class='ocrx_word' id='word_1_590' title='bbox 3035 3513 3163 3559; x_wconf 92' lang='lat' dir='ltr'><strong>tunc</strong></span> <span class='ocrx_word' id='word_1_591' title='bbox 3212 3506 3502 3562; x_wconf 80' lang='lat' dir='ltr'><strong>inferamus</strong></span> <span class='ocrx_word' id='word_1_592' title='bbox 3529 3524 3626 3562; x_wconf 90' lang='lat' dir='ltr'><strong>nos</strong></span> <span class='ocrx_word' id='word_1_593' title='bbox 3645 3510 3730 3564; x_wconf 90' lang='lat' dir='ltr'><strong>vel</strong></span> <span class='ocrx_word' id='word_1_594' title='bbox 3756 3510 3978 3564; x_wconf 87' lang='lat' dir='ltr'><strong>heredes</strong></span> 
     </span>
    </p>
   </div>
   <div class='ocr_carea' id='block_1_80' title="bbox 2396 3593 3978 3664">
    <p class='ocr_par' dir='ltr' id='par_1_80' title="bbox 2396 3593 3978 3664">
     <span class='ocr_line' id='line_1_80' title="bbox 2396 3593 3978 3664; baseline 0.006 -21"><span class='ocrx_word' id='word_1_595' title='bbox 2396 3593 2568 3645; x_wconf 85' lang='lat' dir='ltr'><strong>nostri</strong></span> <span class='ocrx_word' id='word_1_596' title='bbox 2598 3600 2805 3646; x_wconf 91' lang='lat' dir='ltr'><strong>tantum</strong></span> <span class='ocrx_word' id='word_1_597' title='bbox 2828 3602 2883 3646; x_wconf 90' lang='lat' dir='ltr'><strong>et</strong></span> <span class='ocrx_word' id='word_1_598' title='bbox 2911 3594 3017 3648; x_wconf 90' lang='lat' dir='ltr'><strong>alia</strong></span> <span class='ocrx_word' id='word_1_599' title='bbox 3048 3603 3280 3664; x_wconf 85' lang='lat' dir='ltr'><strong>tantum,</strong></span> <span class='ocrx_word' id='word_1_600' title='bbox 3310 3606 3568 3664; x_wconf 90' lang='lat' dir='ltr'><strong>quantum</strong></span> <span class='ocrx_word' id='word_1_601' title='bbox 3597 3613 3627 3651; x_wconf 93' lang='lat' dir='ltr'><strong>a</strong></span> <span class='ocrx_word' id='word_1_602' title='bbox 3651 3599 3801 3654; x_wconf 83' lang='lat' dir='ltr'><strong>vobis</strong></span> <span class='ocrx_word' id='word_1_603' title='bbox 3827 3613 3978 3653; x_wconf 86' lang='lat' dir='ltr'><strong>acce-</strong></span> 
     </span>
    </p>
   </div>
   <div class='ocr_carea' id='block_1_81' title="bbox 2397 3682 3974 3754">
    <p class='ocr_par' dir='ltr' id='par_1_81' title="bbox 2397 3682 3974 3754">
     <span class='ocr_line' id='line_1_81' title="bbox 2397 3682 3974 3754; baseline 0.004 -20"><span class='ocrx_word' id='word_1_604' title='bbox 2397 3682 2688 3750; x_wconf 89' lang='lat' dir='ltr'><strong>pimus,vel</strong></span> <span class='ocrx_word' id='word_1_605' title='bbox 2719 3691 2976 3752; x_wconf 88' lang='lat' dir='ltr'><strong>quantum</strong></span> <span class='ocrx_word' id='word_1_606' title='bbox 2993 3685 3104 3752; x_wconf 91' lang='lat' dir='ltr'><strong>ipsa</strong></span> <span class='ocrx_word' id='word_1_607' title='bbox 3128 3700 3216 3739; x_wconf 91' lang='lat' dir='ltr'><strong>res</strong></span> <span class='ocrx_word' id='word_1_608' title='bbox 3244 3701 3310 3739; x_wconf 94' lang='lat' dir='ltr'><strong>eo</strong></span> <span class='ocrx_word' id='word_1_609' title='bbox 3331 3697 3569 3754; x_wconf 89' lang='lat' dir='ltr'><strong>tempore</strong></span> <span class='ocrx_word' id='word_1_610' title='bbox 3592 3688 3869 3742; x_wconf 86' lang='lat' dir='ltr'><strong>meliorata</strong></span> <span class='ocrx_word' id='word_1_611' title='bbox 3885 3705 3974 3740; x_wconf 79' lang='lat' dir='ltr'><strong>va-</strong></span> 
     </span>
    </p>
   </div>
   <div class='ocr_carea' id='block_1_82' title="bbox 2399 3772 3975 3848">
    <p class='ocr_par' dir='ltr' id='par_1_82' title="bbox 2399 3772 3975 3848">
     <span class='ocr_line' id='line_1_82' title="bbox 2399 3772 3975 3848; baseline 0.005 -24"><span class='ocrx_word' id='word_1_612' title='bbox 2399 3772 2576 3836; x_wconf 91' lang='lat' dir='ltr'><strong>luerit,</strong></span> <span class='ocrx_word' id='word_1_613' title='bbox 2608 3772 2824 3841; x_wconf 87' lang='lat' dir='ltr'><strong>duplam</strong></span> <span class='ocrx_word' id='word_1_614' title='bbox 2855 3775 3139 3841; x_wconf 85' lang='lat' dir='ltr'><strong>pecuniam</strong></span> <span class='ocrx_word' id='word_1_615' title='bbox 3167 3783 3364 3830; x_wconf 89' lang='lat' dir='ltr'><strong>statuta</strong></span> <span class='ocrx_word' id='word_1_616' title='bbox 3385 3786 3632 3832; x_wconf 89' lang='lat' dir='ltr'><strong>servante</strong></span> <span class='ocrx_word' id='word_1_617' title='bbox 3659 3787 3975 3848; x_wconf 90' lang='lat' dir='ltr'><strong>componat,</strong></span> 
     </span>
    </p>
   </div>
   <div class='ocr_carea' id='block_1_83' title="bbox 2398 3866 3978 3942">
    <p class='ocr_par' dir='ltr' id='par_1_83' title="bbox 2398 3866 3978 3942">
     <span class='ocr_line' id='line_1_83' title="bbox 2398 3866 3978 3942; baseline 0.005 -23"><span class='ocrx_word' id='word_1_618' title='bbox 2398 3874 2454 3920; x_wconf 90' lang='lat' dir='ltr'><strong>et</strong></span> <span class='ocrx_word' id='word_1_619' title='bbox 2474 3866 2617 3933; x_wconf 90' lang='lat' dir='ltr'><strong>quod</strong></span> <span class='ocrx_word' id='word_1_620' title='bbox 2646 3868 2842 3935; x_wconf 90' lang='lat' dir='ltr'><strong>repetit</strong></span> <span class='ocrx_word' id='word_1_621' title='bbox 2867 3868 3181 3923; x_wconf 73' lang='lat' dir='ltr'><strong>erindicare</strong></span> <span class='ocrx_word' id='word_1_622' title='bbox 3205 3884 3308 3924; x_wconf 91' lang='lat' dir='ltr'><strong>non</strong></span> <span class='ocrx_word' id='word_1_623' title='bbox 3351 3871 3570 3935; x_wconf 89' lang='lat' dir='ltr'><strong>valeat,</strong></span> <span class='ocrx_word' id='word_1_624' title='bbox 3617 3873 3711 3926; x_wconf 91' lang='lat' dir='ltr'><strong>sed</strong></span> <span class='ocrx_word' id='word_1_625' title='bbox 3757 3887 3978 3942; x_wconf 79' lang='lat' dir='ltr'><strong>presens</strong></span> 
     </span>
    </p>
   </div>
   <div class='ocr_carea' id='block_1_84' title="bbox 2397 3956 3977 4033">
    <p class='ocr_par' dir='ltr' id='par_1_84' title="bbox 2397 3956 3977 4033">
     <span class='ocr_line' id='line_1_84' title="bbox 2397 3956 3977 4033; baseline 0.006 -24"><span class='ocrx_word' id='word_1_626' title='bbox 2397 3956 2645 4010; x_wconf 90' lang='lat' dir='ltr'><strong>vendicio</strong></span> <span class='ocrx_word' id='word_1_627' title='bbox 2681 3958 2780 4010; x_wconf 88' lang='lat' dir='ltr'><strong>hec</strong></span> <span class='ocrx_word' id='word_1_628' title='bbox 2799 3958 2947 4012; x_wconf 91' lang='lat' dir='ltr'><strong>omni</strong></span> <span class='ocrx_word' id='word_1_629' title='bbox 2964 3967 3203 4028; x_wconf 88' lang='lat' dir='ltr'><strong>tempore</strong></span> <span class='ocrx_word' id='word_1_630' title='bbox 3223 3961 3371 4014; x_wconf 77' lang='lat' dir='ltr'><strong>firma</strong></span> <span class='ocrx_word' id='word_1_631' title='bbox 3395 3971 3451 4016; x_wconf 90' lang='lat' dir='ltr'><strong>ct</strong></span> <span class='ocrx_word' id='word_1_632' title='bbox 3479 3963 3735 4016; x_wconf 89' lang='lat' dir='ltr'><strong>inviolata</strong></span> <span class='ocrx_word' id='word_1_633' title='bbox 3767 3980 3977 4033; x_wconf 86' lang='lat' dir='ltr'><strong>perma-</strong></span> 
     </span>
    </p>
   </div>
   <div class='ocr_carea' id='block_1_85' title="bbox 2400 4049 3338 4116">
    <p class='ocr_par' dir='ltr' id='par_1_85' title="bbox 2400 4049 3338 4116">
     <span class='ocr_line' id='line_1_85' title="bbox 2400 4049 3338 4116; baseline 0.004 -15"><span class='ocrx_word' id='word_1_634' title='bbox 2400 4057 2545 4112; x_wconf 86' lang='lat' dir='ltr'><strong>neat,</strong></span> <span class='ocrx_word' id='word_1_635' title='bbox 2577 4063 2696 4102; x_wconf 92' lang='lat' dir='ltr'><strong>cum</strong></span> <span class='ocrx_word' id='word_1_636' title='bbox 2727 4049 3071 4116; x_wconf 87' lang='lat' dir='ltr'><strong>stipulatione</strong></span> <span class='ocrx_word' id='word_1_637' title='bbox 3094 4052 3338 4105; x_wconf 85' lang='lat' dir='ltr'><strong>subnixa.</strong></span> 
     </span>
    </p>
   </div>
   <div class='ocr_carea' id='block_1_86' title="bbox 2474 4140 3978 4212">
    <p class='ocr_par' dir='ltr' id='par_1_86' title="bbox 2474 4140 3978 4212">
     <span class='ocr_line' id='line_1_86' title="bbox 2474 4140 3978 4212; baseline 0.003 -16"><span class='ocrx_word' id='word_1_638' title='bbox 2474 4145 2665 4196; x_wconf 84' lang='lat' dir='ltr'><strong>Actum</strong></span> <span class='ocrx_word' id='word_1_639' title='bbox 2694 4140 2870 4196; x_wconf 91' lang='lat' dir='ltr'><strong>Sitdiu</strong></span> <span class='ocrx_word' id='word_1_640' title='bbox 2891 4145 3402 4212; x_wconf 86' lang='lat' dir='ltr'><strong>monasterio,quod</strong></span> <span class='ocrx_word' id='word_1_641' title='bbox 3434 4144 3560 4200; x_wconf 89' lang='lat' dir='ltr'><strong>fecit</strong></span> <span class='ocrx_word' id='word_1_642' title='bbox 3585 4147 3784 4200; x_wconf 89' lang='lat' dir='ltr'><strong>mensis</strong></span> <span class='ocrx_word' id='word_1_643' title='bbox 3811 4146 3978 4202; x_wconf 71' lang='lat' dir='ltr'><strong>Maius</strong></span> 
     </span>
    </p>
   </div>
   <div class='ocr_carea' id='block_1_87' title="bbox 2400 4234 3977 4304">
    <p class='ocr_par' dir='ltr' id='par_1_87' title="bbox 2400 4234 3977 4304">
     <span class='ocr_line' id='line_1_87' title="bbox 2400 4234 3977 4304; baseline 0.002 -16"><span class='ocrx_word' id='word_1_644' title='bbox 2400 4234 2514 4288; x_wconf 88' lang='lat' dir='ltr'><strong>dies</strong></span> <span class='ocrx_word' id='word_1_645' title='bbox 2541 4234 2651 4302; x_wconf 77' lang='lat' dir='ltr'><strong>xvj,</strong></span> <span class='ocrx_word' id='word_1_646' title='bbox 2678 4249 2821 4288; x_wconf 89' lang='lat' dir='ltr'><strong>anno</strong></span> <span class='ocrx_word' id='word_1_647' title='bbox 2848 4251 2884 4287; x_wconf 75' lang='grc' dir='ltr'><strong>ι</strong></span> <span class='ocrx_word' id='word_1_648' title='bbox 2909 4236 3060 4301; x_wconf 71' lang='lat' dir='ltr'><strong>regni</strong></span> <span class='ocrx_word' id='word_1_649' title='bbox 3088 4235 3268 4288; x_wconf 92' lang='lat' dir='ltr'><strong>domni</strong></span> <span class='ocrx_word' id='word_1_650' title='bbox 3296 4237 3462 4290; x_wconf 88' lang='lat' dir='ltr'><strong>nostri</strong></span> <span class='ocrx_word' id='word_1_651' title='bbox 3489 4237 3815 4291; x_wconf 71' lang='lat' dir='ltr'><strong>(lbildeberti</strong></span> <span class='ocrx_word' id='word_1_652' title='bbox 3866 4239 3977 4304; x_wconf 86' lang='lat' dir='ltr'><strong>glo-</strong></span> 
     </span>
    </p>
   </div>
   <div class='ocr_carea' id='block_1_88' title="bbox 2400 4323 3974 4395">
    <p class='ocr_par' dir='ltr' id='par_1_88' title="bbox 2400 4323 3974 4395">
     <span class='ocr_line' id='line_1_88' title="bbox 2400 4323 3974 4395; baseline 0.003 -19"><span class='ocrx_word' id='word_1_653' title='bbox 2400 4324 2527 4376; x_wconf 92' lang='lat' dir='ltr'><strong>riosi</strong></span> <span class='ocrx_word' id='word_1_654' title='bbox 2551 4324 2709 4390; x_wconf 82' lang='lat' dir='ltr'><strong>regis.</strong></span> <span class='ocrx_word' id='word_1_655' title='bbox 2731 4350 2805 4362; x_wconf 93' lang='lat'>—</span> <span class='ocrx_word' id='word_1_656' title='bbox 2831 4323 3053 4391; x_wconf 84' lang='lat' dir='ltr'><strong>Signum</strong></span> <span class='ocrx_word' id='word_1_657' title='bbox 3087 4323 3359 4388; x_wconf 85' lang='lat' dir='ltr'><strong>Eodberti,</strong></span> <span class='ocrx_word' id='word_1_658' title='bbox 3385 4327 3473 4395; x_wconf 92' lang='lat' dir='ltr'><strong>qui</strong></span> <span class='ocrx_word' id='word_1_659' title='bbox 3524 4327 3659 4381; x_wconf 91' lang='lat' dir='ltr'><strong>hanc</strong></span> <span class='ocrx_word' id='word_1_660' title='bbox 3704 4327 3974 4381; x_wconf 88' lang='lat' dir='ltr'><strong>vendicio-</strong></span> 
     </span>
    </p>
   </div>
   <div class='ocr_carea' id='block_1_89' title="bbox 2403 4412 3974 4487">
    <p class='ocr_par' dir='ltr' id='par_1_89' title="bbox 2403 4412 3974 4487">
     <span class='ocr_line' id='line_1_89' title="bbox 2403 4412 3974 4487; baseline 0.003 -21"><span class='ocrx_word' id='word_1_661' title='bbox 2403 4427 2526 4466; x_wconf 91' lang='lat' dir='ltr'><strong>nem</strong></span> <span class='ocrx_word' id='word_1_662' title='bbox 2558 4412 2669 4465; x_wconf 84' lang='lat' dir='ltr'><strong>fteri</strong></span> <span class='ocrx_word' id='word_1_663' title='bbox 2695 4413 2920 4480; x_wconf 89' lang='lat' dir='ltr'><strong>rogavit.</strong></span> <span class='ocrx_word' id='word_1_664' title='bbox 2943 4438 3014 4447; x_wconf 88' lang='lat'><strong>—-</strong></span> <span class='ocrx_word' id='word_1_665' title='bbox 3042 4413 3262 4480; x_wconf 80' lang='lat' dir='ltr'><strong>Signum</strong></span> <span class='ocrx_word' id='word_1_666' title='bbox 3307 4414 3630 4471; x_wconf 84' lang='lat' dir='ltr'><strong>Fladeberti.</strong></span> <span class='ocrx_word' id='word_1_667' title='bbox 3660 4450 3731 4460; x_wconf 95' lang='lat'><strong>——</strong></span> <span class='ocrx_word' id='word_1_668' title='bbox 3759 4417 3974 4487; x_wconf 90' lang='lat' dir='ltr'><strong>Signum</strong></span> 
     </span>
    </p>
   </div>
   <div class='ocr_carea' id='block_1_90' title="bbox 715 4501 3977 4582">
    <p class='ocr_par' dir='ltr' id='par_1_90' title="bbox 715 4501 3977 4582">
     <span class='ocr_line' id='line_1_90' title="bbox 715 4501 3977 4582; baseline -0.003 -12"><span class='ocrx_word' id='word_1_669' title='bbox 715 4548 787 4558; x_wconf 82' lang='lat'><strong>——</strong></span> <span class='ocrx_word' id='word_1_670' title='bbox 813 4516 873 4570; x_wconf 92' lang='lat' dir='ltr'><strong>S.</strong></span> <span class='ocrx_word' id='word_1_671' title='bbox 898 4503 1225 4582; x_wconf 77' lang='lat' dir='ltr'><strong>Ansigisubo</strong></span> <span class='ocrx_word' id='word_1_672' title='bbox 1254 4511 1472 4566; x_wconf 91' lang='lat' dir='ltr'><strong>comite.</strong></span> <span class='ocrx_word' id='word_1_673' title='bbox 1503 4540 1574 4550; x_wconf 91' lang='lat'><strong>—-</strong></span> <span class='ocrx_word' id='word_1_674' title='bbox 1603 4509 1659 4564; x_wconf 91' lang='lat' dir='ltr'><strong>S.</strong></span> <span class='ocrx_word' id='word_1_675' title='bbox 1715 4509 1984 4562; x_wconf 85' lang='lat' dir='ltr'><strong>Ansberto</strong></span> <span class='ocrx_word' id='word_1_676' title='bbox 2035 4523 2176 4562; x_wconf 92' lang='lat' dir='ltr'><strong>com.</strong></span> <span class='ocrx_word' id='word_1_677' title='bbox 2229 4538 2297 4548; x_wconf 87' lang='lat'>—</span> <span class='ocrx_word' id='word_1_678' title='bbox 2325 4507 2378 4566; x_wconf 84' lang='grc' dir='ltr'>ι)</span> <span class='ocrx_word' id='word_1_679' title='bbox 2403 4501 2748 4556; x_wconf 80' lang='lat' dir='ltr'><strong>Madalcbari.</strong></span> <span class='ocrx_word' id='word_1_680' title='bbox 2771 4531 2842 4541; x_wconf 89' lang='lat'><strong><em>—</em></strong></span> <span class='ocrx_word' id='word_1_681' title='bbox 2889 4503 3110 4569; x_wconf 87' lang='lat' dir='ltr'><strong>Signum</strong></span> <span class='ocrx_word' id='word_1_682' title='bbox 3158 4502 3436 4557; x_wconf 85' lang='lat' dir='ltr'><strong>Erleberti.</strong></span> <span class='ocrx_word' id='word_1_683' title='bbox 3469 4535 3536 4544; x_wconf 93' lang='lat'><strong>—</strong></span> <span class='ocrx_word' id='word_1_684' title='bbox 3584 4506 3803 4574; x_wconf 88' lang='lat' dir='ltr'><strong>Signum</strong></span> <span class='ocrx_word' id='word_1_685' title='bbox 3832 4507 3977 4561; x_wconf 85' lang='lat' dir='ltr'><strong>Chil-</strong></span> 
     </span>
    </p>
   </div>
   <div class='ocr_carea' id='block_1_91' title="bbox 716 4597 2298 4660">
    <p class='ocr_par' dir='ltr' id='par_1_91' title="bbox 716 4597 2298 4660">
     <span class='ocr_line' id='line_1_91' title="bbox 716 4597 2298 4660; baseline -0.005 0"><span class='ocrx_word' id='word_1_686' title='bbox 716 4605 777 4660; x_wconf 91' lang='lat' dir='ltr'><strong>S.</strong></span> <span class='ocrx_word' id='word_1_687' title='bbox 801 4603 1060 4659; x_wconf 89' lang='lat' dir='ltr'><strong>llardrieo</strong></span> <span class='ocrx_word' id='word_1_688' title='bbox 1087 4618 1230 4658; x_wconf 91' lang='lat' dir='ltr'><strong>com.</strong></span> <span class='ocrx_word' id='word_1_689' title='bbox 1251 4633 1318 4642; x_wconf 94' lang='lat'><strong><em>—</em></strong></span> <span class='ocrx_word' id='word_1_690' title='bbox 1339 4605 1393 4656; x_wconf 84' lang='lat' dir='ltr'><strong>S.</strong></span> <span class='ocrx_word' id='word_1_691' title='bbox 1434 4603 1647 4656; x_wconf 83' lang='lat' dir='ltr'><strong>Bovoue</strong></span> <span class='ocrx_word' id='word_1_692' title='bbox 1676 4615 1816 4653; x_wconf 91' lang='lat' dir='ltr'><strong>com.</strong></span> <span class='ocrx_word' id='word_1_693' title='bbox 1843 4599 1978 4653; x_wconf 84' lang='lat' dir='ltr'><strong>—-S.</strong></span> <span class='ocrx_word' id='word_1_694' title='bbox 2012 4597 2298 4652; x_wconf 86' lang='lat' dir='ltr'><strong>Erimardo</strong></span> 
     </span>
    </p>
   </div>
   <div class='ocr_carea' id='block_1_92' title="bbox 715 4689 2300 4751">
    <p class='ocr_par' dir='ltr' id='par_1_92' title="bbox 715 4689 2300 4751">
     <span class='ocr_line' id='line_1_92' title="bbox 715 4689 2300 4751; baseline -0.006 0"><span class='ocrx_word' id='word_1_695' title='bbox 715 4711 858 4751; x_wconf 90' lang='lat' dir='ltr'><strong>eom.</strong></span> <span class='ocrx_word' id='word_1_696' title='bbox 909 4725 980 4734; x_wconf 92' lang='lat'><strong>—</strong></span> <span class='ocrx_word' id='word_1_697' title='bbox 1008 4693 1066 4747; x_wconf 92' lang='lat' dir='ltr'><strong>S.</strong></span> <span class='ocrx_word' id='word_1_698' title='bbox 1101 4692 1317 4748; x_wconf 87' lang='lat' dir='ltr'><strong>Bathiso</strong></span> <span class='ocrx_word' id='word_1_699' title='bbox 1360 4707 1502 4747; x_wconf 91' lang='lat' dir='ltr'><strong>com.</strong></span> <span class='ocrx_word' id='word_1_700' title='bbox 1553 4689 1684 4744; x_wconf 91' lang='lat' dir='ltr'><strong>—S.</strong></span> <span class='ocrx_word' id='word_1_701' title='bbox 1727 4689 2010 4744; x_wconf 89' lang='lat' dir='ltr'><strong>Conduino</strong></span> <span class='ocrx_word' id='word_1_702' title='bbox 2056 4703 2198 4743; x_wconf 91' lang='lat' dir='ltr'><strong>com.</strong></span> <span class='ocrx_word' id='word_1_703' title='bbox 2231 4716 2300 4726; x_wconf 95' lang='lat'><strong>—</strong></span> 
     </span>
    </p>
   </div>
   <div class='ocr_carea' id='block_1_93' title="bbox 715 4783 1255 4842">
    <p class='ocr_par' dir='ltr' id='par_1_93' title="bbox 715 4783 1255 4842">
     <span class='ocr_line' id='line_1_93' title="bbox 715 4783 1255 4842; baseline -0.013 0"><span class='ocrx_word' id='word_1_704' title='bbox 715 4789 774 4842; x_wconf 91' lang='lat' dir='ltr'><strong>S.</strong></span> <span class='ocrx_word' id='word_1_705' title='bbox 802 4783 1083 4840; x_wconf 80' lang='lat' dir='ltr'><strong>Ramfrido</strong></span> <span class='ocrx_word' id='word_1_706' title='bbox 1112 4799 1255 4837; x_wconf 91' lang='lat' dir='ltr'><strong>com.</strong></span> 
     </span>
    </p>
   </div>
   <div class='ocr_carea' id='block_1_94' title="bbox 718 4893 2298 4957">
    <p class='ocr_par' dir='ltr' id='par_1_94' title="bbox 718 4893 2298 4957">
     <span class='ocr_line' id='line_1_94' title="bbox 718 4893 2298 4957; baseline -0.003 -6"><span class='ocrx_word' id='word_1_707' title='bbox 718 4899 940 4952; x_wconf 87' lang='lat' dir='ltr'><strong>archivo</strong></span> <span class='ocrx_word' id='word_1_708' title='bbox 980 4896 1038 4950; x_wconf 92' lang='lat' dir='ltr'><strong>S.</strong></span> <span class='ocrx_word' id='word_1_709' title='bbox 1089 4895 1288 4957; x_wconf 84' lang='lat' dir='ltr'><strong>Vitoni,</strong></span> <span class='ocrx_word' id='word_1_710' title='bbox 1348 4893 1441 4946; x_wconf 90' lang='lat' dir='ltr'><strong>sed</strong></span> <span class='ocrx_word' id='word_1_711' title='bbox 1489 4893 1742 4956; x_wconf 91' lang='lat' dir='ltr'><strong>hiulcam,</strong></span> <span class='ocrx_word' id='word_1_712' title='bbox 1797 4907 1918 4946; x_wconf 91' lang='lat' dir='ltr'><strong>cum</strong></span> <span class='ocrx_word' id='word_1_713' title='bbox 1979 4893 2031 4946; x_wconf 92' lang='lat' dir='ltr'><strong>in</strong></span> <span class='ocrx_word' id='word_1_714' title='bbox 2085 4901 2298 4947; x_wconf 86' lang='lat' dir='ltr'><strong>vetusto</strong></span> 
     </span>
    </p>
   </div>
   <div class='ocr_carea' id='block_1_95' title="bbox 728 4963 2296 5032">
    <p class='ocr_par' dir='ltr' id='par_1_95' title="bbox 728 4963 2296 5032">
     <span class='ocr_line' id='line_1_95' title="bbox 728 4963 2296 5032; baseline -0.003 -10"><span class='ocrx_word' id='word_1_715' title='bbox 728 4971 1084 5022; x_wconf 90' lang='lat' dir='ltr'><strong>instrumento</strong></span> <span class='ocrx_word' id='word_1_716' title='bbox 1111 4980 1301 5016; x_wconf 78' lang='lat' dir='ltr'><strong>Vncum</strong></span> <span class='ocrx_word' id='word_1_717' title='bbox 1329 4964 1682 5032; x_wconf 88' lang='lat' dir='ltr'><strong>quarumdam</strong></span> <span class='ocrx_word' id='word_1_718' title='bbox 1741 4963 2026 5015; x_wconf 85' lang='lat' dir='ltr'><strong>lectionem</strong></span> <span class='ocrx_word' id='word_1_719' title='bbox 2083 4965 2296 5032; x_wconf 70' lang='lat' dir='ltr'><strong>assequi</strong></span> 
     </span>
    </p>
   </div>
   <div class='ocr_carea' id='block_1_96' title="bbox 720 5033 2299 5106">
    <p class='ocr_par' dir='ltr' id='par_1_96' title="bbox 720 5033 2299 5106">
     <span class='ocr_line' id='line_1_96' title="bbox 720 5033 2299 5106; baseline -0.003 -15"><span class='ocrx_word' id='word_1_720' title='bbox 720 5054 829 5092; x_wconf 85' lang='lat' dir='ltr'><strong>non</strong></span> <span class='ocrx_word' id='word_1_721' title='bbox 860 5036 1143 5106; x_wconf 86' lang='lat' dir='ltr'><strong>potuisset.</strong></span> <span class='ocrx_word' id='word_1_722' title='bbox 1179 5034 1259 5106; x_wconf 60' lang='lat' dir='ltr'><strong>Et;</strong></span> <span class='ocrx_word' id='word_1_723' title='bbox 1284 5036 1472 5106; x_wconf 81' lang='lat' dir='ltr'><strong>eodem</strong></span> <span class='ocrx_word' id='word_1_724' title='bbox 1504 5033 2115 5106; x_wconf 59' lang='lat' dir='ltr'><strong>archivodepromptam</strong></span> <span class='ocrx_word' id='word_1_725' title='bbox 2140 5034 2299 5106; x_wconf 68' lang='lat' dir='ltr'><strong>longo</strong></span> 
     </span>
    </p>
   </div>
   <div class='ocr_carea' id='block_1_97' title="bbox 723 5101 2295 5174">
    <p class='ocr_par' dir='ltr' id='par_1_97' title="bbox 723 5101 2295 5174">
     <span class='ocr_line' id='line_1_97' title="bbox 723 5101 2295 5174; baseline -0.003 -15"><span class='ocrx_word' id='word_1_726' title='bbox 723 5116 845 5174; x_wconf 89' lang='lat' dir='ltr'><strong>post</strong></span> <span class='ocrx_word' id='word_1_727' title='bbox 864 5101 1115 5172; x_wconf 71' lang='lat' dir='ltr'><strong>tempore</strong></span> <span class='ocrx_word' id='word_1_728' title='bbox 1145 5105 1284 5174; x_wconf 81' lang='lat' dir='ltr'><strong>typis</strong></span> <span class='ocrx_word' id='word_1_729' title='bbox 1312 5103 1582 5174; x_wconf 87' lang='lat' dir='ltr'><strong>mandavit</strong></span> <span class='ocrx_word' id='word_1_730' title='bbox 1609 5103 1876 5174; x_wconf 82' lang='lat' dir='ltr'><strong>Labbeus,</strong></span> <span class='ocrx_word' id='word_1_731' title='bbox 1909 5101 2129 5174; x_wconf 83' lang='lat' dir='ltr'><strong>Miscell.</strong></span> <span class='ocrx_word' id='word_1_732' title='bbox 2163 5113 2200 5154; x_wconf 92' lang='lat' dir='ltr'><strong>t.</strong></span> <span class='ocrx_word' id='word_1_733' title='bbox 2234 5103 2295 5168; x_wconf 83' lang='lat' dir='ltr'><strong>ll,</strong></span> 
     </span>
    </p>
   </div>
   <div class='ocr_carea' id='block_1_98' title="bbox 724 5171 2298 5244">
    <p class='ocr_par' dir='ltr' id='par_1_98' title="bbox 724 5171 2298 5244">
     <span class='ocr_line' id='line_1_98' title="bbox 724 5171 2298 5244; baseline -0.001 -18"><span class='ocrx_word' id='word_1_734' title='bbox 724 5171 846 5244; x_wconf 79' lang='lat' dir='ltr'><strong>pag.</strong></span> <span class='ocrx_word' id='word_1_735' title='bbox 879 5171 1015 5238; x_wconf 24' lang='lat'><strong>434’,</strong></span> <span class='ocrx_word' id='word_1_736' title='bbox 1048 5171 1291 5244; x_wconf 77' lang='lat' dir='ltr'><strong>plurimis</strong></span> <span class='ocrx_word' id='word_1_737' title='bbox 1321 5173 1714 5244; x_wconf 59' lang='lat' dir='ltr'><strong>prasterinissis.</strong></span> <span class='ocrx_word' id='word_1_738' title='bbox 1733 5171 2108 5244; x_wconf 62' lang='lat' dir='ltr'><strong>__liecuderunt</strong></span> <span class='ocrx_word' id='word_1_739' title='bbox 2137 5174 2298 5244; x_wconf 80' lang='lat' dir='ltr'><strong>Coin-</strong></span> 
     </span>
    </p>
   </div>
   <div class='ocr_carea' id='block_1_99' title="bbox 726 5240 2300 5311">
    <p class='ocr_par' dir='ltr' id='par_1_99' title="bbox 726 5240 2300 5311">
     <span class='ocr_line' id='line_1_99' title="bbox 726 5240 2300 5311; baseline -0.001 -14"><span class='ocrx_word' id='word_1_740' title='bbox 726 5240 852 5309; x_wconf 76' lang='lat' dir='ltr'><strong>tius,</strong></span> <span class='ocrx_word' id='word_1_741' title='bbox 905 5240 1119 5298; x_wconf 47' lang='lat' dir='ltr'><strong>AnnIt.</strong></span> <span class='ocrx_word' id='word_1_742' title='bbox 1179 5243 1269 5308; x_wconf 83' lang='lat' dir='ltr'><strong>lV,</strong></span> <span class='ocrx_word' id='word_1_743' title='bbox 1311 5240 1432 5311; x_wconf 70' lang='lat' dir='ltr'><strong>pag.</strong></span> <span class='ocrx_word' id='word_1_744' title='bbox 1465 5241 1588 5303; x_wconf 67' lang='grc' dir='ltr'><strong>’58ςὶ,</strong></span> <span class='ocrx_word' id='word_1_745' title='bbox 1618 5257 1681 5295; x_wconf 85' lang='lat' dir='ltr'><strong>ex</strong></span> <span class='ocrx_word' id='word_1_746' title='bbox 1733 5240 2111 5308; x_wconf 84' lang='lat' dir='ltr'><strong>Wasseburgo,</strong></span> <span class='ocrx_word' id='word_1_747' title='bbox 2166 5243 2300 5296; x_wconf 88' lang='lat' dir='ltr'><strong>Coll.</strong></span> 
     </span>
    </p>
   </div>
   <div class='ocr_carea' id='block_1_100' title="bbox 732 5312 2301 5380">
    <p class='ocr_par' dir='ltr' id='par_1_100' title="bbox 732 5312 2301 5380">
     <span class='ocr_line' id='line_1_100' title="bbox 732 5312 2301 5380; baseline -0.002 -13"><span class='ocrx_word' id='word_1_748' title='bbox 732 5317 919 5380; x_wconf 85' lang='lat' dir='ltr'><strong>script.</strong></span> <span class='ocrx_word' id='word_1_749' title='bbox 967 5329 1074 5367; x_wconf 88' lang='lat' dir='ltr'><strong>rer.</strong></span> <span class='ocrx_word' id='word_1_750' title='bbox 1140 5314 1326 5366; x_wconf 83' lang='lat' dir='ltr'><strong>Franc.</strong></span> <span class='ocrx_word' id='word_1_751' title='bbox 1358 5327 1427 5366; x_wconf 81' lang='lat' dir='ltr'><strong>ex</strong></span> <span class='ocrx_word' id='word_1_752' title='bbox 1484 5312 1720 5374; x_wconf 83' lang='lat' dir='ltr'><strong>Labbeo,</strong></span> <span class='ocrx_word' id='word_1_753' title='bbox 1773 5320 1812 5362; x_wconf 90' lang='lat' dir='ltr'><strong>t.</strong></span> <span class='ocrx_word' id='word_1_754' title='bbox 1869 5313 1954 5375; x_wconf 70' lang='grc' dir='ltr'><strong>ιγ,</strong></span> <span class='ocrx_word' id='word_1_755' title='bbox 2001 5324 2118 5379; x_wconf 82' lang='lat' dir='ltr'><strong>pag.</strong></span> <span class='ocrx_word' id='word_1_756' title='bbox 2175 5312 2301 5365; x_wconf 76' lang='lat'><strong>(580.</strong></span> 
     </span>
    </p>
   </div>
   <div class='ocr_carea' id='block_1_101' title="bbox 732 5379 2299 5450">
    <p class='ocr_par' dir='ltr' id='par_1_101' title="bbox 732 5379 2299 5450">
     <span class='ocr_line' id='line_1_101' title="bbox 732 5379 2299 5450; baseline -0.001 -14"><span class='ocrx_word' id='word_1_757' title='bbox 732 5379 1046 5438; x_wconf 84' lang='lat' dir='ltr'><strong>Accuratius</strong></span> <span class='ocrx_word' id='word_1_758' title='bbox 1068 5384 1235 5438; x_wconf 87' lang='lat' dir='ltr'><strong>edidit</strong></span> <span class='ocrx_word' id='word_1_759' title='bbox 1256 5383 1548 5445; x_wconf 81' lang='lat' dir='ltr'><strong>Calmctus,</strong></span> <span class='ocrx_word' id='word_1_760' title='bbox 1583 5383 1714 5434; x_wconf 78' lang='lat' dir='ltr'><strong>Ilist.</strong></span> <span class='ocrx_word' id='word_1_761' title='bbox 1740 5380 1959 5434; x_wconf 87' lang='lat' dir='ltr'><strong>Lotbar.</strong></span> <span class='ocrx_word' id='word_1_762' title='bbox 1982 5390 2020 5434; x_wconf 92' lang='lat' dir='ltr'><strong>t.</strong></span> <span class='ocrx_word' id='word_1_763' title='bbox 2051 5379 2114 5446; x_wconf 93' lang='lat' dir='ltr'><strong>ll,</strong></span> <span class='ocrx_word' id='word_1_764' title='bbox 2144 5382 2299 5450; x_wconf 77' lang='lat' dir='ltr'><strong>prob.</strong></span> 
     </span>
    </p>
   </div>
   <div class='ocr_carea' id='block_1_102' title="bbox 732 5451 2299 5521">
    <p class='ocr_par' dir='ltr' id='par_1_102' title="bbox 732 5451 2299 5521">
     <span class='ocr_line' id='line_1_102' title="bbox 732 5451 2299 5521; baseline -0.002 -15"><span class='ocrx_word' id='word_1_765' title='bbox 732 5469 854 5521; x_wconf 87' lang='lat' dir='ltr'><strong>pag.</strong></span> <span class='ocrx_word' id='word_1_766' title='bbox 888 5453 976 5515; x_wconf 75' lang='lat'><strong>85,</strong></span> <span class='ocrx_word' id='word_1_767' title='bbox 1006 5469 1069 5506; x_wconf 79' lang='lat' dir='ltr'><strong>ex</strong></span> <span class='ocrx_word' id='word_1_768' title='bbox 1102 5453 1269 5506; x_wconf 83' lang='lat' dir='ltr'><strong>veteri</strong></span> <span class='ocrx_word' id='word_1_769' title='bbox 1300 5451 1629 5505; x_wconf 87' lang='lat' dir='ltr'><strong>cbartulario</strong></span> <span class='ocrx_word' id='word_1_770' title='bbox 1683 5451 1738 5503; x_wconf 89' lang='lat' dir='ltr'><strong>S.</strong></span> <span class='ocrx_word' id='word_1_771' title='bbox 1771 5451 1969 5502; x_wconf 81' lang='lat' dir='ltr'><strong>Vitoni.</strong></span> <span class='ocrx_word' id='word_1_772' title='bbox 2029 5454 2133 5504; x_wconf 74' lang='lat' dir='ltr'><strong>Nos</strong></span> <span class='ocrx_word' id='word_1_773' title='bbox 2183 5451 2299 5503; x_wconf 81' lang='lat' dir='ltr'><strong>edi-</strong></span> 
     </span>
    </p>
   </div>
   <div class='ocr_carea' id='block_1_103' title="bbox 730 5521 2299 5590">
    <p class='ocr_par' dir='ltr' id='par_1_103' title="bbox 730 5521 2299 5590">
     <span class='ocr_line' id='line_1_103' title="bbox 730 5521 2299 5590; baseline -0.001 -14"><span class='ocrx_word' id='word_1_774' title='bbox 730 5540 848 5577; x_wconf 88' lang='lat' dir='ltr'><strong>mus</strong></span> <span class='ocrx_word' id='word_1_775' title='bbox 878 5524 944 5576; x_wconf 88' lang='lat' dir='ltr'><strong>ad</strong></span> <span class='ocrx_word' id='word_1_776' title='bbox 977 5523 1133 5575; x_wconf 86' lang='lat' dir='ltr'><strong>tidem</strong></span> <span class='ocrx_word' id='word_1_777' title='bbox 1185 5522 1476 5590; x_wconf 86' lang='lat' dir='ltr'><strong>apograpbi</strong></span> <span class='ocrx_word' id='word_1_778' title='bbox 1524 5526 1576 5574; x_wconf 90' lang='lat' dir='ltr'><strong>in</strong></span> <span class='ocrx_word' id='word_1_779' title='bbox 1625 5521 2060 5589; x_wconf 80' lang='lat' dir='ltr'><strong>chartopbylacio</strong></span> <span class='ocrx_word' id='word_1_780' title='bbox 2115 5533 2299 5574; x_wconf 73' lang='lat' dir='ltr'><strong>nosu&#39;o</strong></span> 
     </span>
    </p>
   </div>
   <div class='ocr_carea' id='block_1_104' title="bbox 736 5591 2298 5660">
    <p class='ocr_par' dir='ltr' id='par_1_104' title="bbox 736 5591 2298 5660">
     <span class='ocr_line' id='line_1_104' title="bbox 736 5591 2298 5660; baseline -0.002 -15"><span class='ocrx_word' id='word_1_781' title='bbox 736 5592 954 5654; x_wconf 88' lang='lat' dir='ltr'><strong>servati,</strong></span> <span class='ocrx_word' id='word_1_782' title='bbox 997 5592 1396 5660; x_wconf 86' lang='lat' dir='ltr'><strong>diligentissima</strong></span> <span class='ocrx_word' id='word_1_783' title='bbox 1447 5607 1572 5644; x_wconf 88' lang='lat' dir='ltr'><strong>cura</strong></span> <span class='ocrx_word' id='word_1_784' title='bbox 1615 5606 1680 5644; x_wconf 75' lang='lat' dir='ltr'><strong>ex</strong></span> <span class='ocrx_word' id='word_1_785' title='bbox 1730 5591 1918 5643; x_wconf 86' lang='lat' dir='ltr'><strong>eodem</strong></span> <span class='ocrx_word' id='word_1_786' title='bbox 1969 5591 2298 5644; x_wconf 88' lang='lat' dir='ltr'><strong>chartulario</strong></span> 
     </span>
    </p>
   </div>
   <div class='ocr_carea' id='block_1_105' title="bbox 731 5661 2296 5731">
    <p class='ocr_par' dir='ltr' id='par_1_105' title="bbox 731 5661 2296 5731">
     <span class='ocr_line' id='line_1_105' title="bbox 731 5661 2296 5731; baseline -0.004 -15"><span class='ocrx_word' id='word_1_787' title='bbox 731 5663 1007 5731; x_wconf 77' lang='lat' dir='ltr'><strong>descripti.</strong></span> <span class='ocrx_word' id='word_1_788' title='bbox 1048 5662 1408 5721; x_wconf 85' lang='lat' dir='ltr'><strong>Mabillonius,</strong></span> <span class='ocrx_word' id='word_1_789' title='bbox 1441 5661 1530 5727; x_wconf 90' lang='lat' dir='ltr'><strong>qui</strong></span> <span class='ocrx_word' id='word_1_790' title='bbox 1563 5662 1660 5712; x_wconf 74' lang='lat' dir='ltr'><strong>hoc</strong></span> <span class='ocrx_word' id='word_1_791' title='bbox 1693 5662 2102 5713; x_wconf 84' lang='lat' dir='ltr'><strong>instrumentum</strong></span> <span class='ocrx_word' id='word_1_792' title='bbox 2157 5661 2296 5727; x_wconf 86' lang='lat' dir='ltr'><strong>apud</strong></span> 
     </span>
    </p>
   </div>
   <div class='ocr_carea' id='block_1_106' title="bbox 736 5731 2287 5795">
    <p class='ocr_par' dir='ltr' id='par_1_106' title="bbox 736 5731 2287 5795">
     <span class='ocr_line' id='line_1_106' title="bbox 736 5731 2287 5795; baseline -0.003 -12"><span class='ocrx_word' id='word_1_793' title='bbox 736 5731 1001 5784; x_wconf 83' lang='lat' dir='ltr'><strong>Labbeum</strong></span> <span class='ocrx_word' id='word_1_794' title='bbox 1039 5733 1262 5795; x_wconf 77' lang='lat' dir='ltr'><strong>viderat,</strong></span> <span class='ocrx_word' id='word_1_795' title='bbox 1287 5731 1647 5782; x_wconf 80' lang='lat' dir='ltr'><strong>ballucinatus</strong></span> <span class='ocrx_word' id='word_1_796' title='bbox 1675 5739 1754 5782; x_wconf 86' lang='lat' dir='ltr'><strong>cst</strong></span> <span class='ocrx_word' id='word_1_797' title='bbox 1795 5731 1844 5780; x_wconf 89' lang='lat' dir='ltr'><strong>in</strong></span> <span class='ocrx_word' id='word_1_798' title='bbox 1892 5732 2032 5784; x_wconf 88' lang='lat' dir='ltr'><strong>notis</strong></span> <span class='ocrx_word' id='word_1_799' title='bbox 2055 5731 2287 5783; x_wconf 80' lang='lat' dir='ltr'><strong>chrono-</strong></span> 
     </span>
    </p>
   </div>
   <div class='ocr_carea' id='block_1_107' title="bbox 733 5798 2337 5872">
    <p class='ocr_par' dir='ltr' id='par_1_107' title="bbox 733 5798 2337 5872">
     <span class='ocr_line' id='line_1_107' title="bbox 733 5798 2337 5872; baseline 0.002 -20"><span class='ocrx_word' id='word_1_800' title='bbox 733 5801 916 5868; x_wconf 78' lang='lat' dir='ltr'><strong>logicis</strong></span> <span class='ocrx_word' id='word_1_801' title='bbox 945 5801 1259 5866; x_wconf 78' lang='lat' dir='ltr'><strong>referendis,</strong></span> <span class='ocrx_word' id='word_1_802' title='bbox 1295 5799 1481 5852; x_wconf 80' lang='lat' dir='ltr'><strong>Auual.</strong></span> <span class='ocrx_word' id='word_1_803' title='bbox 1539 5808 1575 5851; x_wconf 91' lang='lat' dir='ltr'><strong>t.</strong></span> <span class='ocrx_word' id='word_1_804' title='bbox 1611 5798 1669 5850; x_wconf 91' lang='lat' dir='ltr'><strong>ll.</strong></span> <span class='ocrx_word' id='word_1_805' title='bbox 1708 5813 1826 5867; x_wconf 82' lang='lat' dir='ltr'><strong>pag.</strong></span> <span class='ocrx_word' id='word_1_806' title='bbox 1885 5798 1987 5852; x_wconf 65' lang='lat' dir='ltr'><strong>ibi</strong></span> <span class='ocrx_word' id='word_1_807' title='bbox 2022 5800 2290 5872; x_wconf 59' lang='lat' dir='ltr'><strong>:_scilicct,</strong></span> <span class='ocrx_word' id='word_1_808' title='bbox 2327 5836 2337 5855; x_wconf 88' lang='lat'><strong>.</strong></span> 
     </span>
    </p>
   </div>
   <div class='ocr_carea' id='block_1_108' title="bbox 2404 4595 3873 4666">
    <p class='ocr_par' dir='ltr' id='par_1_108' title="bbox 2404 4595 3873 4666">
     <span class='ocr_line' id='line_1_108' title="bbox 2404 4595 3873 4666; baseline 0.003 -18"><span class='ocrx_word' id='word_1_809' title='bbox 2404 4595 2552 4650; x_wconf 85' lang='lat' dir='ltr'><strong>dolti.</strong></span> <span class='ocrx_word' id='word_1_810' title='bbox 2581 4627 2651 4636; x_wconf 92' lang='lat'>—</span> <span class='ocrx_word' id='word_1_811' title='bbox 2680 4595 2898 4662; x_wconf 86' lang='lat' dir='ltr'><strong>Signum</strong></span> <span class='ocrx_word' id='word_1_812' title='bbox 2927 4596 3223 4649; x_wconf 80' lang='lat' dir='ltr'><strong>Mauriaue.</strong></span> <span class='ocrx_word' id='word_1_813' title='bbox 3246 4623 3318 4634; x_wconf 97' lang='lat'><strong>—</strong></span> <span class='ocrx_word' id='word_1_814' title='bbox 3342 4596 3561 4662; x_wconf 84' lang='lat' dir='ltr'><strong>Signum</strong></span> <span class='ocrx_word' id='word_1_815' title='bbox 3590 4597 3873 4666; x_wconf 89' lang='lat' dir='ltr'><strong>Sigeberti.</strong></span> 
     </span>
    </p>
   </div>
   <div class='ocr_carea' id='block_1_109' title="bbox 2475 4684 3977 4748">
    <p class='ocr_par' dir='ltr' id='par_1_109' title="bbox 2475 4684 3977 4748">
     <span class='ocr_line' id='line_1_109' title="bbox 2475 4684 3977 4748; baseline 0.004 -10"><span class='ocrx_word' id='word_1_816' title='bbox 2475 4684 2876 4740; x_wconf 84' lang='lat' dir='ltr'><strong>Ercbembodus</strong></span> <span class='ocrx_word' id='word_1_817' title='bbox 2921 4685 3087 4740; x_wconf 87' lang='lat' dir='ltr'><strong>lector</strong></span> <span class='ocrx_word' id='word_1_818' title='bbox 3115 4687 3255 4741; x_wconf 86' lang='lat' dir='ltr'><strong>hanc</strong></span> <span class='ocrx_word' id='word_1_819' title='bbox 3297 4688 3664 4743; x_wconf 89' lang='lat' dir='ltr'><strong>vendicionem</strong></span> <span class='ocrx_word' id='word_1_820' title='bbox 3695 4690 3977 4748; x_wconf 78' lang='lat' dir='ltr'><strong>scribsitet</strong></span> 
     </span>
    </p>
   </div>
   <div class='ocr_carea' id='block_1_110' title="bbox 2403 4776 2737 4832">
    <p class='ocr_par' dir='ltr' id='par_1_110' title="bbox 2403 4776 2737 4832">
     <span class='ocr_line' id='line_1_110' title="bbox 2403 4776 2737 4832; baseline -0.009 0"><span class='ocrx_word' id='word_1_821' title='bbox 2403 4776 2737 4832; x_wconf 86' lang='lat' dir='ltr'><strong>subscribsit.</strong></span> 
     </span>
    </p>
   </div>
   <div class='ocr_carea' id='block_1_111' title="bbox 2406 4887 3976 4958">
    <p class='ocr_par' dir='ltr' id='par_1_111' title="bbox 2406 4887 3976 4958">
     <span class='ocr_line' id='line_1_111' title="bbox 2406 4887 3976 4958; baseline 0.003 -17"><span class='ocrx_word' id='word_1_822' title='bbox 2406 4889 2615 4942; x_wconf 86' lang='lat' dir='ltr'><strong>decimo</strong></span> <span class='ocrx_word' id='word_1_823' title='bbox 2641 4887 2870 4956; x_wconf 82' lang='lat' dir='ltr'><strong>septimo</strong></span> <span class='ocrx_word' id='word_1_824' title='bbox 2897 4888 3111 4958; x_wconf 88' lang='lat' dir='ltr'><strong>scripsit</strong></span> <span class='ocrx_word' id='word_1_825' title='bbox 3141 4903 3240 4958; x_wconf 90' lang='lat' dir='ltr'><strong>pro</strong></span> <span class='ocrx_word' id='word_1_826' title='bbox 3269 4888 3476 4945; x_wconf 90' lang='lat' dir='ltr'><strong>decimo</strong></span> <span class='ocrx_word' id='word_1_827' title='bbox 3505 4891 3664 4945; x_wconf 90' lang='lat' dir='ltr'><strong>tertio</strong></span> <span class='ocrx_word' id='word_1_828' title='bbox 3702 4891 3808 4946; x_wconf 81' lang='lat' dir='ltr'><strong>kal.</strong></span> <span class='ocrx_word' id='word_1_829' title='bbox 3842 4891 3976 4946; x_wconf 87' lang='lat' dir='ltr'><strong>Feb.</strong></span> 
     </span>
    </p>
   </div>
   <div class='ocr_carea' id='block_1_112' title="bbox 2407 4959 3978 5028">
    <p class='ocr_par' dir='ltr' id='par_1_112' title="bbox 2407 4959 3978 5028">
     <span class='ocr_line' id='line_1_112' title="bbox 2407 4959 3978 5028; baseline 0.001 -16"><span class='ocrx_word' id='word_1_830' title='bbox 2407 4960 2542 5023; x_wconf 79' lang='lat' dir='ltr'><strong>Ipse,</strong></span> <span class='ocrx_word' id='word_1_831' title='bbox 2575 4975 2696 5012; x_wconf 86' lang='lat' dir='ltr'><strong>cum</strong></span> <span class='ocrx_word' id='word_1_832' title='bbox 2719 4959 2955 5028; x_wconf 78' lang='lat' dir='ltr'><strong>Coimio,</strong></span> <span class='ocrx_word' id='word_1_833' title='bbox 2994 4959 3237 5013; x_wconf 80' lang='lat' dir='ltr'><strong>Lalmeto</strong></span> <span class='ocrx_word' id='word_1_834' title='bbox 3266 4968 3322 5012; x_wconf 92' lang='lat' dir='ltr'><strong>et</strong></span> <span class='ocrx_word' id='word_1_835' title='bbox 3346 4960 3464 5014; x_wconf 90' lang='lat' dir='ltr'><strong>aliis</strong></span> <span class='ocrx_word' id='word_1_836' title='bbox 3493 4962 3578 5014; x_wconf 92' lang='lat' dir='ltr'><strong>ubi</strong></span> <span class='ocrx_word' id='word_1_837' title='bbox 3606 4977 3788 5028; x_wconf 87' lang='lat' dir='ltr'><strong>supra,</strong></span> <span class='ocrx_word' id='word_1_838' title='bbox 3841 4961 3978 5016; x_wconf 81' lang='lat' dir='ltr'><strong>Nov.</strong></span> 
     </span>
    </p>
   </div>
   <div class='ocr_carea' id='block_1_113' title="bbox 2408 5027 3982 5094">
    <p class='ocr_par' dir='ltr' id='par_1_113' title="bbox 2408 5027 3982 5094">
     <span class='ocr_line' id='line_1_113' title="bbox 2408 5027 3982 5094; baseline 0.003 -14"><span class='ocrx_word' id='word_1_839' title='bbox 2408 5029 2542 5081; x_wconf 87' lang='lat' dir='ltr'><strong>Call.</strong></span> <span class='ocrx_word' id='word_1_840' title='bbox 2575 5029 2772 5081; x_wconf 88' lang='lat' dir='ltr'><strong>Christ.</strong></span> <span class='ocrx_word' id='word_1_841' title='bbox 2804 5038 2844 5082; x_wconf 91' lang='lat' dir='ltr'><strong>t.</strong></span> <span class='ocrx_word' id='word_1_842' title='bbox 2875 5027 3012 5091; x_wconf 79' lang='lat' dir='ltr'><strong>Xlll,</strong></span> <span class='ocrx_word' id='word_1_843' title='bbox 3037 5028 3142 5081; x_wconf 90' lang='lat' dir='ltr'><strong>col.</strong></span> <span class='ocrx_word' id='word_1_844' title='bbox 3199 5028 3355 5093; x_wconf 71' lang='lat' dir='ltr'><strong>H70,</strong></span> <span class='ocrx_word' id='word_1_845' title='bbox 3391 5039 3519 5094; x_wconf 90' lang='lat' dir='ltr'><strong>olc.,</strong></span> <span class='ocrx_word' id='word_1_846' title='bbox 3547 5027 3789 5084; x_wconf 85' lang='lat' dir='ltr'><strong>chartam</strong></span> <span class='ocrx_word' id='word_1_847' title='bbox 3844 5033 3982 5084; x_wconf 87' lang='lat' dir='ltr'><strong>hanc</strong></span> 
     </span>
    </p>
   </div>
   <div class='ocr_carea' id='block_1_114' title="bbox 2406 5097 3976 5166">
    <p class='ocr_par' dir='ltr' id='par_1_114' title="bbox 2406 5097 3976 5166">
     <span class='ocr_line' id='line_1_114' title="bbox 2406 5097 3976 5166; baseline 0.001 -15"><span class='ocrx_word' id='word_1_848' title='bbox 2406 5098 2685 5166; x_wconf 87' lang='lat' dir='ltr'><strong>adjudicat</strong></span> <span class='ocrx_word' id='word_1_849' title='bbox 2706 5114 2847 5151; x_wconf 88' lang='lat' dir='ltr'><strong>anno</strong></span> <span class='ocrx_word' id='word_1_850' title='bbox 2873 5099 3068 5151; x_wconf 60' lang='lat' dir='ltr'><strong>Christi</strong></span> <span class='ocrx_word' id='word_1_851' title='bbox 3099 5097 3194 5150; x_wconf 74' lang='lat'><strong>70:</strong></span> <span class='ocrx_word' id='word_1_852' title='bbox 3227 5115 3240 5162; x_wconf 92' lang='lat'><strong>;</strong></span> <span class='ocrx_word' id='word_1_853' title='bbox 3293 5099 3385 5153; x_wconf 90' lang='lat' dir='ltr'><strong>sed</strong></span> <span class='ocrx_word' id='word_1_854' title='bbox 3432 5115 3552 5154; x_wconf 89' lang='lat' dir='ltr'><strong>cum</strong></span> <span class='ocrx_word' id='word_1_855' title='bbox 3600 5103 3744 5166; x_wconf 77' lang='lat' dir='ltr'><strong>regni</strong></span> <span class='ocrx_word' id='word_1_856' title='bbox 3773 5099 3976 5153; x_wconf 81' lang='lat' dir='ltr'><strong>Cbilde-</strong></span> 
     </span>
    </p>
   </div>
   <div class='ocr_carea' id='block_1_115' title="bbox 2406 5169 3977 5234">
    <p class='ocr_par' dir='ltr' id='par_1_115' title="bbox 2406 5169 3977 5234">
     <span class='ocr_line' id='line_1_115' title="bbox 2406 5169 3977 5234; baseline 0.001 -13"><span class='ocrx_word' id='word_1_857' title='bbox 2406 5169 2543 5221; x_wconf 89' lang='lat' dir='ltr'><strong>berti</strong></span> <span class='ocrx_word' id='word_1_858' title='bbox 2573 5169 2780 5222; x_wconf 88' lang='lat' dir='ltr'><strong>initium</strong></span> <span class='ocrx_word' id='word_1_859' title='bbox 2825 5169 3174 5234; x_wconf 89' lang='lat' dir='ltr'><strong>repetendum</strong></span> <span class='ocrx_word' id='word_1_860' title='bbox 3208 5171 3281 5222; x_wconf 91' lang='lat' dir='ltr'><strong>sit</strong></span> <span class='ocrx_word' id='word_1_861' title='bbox 3320 5184 3350 5222; x_wconf 88' lang='lat' dir='ltr'><strong>a</strong></span> <span class='ocrx_word' id='word_1_862' title='bbox 3400 5184 3585 5223; x_wconf 87' lang='lat' dir='ltr'><strong>mense</strong></span> <span class='ocrx_word' id='word_1_863' title='bbox 3632 5170 3822 5223; x_wconf 79' lang='lat' dir='ltr'><strong>Martio</strong></span> <span class='ocrx_word' id='word_1_864' title='bbox 3853 5171 3977 5224; x_wconf 90' lang='lat' dir='ltr'><strong>anni</strong></span> 
     </span>
    </p>
   </div>
   <div class='ocr_carea' id='block_1_116' title="bbox 2409 5238 3978 5306">
    <p class='ocr_par' dir='ltr' id='par_1_116' title="bbox 2409 5238 3978 5306">
     <span class='ocr_line' id='line_1_116' title="bbox 2409 5238 3978 5306; baseline 0.003 -18"><span class='ocrx_word' id='word_1_865' title='bbox 2409 5239 2535 5304; x_wconf 68' lang='grc' dir='ltr'><strong>ϐυτ,</strong></span> <span class='ocrx_word' id='word_1_866' title='bbox 2563 5254 2736 5290; x_wconf 89' lang='lat' dir='ltr'><strong>anuus</strong></span> <span class='ocrx_word' id='word_1_867' title='bbox 2764 5240 3026 5304; x_wconf 83' lang='lat' dir='ltr'><strong>septimus</strong></span> <span class='ocrx_word' id='word_1_868' title='bbox 3056 5238 3204 5306; x_wconf 79' lang='lat' dir='ltr'><strong>regni</strong></span> <span class='ocrx_word' id='word_1_869' title='bbox 3248 5239 3388 5306; x_wconf 88' lang='lat' dir='ltr'><strong>ejus,</strong></span> <span class='ocrx_word' id='word_1_870' title='bbox 3437 5254 3526 5292; x_wconf 77' lang='lat' dir='ltr'><strong>xm</strong></span> <span class='ocrx_word' id='word_1_871' title='bbox 3587 5239 3690 5292; x_wconf 85' lang='lat' dir='ltr'><strong>kal.</strong></span> <span class='ocrx_word' id='word_1_872' title='bbox 3725 5241 3878 5301; x_wconf 81' lang='lat' dir='ltr'><strong>Feb.,</strong></span> <span class='ocrx_word' id='word_1_873' title='bbox 3924 5241 3978 5293; x_wconf 89' lang='lat' dir='ltr'><strong>id</strong></span> 
     </span>
    </p>
   </div>
   <div class='ocr_carea' id='block_1_117' title="bbox 2407 5305 3979 5430">
    <p class='ocr_par' dir='ltr' id='par_1_117' title="bbox 2407 5305 3979 5430">
     <span class='ocr_line' id='line_1_117' title="bbox 2407 5305 3979 5430; baseline 0.002 -71"><span class='ocrx_word' id='word_1_874' title='bbox 2407 5317 2489 5430; x_wconf 35' lang='grc' dir='ltr'><strong>ἲ)δέ</strong></span> <span class='ocrx_word' id='word_1_875' title='bbox 2520 5310 2771 5430; x_wconf 45' lang='grc' dir='ltr'><strong>γὶεθδέἓιὲι</strong></span> <span class='ocrx_word' id='word_1_876' title='bbox 2803 5308 2888 5361; x_wconf 89' lang='lat' dir='ltr'><strong>die</strong></span> <span class='ocrx_word' id='word_1_877' title='bbox 2917 5307 3118 5360; x_wconf 89' lang='lat' dir='ltr'><strong>mensis</strong></span> <span class='ocrx_word' id='word_1_878' title='bbox 3159 5305 3417 5371; x_wconf 86' lang='lat' dir='ltr'><strong>Januarii,</strong></span> <span class='ocrx_word' id='word_1_879' title='bbox 3452 5308 3642 5362; x_wconf 88' lang='lat' dir='ltr'><strong>incidit</strong></span> <span class='ocrx_word' id='word_1_880' title='bbox 3689 5309 3739 5361; x_wconf 92' lang='lat' dir='ltr'><strong>in</strong></span> <span class='ocrx_word' id='word_1_881' title='bbox 3783 5325 3979 5362; x_wconf 81' lang='lat' dir='ltr'><strong>annum</strong></span> 
     </span>
     <span class='ocr_line' id='line_1_118' title="bbox 2492 5389 2781 5430; baseline 0.003 -1"><span class='ocrx_word' id='word_1_882' title='bbox 2492 5389 2603 5430; x_wconf 79' lang='lat' dir='ltr'><strong>risu</strong></span> <span class='ocrx_word' id='word_1_883' title='bbox 2769 5417 2781 5430; x_wconf 93' lang='lat'><strong>.</strong></span> 
     </span>
    </p>
   </div>
   <div class='ocr_carea' id='block_1_118' title="bbox 2406 5380 2781 5432">
    <p class='ocr_par' dir='ltr' id='par_1_118' title="bbox 2406 5380 2781 5432">
     <span class='ocr_line' id='line_1_119' title="bbox 2406 5380 2781 5432; baseline -0.003 0"><span class='ocrx_word' id='word_1_884' title='bbox 2406 5380 2603 5432; x_wconf 77' lang='lat' dir='ltr'><strong>Christi</strong></span> <span class='ocrx_word' id='word_1_885' title='bbox 2658 5380 2781 5431; x_wconf 78' lang='lat'><strong>70‘2.</strong></span> 
     </span>
    </p>
   </div>
   <div class='ocr_carea' id='block_1_119' title="bbox 2479 5447 3984 5517">
    <p class='ocr_par' dir='ltr' id='par_1_119' title="bbox 2479 5447 3984 5517">
     <span class='ocr_line' id='line_1_120' title="bbox 2479 5447 3984 5517; baseline 0 -16"><span class='ocrx_word' id='word_1_886' title='bbox 2479 5457 2504 5482; x_wconf 73' lang='grc'><strong><em>⁸</em></strong></span> <span class='ocrx_word' id='word_1_887' title='bbox 2543 5449 2830 5515; x_wconf 88' lang='lat' dir='ltr'><strong>Hucusque</strong></span> <span class='ocrx_word' id='word_1_888' title='bbox 2878 5449 3133 5502; x_wconf 83' lang='lat' dir='ltr'><strong>ineditam</strong></span> <span class='ocrx_word' id='word_1_889' title='bbox 3177 5447 3416 5502; x_wconf 90' lang='lat' dir='ltr'><strong>chartam</strong></span> <span class='ocrx_word' id='word_1_890' title='bbox 3447 5447 3720 5514; x_wconf 87' lang='lat' dir='ltr'><strong>vulgamus</strong></span> <span class='ocrx_word' id='word_1_891' title='bbox 3750 5461 3814 5501; x_wconf 80' lang='lat' dir='ltr'><strong>ex</strong></span> <span class='ocrx_word' id='word_1_892' title='bbox 3853 5461 3984 5517; x_wconf 84' lang='lat' dir='ltr'><strong>apo-</strong></span> 
     </span>
    </p>
   </div>
   <div class='ocr_carea' id='block_1_120' title="bbox 2407 5518 3982 5590">
    <p class='ocr_par' dir='ltr' id='par_1_120' title="bbox 2407 5518 3982 5590">
     <span class='ocr_line' id='line_1_121' title="bbox 2407 5518 3982 5590; baseline -0.001 -19"><span class='ocrx_word' id='word_1_893' title='bbox 2407 5523 2612 5588; x_wconf 85' lang='lat' dir='ltr'><strong>grapho</strong></span> <span class='ocrx_word' id='word_1_894' title='bbox 2637 5518 2818 5590; x_wconf 84' lang='lat' dir='ltr'><strong>domui</strong></span> <span class='ocrx_word' id='word_1_895' title='bbox 2839 5519 2907 5573; x_wconf 89' lang='lat' dir='ltr'><strong>de</strong></span> <span class='ocrx_word' id='word_1_896' title='bbox 2937 5518 3124 5590; x_wconf 77' lang='lat' dir='ltr'><strong>Witte,</strong></span> <span class='ocrx_word' id='word_1_897' title='bbox 3146 5518 3754 5590; x_wconf 47' lang='lat' dir='ltr'><strong>Sithiegibusarcbivis</strong></span> <span class='ocrx_word' id='word_1_898' title='bbox 3778 5532 3982 5590; x_wconf 66' lang='lat' dir='ltr'><strong>praepo-</strong></span> 
     </span>
    </p>
   </div>
   <div class='ocr_carea' id='block_1_121' title="bbox 2407 5587 3982 5656">
    <p class='ocr_par' dir='ltr' id='par_1_121' title="bbox 2407 5587 3982 5656">
     <span class='ocr_line' id='line_1_122' title="bbox 2407 5587 3982 5656; baseline -0.003 -13"><span class='ocrx_word' id='word_1_899' title='bbox 2407 5587 2516 5652; x_wconf 88' lang='lat' dir='ltr'><strong>siti,</strong></span> <span class='ocrx_word' id='word_1_900' title='bbox 2547 5591 2637 5656; x_wconf 91' lang='lat' dir='ltr'><strong>qui</strong></span> <span class='ocrx_word' id='word_1_901' title='bbox 2667 5587 2834 5656; x_wconf 89' lang='lat' dir='ltr'><strong>ipsam</strong></span> <span class='ocrx_word' id='word_1_902' title='bbox 2867 5605 2929 5642; x_wconf 65' lang='lat' dir='ltr'><strong>8t</strong></span> <span class='ocrx_word' id='word_1_903' title='bbox 2963 5588 3286 5642; x_wconf 86' lang='lat' dir='ltr'><strong>cbartulario</strong></span> <span class='ocrx_word' id='word_1_904' title='bbox 3335 5587 3581 5656; x_wconf 85' lang='lat' dir='ltr'><strong>Folquini</strong></span> <span class='ocrx_word' id='word_1_905' title='bbox 3610 5587 3935 5656; x_wconf 81' lang='lat' dir='ltr'><strong>deprompsit</strong></span> <span class='ocrx_word' id='word_1_906' title='bbox 3963 5629 3982 5652; x_wconf 84' lang='lat'><strong>,</strong></span> 
     </span>
    </p>
   </div>
   <div class='ocr_carea' id='block_1_122' title="bbox 2405 5655 3984 5729">
    <p class='ocr_par' dir='ltr' id='par_1_122' title="bbox 2405 5655 3984 5729">
     <span class='ocr_line' id='line_1_123' title="bbox 2405 5655 3984 5729; baseline -0.001 -17"><span class='ocrx_word' id='word_1_907' title='bbox 2405 5668 2462 5712; x_wconf 90' lang='lat' dir='ltr'><strong>et</strong></span> <span class='ocrx_word' id='word_1_908' title='bbox 2491 5661 2540 5711; x_wconf 85' lang='lat' dir='ltr'><strong>in</strong></span> <span class='ocrx_word' id='word_1_909' title='bbox 2566 5655 3011 5729; x_wconf 78' lang='lat' dir='ltr'><strong>cltartophylacio</strong></span> <span class='ocrx_word' id='word_1_910' title='bbox 3058 5667 3260 5729; x_wconf 73' lang='lat' dir='ltr'><strong>nostro</strong></span> <span class='ocrx_word' id='word_1_911' title='bbox 3295 5656 3560 5729; x_wconf 71' lang='lat' dir='ltr'><strong>depgsuil.</strong></span> <span class='ocrx_word' id='word_1_912' title='bbox 3594 5655 3694 5729; x_wconf 61' lang='lat' dir='ltr'><strong>[CII</strong></span> <span class='ocrx_word' id='word_1_913' title='bbox 3751 5657 3984 5729; x_wconf 80' lang='lat' dir='ltr'><strong>Chartu-</strong></span> 
     </span>
    </p>
   </div>
   <div class='ocr_carea' id='block_1_123' title="bbox 2407 5725 3984 5862">
    <p class='ocr_par' dir='ltr' id='par_1_123' title="bbox 2407 5725 3984 5862">
     <span class='ocr_line' id='line_1_124' title="bbox 2407 5725 3984 5862; baseline -0.001 -80"><span class='ocrx_word' id='word_1_914' title='bbox 2407 5731 2629 5849; x_wconf 59' lang='lat' dir='ltr'><strong>larium8</strong></span> <span class='ocrx_word' id='word_1_915' title='bbox 2653 5725 2922 5862; x_wconf 56' lang='lat' dir='ltr'><strong>Sithieuse</strong></span> <span class='ocrx_word' id='word_1_916' title='bbox 2963 5744 2992 5782; x_wconf 87' lang='lat' dir='ltr'><strong>a</strong></span> <span class='ocrx_word' id='word_1_917' title='bbox 3047 5727 3354 5782; x_wconf 84' lang='lat' dir='ltr'><strong>doctissimo</strong></span> <span class='ocrx_word' id='word_1_918' title='bbox 3385 5725 3620 5782; x_wconf 82' lang='lat' dir='ltr'><strong>Guérard</strong></span> <span class='ocrx_word' id='word_1_919' title='bbox 3677 5725 3984 5794; x_wconf 53' lang='lat' dir='ltr'><strong>vulgatum,</strong></span> 
     </span>
     <span class='ocr_line' id='line_1_125' title="bbox 2407 5816 2649 5862; baseline 0.004 -13"><span class='ocrx_word' id='word_1_920' title='bbox 2407 5816 2524 5862; x_wconf 77' lang='lat' dir='ltr'><strong>pag.</strong></span> <span class='ocrx_word' id='word_1_921' title='bbox 2563 5819 2582 5852; x_wconf 70' lang='grc' dir='ltr'>ί</span> <span class='ocrx_word' id='word_1_922' title='bbox 2639 5840 2649 5850; x_wconf 97' lang='grc'><strong>.</strong></span> 
     </span>
    </p>
   </div>
   <div class='ocr_carea' id='block_1_124' title="bbox 2407 5801 2649 5868">
    <p class='ocr_par' dir='ltr' id='par_1_124' title="bbox 2407 5801 2649 5868">
     <span class='ocr_line' id='line_1_126' title="bbox 2407 5801 2649 5868; baseline 0.004 -19"><span class='ocrx_word' id='word_1_923' title='bbox 2407 5816 2524 5868; x_wconf 77' lang='lat' dir='ltr'><strong>pag.</strong></span> <span class='ocrx_word' id='word_1_924' title='bbox 2563 5801 2649 5852; x_wconf 74' lang='grc'><strong>58.</strong></span> 
     </span>
    </p>
   </div>
  </div>
