4206 6572
225 417 369 475 ιειθ

950 523 1106 579 XLV.

221 622 418 677 Charta
445 636 546 685 qua
595 616 916 686 Arnulphus,
948 614 1375 686 Burgundionum
1404 613 1819 686 dux.__i_nouaslc-

295 691 376 745 rio
403 680 508 744 SS.
546 680 908 757 Apostolorum
949 680 1108 754 juxta
1137 683 1306 738 Metus
1327 684 1491 757 donat
1518 680 1820 757 Ij‘loriacum

292 761 550 830 pra'diunt
579 751 628 811 et
657 775 737 811 ηδ
764 757 903 820 alias
921 751 1174 825 plurimas
1198 765 1222 792 α
1254 757 1404 824 (ann.
1431 751 1580 822 706).

293 894 487 963 Sagaci
518 893 865 960 antiquorum
895 888 1118 944 solertia
1149 888 1352 941 utiliter
1377 889 1513 940 satis
1536 885 1664 939 olim
1694 899 1819 952 pro-

223 987 401 1042 visum
430 996 535 1050 est,
565 993 908 1052 posterorum
937 983 1211 1035 memoriae
1259 978 1454 1032 litteris
1478 977 1755 1039 mandare,
1775 976 1820 1030 si

221 1080 369 1147 quis,
392 1077 494 1132 sibi
535 1085 590 1130 et
631 1076 821 1129 animae
847 1089 957 1127 suae
1002 1071 1314 1134 consulens,
1344 1069 1543 1138 aliquid
1569 1068 1820 1124 Ecclesia:

225 1171 322 1224 Dei
353 1169 422 1223 de
465 1177 627 1222 rebus
652 1165 910 1235 propriis,
938 1163 1026 1218 vel
1079 1173 1206 1217 ante
1234 1171 1460 1216 mortem
1504 1161 1592 1214 vel
1623 1161 1674 1212 in
1705 1160 1819 1228 ipsa

221 1273 399 1314 morte
442 1257 750 1314 contulerit.
804 1257 1148 1325 Quapropter
1197 1252 1408 1308 noverit
1458 1252 1636 1305 futura
1689 1260 1820 1305 retas

219 1354 350 1418 quia
409 1365 510 1416 ego
539 1349 886 1417 Arnulphus,
943 1347 1115 1414 gratia
1147 1345 1284 1412 Dei,
1341 1353 1464 1413 post
1519 1343 1819 1411 genitorem

220 1459 404 1498 meum
436 1443 782 1510 Drogonem,
832 1440 977 1494 dono
1007 1438 1090 1492 avi
1140 1438 1245 1491 mei
1294 1437 1512 1506 gloriosi
1566 1436 1820 1504 principis

219 1530 422 1602 Pipini,
455 1532 894 1600 Burgundionum
922 1529 1050 1594 dux,
1081 1528 1238 1596 hujus
1269 1530 1392 1581 vitre
1417 1527 1817 1580 instabilitatem

219 1629 588 1698 perpendens,
620 1636 676 1680 et
721 1627 845 1694 quia
873 1625 1042 1694 gloria
1071 1625 1253 1678 mundi
1284 1624 1431 1677 velut
1453 1624 1651 1676 fmnum
1701 1637 1819 1676 arc-

219 1721 346 1783 scit,
378 1727 431 1772 et
463 1721 705 1785 cogitans
762 1718 830 1771 de
877 1717 1118 1771 remedio
1169 1718 1360 1770 animae
1409 1733 1540 1770 mem
1594 1724 1651 1768 ut
1699 1723 1820 1783 post

224 1818 459 1862 mortem
488 1810 653 1862 vitam
682 1807 1122 1877 iuveniam,petii
1153 1823 1181 1860 a
1211 1807 1502 1861 venerabili
1534 1805 1646 1857 vim
1671 1803 1819 1857 Luit-

992 405 1430 464 I)0NATIONI’£S
1472 405 1559 460 AC
1596 400 2069 460 TESTMIENTA
2114 400 2355 466 EPISC.,
2397 401 2579 468 ABIL,
2623 400 2780 457 ETC.

1857 525 1904 584 Α
1931 525 1988 573 et
2015 502 2250 582 incultis,
2284 532 2446 586 quam
2497 519 2549 572 in
2577 517 2746 597 silvis,
2775 517 2965 597 pratis,
2997 518 3169 573 vineis
3200 561 3215 584 ,

3369 402 3513 460 1250

3274 523 3510 591 pascuis,

1923 609 2080 679 aquis
2098 622 2426 677 aquarumve
2453 595 2789 674 decursibus,
2824 595 2924 662 viis
2965 609 3196 677 etqinviis
3220 649 3236 676 ,
3283 613 3512 669 exitibus

1922 708 1980 753 et
2021 697 2342 766 redditibus,
2374 696 3134 768 farinariis,',quadrupedibus
3156 738 3172 766 ,
3228 701 3512 768 mobilibus

1922 797 1978 843 et
2017 789 2403 852 immobilibus,
2425 790 2512 845 vel
2537 789 2790 860 quiequid
2821 792 2983 845 modo
3009 791 3122 846 ullo
3147 790 3254 846 dici
3298 801 3393 846 aut
3421 807 3518 848 no.-

1923 881 2118 936 minari
2148 890 2346 950 potest.
2374 882 2526 937 Dono
2564 883 2728 936 etiam
2787 883 2838 936 in
2882 884 3071 938 Liedes
3112 885 3240 939 villa
3269 901 3516 942 mansum

1923 976 2385 1041 indominicatutn,
2417 991 2536 1030 cum
2566 976 2796 1030 tedilicio
2825 976 3058 1044 desuper
3106 978 3230 1042 sito,
3258 977 3519 1047 juxtaque

1922 1071 2069 1125 hunc
2095 1086 2363 1134 mansum,
2393 1070 2556 1124 alium
2588 1071 3012 1125 mansionarium
3052 1089 3172 1127 cum
3208 1075 3364 1128 terris
3394 1089 3519 1129 ara-

1925 1161 2076 1215 tor’iis
2105 1162 2173 1215 ad
2194 1162 2306 1217 dies
2331 1163 2449 1232 plus
2478 1163 2655 1217 minus
2695 1161 2826 1230 xxij,
2862 1172 2918 1216 et
2947 1166 3232 1230 quartariis
3264 1165 3298 1233 ij
3328 1205 3343 1230 ,
3395 1181 3521 1235 pra-

1923 1260 2088 1322 toque
2116 1254 2182 1307 ad
2209 1256 2373 1309 falces
2417 1255 2514 1323 iij;
2557 1256 2685 1309 item
2729 1255 2783 1308 in
2834 1253 3048 1309 Beruldi
3090 1256 3216 1309 villa
3271 1258 3519 1313 cuminas

1923 1345 2334 1399 indominicatas
2357 1346 2431 1412 iij,
2457 1361 2577 1414 quae
2603 1347 2674 1399 ita
2698 1346 2902 1414 jacent,
2943 1361 3046 1400 una
3080 1347 3130 1398 Ill
3164 1346 3275 1415 ipsa
3303 1345 3519 1403 Berultli

1921 1437 2067 1499 villa,
2097 1439 2199 1489 alia
2225 1437 2275 1488 iu
2309 1436 2428 1490 loco
2450 1438 2540 1505 qui
2569 1437 2766 1490 dicitur
2792 1436 3060 1491 Marconis
3092 1446 3327 1506 pratum,
3360 1439 3520 1493 tertia

1922 1524 1975 1577 in
2004 1523 2124 1578 loco
2151 1523 2297 1577 dicto
2327 1523 2626 1577 Amollierti
2670 1539 2911 1592 campus,
2945 1542 3066 1578 cum
3090 1527 3380 1591 quartariis
3427 1543 3518 1581 se-

1923 1623 2088 1679 ptem,
2115 1623 2167 1667 et
2196 1614 2330 1666 silva
2353 1614 2557 1667 minuta
2579 1613 2645 1667 ad
2675 1614 2791 1667 dies
2832 1629 2927 1679 xx,
2962 1615 3013 1667 in
3043 1615 3164 1666 loco
3195 1616 3288 1683 qui
3325 1615 3522 1670 dicitur

1921 1705 2166 1759 Bouerex
2196 1704 2364 1768 silva;
2397 1715 2606 1772 pratum
2636 1720 2854 1773 quoque
2886 1707 2939 1759 itt
2966 1706 3080 1774 ipsa
3104 1706 3232 1760 villa
3260 1706 3328 1760 ad
3356 1706 3522 1760 falces

1922 1798 2008 1866 iij;
2036 1806 2092 1852 et
2112 1797 2219 1852 alio
2243 1797 2364 1852 loco
2393 1796 2537 1851 dicto
2563 1796 2929 1860 Intriberis,et
2951 1798 3184 1853 Marchei
3216 1807 3431 1866 pratum
3450 1799 3518 1852 ad

221 1897 401 1961 μοι-ιο²
431 1899 626 1952 abbate
655 1897 968 1951 ιιιοηειςιριιίί
1010 1899 1167 1966 juxta
1191 1898 1466 1951 οίνίιειιθιη
1500 1895 1813 1949 Maliensem
1851 1892 1894 1949 Β
1922 1887 2086 1941 falces
2111 1886 2185 1940 Ix.
2217 1885 2370 1941 Dono
2392 1886 2674 1954 insuperin
2703 1887 2828 1940 villa
2853 1886 3101 1942 Mariolas
3126 1888 3378 1956 quicquid
3401 1898 3523 1957 post

219 1984 334 2048 siti,
367 1984 512 2053 quod
541 1983 738 2038 dicitur
765 1984 833 2038 ad
862 1983 1092 2039 Sanctus
1115 1985 1408 2054 Apostolos
1428 2026 1442 2049 ,
1499 1985 1586 2038 ubi
1611 1996 1821 2038 attavus

221 2089 400 2139 meus,
424 2074 692 2143 gloriosus
705 2073 902 2126 Christi
926 2074 1225 2138 confessor,
1247 2085 1462 2128 sanctus
1487 2075 1818 2143 Arnulphns,

219 2182 252 2219 a
284 2181 395 2235 quo
429 2174 486 2220 et
520 2172 718 2219 numen
745 2173 802 2218 et
841 2165 1104 2233 originem
1129 2165 1268 2219 duco
1297 2205 1312 2228 ,
1354 2166 1407 2218 ιιι
1459 2180 1686 2232 corpore
1735 2181 1822 2218 re-

219 2257 499 2325 quiescit,
545 2265 604 2310 ut
633 2256 762 2310 mihi
791 2271 1008 2325 quoque
1058 2256 1111 2309 in
1157 2256 1348 2310 eodem
1387 2257 1635 2309 emnobio
1675 2257 1824 2309 locus

218 2348 518 2415 sepultura:
547 2347 864 2412 donaretur,
891 2347 1048 2414 juxta
1077 2351 1380 2414 genitorem
1422 2364 1599 2399 tneum
1633 2346 1823 2415 pra:di-

220 2451 373 2495 ctum
396 2439 698 2506 Drogonem
725 2447 778 2492 et
799 2453 1112 2506 germanum
1132 2454 1308 2491 meum
1338 2438 1614 2505 Hugunetn
1646 2455 1824 2493 sacer-

221 2525 435 2592 dotem,
451 2528 703 2596 quoniam
730 2528 803 2581 ibi
826 2528 1002 2582 omnis
1017 2543 1175 2597 poene
1192 2531 1466 2596 parentela
1486 2545 1622 2591 mea,
1638 2545 1824 2583 amore

226 2619 308 2687 pii
345 2618 758 2688 predecessoris
787 2618 958 2671 nostri
1008 2629 1064 2671 et
1105 2618 1342 2687 parentis
1363 2619 1534 2672 sancti
1560 2618 1822 2688 Arnulphi

222 2715 414 2770 ducta.
445 2713 774 2782 sepulturam
805 2711 1036 2780 delegit;
1085 2711 1228 2778 quod
1258 2711 1387 2764 mihi
1424 2712 1564 2765 idem
1596 2726 1821 2766 venera-

225 2803 355 2853 bilis
382 2801 550 2854 abbas
573 2799 882 2854 Luitbertus
912 2800 1142 2866 benigne
1165 2800 1452 2854 concvssit.
1504 2799 1738 2870 Ideoque
1767 2810 1823 2856 et

225 2905 358 2958 ego,
390 2907 486 2958 pro
511 2890 815 2956 hujusmodi
838 2891 1212 2945 benevolentia
1239 2932 1252 2956 ,
1281 2901 1336 2944 et
1377 2901 1436 2945 ιιι
1475 2893 1652 2947 anima
1702 2908 1823 2948 mea

228 2980 590 3035 hereditatem
614 2981 664 3034 in
701 2980 850 3034 cwlis
878 2995 1000 3035 cum
1026 2983 1114 3049 pio
1145 2990 1298 3050 patre
1328 2992 1515 3036 nostro
1555 2999 1696 3052 saepe
1726 2999 1824 3038 no-

230 3071 494 3125 minando
529 3081 717 3126 sancto
759 3071 1042 3140 Arnulpho
1070 3073 1271 3126 habere
1312 3082 1586 3126 tnereatur
1611 3113 1627 3138 ,
1676 3071 1822 3127 dono

228 3165 669 3232 donatuinquein
699 3167 1155 3234 perpetuumvolo
1179 3165 1244 3218 ad
1276 3167 1446 3233 ipsum
1477 3165 1656 3220 locum
1687 3182 1826 3234 prae-
1856 3201 1898 3260 (ἶ

230 3255 386 3309 dium
409 3269 586 3308 meum
614 3253 917 3307 Floriacutn
945 3254 1179 3320 dictum,
1232 3255 1394 3308 situm
1424 3256 1477 3309 in
1531 3268 1669 3324 pago
1699 3255 1826 3308 Wa-

229 3349 422 3402 brinse
450 3355 506 3402 et
536 3347 590 3400 in
613 3347 874 3402 comitatu
899 3345 1282 3414 Scarponensi,
1303 3363 1544 3402 mansum
1578 3347 1830 3402 videlicet

231 3437 703 3502 indominicatum,
731 3453 851 3490 cum
879 3436 1119 3491 aediliciis
1173 3440 1542 3506 superpositis,
1573 3447 1630 3492 et
1679 3454 1832 3491 utau-

228 3530 394 3596 cipiis
424 3529 704 3595 utriusque
732 3543 894 3583 sexus
921 3529 988 3581 ad
1021 3529 1191 3595 ipsum
1224 3530 1478 3596 praedium
1509 3532 1830 3598 pertinentin

231 3618 365 3680 bus,
399 3627 453 3670 et
481 3618 734 3686 quicquid
765 3618 816 3671 itt
849 3619 963 3686 ipso
998 3619 1158 3673 alodo
1189 3619 1270 3672 vel
1316 3620 1429 3688 ipse
1456 3621 1538 3672 vel
1584 3632 1831 3674 anteces-

232 3723 395 3763 sores
423 3708 526 3762 u.ei
562 3707 660 3762 visi
691 3723 877 3762 sumus
923 3707 1199 3773 habuisse,
1225 3717 1332 3761 tant
1360 3710 1413 3763 in
1438 3711 1643 3778 campis
1674 3712 1832 3766 cultis

315 3876 340 3902 ι·
383 3863 464 3917 Ex
492 3863 714 3918 archiva
743 3863 1057 3918 monasterii
1105 3863 1203 3917 SS.
1236 3864 1641 3932 Apostolorum.
1673 3866 1835 3920 hodie

233 3937 297 3990 S.
331 3935 618 3999 Arnulphi,
651 3933 970 4003 deprompta
999 3943 1177 3988 exstat
1199 3934 1340 4003 apud
1394 3935 1730 3988 Meurissiuui
1783 3938 1832 3990 in

239 4006 381 4059 Vitis
407 4005 785 4071 episcoporqu
843 4002 1159 4057 Metensium
1181 4045 1196 4070 ,
1238 4002 1372 4072 pag.
1426 4005 1518 4055 111
1552 4022 1565 4068 ;
1598 4005 1833 4059 Bouclie-

237 4087 358 4129 tum
386 4075 463 4128 De
493 4075 700 4138 origine
723 4075 885 4141 regite
909 4075 1103 4127 domus
1123 4073 1382 4137 Francia},
1411 4078 1561 4138 prob.
1587 4090 1706 4143 pag.
1733 4076 1829 4140 69;

238 4145 518 4198 Cointiutu
551 4145 602 4195 in
634 4144 779 4213 Ann:
829 4152 885 4195 et
912 4159 980 4213 ex
1011 4146 1182 4197 chart.
1227 4144 1285 4213 S.
1337 4146 1619 4213 Arnulphi,
1656 4157 1692 4198 ι.
1723 4146 1788 4197 IV
1816 4187 1832 4212 ,

239 4230 375 4282 pag.
403 4213 536 4275 456;
569 4213 702 4267 Nov.
743 4212 882 4282 Gall.
914 4211 1114 4267 Christ.
1147 4223 1187 4268 t.
1222 4212 1356 4276 XIII,
1387 4211 1536 4267 instr.
1570 4216 1672 4269 eol.
1707 4211 1829 4271 569.

242 4279 508 4338 Eamdem
537 4285 796 4347 chartam,
826 4279 1031 4336 Gallice
1060 4299 1292 4348 versam,
1325 4286 1700 4347 Walladierus,
1735 4286 1834 4338 Ba-

239 4356 397 4408 silica
425 4352 483 4407 S.
513 4351 794 4416 Arnulphi,
821 4366 942 4423 pag.
978 4353 1101 4418 188,
1123 4355 1358 4420 vulgavit
1381 4371 1446 4407 ex
1477 4359 1831 4423 autographo,

241 4423 396 4492 quod
418 4439 477 4477 se
507 4425 736 4490 propriis
767 4421 937 4476 oculis
965 4425 1161 4476 vidisse
1196 4433 1438 4488 testatur,
1466 4421 1834 4493 antiquissimo

245 4496 568 4566 charactere
591 4495 642 4566 in
663 4493 876 4566 cortice
914 4503 1218 4566 exaratum.
1250 4494 1357 4546 Nos
1379 4496 1587 4548 edimus
1613 4512 1676 4549 ex
1708 4513 1836 4566 apo—

1930 1980 2150 2033 fratrcm
2185 1994 2362 2032 meum
2385 1979 2539 2033 bona:
2559 1980 2834 2034 memoria:
2855 1979 3199 2035 Godefridutn
3222 1980 3525 2035 hereditate

1930 2069 2060 2124 mihi
2090 2071 2348 2124 obvenit:
2382 2070 2438 2123 id
2467 2079 2570 2136 est,
2601 2065 2796 2124 terram
2851 2073 3143 2126 oratoriam
3171 2073 3522 2128 iudnminica-

1933 2169 2062 2224 tam,
2091 2161 2373 2230 plusquam
2401 2160 2588 2228 jugera
2649 2178 2751 2226 cc;
2795 2172 3007 2231 pratum
3037 2165 3201 2217 etiam
3247 2165 3315 2218 ad
3359 2166 3522 2220 falces

1934 2267 2042 2305 xxx
2066 2292 2080 2316 ,
2127 2259 2182 2306 et
2203 2253 2394 2307 silvam
2431 2254 2690 2307 minutam
2722 2254 2787 2305 ad
2835 2253 2949 2306 dies
2981 2269 3064 2307 xc.
3090 2251 3234 2318 Ilzec,
3268 2263 3321 2309 et
3343 2259 3524 2310 omnia

1931 2342 1998 2395 ad
2028 2342 2141 2396 lucc
2173 2345 2513 2409 pertinentia,
2545 2344 2610 2396 ad
2645 2345 2815 2412 ipsum
2866 2343 3040 2397 locum
3072 2345 3237 2409 dono,
3271 2349 3444 2411 trado,
3469 2361 3526 2402 et

1931 2433 1998 2484 de
2027 2449 2149 2486 meo
2175 2434 2296 2500 jure
2330 2437 2380 2488 in
2412 2444 2736 2505 potestatem
2765 2451 3041 2488 servorum
3073 2434 3167 2488 Dei
3199 2437 3326 2490 inibi
3376 2453 3525 2491 com—

1932 2525 2267 2577 mattentiuin
2299 2535 2469 2578 totum
2501 2526 2568 2578 ad
2596 2526 2885 2591 integrum,
2908 2541 2971 2580 ea
3005 2525 3121 2594 lege
3143 2542 3248 2595 qua
3275 2541 3376 2595 ego
3413 2529 3525 2582 hmc

1933 2614 2462 2683 hactenus-possedi,
2513 2617 2564 2668 id
2597 2625 2828 2670 estcum
2868 2618 3015 2671 onmi
3063 2617 3411 2684 integritate,
3471 2631 3526 2672 et

1932 2703 2138 2771 absque
2188 2706 2329 2758 illius
2371 2706 2592 2759 alterius
2619 2707 2841 2760 dominii
2889 2708 3305 2775 participatione
3353 2717 3518 2761 trans-

1930 2796 2116 2859 l'undo,
2147 2806 2204 2849 ut
2235 2798 2332 2865 ipsi
2373 2799 2514 2852 servi
2543 2797 2638 2850 Dei
2670 2813 2732 2851 ea
2777 2798 3003 2853 firmiter
3025 2813 3055 2853 a
3078 2798 3165 2852 die
3192 2801 3428 2868 presenti
3471 2809 3526 2855 et

1931 2885 2185 2954 deinceps
2218 2898 2456 2953 teneant,
2491 2890 2803 2955 possideant
2847 2899 2903 2942 et
2957 2891 3182 2944 liberam
3214 2891 3524 2945 facultatem

1933 2976 2166 3030 habeant
2196 2978 2426 3031 faciendi
2459 2979 2528 3031 de
2557 2979 2635 3031 eis
2664 2979 2923 3047 quiequid
2947 2979 3014 3032 ad
3045 2981 3333 3034 utilitatem
3364 2981 3448 3034 sui
3470 2992 3526 3035 ct

1935 3067 2101 3134 ipsius
2130 3067 2366 3121 basilicae
2397 3069 2659 3136 prolicere
2683 3070 2934 3124 viderint.
2959 3069 3114 3135 Quod
3144 3073 3186 3125 si
3219 3073 3358 3140 quis,
3383 3075 3526 3139 quod

1934 3159 2075 3212 absit
2102 3169 2158 3212 et
2183 3159 2328 3226 quod
2356 3158 2592 3212 futurum
2617 3176 2723 3214 non
2755 3161 2939 3224 credo,
2965 3161 3034 3214 de
3056 3163 3286 3229 posteris
3303 3163 3525 3227 nostris,

1931 3262 2026 3306 :tut
2063 3267 2416 3322 quaecumque
2462 3253 2566 3306 alia
2601 3269 2830 3320 persona
2883 3255 2968 3308 vel
2999 3265 3241 3324 potestas
3268 3295 3284 3318 ,
3339 3266 3527 3310 contra

1933 3346 2070 3399 hanc
2090 3346 2439 3399 donationem
2458 3353 2696 3398 nostram
2720 3347 2917 3413 aliquid
2940 3347 3209 3401 violentiae.
3234 3349 3412 3402 facere
3431 3364 3527 3402 vo-

1935 3436 2112 3500 luerit,
2138 3444 2194 3490 et
2222 3436 2480 3502 praedium
2513 3438 2708 3506 ipsum,
2742 3440 2822 3491 vel
2856 3439 2921 3491 ad
2953 3439 3124 3507 ipsum
3172 3439 3372 3508 aliquid
3398 3456 3524 3510 per-

1936 3527 2112 3579 tinens
2140 3529 2355 3581 auferre
2377 3529 2445 3582 ab
2471 3528 2662 3581 eodem
2694 3540 2886 3582 sancto
2915 3530 3036 3584 loco
3063 3531 3426 3598 temptaverit,
3439 3533 3526 3584 vel

1933 3617 2135 3683 aliquid
2164 3618 2378 3684 injust-.1:
2421 3619 2808 3672 dominationis
2850 3620 2951 3673 sibi
2997 3620 3049 3674 iit
3095 3621 3176 3674 his
3198 3636 3319 3689 qua:
3356 3621 3527 3676 solide

1933 3707 2142 3772 damus,
2169 3725 2428 3778 usurpare
2451 3719 2678 3763 conatus
2705 3710 2886 3776 fuerit,
2916 3711 3128 3765 noverit
3156 3726 3216 3766 se
3244 3712 3298 3766 in
3327 3711 3415 3767 die
3440 3712 3529 3782 ju-

1936 3880 2054 3919 mus
2079 3873 2262 3917 notam
2293 3865 2730 3939 chronologicant
2765 3865 3251 3939 abilncarnatione
3278 3872 3523 3939 petitam,

1935 3945 2119 3988 contra
2145 3950 2347 3988 morem
2381 3936 2536 4000 hujus
2591 3938 2783 3990 aitatis.
2819 3938 3076 3992 Mittimus
3104 3936 3524 3996 discorilatttiam

1938 4006 2074 4056 inter
2125 4020 2322 4057 annum
2354 4007 2504 4070 regni
2550 4024 2577 4058 x
2609 4016 2663 4059 et
2701 4022 2898 4060 annum
2954 4009 3342 4064 lncarnationis
3400 4011 3525 4066 706.

1939 4074 2059 4127 Ηιιξο
2089 4073 2225 4148 forte
2257 4076 2579 4148 interpolata
2610 4077 2778 4148 videri
2821 4088 3078 4146 pussent;
3135 4080 3228 4134 sed
3258 4082 3361 4133 alia
3407 4097 3528 4148 quas

1938 4145 2240 4196 notavimus
2267 4147 2396 4198 satis
2424 4161 2697 4213 superque
2747 4145 2934 4200 faISuui
2969 4148 3219 4210 produnt.
3254 4150 3336 4204 Ad
3366 4145 3527 4206 [idem

1937 4214 2095 4281 l‘ujus
2127 4215 2489 4280 instrumenti,
2522 4215 2756 4272 Dl‘OilOflI
2790 4227 2900 4272 tres
2927 4219 3017 4271 lilii
3068 4219 3326 4282 assignati
3359 4229 3483 4274 sunt
3510 4263 3527 4284 ,

1937 4284 2311 4359 Arnulphns
2342 4287 2800 4359 llugo__sacerdos_
2843 4300 2897 4341 et
2923 4287 3274 4354 Godefi-idus;
3332 4291 3531 4359 quibus

1936 4366 2156 4418 quartus
2192 4356 2426 4418 additur,
2475 4354 2732 4422 Pipinus,
2785 4357 2839 4412 in
2896 4360 3084 4412 charta
3134 4375 3240 4412 non
3290 4354 3531 4415 melioris

1938 4435 2094 4484 ttt‘iltu,
2131 4423 2371 4484 IIugouis
2425 4427 2742 4496 sacerdotis,
2785 4444 2944 4496 quam
2995 4429 3122 4483 alibi
3152 4429 3530 4485 exhibebimus

1941 4505 1995 4546 ct
2067 4496 2452 4566 cxpgndemus.
2503 4494 2816 4563 [Attamen
2869 4499 3053 4551 charta
3124 4499 3340 4553 defendi
3400 4517 3529 4566 pos-

286 4564 457 4630 rapho
485 4564 712 4630 quodin
762 4562 1198 4631 chartophylacio
1251 4575 1434 4617 nostro
1491 4555 1832 4632 deposuit'l).
1872 4555 1915 4610 ι)
1942 4575 2060 4617 set:
2099 4568 2157 4616 1"
2183 4564 2322 4616 Nihil
2367 4555 2545 4618 obstat
2598 4567 2726 4631 quin
2779 4568 2953 4636 Drogo
3010 4568 3326 4634 Burgundim
3368 4555 3529 4624 simul

241 4578 576 4687 g‘abouillot.
610 4649 640 4685 e
671 4638 1086 4687 conuentione
1112 4631 1170 4684 S.
1220 4633 1420 4687 Vitoui.
1445 4651 1564 4687 cum
1597 4644 1840 4687 autiiera.
1943 4644 1996 4685 et
2023 4635 2330 4687 Campania:
2353 4637 2460 4687 dux
2491 4638 2670 4687 fuerit.
2711 4636 2814 4687 Fac
2844 4648 3019 4687 tamen
3048 4642 3189 4687 enim
3220 4639 3529 4687 Camnanim

295 4633 576 4693 abouillot,
610 4649 640 4685 e
671 4638 1086 4700 congregatione
1112 4631 1170 4684 S.
1196 4633 1420 4702 iVitoui,
1445 4631 1570 4688 cum
1597 4644 1840 4702 autogra.

244 4705 362 4772 pho
393 4718 507 4756 ase
535 4703 818 4770 diligenter
863 4702 1138 4756 collatum.
1191 4701 1246 4755 In
1295 4704 1455 4758 editis
1480 4707 1603 4758 huic
1651 4707 1842 4761 instru-

246 4782 440 4828 mento
483 4774 597 4827 lucc
643 4772 1081 4843 przemittuntur:
1123 4792 1141 4822 ι
1181 4772 1293 4840 Ego
1349 4776 1674 4843 Arnulphus,
1733 4778 1836 4829 dux

247 4855 378 4912 post
402 4851 608 4912 patrem
635 4859 810 4897 meum
840 4842 1140 4910 Drogonctn
1161 4885 1174 4902 ,
1202 4845 1381 4896 villam
1410 4842 1582 4898 meatu
1607 4849 1841 4899 Creanto

245 4915 493 4966 concedo
525 4921 644 4980 post
672 4921 901 4966 mortem
935 4914 1102 4979 patris
1132 4916 1236 4965 inci
1271 4915 1622 4980 Drogouis,et
1647 4921 1723 4970 sic
1753 4922 1844 4969 liat

245 4984 549 5037 secundum
601 4984 755 5035 istatn
814 4982 1044 5034 litteram
1097 4997 1216 5047 qua:
1265 4986 1599 5040 describitur.
1639 5007 1656 5038 ι
1705 4986 1841 5040 Tum

248 5055 500 5126 sequitur
527 5053 711 5106 charta
741 5053 952 5126 qualem
1001 5051 1318 5126 exhibemus
1342 5095 1356 5113 .
1412 5071 1532 5108 cum
1582 5058 1763 5126 paucis
1789 5067 1844 5109 et

251 5124 473 5177 levioris
498 5124 752 5195 momenti
772 5123 1146 5195 discrepantiis
1175 5162 1189 5184 ,
1249 5140 1381 5191 quas
1423 5123 1611 5180 notare
1665 5144 1843 5195 opem:

253 5198 489 5259 pretium
520 5208 627 5246 non
655 5192 926 5245 duximus.
954 5194 1053 5256 Qui
1084 5195 1328 5246 chartam
1362 5195 1498 5248 hanc
1519 5192 1842 5261 ediderunt,

251 5265 426 5330 ipsam
453 5263 750 5337 habuerunt
782 5277 878 5328 pro
937 5263 1188 5337 legitima,
1217 5275 1445 5332 excepto
1475 5267 1684 5323 Coiutio
1707 5311 1720 5332 ,
1753 5271 1842 5337 qui

251 5349 377 5384 eam
441 5333 628 5385 validis
684 5333 1016 5399 argumentis
1077 5337 1469 5399 Supposititiam
1539 5333 1840 5393 monstrat:

255 5403 314 5454 l’
345 5403 545 5470 Drogo,
573 5403 679 5463 cui,
710 5403 860 5469 juxta
893 5406 1029 5455 hanc
1059 5403 1298 5456 chartam
1326 5445 1341 5469 ,
1391 5407 1441 5458 ιιι
1472 5407 1666 5460 ducatu
1709 5407 1844 5461 Bur—

252 5475 470 5542 gundia:
501 5477 762 5527 successit
795 5471 1120 5540 Arnulphus,
1156 5475 1463 5542 neutiquam
1494 5476 1841 5540 Burgundim,

253 5543 352 5596 sed
378 5541 687 5610 Campania:
715 5545 819 5596 dux
846 5544 944 5597 fuit
969 5560 982 5603 ;
1023 5543 1078 5594 ευ
1117 5543 1259 5597 ldetn
1295 5541 1491 5611 Drogo,
1521 5565 1583 5600 ex
1607 5551 1842 5602 unanimi

255 5623 503 5666 vriel‘llﬂl
529 5613 915 5667 annalistarutn
938 5628 1225 5677 consensu,
1258 5631 1362 5667 non
1422 5618 1519 5668 nisi
1571 5634 1713 5672 anno
1744 5621 1845 5671 708

255 5684 364 5735 vim
399 5685 599 5756 cessit;
649 5698 778 5756 ergo
820 5685 1187 5756 commentitia
1240 5694 1322 5738 est
1349 5686 1534 5739 charta
1577 5705 1697 5756 qum
1729 5702 1847 5755 post

254 5767 493 5830 inut-tetu
525 5754 790 5830 Drogouis
826 5755 949 5830 data
980 5755 1195 5830 dicitur,
1222 5771 1418 5830 anno}
1451 5754 1607 5830 regni:
1628 5754 1844 5830 Cl_tilde-

252 5825 399 5884 berti
421 5823 508 5894 lll,
539 5837 728 5881 mense
749 5823 940 5893 Juuio,
990 5825 1042 5883 id
1072 5834 1155 5881 est
1185 5840 1326 5882 anno
1352 5826 1479 5883 Chr.
1506 5820 1633 5884 '304.
1677 5828 1841 5884 Mitti-

1943 4644 1996 4709 et
2023 4635 2330 4703 Campania:
2353 4637 2460 4688 (qu
2491 4638 2670 4709 fuerit.
2697 4636 2814 4709 _I"ac
2844 4635 3019 4691 tamen
3041 4642 3189 4709 enim
3220 4639 3531 4709 Campania:

1943 4706 2192 4757 ducatum
2225 4707 2597 4758 tautuunnodo
2626 4706 2875 4761 habuisse
2902 4747 2917 4770 ,
2978 4708 3108 4760 nihil
3156 4709 3334 4762 obstat
3359 4706 3530 4770 ’(1υο-

1944 4776 2139 4834 minus,
2170 4775 2415 4843 Drogoue
2446 4787 2657 4827 mortuo
2686 4817 2715 4847 ,ί
2745 4776 3002 4845 Pippittus
3033 4779 3197 4831 filiuni
3222 4779 3339 4847 ejus
3388 4779 3527 4832 Bur-

1943 4847 2152 4908 gundizc
2183 4848 2553 4910 prteposuerit,
2585 4862 2651 4898 ne
2681 4846 2986 4914 Campania:
3014 4846 3268 4902 ducatum
3317 4851 3531 4906 heredi-

1946 4917 2080 4968 tario
2105 4915 2226 4983 jure
2273 4916 2569 4975 admisisse
2598 4915 2910 4979 videretur;
2953 4916 3010 4969 2°
3038 4917 3184 4970 Citra
3213 4929 3531 4974 controver-

1943 4986 2075 5037 siam
2139 4999 2312 5037 anuus
2371 4985 2436 5036 Il)
2492 4986 2821 5041 llltiltlelierti
2883 4987 2948 5040 ΙΙΙ
3010 4987 3149 5041 male
3210 4987 3529 5054 indicatur;

1944 5055 2252 5120 oportebat,
2277 5070 2447 5107 anuus
2467 5055 2530 5110 14
2556 5057 2636 5108 vel
2679 5056 2738 5109 l5
2766 5075 2779 5120 ;
2822 5058 2911 5110 sed
2944 5057 3048 5110 hoc
3076 5062 3422 5112 amanuensis
3443 5063 3529 5114 vi~l

1947 5125 2140 5176 notarii
2197 5125 2500 5198 oscitatititc
2556 5127 2713 5178 tribui
2769 5128 2925 5180 facie
2976 5137 3186 5198 potest;
3236 5130 3531 5198 compluri-

1947 5209 2168 5257 tuasque
2197 5194 2501 5261 hujusmodi
2550 5199 2925 5250 eXClIS‘leUlleS
2976 5194 3219 5252 adhibuit
3242 5194 3421 5254 clarus
3446 5199 3532 5254 vir

1945 5263 2013 5316 de
2053 5263 2376 5334 b‘requiguy.
2419 5267 2560 5318 Sane
2607 5267 2788 5333 iniqua
2854 5269 2938 5320 lex
2987 5267 3200 5321 critices
3244 5268 3385 5322 foret
3441 5269 3528 5332 si,

1949 5344 2170 5402 propter
2194 5346 2390 5393 errata,
2424 5337 2505 5387 vel
2550 5339 2693 5404 apud
2751 5337 3111 5391 at-curatiores
3166 5339 3531 5406 typographos

1950 5415 2165 5458 nostros
2191 5421 2294 5456 non
2326 5420 2446 5457 raro
2468 5406 2764 5459 accidentia
2787 5408 2832 5473 (l
2853 5416 2886 5470 ),
2908 5407 3176 5462 veteribus
3203 5410 3531 5462 instrumen-

1951 5476 2037 5540 tis,
2067 5490 2184 5543 quaa
2211 5477 2262 5528 iu
2292 5490 2352 5528 se
2397 5475 2527 5528 nihil
2558 5476 2868 5532 incredibile
2920 5477 3120 5532 habent
3149 5518 3165 5546 ,
3223 5478 3358 5537 fides
3385 5489 3533 5535 esset

1951 5545 2305 5615 deneganda}

1949 5545 2278 5613 deneganda.

2014 5657 2086 5716 (I)
2125 5657 2400 5709 Huiusmodi
2444 5661 2711 5706 oscitantlte
2757 5659 3037 5720 exemplum
3084 5663 3192 5719 ipse
3239 5659 3430 5719 praebet
3467 5659 3534 5711 de

1951 5718 2229 5778 lin-quigny
2255 5723 2338 5780 qui
2367 5728 2458 5783 ter,
2487 5721 2644 5767 setiicl
2687 5724 2734 5768 in
2769 5718 3082 5770 annotatione
3107 5718 3158 5768 et
3197 5718 3273 5770 bis
3298 5725 3344 5769 iu
3371 5723 3510 5783 prole

1953 5794 2193 5840 gmneins,
2217 5791 2418 5828 mortem
2443 5781 2680 5841 Drogouis
2701 5785 2915 5845 assignat
2937 5796 3060 5834 anno
3077 5785 3195 5845 608;
3218 5781 3541 5845 quem‘erro-

1953 5856 2057 5890 rem
2080 5845 2437 5893 emendandum
2465 5845 2644 5894 curavi.
