4206 6532
698 396 832 453 I‘25l

1446 385 1716 443 SECUL.
1760 384 1850 439 VII
1894 382 1973 436 E’I
2031 383 2137 436 VIII
2180 374 2722 433 ECCLESIASTICA
2766 372 3220 430 MONUIIENTA.

3827 367 3967 429 1259

694 512 818 566 dicii
844 509 912 564 dc
940 509 1022 564 his
1041 520 1224 562 coram
1260 512 1402 572 iusto
1429 501 1605 562 iudice
1636 501 1901 556 rationem
1927 485 2283 555 redditurum,
2317 491 2361 546 Α
2394 488 2629 558 pascuis,
2656 487 2810 556 aquis
2838 499 3169 557 aquarnmve
3196 481 3532 553 decursibus,
3558 484 3845 552 farinariis,
3874 503 3969 558 pe-

693 612 749 656 et
777 610 984 672 partem
1014 595 1402 653 maledictionis
1429 603 1647 647 aeterna:
1675 606 1796 645 cum
1817 589 2023 643 Datlian
2067 596 2123 641 et
2146 586 2275 638 Abi-

696 708 794 747 ron
821 700 876 746 et
895 690 1029 744 Juda
1050 687 1325 756 proditore
1354 684 1684 738 habiturum.
1720 680 1829 733 Nos
1853 689 2053 740 tamen,
2083 685 2141 730 ut
2167 677 2281 729 liwc

696 793 879 840 nostra
901 778 1122 835 donatio
1141 776 1290 831 firma
1314 777 1367 830 in
1388 784 1707 846 perpetuum
1738 779 1975 835 maneat,
1991 777 2282 822 testamen-

696 888 808 930 tum
839 874 945 927 hoc
970 870 1167 927 litteris
1196 868 1465 922 firmatum
1497 879 1657 919 manu
1694 863 1912 932 propria
1942 859 2280 913 roboramus.

765 968 956 1023 Actum
1002 963 1215 1033 publice
1278 962 1331 1015 in
1377 960 1502 1013 villa
1538 956 1787 1026 Oppilla,
1836 954 1937 1010 sub
1962 952 2051 1007 die
2097 951 2283 1021 quinta

694 1058 952 1114 kalendas
971 1054 1118 1117 Julii,
1150 1068 1293 1107 anno
1315 1051 1382 1106 ab
1409 1047 1785 1104 Incarnatione
1826 1044 2039 1099 Domini
2088 1056 2241 1097 nccvn
2266 1078 2284 1104 ,

697 1147 992 1204 indictione
1013 1145 1085 1210 iv,
1108 1151 1368 1213 regnante
1396 1139 1743 1195 Childeberto
1787 1150 1939 1203 rege,
1965 1150 2108 1189 anno
2134 1133 2286 1204 regni

694 1239 866 1309 ipsius
890 1255 945 1293 χ.
975 1266 1048 1278 --
1067 1235 1177 1302 Ego
1203 1232 1512 1301 Arnulpbus
1550 1230 1690 1284 hanc
1718 1228 2068 1283 donationem
2095 1225 2289 1281 litteris

697 1330 976 1393 traditam,
1002 1340 1161 1380 manu
1177 1323 1394 1394 propria
1421 1321 1628 1392 signavi
1650 1328 1706 1375 et
1728 1320 2039 1373 lirmavi.-—
2065 1318 2289 1385 Signum

700 1419 941 1476 Adilonis
991 1416 1224 1473 comitis.
1276 1443 1349 1454 -—-
1389 1415 1611 1483 Signum
1659 1411 1904 1465 Widonis
1951 1408 2187 1463 comitis.
2217 1437 2290 1449 —-

697 1515 921 1583 Signum
953 1510 1253 1566 Tremberti
1274 1508 1509 1562 comitis.
1536 1535 1608 1547 -—
1635 1504 1859 1572 Signum
1897 1501 2167 1556 Lamberti
2197 1515 2291 1557 co-

702 1606 865 1660 mitis.
917 1634 988 1646 -—
1051 1604 1271 1669 Signum
1332 1598 1601 1653 Warnarii
1665 1598 1899 1653 comitis.
1953 1627 2027 1638 —
2068 1595 2289 1664 Signum

703 1696 988 1752 Tmusonis
1013 1693 1218 1749 scabini
1250 1703 1296 1746 ε.
1318 1690 1622 1760 -—Signum
1644 1690 1952 1745 Rozelonis.
1974 1721 2035 1731 —
2068 1688 2290 1757 Signum

703 1785 962 1842 Tietuini.
993 1817 1065 1829 —
1093 1784 1315 1852 Signum
1358 1782 1631 1837 Tuleradi.
1651 1811 1722 1821 —
1741 1781 1961 1848 Signum
1986 1778 2197 1832 Amelii.
2220 1809 2293 1821 —

2382 581 2560 647 culiis,
2584 580 2745 633 cultis
2790 588 2846 632 et
2893 577 3129 641 incultis,
3161 576 3554 646 suprascribtas
3605 578 3892 648 porciones
3935 595 3969 635 ι

2381 672 2468 725 die
2498 670 2732 739 presenti
2758 669 2849 724 tibi
2882 668 3037 722 trado
3067 676 3231 736 atque
3260 667 3618 724 transcribere
3662 682 3794 736 rogo
3844 684 3968 739 per-

2384 760 2668 830 petualitcr
2692 758 2759 812 ad
2790 758 3212 829 possidendum;
3269 757 3409 811 unde
3450 756 3633 826 accepi
3690 756 3742 810 in
3788 759 3970 827 precio

2382 850 2529 919 quod
2553 850 2691 904 inter
2724 865 2823 905 nos
2853 850 2992 902 bene
3019 847 3367 916 complacuit.
3399 847 3503 902 hoc
3546 854 3662 910 est,
3694 847 3837 902 inter
3870 863 3967 901 auo

2384 956 2502 993 rnm
2531 950 2586 995 et
2611 949 2892 1007 argentum
2914 936 2962 1001 δ,
2985 936 3189 992 solidos
3211 938 3358 992 mille
3387 937 3712 1006 quingentos
3742 946 3969 1003 tantum,

2386 1029 2458 1083 ita
2487 1038 2546 1083 ut
2574 1044 2603 1082 a
2635 1029 2724 1082 die
2752 1029 3012 1098 presenti,
3038 1027 3185 1096 ipsas
3213 1028 3490 1096 portiones
3516 1026 3769 1093 habendi,
3787 1037 3974 1082 tenen-

2386 1122 2481 1185 di,
2537 1121 2733 1183 dandi,
2783 1120 3086 1187 vendendi,
3123 1118 3533 1178 commutandi.
3582 1117 3670 1172 vel
3714 1118 3973 1188 quicquid

2387 1208 2582 1267 exinde
2611 1210 2847 1265 volueris
2868 1209 3048 1265 facere
3075 1209 3300 1264 liberam
3327 1218 3383 1263 et
3413 1209 3796 1274 lirmissimam,
3820 1208 3979 1262 Chri-

2388 1316 2474 1360 sto
2502 1307 2757 1375 propitio,
2789 1304 2842 1359 in
2873 1305 3129 1359 omnibus
3154 1303 3356 1358 habeas
3382 1310 3730 1373 potestatem.
3773 1302 3830 1357 Si
3857 1300 3979 1371 quis

2390 1411 2545 1459 vero,
2576 1394 2723 1463 quod
2757 1395 2999 1448 futurum
3035 1407 3157 1447 esse
3180 1408 3291 1448 non
3317 1393 3503 1458 credo,
3529 1393 3578 1447 ‘si
3610 1407 3712 1461 ego
3743 1393 3858 1463 ipse
3883 1400 3979 1447 aut

2393 1486 2531 1540 ullus
2559 1487 2629 1540 de
2657 1486 2948 1542 heredibus
2991 1484 3149 1550 meis,
3179 1483 3266 1538 vel
3313 1485 3567 1552 quislibet
3593 1485 3843 1554 opposita
3886 1491 3980 1538 aut

2393 1586 2650 1631 extranea
2679 1592 2931 1646 persona,
2949 1586 3138 1632 contra
3167 1576 3309 1629 hanc
3333 1575 3702 1630 vendicionem
3750 1574 3978 1640 venerit,

2396 1669 2687 1722 inferamus
2718 1668 2873 1722 vobis
2913 1677 3120 1721 tantum
3140 1708 3155 1732 ,
3188 1676 3242 1721 et
3271 1667 3373 1721 alia
3407 1674 3633 1731 tantum,
3659 1675 3918 1735 quantum
3948 1680 3981 1720 a

2398 1759 2550 1812 vobis
2599 1758 2948 1827 accepimus,
3000 1757 3327 1825 duplamque
3381 1757 3697 1825 pecuniam,
3728 1756 3982 1810 consocio

703 1880 928 1950 Signum
959 1845 1201 1933 llrsonis.
1227 1906 1295 1916 —
1315 1876 1539 1942 Signum
1569 1845 1819 1939 Remigii.
1839 1899 1910 1912 -ο
1933 1869 2047 1939 Ego
2076 1868 2294 1923 Adelar-

2404 1849 2535 1904 fisco
2561 1850 2936 1917 distringente,
2968 1858 3190 1904 coactus
3226 1848 3490 1911 exsolvat,
3514 1856 3569 1901 et
3594 1847 3740 1915 quod
3788 1845 3984 1916 repetit

700 1971 822 2033 dus,
845 1971 911 2026 ad
939 1971 1108 2025 vicem
1131 1968 1389 2022 Bernardi
1418 1965 1574 2035 primi
1601 1965 1804 2027 scrinii,
1825 1973 2042 2033 rogatus
2072 1961 2286 2035 scripsi.

1404 2056 1589 2111 XLVI.

700 2152 894 2206 Charta
920 2168 1022 2221 qua
1069 2149 1405 2221 Darmundus
1453 2148 1625 2221 pendit
1681 2146 2156 2221 Erlifriilq,_ab_bati
2201 2146 2289 2221 Si-

774 2214 978 2278 ιΙιὶεηέὶ,
1002 2223 1195 2276 prmum
1215 2220 1268 2271 in
1285 2218 1432 2287 pagis
1456 2214 1837 2270 Vermandense
1851 2227 1899 2268 et
1912 2214 2285 2270 Noviomenseb

780 2295 928 2361 (ann.
970 2291 1119 2357 708).

780 2405 1008 2461 Domino
1037 2412 1092 2458 et
1124 2401 1415 2456 venerabili
1462 2401 1579 2455 viro
1624 2401 1878 2456 Erlilrido
1911 2412 1957 2463 ε,
1986 2402 2168 2456 abbati
2223 2403 2290 2456 de

702 2497 1033 2555 monasterio
1092 2495 1303 2559 Sitdiu,
1358 2492 1698 2548 Darmundus
1742 2494 2011 2549 venditor.
2066 2499 2292 2550 Constat

703 2607 791 2646 me
830 2605 936 2645 non
967 2589 1283 2657 imaginario
1331 2586 1476 2655 jure,
1507 2586 1602 2641 sed
1650 2587 1960 2657 pleniSsiina
2011 2588 2290 2643 voluntate

703 2686 798 2740 tibi
828 2684 1152 2747 vendidisse,
1181 2691 1237 2736 et
1256 2683 1331 2736 ita
1361 2681 1577 2737 vendidi
1602 2698 1615 2734 :
1643 2682 1746 2736 hoc
1790 2693 1892 2746 est,
1921 2683 2057 2737 duas
2103 2694 2289 2752 partes

700 2780 772 2834 de
796 2792 855 2832 re
883 2775 1147 2846 portionis
1178 2790 1316 2837 mee,
1339 2774 1391 2829 in
1414 2775 1535 2829 loco
1554 2784 1898 2843 nnncnpante
1918 2774 2293 2831 Saroaldscln-

700 2886 782 2936 sa,
813 2885 976 2938 super
1004 2869 1166 2923 lluvio
1190 2868 1418 2934 Sumna,
1441 2868 1494 2922 in
1526 2882 1663 2937 pago
1685 2868 2106 2935 Vermandinse;
2137 2871 2290 2923 simi—

703 2961 827 3014 liter
840 2968 896 3014 et
919 2960 969 3013 in
986 2958 1267 3027 Appiliaco
1281 2972 1443 3027 super
1463 2957 1624 3012 fluvio
1644 2957 1790 3013 Isara
1810 2958 1946 3013 duas
1963 2966 2146 3029 partes
2163 2961 2292 3016 sitas

705 3050 758 3104 in
788 3063 924 3118 pago
952 3049 1321 3113 Noviomensi,
1350 3064 1448 3105 seu
1478 3050 1532 3103 in
1555 3050 1684 3105 Diva
1715 3059 1772 3106 et
1798 3050 2118 3109 Corbnnaco
2157 3055 2293 3109 duas

2398 1940 2705 1996 evindicare
2733 1957 2840 1995 non
2869 1941 3077 2004 valeat;
3106 1941 3201 1994 sed
3224 1940 3325 1994 hec
3352 1938 3600 1993 vendicio
3648 1938 3797 1993 omni
3840 1946 3981 1992 tem-

2399 2048 2533 2103 pore
2558 2031 2715 2086 ﬁrma
2744 2041 3081 2100 permaneat,
3104 2046 3225 2085 cum
3252 2031 3597 2099 stipulatione
3620 2029 3873 2084 subnixa.

2470 2129 2663 2184 Actum
2707 2127 2881 2183 Sitdiu
2931 2126 3259 2182 monasterio
3286 2165 3300 2190 ,
3334 2126 3384 2193 vj
3433 2140 3606 2180 nonas
3657 2122 3982 2190 Maii,anno

2400 2236 2490 2275 xw
2516 2219 2725 2289 imperii
2754 2220 2938 2273 domui
2963 2219 3134 2273 nostri
3165 2216 3460 2272 Hildeberti
3492 2216 3715 2285 gloriosi
3739 2216 3984 2284 regis.—

2402 2311 2514 2379 Ego
2542 2310 2882 2366 Darmundus
2906 2310 3173 2376 venditor,
3190 2309 3284 2380 qui
3312 2310 3452 2365 lianc
3470 2308 3849 2364 vendicionem
3870 2306 3984 2361 fieri

2399 2403 2603 2469 rogavi.
2637 2431 2707 2441 —
2747 2401 3122 2468 ltavangerus,
3169 2416 3235 2456 ac
3280 2401 3324 2455 si
3377 2398 3624 2467 indignus
3677 2399 3984 2468 episcopus,

2398 2495 2738 2563 subscripsit.
2786 2524 2859 2537 -—
2911 2494 2952 2564 -ι-
3007 2492 3268 2548 Fulberti.
3326 2524 3399 2534 —
3438 2492 3480 2561 -ι-
3528 2489 3867 2545 Madalharii.
3915 2521 3985 2534 —

2399 2587 2440 2655 -ι-
2479 2586 2760 2641 llumberti
2782 2586 3034 2641 vicarius.
3058 2615 3132 2629 ——
3149 2585 3515 2642 Cbrodbertus
3543 2585 3684 2642 hanc
3702 2584 3982 2641 vendicio-

2402 2691 2523 2727 nrm
2552 2675 2771 2730 scribsit
2797 2683 2855 2730 et
2877 2675 3214 2731 subscribsit.

3081 2828 3290 2884 XLVII.

2396 2963 2589 3018 Charta
2606 2980 2706 3032 qua
2720 2963 3059 3034 Sigibaudus,
3078 2963 3326 3017 Haemi:
3354 2965 3645 3032 episcopus,
3670 2972 3723 3017 et
3737 2963 3986 3030 Wolfau—

2469 3037 2564 3088 dus
2586 3051 2772 3099 comes,
2788 3033 2995 3104 'prwdia
3014 3035 3149 3087 inter
3169 3049 3224 3087 se
3242 3041 3559 3089 commutant
3577 3043 3601 3071 °
3629 3034 3745 3105 (an.
3774 3033 3928 3104 708).

703 3149 885 3211 partes
907 3141 976 3194 ad
1008 3141 1298 3208 integrum,
1328 3140 1434 3195 hoc
1460 3148 1564 3206 est,
1596 3153 1705 3196 tam
1731 3142 1786 3197 in
1811 3143 1993 3205 terris,
2018 3144 2287 3211 domibus,

2467 3164 2523 3218 In
2556 3164 2650 3218 Dei
2676 3165 2915 3220 nomine.
2950 3164 3157 3220 Bonum
3190 3165 3339 3234 pacis
3359 3166 3559 3235 placuit
3577 3166 3810 3237 qualiter
3850 3183 3981 3223 con-

702 3229 976 3292 :cdifniis,
1008 3230 1312 3300 mancipiis,
1363 3230 1557 3297 vineis,
1606 3235 1834 3304 campis,
1883 3234 2051 3298 silvis,
2103 3238 2291 3306 pratis,

779 3394 804 3421 ι
845 3384 993 3456 [Hmc
1023 3402 1151 3451 vox,
1183 3403 1301 3452 qua:
1331 3388 1542 3454 nullibi,
1572 3399 1633 3443 ut
1670 3400 1825 3446 notat
1851 3407 2093 3449 summus
2120 3395 2203 3449 vir
2229 3397 2297 3450 de

706 3455 962 3524 Savigny.
995 3455 1129 3535 Ilist.
1157 3456 1529 3535 jurisRomani
1556 3459 1733 3535 medio
1753 3477 1888 3523 sevo,
1921 3480 2039 3532 cap.
2063 3464 2116 3529 4,
2149 3463 2291 3535 §69,

709 3537 838 3602 ante
862 3527 1151 3579 secundam
1181 3528 1405 3602 stirpem
1436 3544 1619 3602 regum
1652 3527 2295 3602 Francorum—reperitur,

713 3598 936 3649 multum
968 3604 1154 3650 contra
1180 3596 1519 3652 instrumenti
1541 3609 1916 3656 auctoritatem
1946 3596 2125 3659 facere
2155 3596 2297 3659 vide;

708 3674 879 3740 retur.
918 3669 1166 3740 Attamen
1213 3668 1344 3740 nihil
1383 3676 1492 3721 tam
1542 3672 1673 3725 certi
1722 3674 1996 3740 cognitum
2025 3685 2107 3728 est
2131 3676 2198 3729 de
2216 3676 2297 3729 in-

710 3736 1077 3812 stitntionibus
1106 3735 1418 3812 Austrasize,
1449 3746 1506 3812 ut
1531 3740 1700 3812 asseri
1746 3735 1943 3809 possit,
1976 3744 2297 3812 quibusdam

713 3806 1018 3881 hominibus
1048 3808 1336 3881 ip_ditione
1383 3809 1681 3879 principum
1735 3806 1821 3864 vel
1850 3806 2167 3881 optimatum
2198 3816 2297 3870 de-

711 3877 960 3955 gentibus
980 3877 1182 3955 scabini
1204 3877 1403 3955 nomen
1434 3877 1705 3949 nuntiuam
1737 3877 1900 3937 fuisse
1925 3884 2225 3955 tributum]

786 3944 812 3981 ιι
855 3945 1041 4025 Iisdem
1068 3949 1245 4025 verbis
1273 3958 1533 4017 concepta
1563 3944 1660 4005 'est
1702 3954 1890 4025 cliarta
1937 3954 2073 4025 haec,
2102 3944 2299 4025 quibus

712 4014 905 4089 charta
928 4016 1408 4089 [ﬁndebcrthquam
1436 4014 1598 4088 supra
1630 4022 1982 4089 vulgavinms.
2007 4014 2083 4078 Ei
2104 4014 2298 4080 eodem

718 4084 965 4158 Folquini
995 4086 1326 4140 cliartulario
1375 4084 1699 4158 deprompta
1724 4084 1834 4156 cst,
1870 4108 1933 4146 ac
1984 4094 2036 4147 in
2082 4095 2303 4148 cliarto-

713 4154 965 4229 phil-auio
996 4166 1183 4229 nostro
1232 4154 1486 4229 reposita,
1535 4174 1565 4212 a
1609 4154 1718 4228 iam
1767 4154 1911 4229 stupe
1967 4163 2186 4218 laudato
2234 4165 2301 4222 D-

714 4222 1001 4295 de'Witte.
1033 4224 1203 4291 llujns
1227 4222 1424 4281 charta:
1452 4222 1809 4295 fragmentum
1844 4222 1900 4287 in
1928 4232 2102 4288 lucem
2134 4237 2301 4289 mise-

718 4303 807 4375 rat
854 4293 1212 4375 Malbraticns,
1253 4295 1338 4375 Ile
1378 4293 1615 4375 Morinis,
1648 4301 1869 4375 lib.___iv,
1928 4304 2188 4375 cap._48;
2233 4320 2302 4359 ex

719 4366 839 4445 ipso
861 4366 1364 4445 recud'itntiointins,
1398 4370 1591 4445 Annal.
1636 4380 1675 4423 t.
1728 4371 1817 4436 IV,
1838 4386 1973 4445 pag.
1997 4366 2145 4428 '492.
2172 4366 2300 4445 QICI.

720 4434 1035 4488 chartularii
1065 4434 1349 4490 Sitliiensis
1377 4440 1689 4499 editionem,
1719 4456 1747 4493 a
1801 4434 1949 4497 claro
1995 4447 2109 4499 viro
2156 4434 2303 4500 Gité-

2398 3254 2549 3309 venit
2576 3256 2717 3309 inter
2742 3254 3098 3325 apostolicum
3141 3254 3311 3310 virum
3351 3255 3700 3326 Sigibaudum
3721 3297 3737 3322 ,
3769 3260 3982 3329 episco-

2398 3407 2476 3470 di,
2505 3408 2700 3476 quibus
2720 3416 2932 3464 scatent
2960 3408 3080 3463 libri
3133 3418 3368 3475 veteres,
3388 3410 3759 3465 exscribendis
3796 3412 3981 3466 stude-

2400 3492 2601 3531 remus.
2634 3477 2724 3533 Sic
2743 3479 2811 3532 de
2841 3479 2958 3547 ipso
2989 3478 3222 3532 Erlifriili
3252 3480 3470 3533 nomine
3498 3495 3606 3534 non
3652 3483 3986 3535 conc0rdant

2400 3547 2692 3615 scriptores
2727 3566 2739 3600 :
2776 3549 2950 3616 ipsum
2972 3550 3114 3602 enim
3146 3547 3477 3603 Erlebertum
3517 3549 3752 3617 appellat
3804 3550 3988 3605 Mabil-

2402 3619 2600 3679 Ionius,
2628 3619 2823 3671 Annal.
2858 3626 2898 3671 t.
2934 3620 2971 3679 Ι,
3005 3632 3125 3685 pag.
3173 3618 3296 3679 6‘20,
3341 3627 3395 3673 et
3444 3629 3733 3687 utrumque
3789 3637 3984 3674 nomo-ii

2400 3696 2703 3751 agnoscunt
2726 3697 2976 3741 auctores
3010 3690 3169 3741 Novae
3188 3688 3374 3743 Gallia:
3392 3687 3741 3753 Christiana),
3766 3692 3854 3743 ubi
3896 3707 3987 3745 su—

2402 3772 2530 3836 pra;
2561 3773 2751 3839 verum
2779 3758 2864 3813 his
2884 3759 3247 3828 expendendis
3276 3774 3383 3813 non
3415 3760 3542 3813 licet
3582 3760 3738 3815 nobis
3786 3762 3985 3816 diutius

2402 3841 2704 3881 immorari.

2479 3907 2501 3934 ο
2534 3896 2881 3966 [Erlifredns,
2909 3898 2999 3963 qni
3049 3899 3099 3951 in
3147 3898 3352 3953 recenti
3390 3897 3628 3953 editione
3673 3900 3986 3955 cliartularii

2402 3968 2595 4021 eruditi
2618 3967 2884 4033 Guérard,
2903 3967 3209 4021 Erlefredus
3237 3977 3477 4029 vocatur,
3495 3984 3524 4020 a
3549 3978 3737 4023 sancto
3767 3969 3984 4023 Bertino

2405 4038 2737 4091 monasterio
2766 4038 3023 4091 Sitliiensi
3041 4039 3360 4106 pnepositus
3383 4039 3559 4091 fuerat
3580 4048 3703 4105 post
3724 4037 3989 4107 Rigober—

2407 4113 2538 4174 tnm,
2571 4107 2639 4160 de
2679 4122 2789 4174 quo
2830 4107 3030 4161 dictum
3073 4116 3156 4161 est
3184 4120 3304 4173 pag.
3347 4107 3489 4169 265,
3520 4117 3707 4172 annot,
3736 4107 3791 4160 3.
3851 4109 3988 4163 Erli-

2406 4173 2528 4230 fridi
2559 4173 2804 4244 tempore
2847 4176 2958 4230 fato
3005 4176 3218 4230 functus
3257 4185 3343 4230 est
3383 4176 3671 4239 Berlinus,
3710 4193 3816 4231 non
3847 4194 3992 4232 anno

2404 4245 2537 4311 698,
2566 4256 2629 4300 ut
2652 4246 2878 4312 legimus
2899 4247 2951 4300 in
2972 4246 3327 4309 chartulario,
3351 4261 3471 4314 pag.
3496 4245 3587 4311 41,
3618 4247 3735 4308 sed,
3758 4256 3816 4300 ut
3844 4258 3991 4302 recte

2408 4323 2563 4375 notat
2590 4317 2780 4386 doctus
2825 4316 3025 4381 editor,
3065 4330 3208 4370 anno
3248 4317 3372 4378 709,
3417 4316 3510 4384 qui
3555 4326 3676 4370 erat
3718 4333 3788 4370 xv
3840 4319 3992 4386 regni

2407 4384 2782 4457 Cliildeberti.]

2481 4453 2507 4492 ἀ
2549 4454 2705 4527 [ilic,
2751 4453 2809 4509 ut
2844 4456 2898 4509 in
2934 4455 3122 4527 charta
3143 4457 3269 4510 anni
3317 4455 3423 4509 704
3466 4471 3657 4527 supra,
3708 4471 3833 4527 pag.
3862 4456 3987 4518 265,

718 4503 1065 4598 rardpublici
1101 4504 1230 4598 iuris
1259 4506 1480 4589 factam,
1507 4523 1628 4577 pag.
1655 4509 1769 4592 ιοτ]
1804 4514 1985 4593 ψευυή
2021 4525 2203 4598 autem
2234 4516 2295 4598 de

2410 4503 2813 4598 ηοωιξιιῐέμξιῑ
2834 4503 3833 4598 θδοεξῖιιῖείῖδᾱηίιῑιἀῖ-ἕέξεὶιειῑῖιξ·
3866 4503 3992 4594 διας

721 4574 1259 4651 chart:e_sinceritate
1285 4574 1644 4645 suspicionem
1676 4574 1878 4647 injécit,
1901 4586 2046 4651 quod
2074 4587 2125 4639 in
2164 4588 2306 4641 notis

723 4642 1123 4719 chronologieis
1151 4642 1515 4719 memorentur
1534 4652 1658 4703 anni
1706 4642 1933 4719 imperii.
1953 4655 2302 4709 tlhildeberti.

726 4713 1158 4789 Qertepuspiam
1181 4716 1305 4769 anni
1332 4729 1620 4789 regnorum
1653 4713 2137 4789 Merovingicorum
2180 4725 2307 4780 anni

724 4781 927 4863 imperii
977 4783 1106 4836 dicti
1146 4794 1290 4863 sunt,
1334 4781 1455 4841 vide
1474 4787 1704 4863 “glabill.
1753 4781 1923 4863 υἰριί
1943 4808 2062 4863 pag.
2097 4793 2220 4857 195,
2253 4803 2311 4850 et

731 4851 870 4924 Dipl.
900 4866 1114 4917 novam,
1141 4862 1177 4907 t.
1209 4854 1297 4919 IV,
1327 4870 1441 4924 pag.
1471 4857 1611 4924 539;
1648 4877 1749 4915 nec
1779 4851 1831 4915 id
1858 4863 1909 4915 in
1943 4851 2311 4920 instrumentis

728 4921 888 5004 bona;
918 4930 1057 5004 nota:
1086 4921 1413 5004 usurpatum
1429 4937 1511 4981 est
1541 4921 1665 5004 ante
1703 4946 1871 5004 regna
1894 4934 2308 5004 Carlovingica.

732 4990 851 5073 Hoc
878 4990 1570 5073 quidemhaberemuspro
1602 5000 1715 5052 lalsi
1747 4990 1961 5073 indicio,
1995 5005 2039 5057 si
2069 5006 2141 5058 ita
2167 4990 2310 5059 scri-

730 5070 884 5142 ptum
918 5065 1079 5142 fuisse
1106 5065 1157 5116 in
1188 5066 1521 5142 autograpbp
1558 5079 1850 5142 constaret.
1894 5072 1999 5128 Sed
2056 5076 2309 5142 quoniam

732 5135 1143 5209 instrumentum
1172 5148 1239 5209 ex
1293 5135 1620 5209 c_ha_rtulario
1664 5149 1871 5194 erutum
1926 5152 2026 5205 est,
2055 5135 2309 5199 mendum

734 5201 1037 5281 oscitantur:
1057 5277 1064 5281 _
1086 5204 1360 5281 scriptoris
1389 5206 1759 5281 imputandum
1788 5201 2057 5278 ducimus,
2088 5229 2212 5268 cum
2243 5216 2313 5271 de

737 5278 934 5354 ere-tero
963 5274 1374 5354 inntotaciiarta
1404 5278 1535 5330 nihil
1565 5280 1635 5354 s_i_t
1660 5283 1825 5354 quod
1871 5274 2065 5338 falsum
2114 5286 2308 5354 sapiat.

742 5338 1133 5421 Qddelperiuin
1164 5338 1851 5421 in__chromc_o_‘Sithiensi,
1884 5355 2026 5421 apud
2082 5338 2311 5411 Maiten.

739 5407 906 5465 Thes.
935 5407 1124 5493 anccd.
1156 5420 1193 5465 t.
1218 5411 1307 5493 .lll,
1338 5417 1441 5493 cpl.
1470 5417 1596 5493 476,
1628 5407 1869 5493 chartam
1893 5407 2060 5493 ipsam
2109 5407 2309 5481 metuo;

741 5494 893 5533 rasse
915 5488 983 5568 c‘t'
1001 5490 1153 5561 notas
1181 5483 1312 5568 ejus.
1338 5483 1750 5568 chronplOgicas
1791 5495 1869 5568 sic
1900 5483 2244 5568 _exliibuisse,
2266 5500 2317 5568 vj

745 5565 909 5630 nones
927 5549 1079 5629 Maii,
1113 5549 1248 5636 anno
1278 5555 1474 5609 decimo
1500 5549 1644 5636 tertio
1673 5563 1869 5636 {hmini
1896 5564 2179 5619 Hildebm'ti
2201 5549 2315 5636 glo:

744 5622 866 5702 {insi
896 5622 1219 5702 roiligna-ulla
1245 5639 1341 5680 nec
1371 5630 1518 5702 regni
1547 5646 1646 5684 nec
1671 5633 1721 5684 in
1748 5634 1879 5700 perii
1909 5638 2182 5690 mentione
2201 5622 2315 5690 "ha-

747 5689 877 5770 bita.
903 5692 1017 5742 alia
1034 5692 1110 5769 ibi
1129 5689 1498 5770 discrepantia
1530 5689 1761 5755 notanda
1789 5713 1890 5768 est,
1913 5707 2119 5760 scilicet
2149 5689 2319 5763 annus

752 5761 841 5826 xiij
872 5774 969 5826 pro
994 5761 1097 5814 xiv.
1129 5761 1333 5820 Inliniti
1353 5781 1593 5825 essemus
1612 5774 1658 5825 si
1687 5761 2058 5844 discrepantiis
2086 5761 2322 5846 ejusmo:

2410 4604 2573 4666 pacto
2601 4595 2961 4666 intelligenda:
2978 4597 3105 4657 sint,
3136 4595 3362 4666 delinire
3387 4611 3497 4651 non
3528 4595 3603 4651 ita
3632 4597 3793 4651 facile
3815 4598 3988 4652 visum

2408 4663 2492 4722 est
2518 4663 2744 4720 eruditis
2774 4666 2901 4719 viris
2925 4667 3017 4732 qui
3045 4665 3429 4733 prolegomena
3458 4666 3682 4736 hujusce
3710 4668 3991 4723 collectio.

2410 4739 2522 4808 nis_
2543 4736 3047 4808 concinnaverunt,‘
3071 4745 3209 4808 part.
3258 4751 3315 4801 ιι,
3344 4744 3481 4808 sect.
3533 4754 3598 4798 ι.
3629 4753 3750 4808 cap.
3795 4738 3849 4803 ὅ,
3874 4738 3903 4807 §
3932 4738 3990 4802 4,

2413 4823 2467 4861 n.
2500 4804 2591 4859 l8.
2614 4804 2673 4860 Si
2702 4821 2815 4877 rem
2842 4819 3004 4872 quam
3032 4804 3089 4877 in
3118 4805 3326 4862 incerto
3351 4804 3993 4877 reliquerunt'atting'ere

2413 4878 2560 4940 licet,
2591 4873 2918 4939 conjicerem
2950 4874 3175 4929 verbum
3211 4877 3347 4929 inter
3374 4877 3515 4932 idem
3552 4880 3730 4933 valere
3768 4893 3833 4933 ac
3870 4873 3992 4931 vtam

2410 4962 2585 5018 quam,
2605 4953 2662 4999 ut
2688 4944 2901 5018 videtur
2927 4946 3202 5018 censuisse
3221 4946 3475 5018 Cangius,
3512 4962 3628 5001 voc.
3652 4946 3818 5015 Inter,
3840 4948 3957 5002 clau
3975 4977 3994 4989 -

2411 5014 2693 5083 sulamque
2716 5014 3040 5081 significare,
3087 5015 3412 5071 solutionem
3461 5014 3816 5085 prazstandam
3870 5033 3991 5072 esse

2415 5098 2524 5140 tam
2549 5088 2606 5156 in
2629 5102 2752 5137 auro
2774 5086 3009 5156 quam‘in
3037 5094 3271 5154 argento.
3307 5086 3534 5141 Videant
3569 5085 3809 5156 eruditi]

2490 5161 2514 5188 α
2554 5155 2803 5226 Vulgavit
2852 5154 3101 5226 Baluzins
3121 5197 3137 5220 ,
3167 5156 3383 5226 ﬁlisrcell.
3429 5166 3467 5210 t.
3497 5156 3584 5220 IV,
3618 5171 3737 5226 pag.
3770 5154 3895 5221 £09,
3925 5173 3993 5214 ex

2414 5225 2742 5282 cbartulario
2763 5224 2821 5278 S.
2854 5224 3130 5279 Michaelis
3157 5226 3224 5279 ad
3256 5225 3489 5292 Mosam;
3548 5224 3762 5280 recudit
3787 5229 4005 5283 Calme-

2419 5307 2524 5359 tus,
2556 5296 2695 5350 Hist.
2724 5293 2949 5349 Lothar.
2980 5306 3017 5348 t.
3068 5296 3107 5355 I,
3149 5297 3302 5365 prob.
3353 5312 3473 5364 pag.
3525 5295 3648 5350 267.
3682 5298 4004 5353 Memoravit

2418 5368 2828 5433 Wasseburgus,
2859 5365 3041 5433 Antiq.
3084 5366 3222 5420 Gall.
3270 5365 3418 5433 Belg.
3460 5367 3552 5421 fol.
3588 5366 3714 5432 115,
3738 5379 3812 5431 νο,
3837 5369 4005 5423 citar-

2419 5448 2529 5490 tam
2558 5439 2714 5500 hanc,
2731 5450 2891 5503 qnam
2914 5436 3098 5490 tribuit
3117 5452 3258 5490 anno
3281 5452 3369 5490 xw
3390 5439 3539 5505 regni
3560 5437 3888 5493 Cbildeberti
3911 5439 4002 5494 III.

2424 5507 2670 5562 Coiatius
2698 5522 2793 5574 pro
2822 5505 3170 5577 Cliildeberto
3200 5506 3596 5577 Theodericum
3637 5509 4008 5577 reponendum

2422 5580 2735 5639 arbitratur,
2764 5576 2955 5629 Annal.
2983 5584 3019 5628 t.
3045 5576 3131 5641 IV,
3150 5592 3272 5646 pag.
3305 5578 3442 5638 8:29;
3467 5579 3559 5632 sed
3591 5576 4010 5647 \YaSseburgum

2424 5656 2604 5701 tuetur
2625 5648 2932 5700 cliartnlarii
2955 5648 3112 5701 lectis
3130 5663 3288 5706 quam
3318 5646 3564 5702 Baluzius
3581 5648 3821 5709 exhibet,
3842 5646 4017 5705 etsui-

2426 5721 2664 5782 lragatnr
2691 5717 3051 5776 Mabillonius.
3071 5718 3263 5771 Annal.
3280 5718 3478 5771 Bened.
3514 5728 3551 5772 t.
3568 5719 3611 5783 Ι,
3634 5720 3858 5788 pagil.
3879 5720 4013 5775 Fru-

2425 5787 2782 5843 straCointius
2795 5787 3661 5857 objicitSigibaitduiii,Metciiseut
3674 5791 4019 5862 episcopum,
