4206 6540
261 425 400 479 MSS

1015 417 1455 474 DONATIONES
1504 418 1589 474 AC
1629 419 2110 478 TESTAMENTA
2154 422 2396 488 EPISC.,
2443 426 2622 489 ΑΒΒη
2666 425 2819 480 ETC.

3397 429 3538 486 ηει

253 553 385 606 pum
440 535 688 590 Metensis
731 532 1007 597 Ecclesizc,
1033 541 1090 586 et
1119 532 1260 586 inter
1287 529 1631 585 Wollaudum
1675 531 1845 584 comi-
1883 538 1920 592 Α
1953 534 2218 601 suggessit
2270 543 2432 603 atque
2471 534 2660 603 petivit
2707 534 3134 589 consolationem
3184 543 3444 602 nostram,
3475 548 3536 592 ut

257 639 388 689 tem,
413 634 473 682 ut
498 622 687 679 locella
718 637 906 677 eorum
939 623 1079 676 inter
1106 636 1165 675 se
1193 629 1528 676 commutare
1558 620 1840 683 deberent,

253 719 399 786 quod
431 717 505 770 ita
551 723 608 770 et
655 713 918 769 fecerunt.
977 713 1135 767 Dedit
1189 712 1509 780 Sigibaudus
1563 713 1846 781 episcOpns

253 809 548 864 Woll'ando
571 807 755 862 comiti
785 805 1037 860 locellum
1067 804 1337 871 Marsupia
1370 813 1767 873 nuncupatum,
1794 804 1844 856 in

254 912 398 969 pago
428 896 763 960 Virdunensi,
794 911 954 964 quem
983 894 1136 948 Godo
1165 902 1220 949 et
1245 889 1561 957 Haercvius,
1592 910 1691 963 pro
1730 895 1844 946 ani-

254 1006 468 1047 marum
494 1003 713 1043 suarum
741 987 932 1049 salute,
965 986 1031 1040 ad
1063 985 1346 1040 ecclesiam
1371 985 1552 1039 Sancti
1584 984 1842 1054 Stephani

251 1086 662 1156 delegaverunt,
692 1082 796 1136 hoc
827 1089 928 1142 est,
961 1089 1068 1133 tam
1113 1079 1162 1132 in
1206 1079 1379 1141 terris,
1409 1077 1679 1140 domibus,
1710 1077 1842 1129 tedi-

253 1179 413 1241 ﬂciis,
443 1176 613 1237 silvis,
641 1175 830 1244 pratis,
859 1173 1091 1241 pascuis,
1123 1172 1273 1238 aquis
1303 1185 1631 1240 aquarnmve
1653 1171 1843 1224 decur-

250 1272 424 1330 sibus,
457 1277 512 1322 et
551 1266 838 1336 mancipia,
869 1265 950 1319 his
980 1263 1286 1318 nominibus
1319 1281 1329 1314 :
1366 1260 1701 1327 Lenhigisus,
1739 1259 1838 1312 Fe-

250 1362 458 1421 roinus,
493 1358 749 1420 Adoinus,
779 1357 968 1418 Fante,
1000 1353 1339 1410 Gaerelinde.
1368 1361 1538 1404 totum
1573 1360 1626 1406 ct
1661 1351 1727 1405 ad
1760 1353 1841 1403 in-

251 1463 463 1520 tegrum
494 1457 967 1520 quantumcunque
996 1445 1150 1500 Godo
1194 1453 1248 1497 et
1306 1442 1599 1497 llaerevius
1647 1443 1839 1495 ibidem

249 1544 626 1614 possederant,
651 1542 734 1598 vel
765 1542 994 1596 Sanctus
1033 1538 1341 1608 Stephanus
1398 1539 1597 1592 ibidem
1646 1539 1844 1592 habere

247 1638 554 1697 videbatur,
584 1637 683 1704 ipsi
731 1634 1022 1688 Wolfaudo
1067 1634 1287 1687 donavit
1325 1632 1391 1685 ad
1436 1632 1839 1700 possidendum.

247 1729 499 1786 Econtra
528 1727 686 1784 simili
719 1728 878 1782 modo
901 1727 1052 1781 dedit
1083 1726 1376 1779 Volfaudus
1398 1725 1691 1791 Sigibaudo
1725 1726 1841 1793 epi-

247 1837 440 1893 scopo,
463 1823 529 1876 ad
555 1830 760 1892 partem
792 1821 974 1874 Sancti
1012 1818 1300 1887 Stephani,
1333 1818 1583 1872 locellum
1636 1833 1842 1870 minen-

1950 624 2154 694 aliquid
2185 625 2250 678 ad
2281 625 2563 678 luminaria
2589 625 2772 680 Sancti
2805 623 3017 679 Galltmi
3046 626 3288 681 ecclesia:
3333 644 3538 685 conce-

1949 718 2078 770 dere
2100 715 2582 779 debueritnus,etc.
2615 715 2805 769 Actum
2830 714 2854 752 δ
2877 715 3101 769 Canstat
3122 716 3189 771 ad
3217 714 3532 775 Neccaram.

2649 869 2834 924 XLIX.

1951 1026 2141 1102 Charm
2170 1046 2270 1102 qua
2303 1027 2630 1102 Wolfoqldus
2657 1039 2704 1079 ct
2734 1029 3048 1094 Adalsinda,
3072 1047 3218 1102 uxor
3247 1031 3385 1102 ejus,
3419 1032 3542 1101 plu-

2019 1100 2151 1150 rima
2195 1101 2332 1151 dona
2388 1099 2661 1165 conferunt
2705 1103 3013 1154 monasterio
3054 1101 3116 1156 S.
3160 1099 3434 1156 Michaelis
3481 1106 3536 1158 in

2021 1185 2154 1236 pago
2195 1169 2504 1221 Virdunensi
2536 1179 2556 1205 ε
2588 1169 2738 1234 (ann.
2769 1169 2921 1232 709).

2022 1257 2152 1310 Cum
2185 1266 2400 1326 oportet
2428 1259 2732 1312 christianis
2765 1261 2901 1314 viam
2932 1261 3172 1317 veritatis
3193 1263 3411 1333 eligere,
3437 1280 3539 1336 pro

1950 1365 2052 1415 qua
2082 1349 2345 1403 conditori
2386 1364 2483 1400 suo
2513 1351 2716 1420 possint
2751 1352 2922 1420 dignm
2953 1354 3315 1408 miserationis
3344 1371 3541 1409 munus

1951 1437 2163 1502 oll‘erre,
2199 1448 2257 1492 ut
2310 1438 2513 1492 oblatio
2563 1440 2807 1507 proliciat
2836 1441 2900 1493 ad
2931 1443 3193 1506 salutem,
3226 1453 3281 1496 et
3320 1443 3540 1498 devotio

1949 1535 2217 1601 pertineat
2265 1533 2330 1586 ad
2383 1533 2706 1587 mercedem.
2761 1530 2873 1600 Ego
2926 1534 3106 1604 itaque
3162 1536 3542 1600 \Volfoaldus.

1952 1625 2088 1679 lilius
2117 1626 2454 1680 Gislaramno
2477 1625 2770 1692 quondam,
2797 1640 2895 1679 nec
2919 1641 3024 1679 non
3055 1634 3109 1680 et
3130 1630 3327 1694 conjux
3353 1639 3541 1684 nostra

1951 1718 2234 1771 Adalsinda
2255 1757 2267 1778 ,
2303 1717 2406 1769 lilia
2439 1717 2730 1769 Adalberto
2761 1718 3030 1786 quondam
3051 1761 3064 1784 ,
3097 1721 3386 1774 donatores
3419 1738 3432 1772 :
3468 1723 3536 1774 li-

1950 1819 2039 1864 cet
2085 1809 2370 1861 multarnm
2421 1825 2632 1873 rerum,
2689 1825 2807 1863 cum
2848 1812 2918 1864 sit
2961 1813 3348 1882 scripturarum
3400 1817 3542 1870 serie

248 1889 437 1986 patum
469 1889 753 1980 Vinciaco,
801 1914 852 1967 in
914 1914 1017 1967 line
1075 1911 1357 1965 Ausiniaca
1413 1911 1571 1972 villa,
1605 1909 1655 1961 in
1706 1923 1841 1976 pago
1881 1889 1920 1944 ἱ)
1949 1900 2120 1952 modis
2149 1899 2400 1966 quislibet
2430 1915 2526 1967 pro
2568 1900 2694 1965 suis,
2720 1901 2929 1955 amissis
2961 1903 3304 1971 lacinoribus,
3337 1907 3421 1960 vel
3453 1922 3538 1960 re-

250 2007 615 2074 Fugentensc,
651 2019 814 2073 super
845 2005 1066 2056 ﬂuvium
1100 2001 1334 2055 Mosellm
1363 2017 1375 2052 :
1403 2001 1504 2053 hoc
1530 2008 1628 2060 est,
1648 2008 1754 2052 tam
1790 2001 1838 2051 in

247 2097 430 2154 terris.
455 2096 722 2154 domibus,
749 2091 993 2155 editiciis,
1023 2092 1193 2156 silvis,
1215 2091 1400 2157 pratis,
1428 2091 1659 2156 pascuis,
1689 2090 1842 2158 aquis

249 2202 585 2256 aquarumve
625 2183 961 2246 decursibus,
982 2192 1036 2235 et
1067 2179 1334 2248 mancipia
1368 2179 1450 2231 his
1481 2179 1786 2231 nominibus
1826 2197 1835 2229 :

247 2276 534 2336 Autaldus,
558 2274 858 2338 Balsimius,
885 2272 1177 2333 Macionus,
1208 2269 1490 2334 Eusebius,
1517 2267 1838 2331 llaervinus,

246 2365 548 2429 Bertridus,
579 2363 970 2418 Madalhundus
990 2399 1004 2423 ,
1038 2371 1092 2415 et
1120 2369 1596 2428 quantumcunque
1642 2359 1837 2412 ibidem

241 2457 315 2510 de
347 2457 568 2509 homine
603 2454 820 2508 nomine
851 2453 1055 2521 Aegino
1084 2452 1211 2506 dato
1260 2452 1436 2519 pretio
1483 2451 1833 2519 comparavit,

239 2546 332 2600 vel
363 2544 621 2613 quicquid
652 2544 718 2596 ad
751 2557 988 2612 prmsens
1012 2543 1288 2610 possidere
1311 2542 1541 2606 videtur,
1567 2550 1738 2595 totum
1785 2549 1839 2594 et

241 2637 315 2690 ad
347 2637 616 2702 integrum
642 2633 707 2688 ad
738 2643 946 2703 partem
969 2633 1152 2688 Sancti
1180 2632 1442 2703 Stephani
1482 2634 1834 2698 condonavit;

240 2735 304 2781 et
334 2725 588 2793 quicquid
621 2724 747 2779 inde
769 2725 835 2779 de
864 2735 1090 2794 utraque
1117 2733 1271 2793 parte
1324 2725 1504 2779 facere
1541 2726 1832 2789 voluerint,

241 2816 473 2868 liberam
507 2823 562 2867 et
593 2813 954 2868 ﬁrmissimam
981 2815 1032 2868 in
1084 2816 1334 2869 omnibus
1384 2816 1685 2870 habuerunt
1743 2834 1841 2887 po-

236 2913 497 2960 testatem
522 2905 773 2960 faciendi.
800 2905 854 2959 Si
885 2905 1004 2973 quis
1035 2905 1344 2975 vero,quod
1379 2906 1491 2959 lieri
1525 2923 1630 2959 non
1660 2907 1838 2960 credi-

237 3007 381 3057 mus,
414 2992 560 3061 qnod
590 3000 683 3045 aut
714 2993 1028 3061 nosmetipsi
1060 3001 1154 3046 aut
1183 2991 1410 3047 heredes
1434 2992 1703 3047 Wolfaudi
1743 3003 1838 3047 aut

235 3083 548 3138 Adalsinda:
572 3093 665 3137 aut
693 3082 874 3137 domni
903 3083 1183 3151 Sigibaudi
1206 3091 1394 3138 contra
1416 3084 1514 3137 has
1535 3095 1836 3138 commuta-

1947 1989 2196 2042 dimenda
2231 1989 2435 2042 ultione
2459 1991 2853 2057 peccaminum,
2886 1993 2953 2046 de
2983 1992 3143 2046 rebus
3172 1996 3283 2048 suis
3312 1998 3544 2064 propriis

1949 2080 2064 2133 loca
2094 2089 2403 2133 sanctorum
2444 2079 2536 2133 Dei
2581 2089 2674 2133 aut
2719 2081 2884 2150 ipsius
2923 2084 3093 2137 servis
3137 2086 3356 2152 suisque
3403 2087 3548 2141 bene

1949 2171 2166 2222 meretis
2212 2169 2375 2222 vellet
2422 2170 2715 2224 transferre
2760 2186 3024 2236 persona;
3077 2174 3219 2227 unde
3264 2183 3318 2227 et
3361 2183 3542 2230 tamen

1946 2261 2087 2316 bene
2113 2262 2411 2330 antiquitus
2441 2262 2671 2315 divitum
2706 2264 3003 2329 principum
3034 2265 3250 2319 decreta
3281 2275 3335 2320 et
3365 2268 3543 2336 legum

1951 2351 2022 2405 ita
2051 2361 2374 2414 xanxerunt,
2408 2361 2466 2405 ut
2495 2354 2872 2406 tantummodo
2904 2355 3017 2408 loca
3044 2371 3233 2410 manus
3263 2355 3544 2412 donatoris

1946 2443 2241 2498 solacentio
2273 2444 2324 2496 in
2362 2444 2758 2512 subscriptione
2804 2453 2950 2496 certa
2994 2455 3404 2513 monstraretur,
3439 2464 3543 2502 nec

1945 2535 2062 2588 sine
2089 2543 2358 2602 gestarum
2385 2536 2707 2604 allegationc
2726 2574 2741 2597 ,
2773 2536 3096 2603 plenissema
3128 2539 3417 2591 voluerunt
3444 2539 3537 2590 lir-

1948 2629 2137 2681 mitate
2168 2627 2496 2696 mancipare,
2531 2637 2588 2681 ut
2619 2628 2720 2681 hoc
2746 2627 2890 2696 quod
2921 2629 3288 2699 unusquisque
3330 2645 3427 2698 pro
3455 2645 3542 2684 ar-

1947 2720 2109 2774 bitrio
2137 2733 2234 2773 suo
2265 2734 2380 2772 cor.
2417 2756 2431 2770 .
2466 2758 2478 2770 .
2507 2719 2701 2772 tuentis
2729 2734 2838 2774 sum
2865 2719 3196 2783 condonare,
3227 2722 3369 2788 quod
3403 2735 3542 2790 prte-

1944 2809 2170 2878 ceperit,
2221 2809 2501 2863 sollemnis
2546 2809 2810 2876 scriptura
2856 2810 3221 2863 conlirmaret.
3257 2811 3385 2874 Sed,
3411 2811 3538 2865 dum

1946 2909 2002 2954 et
2049 2916 2149 2952 nos
2198 2899 2481 2952 Dominum
2534 2899 2909 2966 inspirantem,
2963 2908 3021 2951 ut
3060 2901 3351 2964 credimus,
3401 2901 3541 2955 sicut

1944 2991 2182 3045 omnium
2208 2989 2442 3043 ﬁdelium
2465 2989 2746 3043 catholith
2773 2988 3028 3043 Eccleshe
3057 2989 3259 3044 Christi
3291 3007 3408 3045 mos
3431 3002 3536 3053 est,

1944 3097 2176 3151 quorum
2203 3082 2447 3150 deposcit
2474 3082 2796 3148 benignitas,
2830 3091 2888 3134 ut
2915 3097 3011 3150 pro
3035 3083 3333 3137 animarum
3363 3085 3539 3137 salute

238 3174 420 3229 tiones
439 3187 600 3242 agere
623 3173 910 3243 quicquam
940 3174 1196 3236 voluerit,
1220 3182 1431 3242 partem
1475 3190 1636 3243 quam
1684 3179 1911 3240 acce-c
1947 3173 2028 3226 vel
2083 3173 2174 3226 Dei
2223 3173 2435 3234 intuitu,
2492 3172 2719 3225 Domino
2775 3171 3092 3238 adjuvante,
3141 3175 3532 3228 monasterium

232 3268 383 3339 perit
411 3268 645 3332 amittat,
673 3277 729 3322 et
759 3268 980 3336 insuper
1033 3267 1152 3320 auri
1204 3267 1368 3321 libras
1416 3266 1574 3333 duas,
1627 3269 1837 3334 argen'i

231 3358 483 3429 pondera
536 3357 777 3426 quinque
797 3397 810 3420 ,
834 3364 1057 3412 coactus
1082 3357 1346 3422 exsolvat,
1376 3367 1430 3411 et
1458 3358 1603 3425 quod
1639 3361 1838 3428 repetit

232 3451 370 3506 nihil
395 3450 574 3504 valeat
597 3449 940 3514 evendicare,
964 3447 1060 3504 sed
1101 3464 1340 3518 praesens
1390 3451 1505 3504 haec
1537 3463 1838 3506 commuta-

231 3540 312 3595 tio
343 3540 495 3592 lirma
516 3546 572 3592 et
591 3537 800 3592 stabilis
815 3546 1152 3606 permaneat,
1166 3553 1284 3592 cum
1309 3540 1660 3606 stipulatione
1688 3542 1830 3595 nixa.

306 3630 499 3681 Actum
529 3627 947 3690 Novo-exsarto,
975 3627 1102 3682 villa
1124 3627 1308 3682 Sancti
1336 3631 1617 3696 Stephani.
1644 3631 1832 3684 Datum

227 3717 438 3772 mensis
460 3715 768 3772 Decembris
791 3717 881 3771 die
917 3718 1195 3775 vicesimo.
1227 3733 1370 3770 anno
1392 3727 1587 3786 quarto
1621 3721 1833 3775 decimo

227 3808 388 3878 regni
413 3807 600 3862 domui
625 3809 799 3862 nostri
833 3807 1164 3864 Childeberti
1193 3809 1356 3875 regis.

913 3919 1147 3974 XLVIII.

220 4011 612 4083 Fragmentum
631 4010 980 4083 traditionis}
995 4008 1299 4083 Godefrido,
1330 4011 1654 4083 Alemanni"?
1682 4014 1826 4073 ducc,

380 4081 882 4150 factmmonasterio
910 4080 1246 4150 Saugallensi
1276 4093 1298 4116 ἰ
1327 4083 1486 4147 (circa
1521 4081 1622 4133 708
1648 4085 1685 4144 ).

295 4192 628 4248 Godal'ridus
648 4192 776 4255 dux,
801 4192 883 4245 vir
906 4191 1135 4247 illuster.
1173 4193 1437 4260 Magullus
1467 4196 1748 4267 presbyter
1776 4205 1831 4250 et

223 4291 420 4354 pastor
439 4281 624 4338 Sancti
644 4279 962 4346 Galluni,ad
989 4284 1289 4352 potentiam
1319 4294 1557 4338 nostram
1582 4287 1823 4347 veniens,

224 4417 323 4485 qui
373 4430 496 4470 cum
551 4413 844 4485 Wolfaudo
893 4415 1095 4469 comite
1147 4416 1342 4482 praedia
1369 4426 1684 4483 commutat,
1721 4436 1824 4474 non

226 4484 361 4541 ante
382 4502 579 4540 annum
603 4485 707 4536 7lb'
728 4484 996 4539 Metenses
1021 4485 1214 4540 infulas
1238 4489 1565 4550 obtinuisse;
1593 4489 1644 4541 id
1677 4493 1820 4544 enim

225 4573 340 4611 non
369 4556 587 4614 evincit.
621 4557 728 4606 imo
753 4553 1027 4608 Cointium
1081 4557 1134 4609 in
1192 4557 1296 4611 hoc
1342 4535 1565 4611 errasse
1601 4570 1821 4612 monent
1849 4535 1898 4591 D

221 4634 485 4680 auctores
517 4624 677 4678 Novae
705 4622 892 4679 Gallia:
907 4625 1108 4679 Christ.
1138 4635 1177 4678 t.
1215 4625 1346 4687 Xlll,
1374 4629 1478 4681 col.
1507 4629 1628 4688 705,
1652 4639 1704 4681 et
1726 4631 1826 4684 hac

225 4699 347 4764 ipsa
370 4695 554 4764 charta
577 4709 736 4761 quam
753 4695 1108 4764 expendimus
1123 4696 1240 4762 ejus
1260 4697 1630 4763 conjecturam
1653 4701 1821 4752 everti

221 4763 447 4836 docent.
471 4763 727 4833 Ejusdem
754 4763 1024 4836 woll'audi
1049 4767 1292 4819 chartam
1335 4767 1496 4832 infra,
1523 4781 1644 4836 pag.
1694 4768 1820 4831 280,

222 4833 593 4905 proferemus,
623 4849 784 4901 quam
815 4834 1035 4897 videsis,
1060 4844 1115 4889 et
1144 4846 1300 4890 notas
1349 4837 1472 4891 huic
1523 4833 1822 4904 sulijectas.

303 4913 330 4978 ἒ
375 4903 488 4958 Hoc
517 4903 895 4978 fragmentum,
926 4905 1072 4978 claro
1101 4908 1229 4978 viro
1249 4908 1317 4978 de
1339 4903 1642 4978 Brequignv
1670 4909 1819 4962 inco-

268 4977 460 5034 nitutn,
511 4982 691 5028 exstat
748 4974 800 5027 in
857 4975 1047 5028 codice
1095 4974 1821 5033 traditionum‘m'onasterii

271 5043 620 5118 angallensis,
652 5043 1015 5118 pag_.72,r_sub
1063 5047 1222 5100 titulo
1274 5065 1286 5097 :
1338 5046 1819 5118 Godefridus,.tle-

222 5114 459 5168 amunia:
487 5114 623 5184 dar,
645 5115 803 5167 tradit
828 5114 1202 5184 Aiberburgum
1225 5118 1387 5170 vicum
1411 5114 1815 5172 adﬁ'eccaram.

227 5183 562 5257 ludeedidit
583 5183 837 5250 Neugart.
869 5184 994 5238 cod.
1027 5183 1272 5240 Alcman.
1306 5189 1436 5256 dipl.
1471 5197 1510 5242 t.
1537 5188 1577 5250 l,
1609 5203 1729 5257 pag.
1763 5189 1816 5242 9.

225 5253 376 5307 Nihil
400 5254 919 5326 ampliussuperest,
950 5270 1016 5308 ex
1049 5253 1415 5322 compluribus
1446 5253 1647 5313 chartis
1677 5253 1822 5326 ejus-

225 5325 362 5396 dem
388 5321 683 5387 Godelridi,
709 5321 934 5396 quarum
964 5327 1148 5394 viginti
1182 5321 1816 5396 inspexeratGoldas'tus,

225 5403 290 5448 ut
351 5394 485 5473 ipse
519 5403 785 5459 testatur,
833 5393 1040 5450 Rerum
1098 5393 1347 5454 Alcman.
1409 5399 1612 5468 Script.
1667 5409 1706 5452 t.
1755 5398 1816 5464 l,

225 5462 807 5614 ιῗεξίῖἒέῗιξευρςτευηι
837 5545 980 5614 ῐιῼιω
1009 5536 1406 5614 εὴτρῑιριοςῖοεο
1437 5558 1449 5592 τ
1485 5550 1684 5614 δίμθωη
1709 5539 1818 5614 Gn-

226 5605 470 5658 delridus
493 5605 602 5675 fato
627 5605 837 5658 functus
855 5608 923 5658 sit
945 5623 1086 5661 anno
1111 5606 1233 5675 709,
1251 5621 1305 5663 ut
1332 5613 1522 5663 asserit
1548 5612 1814 5675 Baluzius,

225 5675 454 5747 Miscell.
491 5685 528 5728 t.
553 5673 592 5738 I,
619 5691 740 5743 pag.
766 5675 900 5741 498,
929 5679 1180 5730 Chartam
1223 5673 1368 5733 anno
1417 5681 1515 5733 7&8
1569 5673 1813 5747 ascripsi.

301 5757 324 5784 ε
356 5746 736 5812 Fragmentum
783 5748 940 5812 hujus
989 5749 1184 5801 charta:
1229 5752 1461 5813 vulgavit.
1490 5746 1818 5806 Wassebhr-

222 5830 353 5885 gus,
389 5815 572 5883 Antiq.
607 5815 746 5871 Gall.
779 5816 926 5886 Belg.
961 5819 1051 5874 fol.
1087 5818 1222 5888 1H,
1254 5833 1339 5887 γυ,
1373 5831 1425 5876 ct
1456 5823 1521 5876 ad
1553 5823 1717 5892 ipsius
1751 5823 1813 5872 li-

1940 3264 2523 3330 congregationemque
2548 3278 2830 3316 servorum
2857 3263 2950 3317 Dei
2974 3264 3155 3318 animo
3183 3264 3533 3319 devotissimo

1939 3371 1968 3408 a
1987 3371 2126 3410 novo
2143 3355 2494 3410 fundamento
2517 3357 2568 3408 in
2586 3355 2707 3423 jure
2731 3358 3075 3425 pr0prietatis
3092 3368 3308 3427 nc-strtc,
3327 3360 3379 3413 in
3395 3375 3534 3429 pago

1938 3447 2283 3511 Virdunensi,
2312 3448 2362 3500 in
2385 3448 2505 3503 loco
2527 3449 2616 3516 qui
2636 3449 2828 3502 dicitur
2846 3450 3190 3515 Castillionis,
3210 3452 3260 3504 in
3284 3455 3385 3504 line
3403 3452 3535 3504 Vin-

1939 3537 2173 3602 diniaca,
2202 3538 2290 3592 ubi
2321 3539 2385 3591 ad
2409 3539 2521 3607 ipsa
2552 3538 2733 3592 radice
2762 3541 2959 3592 montis
2986 3543 3262 3609 consurgit
3283 3542 3534 3596 ﬂuviolus

1937 3631 2027 3697 qui
2054 3630 2249 3685 dicitur
2274 3629 2535 3698 Masupia,
2565 3629 2614 3682 in
2639 3631 2846 3684 honore
2868 3632 3069 3685 nomini
3094 3641 3285 3686 sancto
3307 3634 3534 3688 Michael

1935 3723 2262 3789 archangelo
2277 3733 2330 3776 et
2345 3731 2542 3776 sancta:
2557 3722 2761 3784 Marias,
2777 3724 2962 3776 matris
2987 3724 3196 3777 Domini
3215 3727 3384 3778 nostri
3403 3726 3532 3780 Jesu

1934 3812 2154 3876 Christi,
2198 3814 2368 3868 sancti
2410 3815 2620 3867 Martini
2651 3822 2706 3867 et
2733 3817 2902 3868 sancti
2953 3816 3097 3870 Petri
3135 3826 3191 3872 et
3222 3818 3370 3871 Pauli
3401 3835 3534 3888 apo-

1933 3905 2079 3970 stoli,
2107 3920 2209 3959 nec
2239 3920 2347 3958 non
2393 3914 2449 3959 et
2491 3915 2801 3960 sanctorum
2833 3917 3128 3978 martyrum
3171 3919 3226 3963 et
3253 3909 3534 3966 confesso-

1934 4011 2050 4048 rum
2100 3996 2186 4048 vel
2231 4005 2560 4060 ceterorum,
2612 3996 2682 4050 ad
2734 3999 3040 4066 exemplum
3097 4001 3529 4057 beatissimorum

1931 4089 2092 4142 etiam
2125 4089 2220 4143 visi
2253 4090 2448 4145 luimus
2474 4091 2788 4146 aediﬁcasse.
2823 4091 2886 4146 Et
2924 4095 3129 4148 addidit
3157 4098 3312 4152 nobis
3338 4101 3526 4153 conci-

1931 4179 2054 4242 lius,
2084 4190 2354 4247 quatenus
2383 4181 2448 4234 de
2475 4183 2748 4236 communi
2775 4183 3075 4240 substantia
3107 4197 3286 4241 nostra
3316 4190 3382 4241 ad
3411 4191 3527 4258 ipso

1931 4275 2281 4338 monasterio,
2316 4275 2398 4328 vel
2439 4275 2566 4343 ipsis
2592 4277 2761 4330 servis
2787 4274 2879 4330 Dei
2911 4276 3075 4332 Deum
3107 4290 3364 4336 vacantes
3395 4299 3528 4338 con-

1930 4409 2051 4461 dem
2094 4407 2340 4462 Cointius
2361 4407 2588 4468 recudit,
2635 4409 2829 4462 Annal.
2863 4417 2899 4461 t.
2935 4411 3035 4473 IV,
3070 4426 3188 4479 pag.
3225 4413 3347 4468 495.
3379 4414 3522 4470 lute-

1929 4492 2075 4551 grant
2096 4479 2391 4551 ediderunt
2417 4479 2665 4551 Baluaius
2688 4495 2750 4551 ex
2771 4481 3098 4536 chartulario
3129 4485 3184 4535 S.
3219 4484 3522 4551 Michaelis,

1928 4549 2148 4602 Miscell.
2186 4558 2224 4601 t.
2259 4549 2345 4609 IV,
2382 4563 2501 4617 pag.
2549 4549 2685 4611 403;
2720 4550 3056 4604 Mabillonius
3105 4569 3169 4606 ex
3211 4549 3524 4610 authentico

1925 4621 2262 4688 accuratius,
2298 4621 2489 4675 Annal.
2527 4629 2564 4674 t.
2599 4620 2670 4684 ll,
2701 4634 2823 4688 pag.
2858 4620 2953 4673 691
2982 4639 2994 4680 ;
3026 4623 3329 4686 Calmetus,
3380 4625 3518 4681 Hist.

1925 4687 2149 4743 Lothar.
2203 4692 2356 4751 prob.
2417 4691 2522 4745 col.
2576 4691 2664 4750 85,
2704 4687 2778 4743 ex
2830 4693 3158 4748 Mabillonio.
3206 4693 3519 4750 Lectionem

1925 4759 2217 4814 Mabillonii
2240 4762 2535 4829 sequimur.
2571 4760 2625 4814 In
2661 4761 2916 4813 chronico
2966 4767 3276 4818 monasterii
3327 4766 3384 4820 S.
3418 4766 3520 4820 Mi-

1924 4832 2148 4894 chaelis,
2179 4835 2326 4886 circa
2370 4833 2620 4886 smcttlum
2654 4848 2703 4884 xi
2733 4841 2992 4892 exarato,
3022 4835 3207 4887 charta
3255 4837 3369 4891 hrcc
3419 4839 3517 4891 tri-

1925 4901 2106 4975 buitur
2135 4904 2466 4964 temporibus
2497 4903 2571 4955 CII
2599 4901 2821 4975 ldeber_t_i
2843 4901 3261 4975 ,_Bruncchildis
3290 4915 3344 4959 et
3378 4907 3519 4975 Sigi-

1925 4971 2079 5045 herti,
2115 4987 2427 5045 perperam,
2453 4982 2518 5045 ut
2546 4973 2746 5045 evincit
2775 4971 3147 5045 Mabillonius,
3179 4971 3514 5045 Analectfp.

1922 5041 2018 5093 551
2066 5051 2118 5094 et
2146 5041 2269 5095 556.
2317 5044 2418 5094 Alii
2453 5042 2854 5108 Wolfoaldnm,
2888 5043 3046 5110 hujus
3088 5046 3288 5099 charta:
3338 5041 3518 5102 aucto-

1924 5126 2053 5170 rem,
2085 5113 2442 5166 confuderunt
2473 5129 2594 5166 cum
2626 5112 2934 5175 Wull‘oado,
2972 5116 3176 5180 majore
3205 5116 3398 5171 domus
3429 5135 3516 5172 re-

1921 5184 2016 5246 gia-
2039 5183 2137 5236 sub
2158 5182 2460 5237 Childerico
2489 5183 2550 5243 ll,
2577 5193 2635 5237 ut
2663 5186 2842 5236 videre
2872 5194 2953 5235 est
2982 5185 3123 5250 apud
3148 5187 3511 5242 Mabillonium

1922 5254 2113 5305 Annal.
2145 5262 2183 5304 t.
2219 5253 2282 5319 ll,
2317 5269 2434 5322 pag.
2467 5254 2562 5314 2|;
2604 5267 2776 5320 neque
2819 5253 2869 5306 id
2912 5256 3114 5308 adstrui
3161 5267 3358 5323 potest,
3389 5275 3511 5314 cum

1922 5323 2280 5385 Wolfoaldus,
2312 5326 2379 5379 de
2406 5325 2863 5396 quouhicqagitur,
2899 5323 3066 5390 Pipini
3097 5329 3238 5396 regis
3269 5337 3509 5396 tempora

1921 5396 2177 5467 attigerit,
2212 5403 2269 5448 ut
2295 5404 2465 5467 notat
2503 5394 2863 5467 Mabillonius.
2910 5396 2984 5447 De
3031 5397 3135 5451 hoc.
3167 5394 3511 5467 errore—jam

1921 5466 2241 5518 meminerat
2281 5466 2553 5520 Cointins.
2588 5466 2674 5518 uhi
2715 5480 2901 5529 supra.
2940 5481 3060 5528 pag.
3090 5468 3209 5522 496.
3254 5466 3508 5524 Chartam

1923 5536 2084 5609 aliam
2135 5535 2370 5609 ejusdem
2405 5535 2692 5589 Woll'oaldi
2723 5552 2814 5609 seu
2853 5536 3121 5609 Wolfaudi
3163 5556 3320 5605 supra
3369 5540 3506 5609 (Col.

1922 5605 2104 5670 i232),
2139 5607 2496 5682 exhibuimus,
2543 5607 2950 5682 mtamvidesis,
3001 5619 3056 5662 ct
3100 5605 3508 5682 annotatipnem

1923 5693 2081 5745 quam
2114 5692 2160 5728 ei
2192 5677 2531 5740 snlijecimus.
2569 5677 2859 5730 “elicit-nte
2884 5682 3078 5734 mensis
3122 5691 3266 5739 nota,
3299 5677 3365 5732 an
3398 5681 3502 5734 hoc

1924 5749 2333 5818 instrumentum
2367 5761 2507 5797 anno
2540 5747 2668 5806 709,
2705 5762 2770 5800 an
2802 5750 3047 5817 sequenti
3089 5751 3504 5818 adjudicandum

1921 5819 2006 5885 sit,
2038 5817 2261 5872 deltnire
2289 5832 2392 5872 non
2419 5832 2723 5885 possumus.
