4206 6534
736 387 879 441 1253

1489 380 1750 434 Μῖνιτιη
1787 379 1876 433 VII
1922 380 2004 432 ET
2052 380 2163 433 VIII
2208 378 2735 434 ECCLESIASTICA
2783 376 3234 432 MJNUMISNTA.

3855 375 3997 432 1256

731 499 1034 556 sistentium
1071 497 1222 567 juxta
1275 495 1364 548 Dei
1407 493 1683 548 arbitrium
1715 495 2056 550 conscribere
2091 482 2308 549 deberc-
2351 501 2392 557 Α
2421 492 2720 560 mancipiis,
2765 493 2925 556 casis,
2975 492 3196 555 mansis,
3237 489 3472 560 campis,
3522 490 3718 558 pratis,
3768 495 4006 561 pascuis,

731 606 870 654 ntus,
900 590 1042 660 quod
1074 590 1143 642 ita
1175 596 1228 640 et
1259 587 1500 640 fecimus.
1533 585 1588 638 In
1617 586 1800 655 primis
1841 585 2022 653 itaque
2051 586 2316 640 donamus

733 681 982 749 portione
1029 685 1210 730 nostra
1259 676 1677 744 cognominante
1727 673 2107 739 Widinovilla,
2159 676 2315 727 sitam

734 770 786 822 in
835 782 970 836 pago
1017 764 1374 828 Virdoncnsc,
1417 780 1541 818 cum
1577 763 1733 827 casis,
1758 764 2025 827 domibus,
2055 762 2314 829 aediliciis,

735 855 1031 922 mancipiis,
1063 855 1283 918 mansis,
1317 854 1538 922 campis,
1572 854 1760 922 pratis,
1791 854 1979 916 vineis,
2008 853 2175 917 silvis,
2201 853 2316 906 cul-

735 949 801 999 tis
844 955 898 1000 et
949 945 1183 1010 incultis,
1230 946 1387 1013 aquis
1429 960 1758 1014 aquarumve
1805 944 2152 1011 decursibus,
2196 961 2316 998 cum

733 1054 894 1090 omne
925 1037 1224 1105 adjecentia
1264 1038 1348 1090 vel
1379 1036 1709 1104 appendiciis
1732 1037 1796 1089 ad
1825 1051 1883 1089 se
1905 1037 2316 1104 pertinentibus.

729 1126 995 1181 Similiter
1023 1127 1284 1180 donamus
1329 1125 1509 1178 villam
1542 1137 1778 1178 nostram
1819 1141 1980 1193 super
2020 1126 2183 1180 ﬂuvio
2210 1125 2320 1177 Ma-

734 1217 912 1285 supia,
942 1217 995 1270 in
1019 1217 1132 1285 ipso
1159 1230 1293 1285 pago
1324 1214 1685 1283 Virdonense,
1707 1229 1826 1282 quae
1856 1215 1908 1268 in
1938 1217 2140 1284 populo
2162 1231 2322 1269 voca-

738 1319 824 1360 tur
879 1308 1298 1373 Godonecurte,
1350 1323 1472 1361 cum
1525 1307 1694 1369 casis,
1745 1307 2010 1371 domibus,
2063 1307 2320 1371 :ediliciis,

736 1398 1043 1466 mancipiis,
1075 1398 1381 1461 accolabus,
1417 1397 1650 1460 mansis,
1679 1397 1903 1464 campis,
1937 1398 2123 1464 pratis,
2156 1397 2322 1458 silvis,

740 1493 898 1547 cultis
941 1501 999 1546 et
1042 1493 1292 1555 incultis,
1327 1501 1435 1545 tam
1465 1492 1531 1545 de
1569 1491 1785 1560 proprio
1815 1506 1973 1558 quam
2004 1490 2071 1544 de
2101 1506 2322 1559 compa-

743 1593 883 1649 rato,
918 1586 1000 1639 vel
1030 1585 1097 1638 de
1125 1585 1364 1651 qualibet
1395 1583 1638 1637 adtracto
1667 1583 1808 1652 quod
1836 1583 1901 1636 ad
1931 1598 2029 1637 nos
2057 1583 2320 1650 pervenit,

741 1690 864 1728 cum
895 1675 1037 1728 oumi
1066 1674 1366 1742 adjecentia
1395 1674 1461 1726 ad
1492 1688 1551 1726 se
1591 1674 1909 1741 pertinente.
1941 1673 2200 1726 Similiter
2226 1671 2323 1724 do-

741 1783 956 1833 namus,
987 1783 1148 1836 super
1178 1770 1291 1836 ipso
1314 1765 1529 1820 ﬂuviolo
1551 1766 1810 1835 Masupia,
1843 1767 2142 1834 portionem
2167 1781 2324 1835 quam

2419 583 2586 648 silvis,
2619 582 2774 649 aquis
2803 596 3132 650 aquarumve
3159 579 3501 644 decursibus,
3532 579 3692 636 cultis
3736 590 3794 636 et
3840 582 4012 635 incul-

2421 675 2509 738 tis,
2541 689 2660 727 cum
2691 689 2853 728 omne
2877 673 3181 742 adjecentia
3212 672 3279 725 ad
3307 686 3366 726 se
3391 671 3717 740 pertinente.
3745 671 4008 726 Similiter

2418 763 2682 817 donamus
2707 763 2772 816 ad
2805 763 3289 816 Baudcmetrovilla
3319 761 3623 831 portionem
3660 761 3806 815 illam
3843 779 4005 831 quam

2419 855 2487 910 de
2509 854 2802 920 Cliaicone,
2833 856 2917 908 vel
2939 857 3007 910 de
3034 855 3263 925 conjuge
3285 870 3384 908 sua
3416 853 3699 920 Gannane,
3724 854 3852 908 dato
3885 871 4007 924 prc-

2422 948 2497 1000 tio
2541 946 2997 1015 comparavimus,
3045 963 3167 1000 cum
3218 947 3436 1012 mansis,
3486 946 3646 1007 casis,
3698 945 4008 1014 mancipiis,

2420 1039 2643 1106 campis,
2677 1039 2863 1106 pratis,
2897 1039 3096 1102 vineis,
3130 1039 3312 1104 silvis,
3344 1041 3498 1107 aquis
3542 1053 3872 1106 aquarumve
3919 1040 4009 1091 tle-

2422 1128 2686 1190 cursibus,
2719 1129 2876 1183 cultis
2907 1138 2961 1182 et
3001 1129 3235 1192 incultis,
3267 1145 3387 1182 cum
3418 1143 3577 1183 omne
3607 1128 3911 1196 adjecentia
3944 1130 4010 1179 ad

2423 1233 2483 1270 se
2511 1220 2836 1286 pertinente.
2869 1219 3040 1272 Simili
3067 1222 3226 1273 modo
3256 1219 3518 1273 donamus
3540 1221 3718 1274 villam
3745 1227 4010 1279 nostram,

2424 1307 2582 1361 sitam
2625 1310 2678 1362 in
2724 1324 2861 1378 pago
2904 1309 3261 1372 Virilonense,
3295 1325 3410 1378 quae
3451 1319 3676 1363 vocatur
3729 1310 4007 1370 Buxarias,

2425 1416 2587 1469 quam
2615 1417 2714 1456 nos
2743 1403 2809 1456 de
2833 1403 3102 1456 Austrude
3129 1403 3397 1457 abbatissa
3427 1404 3700 1471 quondam
3731 1403 3857 1456 dato
3890 1420 4014 1470 prv-

2429 1493 2502 1544 tio
2528 1494 2978 1561 comparavimus,
3011 1510 3132 1549 cum
3163 1495 3324 1563 casis,
3354 1495 3577 1558 mansis,
3610 1495 3910 1562 mancipiis,
3937 1495 4013 1546 vi-

2431 1585 2564 1646 neis,
2591 1585 2815 1652 campis,
2848 1586 3045 1653 pratis,
3078 1587 3255 1650 silvis,
3288 1587 3439 1654 aquis
3464 1601 3795 1654 aquarumve
3821 1587 4015 1639 decur-

2429 1674 2594 1736 sibus,
2628 1676 2786 1728 cultis
2825 1685 2880 1728 et
2909 1676 3143 1742 incultis,
3173 1693 3294 1730 cum
3324 1677 3470 1731 ontni
3513 1675 3812 1744 adjecentia
3858 1677 3928 1730 ad
3957 1692 4015 1731 se

2434 1767 2754 1831 pertinente.
2810 1766 3073 1819 Similiter
3113 1768 3378 1821 donamus
3417 1769 3471 1820 in
3514 1769 3632 1836 ipso
3661 1781 3800 1836 pago
3826 1767 4015 1820 Virdoo

739 1862 807 1915 de
837 1860 1186 1915 Crudelberto
1235 1859 1409 1927 pretio
1449 1859 1898 1926 comparavimus,
1932 1873 2050 1913 cum
2102 1857 2322 1920 mansis,
2365 1861 2403 1915 li
2432 1872 2618 1919 nense,
2654 1859 2706 1910 in
2751 1857 3247 1926 Teudegisilo-Villa
3268 1900 3284 1924 ,
3316 1859 3616 1927 portionem
3647 1859 3824 1924 illam,
3850 1873 4015 1926 quam

743 1953 929 2019 pratis,
959 1952 1190 2020 campis,
1221 1951 1398 2015 silvis,
1425 1950 1576 2018 aquis
1615 1965 1944 2018 aquarumve
1986 1947 2323 2009 decursibus,

742 2043 901 2096 cultis
931 2053 985 2097 et
1014 2043 1227 2096 incultis
1247 2082 1261 2105 ,
1293 2058 1413 2096 cum
1445 2043 1590 2096 omni
1621 2042 1919 2110 adjecentia
1962 2043 2028 2094 ad
2056 2056 2117 2095 se
2158 2041 2326 2108 perti-

745 2145 929 2189 nente.
965 2135 1224 2187 Similiter
1251 2135 1548 2197 donamus,
1575 2149 1737 2201 super
1764 2135 1880 2201 ipso
1909 2133 2126 2186 lluviolo
2156 2132 2332 2184 Masu-

745 2226 852 2293 pia,
887 2227 1187 2293 portionem
1232 2225 1375 2277 illam
1406 2239 1524 2292 quae
1551 2223 1746 2277 dicitur
1775 2221 2328 2281 Tavanorum-Vallis,

743 2331 904 2384 quam
935 2315 1001 2366 de
1049 2314 1315 2368 Gennullii
1349 2313 1476 2366 dato
1524 2314 1697 2382 pretio
1726 2312 2175 2382 comparavimus,
2205 2327 2328 2366 cum

746 2407 967 2468 mansis,
1000 2407 1224 2473 campis,
1252 2407 1440 2474 pratis,
1465 2406 1631 2470 silvis,
1656 2406 1814 2460 cultis
1839 2415 1895 2459 et
1919 2405 2156 2468 incultis,
2180 2406 2334 2472 aquis

746 2511 1074 2564 aquarumve
1113 2495 1444 2559 decursibus,
1487 2510 1609 2548 cum
1644 2495 1792 2548 omni
1838 2494 2140 2560 adjecentia
2182 2498 2248 2548 ad
2276 2510 2336 2548 se

747 2585 1068 2652 pertinente.
1125 2584 1383 2637 Similiter
1449 2583 1712 2637 donamus
1775 2584 2051 2653 portiones
2106 2584 2224 2637 illas
2280 2584 2332 2636 in

747 2683 902 2726 cttrte
929 2674 1014 2726 illa
1046 2690 1162 2742 quzc
1190 2683 1414 2726 vocatur
1432 2672 1757 2743 Byseriblata
1781 2715 1796 2738 ,
1830 2675 1880 2726 in
1915 2674 2030 2742 ipso
2058 2688 2194 2744 pago
2214 2675 2335 2728 Vir-

747 2762 1009 2828 doneuse,
1039 2779 1199 2832 super
1244 2763 1406 2817 fluvio
1435 2763 1581 2817 Mosa
1605 2805 1620 2829 ,
1647 2780 1807 2831 quam
1855 2764 1923 2818 de
1980 2763 2333 2831 Valdradane,

747 2850 994 2916 Godane,
1027 2863 1082 2906 et
1123 2853 1448 2906 (Jltrodlinde
1489 2853 1616 2906 dato
1663 2855 1837 2922 pretio
1882 2854 2331 2923 comparavimus,

751 2959 873 2996 eum
905 2943 1206 3012 mancipiis,
1237 2943 1454 3006 mansis,
1489 2945 1652 3006 casis,
1686 2945 1910 3012 campis,
1943 2946 2131 3013 pratis,
2167 2946 2336 3012 silvis,

754 3038 911 3106 aquis
945 3052 1274 3105 aquarumve
1314 3036 1629 3088 decursibus
1649 3077 1664 3099 ,
1709 3052 1830 3090 cum
1861 3038 2008 3090 omni
2037 3037 2338 3106 adjecentia

2430 1945 2497 1998 de
2524 1945 2835 2002 Rodeberto
2863 1957 2918 2002 et
2946 1949 3206 2004 Ratl’redo
3231 1950 3356 2004 dato
3385 1950 3559 2019 pretio
3585 1951 4017 2018 comparavimus

2431 2054 2554 2091 cum
2581 2039 2800 2101 mansis,
2829 2041 3063 2104 campis,
3091 2041 3278 2110 pratis,
3309 2042 3484 2108 silvis,
3513 2043 3666 2112 aquis
3691 2057 4018 2110 aquarumve

2432 2127 2763 2192 decursibus,
2796 2131 2954 2183 cultis
2993 2140 3048 2184 et
3090 2131 3336 2195 incultis,
3369 2148 3492 2186 cum
3529 2149 3689 2188 omne
3717 2133 4017 2199 adjecentia

2433 2222 2500 2275 ad
2524 2237 2582 2276 se
2607 2224 2930 2290 pertinente.
2961 2223 3219 2278 Similiter
3242 2224 3503 2278 donamus
3529 2228 3582 2278 in
3610 2224 4018 2292 Vigo-Slarsallo

2430 2312 2564 2381 juno
2593 2323 2618 2348 ιι
2649 2314 2714 2366 ad
2753 2313 2833 2366 sal
2876 2313 3175 2368 faciendum
3219 2330 3344 2369 cum
3389 2330 3599 2382 manso,
3642 2331 3796 2378 casa,
3845 2329 4018 2379 serso,

2435 2419 2557 2456 eum
2584 2418 2745 2457 omne
2775 2403 3074 2472 adjecentia
3101 2405 3168 2459 ad
3193 2421 3252 2460 se
3285 2408 3606 2475 pertinente.
3634 2407 3892 2460 Similiter
3920 2405 4018 2458 do-

2437 2509 2627 2547 namus
2675 2504 2881 2548 curtem
2922 2511 3102 2559 unam,
3137 2494 3408 2549 Tronione
3436 2505 3828 2563 nuncupatam,
3860 2496 4019 2548 sitam

2439 2583 2494 2636 in
2521 2597 2661 2653 pago
2690 2582 3044 2646 Virdonense,
3082 2601 3201 2637 cum
3248 2585 3406 2650 casis,
3455 2585 3725 2649 domibus,
3758 2582 4022 2650 aedificiis,

2440 2671 2743 2739 mancipiis,
2767 2673 2998 2742 campis,
3027 2675 3205 2739 silvis,
3238 2676 3390 2743 aquis
3420 2691 3749 2744 aquarumve
3779 2675 4022 2730 decursi-

2441 2761 2561 2824 bus,
2587 2762 2746 2815 cultis
2775 2770 2830 2816 et
2853 2762 3086 2828 incultis,
3121 2773 3227 2817 tam
3261 2765 3491 2834 propriis
3513 2780 3675 2834 quam
3701 2765 3769 2820 de
3805 2780 4024 2835 compa-

2440 2858 2559 2904 rato
2585 2850 2670 2903 vel
2699 2850 2765 2904 de
2793 2852 3032 2918 qualibet
3060 2853 3304 2908 adtracto
3327 2854 3396 2910 ad
3424 2871 3524 2910 nos
3550 2857 3876 2924 pertinente,
3899 2871 4021 2910 cum

2442 2938 2771 3008 appendiciis
2809 2940 2894 2994 vel
2939 2941 3088 2996 omni
3135 2943 3435 3011 adjecentia
3483 2945 3550 2999 ad
3593 2961 3652 3000 se
3691 2948 4016 3015 pertinente.

2443 3031 2702 3083 Similiter
2729 3033 2992 3086 donamus
3020 3034 3324 3102 portionem
3356 3051 3517 3089 unam
3547 3036 3600 3090 itt
3630 3037 3754 3090 villa
3784 3053 3905 3105 qua:
3933 3054 4023 3090 voc

755 3131 822 3184 ad
866 3145 930 3184 se
972 3129 1294 3198 pertinente.
1324 3127 1582 3180 Similiter
1625 3128 1992 3182 condonamus
2036 3131 2336 3197 portionem
2365 3149 2412 3211 ο
2444 3129 2595 3173 catur
2625 3120 2954 3188 Bedernaca,
2989 3125 3148 3178 Silam
3193 3125 3248 3178 ill
3292 3140 3430 3195 P380
3464 3127 3816 3193 νὶΐάοηθηεεν
3865 3145 4023 3198 quam

753 3223 898 3277 illam
928 3223 982 3274 in
1013 3222 1132 3276 loco
1157 3221 1246 3288 qui
1278 3221 1471 3273 dicitur
1500 3221 1953 3285 Monnone-Villa,
1985 3237 2147 3289 super
2176 3221 2338 3275 ﬂuvio

753 3311 938 3377 Mosa,
965 3311 1017 3364 in
1055 3323 1190 3377 pago
1221 3309 1584 3372 Virdonense,
1628 3326 1788 3377 quem
1822 3311 2142 3366 Adalbertus
2169 3326 2342 3378 quon-

755 3400 902 3464 dam,
934 3401 1001 3454 de
1029 3399 1314 3453 Gundoino
1343 3399 1468 3453 dato
1515 3402 1688 3466 pretio
1718 3403 2170 3469 comparavimus,
2219 3417 2340 3455 cum

758 3491 1056 3558 mancipiis,
1086 3491 1243 3551 casis,
1277 3491 1496 3553 mansis,
1523 3492 1745 3557 campis,
1779 3494 1964 3558 pratis,
2000 3492 2166 3556 silvis,
2191 3495 2342 3561 aquis

755 3599 1088 3652 aquarumve
1125 3583 1470 3645 decursibus,
1502 3583 1660 3636 cultis
1687 3592 1742 3637 et
1772 3584 2015 3646 incultis,
2046 3600 2167 3638 cum
2195 3586 2340 3636 omni

757 3675 1061 3743 adjecentia
1090 3677 1154 3728 ad
1199 3691 1257 3729 se
1285 3675 1606 3742 pertinente.
1637 3675 1896 3729 Similiter
1924 3677 2188 3730 donamus
2219 3692 2343 3744 por-

758 3768 935 3822 tiones
963 3768 1080 3821 illas
1111 3764 1314 3822 inloco
1341 3769 1430 3835 qui
1457 3767 1655 3820 dicitur
1688 3767 2080 3822 Calvonecurte
2099 3810 2114 3833 ,
2147 3769 2199 3820 in
2228 3768 2345 3836 ipso

760 3871 900 3927 pago
927 3857 1278 3920 Virdonense,
1307 3872 1471 3925 super
1493 3857 1657 3910 lluvio
1681 3857 1848 3916 Mosa,
1875 3872 2037 3924 quam
2065 3856 2132 3910 de
2155 3856 2346 3909 Adalfo

761 3949 850 4002 vel
875 3948 1160 4002 heredibus
1180 3948 1310 4011 suis,
1336 3947 1450 4002 sive
1477 3961 1636 4016 quam
1666 3946 1734 4000 de
1763 3945 1942 4000 Erlino
1971 3948 2052 4000 vcl
2082 3945 2346 4014 Fulgoino

764 4039 895 4092 dato
945 4041 1118 4106 pretio
1171 4038 1630 4106 comparavimus,
1665 4052 1788 4090 cum
1841 4037 2020 4102 terris,
2043 4037 2344 4104 mancipiis,

765 4130 988 4192 mansis,
1020 4131 1241 4197 campis,
1269 4128 1451 4197 pratis,
1482 4127 1646 4191 silvis,
1671 4126 1830 4182 cultis
1856 4135 1912 4180 et
1933 4126 2166 4190 incultis,
2193 4128 2348 4196 aquis

765 4234 1097 4288 aquarumve
1125 4219 1439 4272 decursibus
1460 4259 1475 4284 ,
1507 4232 1630 4272 cum
1677 4216 1824 4268 onmi
1866 4217 2164 4283 adjecentia
2193 4215 2260 4268 ad
2289 4231 2348 4269 se

769 4311 1092 4376 pertinente.
1139 4307 1398 4362 Similiter
1439 4310 1702 4361 donamus
1751 4306 1804 4358 in
1843 4306 1957 4372 ipso
1986 4319 2124 4374 pago
2152 4304 2350 4358 Virdo-

764 4417 951 4465 nense,
981 4417 1145 4469 super
1169 4401 1389 4456 fluviolo
1418 4401 1510 4469 qui
1558 4409 1784 4454 vocatur
1831 4400 2011 4464 Cruia,
2045 4401 2346 4468 portionem

2444 3212 2512 3265 de
2539 3213 2757 3268 Alsinda
2788 3213 2986 3268 femina
3035 3217 3162 3270 dato
3209 3218 3382 3286 pretio
3421 3221 3873 3288 comparavimus,
3905 3237 4022 3276 cum

2443 3302 2712 3367 domibus,
2735 3303 2993 3372 aediliciis,
3021 3305 3322 3375 mancipiis,
3350 3307 3570 3372 mansis,
3603 3311 3827 3378 campis,
3858 3311 4022 3374 silvis,

2445 3393 2633 3460 pratis,
2659 3393 2815 3460 aquis
2834 3409 3160 3461 aquarumve
3178 3395 3512 3460 decursibus,
3535 3399 3695 3451 cultis
3716 3410 3772 3452 et
3793 3401 4022 3463 incultis,

2444 3498 2564 3536 cum
2591 3484 2739 3537 omni
2767 3485 3065 3552 adjecentia
3107 3487 3174 3541 ad
3198 3503 3257 3541 se
3297 3490 3620 3558 pertinente.
3654 3489 3912 3544 Similiter
3933 3495 4026 3545 do-

2445 3586 2657 3635 namus,
2688 3572 2741 3625 in
2774 3575 3172 3651 Epponecurte,
3210 3578 3510 3644 portionem
3552 3595 3713 3632 unam
3761 3594 3920 3648 quam
3962 3583 4026 3634 de

2447 3659 2559 3728 ipsa
2602 3661 2800 3716 femina
2846 3663 3137 3719 Adalsinda
3178 3665 3304 3722 dato
3357 3668 3528 3736 pretio
3575 3672 4021 3737 comparavimus,

2447 3765 2568 3803 cum
2597 3753 2897 3821 mancipiis,
2924 3757 3148 3820 mansis,
3178 3759 3415 3826 campis,
3451 3759 3633 3824 pratis,
3674 3761 3842 3826 silvis,
3876 3769 4024 3829 aquis

2447 3853 2778 3905 aquarumve
2805 3841 3141 3908 decursibus,
3163 3844 3322 3900 cultis
3361 3855 3416 3900 et
3447 3847 3680 3913 incultis,
3720 3865 3841 3903 cum
3870 3867 4026 3905 omne

2447 3931 2748 4001 adjecentia
2776 3935 2840 3986 ad
2870 3950 2929 3988 se
2967 3937 3290 4004 pertinente.
3332 3938 3592 3994 Similiter
3618 3943 3880 3998 donamus
3905 3962 4025 4014 por--

2450 4024 2652 4078 tionem
2674 4034 2911 4079 nostram
2936 4027 2988 4080 in
3008 4027 3133 4082 villa
3153 4043 3274 4096 quae
3296 4028 3490 4085 dicitur
3513 4028 3690 4094 Ulmo,
3720 4049 3837 4102 quat
3858 4036 3910 4088 iu
3935 4051 4024 4104 po-

2451 4115 2577 4183 pulo
2606 4126 2828 4172 vocatur
2867 4119 3046 4180 Coria,
3079 4119 3180 4174 sita
3225 4121 3278 4174 in
3310 4135 3446 4190 pago
3475 4121 3837 4190 Virdonense,
3867 4142 4025 4195 super

2449 4207 2612 4262 fluvio
2651 4207 2818 4273 Mosa,
2853 4217 2962 4263 tam
3007 4210 3074 4264 de
3120 4211 3367 4280 proprio,
3401 4227 3562 4280 quam
3591 4213 3660 4268 de
3698 4229 4023 4282 comparato,

2449 4315 2611 4368 quam
2640 4299 2707 4354 de
2737 4299 2964 4355 Gailano
2992 4308 3048 4355 et
3071 4301 3338 4357 Genuulfo
3368 4311 3424 4358 et
3447 4301 3744 4359 Godelinde
3771 4315 3825 4360 et
3856 4306 4025 4361 Felice

2453 4390 2754 4445 heredebus
2797 4391 2994 4446 nostris
3035 4391 3164 4445 dato
3211 4393 3386 4461 pretio
3430 4397 3878 4462 comparavimus,
3908 4413 4024 4452 cum

767 4509 927 4548 unam
958 4493 1024 4546 ad
1052 4494 1452 4560 Castellionem,
1483 4509 1644 4562 quam
1674 4493 1742 4548 de
1771 4493 2003 4548 Felicius
2031 4494 2117 4548 vel
2147 4495 2345 4550 herede

2452 4483 2614 4547 casis,
2645 4483 2864 4546 mansis,
2895 4482 3162 4548 domibus,
3191 4482 3460 4549 aedificiis,
3487 4486 3791 4554 mancipiis,
3823 4489 4028 4541 accola~

766 4600 866 4638 suo
893 4585 1019 4637 dato
1046 4585 1217 4653 pretio
1241 4584 1690 4652 comparavimus,
1713 4600 1832 4638 cum
1857 4586 2160 4655 mancipiis,
2189 4587 2349 4648 casis,

769 4674 996 4740 mansis,
1020 4674 1240 4741 campis,
1272 4676 1468 4742 pratis,
1496 4673 1646 4728 silvis
1667 4715 1680 4736 ,
1713 4675 1864 4744 aquis
1895 4690 2226 4742 aquarumve
2256 4675 2352 4729 de-

769 4766 1037 4829 cursibus,
1087 4781 1208 4818 cum
1257 4780 1418 4820 omne
1459 4765 1762 4834 adjecentia
1813 4765 1880 4819 ad
1929 4782 1988 4820 se
2025 4767 2348 4835 pertinente.

771 4854 1031 4909 Similiter
1079 4855 1480 4920 condonamus,
1523 4872 1686 4924 super
1737 4857 1854 4924 ipso
1901 4855 2119 4911 ﬂuviolo
2164 4858 2353 4923 Quala,

774 4947 1078 5014 portionem
1104 4947 1249 5000 illam
1272 4962 1433 5016 quam
1462 4946 1531 5001 de
1552 4947 1850 5002 Brantrude
1870 4949 2065 5002 femina
2086 4950 2213 5004 dato
2234 4967 2357 5019 pre-

777 5039 853 5092 tio
898 5038 1353 5106 comparavimus,
1405 5054 1525 5093 cum
1566 5041 1879 5107 mancipiis,
1912 5042 2082 5104 casis,
2124 5043 2356 5106 mansis,

778 5130 1002 5196 catupis,
1037 5130 1236 5197 pratis,
1267 5130 1444 5193 silvis,
1491 5131 1643 5199 aquis
1670 5146 2002 5200 aquarumve
2025 5133 2358 5198 decursibus,

781 5221 934 5273 cultis
961 5228 1016 5273 et
1044 5220 1286 5283 incultis,
1315 5236 1436 5275 cum
1481 5237 1642 5276 omne
1677 5223 1977 5290 adjecentia
2007 5224 2075 5278 ad
2102 5239 2163 5278 se
2191 5227 2359 5292 perti-

784 5320 965 5362 nente.
995 5307 1252 5362 Similiter
1280 5311 1541 5364 donamus
1559 5351 1575 5374 ,
1606 5327 1765 5381 super
1793 5313 1911 5382 ipso
1932 5311 2149 5368 ﬂuviolo
2176 5315 2361 5382 Cruia,

788 5399 1092 5468 portionem
1124 5401 1270 5455 illam
1306 5416 1466 5470 quam
1505 5403 1573 5457 de
1601 5404 1987 5466 Chaldeberto,
2017 5405 2127 5459 ﬁlio
2169 5405 2364 5460 Cham-

785 5493 945 5563 pcrti,
999 5495 1266 5561 quondam
1324 5495 1450 5548 dato
1499 5498 1670 5563 pretio
1726 5500 2193 5568 comparavimus,
2242 5515 2363 5554 eum

861 5695 883 5721 ἰ
915 5685 1207 5760 Calmettts,
1231 5686 1321 5760 ubi
1350 5688 1650 5760 supra,col.
1679 5687 1768 5753 87,
1793 5700 1906 5742 not.
1935 5707 1984 5754 ι,
2014 5691 2190 5757 legere
2210 5690 2364 5760 jubet

789 5756 932 5820 iuno,
963 5757 1104 5825 quod
1146 5759 1275 5811 alias
1303 5757 1428 5809 imm
1459 5755 1651 5810 dicitur
1677 5775 1688 5822 ;
1724 5760 1770 5810 id
1804 5770 1900 5823 cst,
1927 5755 2144 5817 (rurant.
2171 5755 2364 5832 patella

2453 4574 2574 4638 bus,
2604 4573 2792 4642 pratis,
2822 4573 3047 4642 campis,
3086 4574 3277 4641 vineis,
3307 4575 3479 4644 silvis,
3520 4578 3672 4646 aquis
3709 4593 4028 4647 aquarumve

2454 4666 2801 4729 decursibus,
2850 4665 3008 4720 cultis
3059 4673 3115 4719 et
3161 4666 3410 4733 incultis,
3456 4683 3578 4723 cum
3633 4672 3882 4726 omnibus
3937 4687 4027 4739 ap-

2455 4759 2716 4827 pendiciis
2763 4758 2850 4812 vel
2897 4757 3216 4826 adjecentiis
3264 4759 3332 4814 ad
3386 4775 3446 4815 se
3499 4764 3821 4824 pertinente.
3870 4765 4029 4818 Simi-

2457 4850 2578 4904 liter
2627 4849 2890 4904 donamus
2936 4857 3144 4904 curtem
3192 4865 3353 4904 unam
3399 4852 3725 4917 Cussiliaco,
3776 4855 3929 4908 sitam
3983 4857 4029 4908 in

2457 4956 2594 5011 pago
2635 4941 2897 4996 Barrense
2939 4957 3062 4996 cum
3091 4944 3250 5007 casis,
3291 4944 3592 5013 mancipiis,
3628 4947 3851 5011 mansis,
3893 4964 4031 5002 caui-

2459 5034 2557 5101 pis,
2586 5033 2771 5102 pratis,
2795 5033 2962 5096 silvis,
3004 5033 3161 5087 cultis
3186 5042 3242 5088 et
3269 5033 3502 5098 incultis,
3531 5037 3685 5104 aquis
3713 5051 4032 5104 aquarumve

2460 5124 2773 5178 decursibus
2793 5166 2807 5191 ,
2847 5140 2967 5179 cum
3009 5125 3158 5179 omni
3203 5124 3503 5194 adjecentia
3533 5126 3599 5179 ad
3625 5141 3686 5180 se
3718 5129 4027 5195 pertinente.

2463 5217 2567 5269 Ista
2607 5216 2789 5269 omnia
2834 5230 2999 5285 supra
3026 5216 3304 5270 nominata
3350 5215 3435 5270 vel
3482 5219 3817 5287 conscripta,
3843 5219 4032 5286 junctis

2464 5307 2749 5362 mobilibus
2777 5317 2832 5362 et
2861 5308 3220 5362 imutovilibus
3249 5308 3529 5376 utriusque
3557 5323 3742 5372 sexus,
3771 5310 4029 5378 peculium

2465 5401 2762 5464 nationum,
2794 5399 2879 5452 vel
2907 5414 3066 5453 omne
3091 5399 3493 5468 subpellectile,
3523 5401 3779 5470 quidquid
3815 5403 3918 5456 dici
3946 5414 4030 5455 aut

2465 5491 2728 5544 nominari
2760 5498 2937 5558 potest
2961 5491 3013 5545 iit
3058 5492 3436 5561 suprascriptis
3484 5493 3636 5558 locis,
3683 5493 3751 5547 ad
3775 5508 3832 5546 se
3878 5495 4030 5563 perti-

2467 5693 2668 5744 scilieet
2699 5705 2868 5754 maca,
2902 5690 2952 5742 in
2983 5689 3316 5746 conficiendo
3339 5691 3450 5746 sale
3476 5690 3738 5746 adhibita.
3772 5693 3881 5746 lt‘f.
3909 5693 4030 5744 (Zar-

2468 5762 2696 5816 ncntet'ii
2726 5776 2921 5813 novum
2950 5759 3280 5815 Glossarium
3313 5777 3430 5816 voc.
3464 5761 3598 5813 limo
3634 5762 3641 5832 ξ
