4206 6548
214 452 363 510 1257

214 666 452 726 tegrum,
496 671 526 711 a
571 654 657 710 die
682 664 967 726 praesente,
1001 657 1313 727 plenissima
1339 660 1642 727 voluntate,
1685 660 1815 715 aevis

211 750 557 821 temporibus
584 751 850 806 tradimus
878 760 1044 822 atque
1073 753 1506 817 transeribimus,
1530 752 1597 806 ad
1627 766 1815 821 posse-

211 841 454 897 dendum
501 842 568 896 ab
620 842 886 898 hodierno
936 844 1022 898 die
1067 842 1190 914 jure
1237 844 1566 908 ﬁrmissimo,
1610 843 1814 911 absque

208 934 503 990 Consortio
533 934 865 989 coheredum
900 943 1240 1004 nostrorum,
1273 935 1530 997 habendi,
1563 935 1812 1000 tenendi,

208 1026 529 1096 possidendi
547 1026 782 1081 habeant
803 1027 906 1097 ipsi
933 1037 1283 1097 potestatem,
1311 1038 1369 1082 ut
1396 1029 1448 1082 in
1479 1028 1573 1082 Dei
1596 1027 1815 1082 nomine

210 1116 341 1170 inde
371 1117 650 1185 potiantur
680 1117 733 1171 in
763 1125 1049 1172 :eternum.
1083 1118 1169 1186 Et,
1210 1128 1268 1174 ut
1294 1120 1409 1174 lucc
1432 1119 1681 1176 voluntas
1712 1134 1812 1174 no-

210 1213 331 1260 stra
357 1206 658 1275 pleniorem
683 1208 930 1263 obtineat
949 1209 1191 1279 vigorem
1214 1218 1269 1265 et
1296 1226 1390 1280 per
1414 1218 1659 1281 tempora
1678 1226 1813 1266 con-

207 1311 489 1370 servetur,
534 1303 678 1372 ipsas
726 1304 1012 1373 prmdictas
1043 1320 1131 1359 res
1158 1306 1465 1359 nominatas
1496 1320 1562 1359 ex
1593 1305 1813 1377 proprio

207 1394 396 1463 sigillo
444 1394 872 1465 adfirmavimus,
906 1408 963 1452 ut
1002 1398 1184 1452 omnia
1234 1414 1351 1464 qum
1395 1400 1644 1468 superius
1689 1406 1816 1453 sunt

208 1485 480 1555 inscripta
513 1497 777 1558 perpetua
806 1488 1069 1543 felicitate
1100 1498 1375 1544 maneant.
1410 1491 1544 1545 lllud
1575 1491 1729 1545 nobis
1760 1492 1814 1543 in

207 1578 318 1633 hac
346 1579 626 1634 voluntate
673 1581 937 1649 scriptum
978 1597 1099 1636 esse
1139 1583 1488 1653 complacuit,
1530 1590 1589 1636 ut
1635 1581 1816 1639 nullus

204 1670 381 1740 judex
406 1672 493 1727 vel
518 1671 766 1741 pontifex
796 1673 863 1728 de
890 1675 1130 1739 civitate,
1172 1676 1256 1729 vel
1285 1692 1349 1729 ex
1382 1677 1496 1744 ipsa
1529 1677 1812 1746 parrochia

209 1757 579 1827 Virdonense,
625 1760 678 1815 in
719 1761 836 1831 ipso
888 1764 1221 1817 monasterio
1251 1764 1451 1818 nullam
1484 1774 1813 1835 potestatem

205 1851 279 1906 ad
332 1850 603 1921 quaslibet
650 1851 1048 1907 redhibitiones
1110 1862 1205 1907 aut
1264 1855 1622 1923 requisitione
1694 1855 1814 1909 exi-

208 1946 400 2014 gendL

208 2036 268 2091 in
304 2036 426 2106 ipso
452 2037 675 2107 praedio,
707 2047 896 2094 nostro
926 2041 1150 2109 proprio
1178 2048 1396 2111 sumptu
1424 2040 1611 2096 labore
1647 2040 1815 2095 aedifi-

208 2129 479 2185 cavimus.
506 2129 640 2185 Illud
663 2130 816 2186 nobis
838 2130 1036 2185 addere
1060 2130 1332 2195 convenit,
1358 2132 1500 2201 quod
1524 2132 1814 2201 aliquando

209 2236 341 2277 esse
370 2238 477 2276 non
504 2223 797 2289 credimus,
830 2224 873 2277 si
904 2223 1084 2291 aliqua
1115 2238 1176 2278 se
1204 2231 1377 2288 carta,
1421 2238 1479 2279 se
1508 2225 1814 2279 anteriores

211 2315 308 2370 vel
339 2316 674 2386 posteriores
705 2316 771 2370 ad
801 2318 943 2371 hanc
975 2317 1306 2371 voluntatem
1350 2328 1588 2372 nostram
1638 2319 1813 2373 incul-

211 2406 450 2464 candam
481 2409 568 2462 vel
600 2409 972 2474 minuendam,
1005 2424 1312 2478 nomenque
1344 2420 1590 2465 nostrum
1618 2410 1816 2464 fuerint

208 2506 472 2563 ostensm,
493 2514 680 2553 vacua:
709 2508 763 2552 et
787 2500 976 2553 inanes
999 2510 1318 2569 appareant,
1346 2510 1401 2554 et
1427 2502 1632 2557 nullum
1663 2504 1817 2557 inan-

209 2599 305 2646 tea
335 2591 635 2646 sortiantur
665 2592 937 2646 effectum.
972 2592 1029 2645 Si
1055 2592 1176 2661 quis
1206 2608 1358 2655 vero,
1395 2604 1454 2647 ut
1484 2594 1714 2659 adsolet,
1753 2598 1818 2650 de

209 2682 513 2738 heredibus
558 2682 643 2736 vel
684 2684 1078 2753 proheredibus
1122 2686 1339 2750 nostris,
1372 2688 1515 2755 quod
1564 2687 1677 2741 fieri
1711 2706 1815 2743 non

209 2770 516 2836 credimus,
550 2782 645 2826 aut
686 2772 949 2841 quaelibet
978 2775 1232 2843 Opposita
1265 2790 1519 2843 persona.
1554 2778 1638 2830 vel
1666 2778 1815 2845 judi-

210 2862 388 2917 ciaria
418 2870 676 2931 potestas,
707 2873 896 2918 contra
924 2864 1065 2919 hanc
1088 2865 1440 2921 donationem
1469 2868 1815 2922 deliberatio-

212 2967 456 3023 nemque
482 2964 748 3021 nostram,
771 2970 933 3024 quam
964 2971 1031 3011 ex
1060 2966 1358 3027 spontanea
1390 2961 1671 3017 voluntate
1701 2964 1814 3031 plc-

212 3044 445 3098 nissima
492 3046 784 3102 devotione
831 3047 946 3103 fieri
995 3051 1349 3118 rogavimus,
1404 3052 1514 3105 ullo
1559 3069 1812 3123 umquam

214 3144 474 3204 tempore
515 3137 808 3207 infringere
850 3138 1106 3206 voluerit,
1138 3141 1222 3195 vel
1254 3158 1352 3210 pro
1382 3144 1625 3212 quolibet
1664 3145 1814 3213 inge-

981 452 1419 510 DONATIONES
1453 454 1549 511 AC
1586 452 2048 513 TES'I‘AMENTA
2091 455 2328 526 EPISC.,
2370 458 2551 525 ABB.,
2592 458 2743 517 ETC.

212 565 427 631 nentia,
461 577 586 620 eum
614 576 728 620 rem
758 562 1139 634 inexquisitam
1172 576 1228 622 et
1254 567 1597 636 exquisitam,
1628 566 1695 621 ad
1726 568 1806 621 in-
1836 571 1889 630 Α
1913 568 2064 636 regni
2112 569 2318 625 domini
2350 572 2522 628 nostri
2551 572 2884 630 Childeberti
2918 574 3077 643 regis.

3367 459 3511 520 1258

3126 615 3141 630 .
3186 615 3200 631 .
3240 568 3355 651 Sig.
3374 572 3429 648 ,1-
3452 589 3514 635 v.

1920 660 2015 714 inl.
2074 661 2376 730 Wlf‘oaldo,
2430 664 2522 734 qui
2575 666 2714 719 istud
2760 674 3144 723 testamentum
3194 669 3504 732 donationis

1920 751 2036 806 fieri
2082 754 2571 823 rogavit.—Sign.
2616 756 2655 827 1-
2703 755 3034 825 Adalsindae,
3086 759 3335 830 conjugis
3379 778 3513 831 suae,

1918 846 2296 902 consentiente
2326 855 2656 903 testamento
2685 848 2996 905 donationis
3029 853 3141 907 fieri
3184 855 3417 923 rogavit.
3442 884 3516 897 —

1918 934 2034 1005 Ego
2066 938 2319 993 Wlfuidis
2366 938 2505 993 abba
2553 940 2699 995 subs.
2727 938 3180 998 —Gairebaldus
3224 947 3516 1017 episcopus

1918 1033 2067 1085 subs.
2112 1064 2183 1075 —
2227 1032 2374 1102 Pepp
2408 1031 2544 1106 [ino]
2598 1034 2736 1088 abba
2785 1044 3005 1103 rogetus
3058 1052 3085 1090 a
3129 1053 3289 1108 supra
3340 1042 3514 1112 [dicto

1918 1122 2171 1177 Wfoaldo
2201 1124 2393 1195 subs.].
2428 1157 2498 1165 —
2529 1123 2681 1195 Sign.
2715 1125 2755 1195 1
2796 1126 3025 1182 Dodino.
3051 1162 3123 1173 --
3150 1131 3302 1200 Sign.
3344 1135 3379 1203 1
3408 1135 3511 1192 Se-

1917 1228 2098 1283 queno
2127 1223 2249 1270 test.
2274 1246 2341 1255 ——
2365 1216 2514 1286 Sign.
2550 1222 2591 1288 1-
2626 1218 3023 1275 Chrodelberto
3052 1230 3175 1278 test.
3200 1255 3269 1265 —
3293 1225 3444 1294 Sign.
3470 1227 3515 1301 1-

1919 1306 2161 1362 Wlfredo
2194 1316 2318 1362 test.
2344 1341 2410 1348 —
2432 1309 2580 1378 Sign.
2612 1312 2652 1381 1-
2686 1311 2919 1367 Disoeno
2950 1321 3152 1368 test.—
3174 1317 3323 1385 Sign.
3347 1319 3387 1389 1-
3414 1318 3514 1373 Er-

1920 1399 2221 1454 camberto.
2253 1430 2317 1441 —
2348 1402 2494 1470 Sign.
2535 1404 2573 1474 τ
2622 1402 2848 1459 Desasto
2898 1412 3023 1460 test.
3059 1440 3129 1449 --
3151 1407 3298 1476 Sigu.
3332 1410 3371 1479 1-
3400 1413 3513 1467 An-

1917 1491 2147 1559 gliberto
2183 1500 2303 1546 test.
2336 1524 2403 1531 —
2426 1493 2579 1561 Sign.
2610 1494 2870 1564 Chugone
2895 1504 3017 1551 test.
3043 1529 3110 1537 --
3135 1500 3285 1568 Sign.
3316 1500 3356 1569 1-
3386 1500 3516 1555 Flo-

1918 1585 2095 1640 doeno
2130 1593 2254 1639 test.
2280 1619 2352 1628 —
2374 1586 2523 1653 Sign.
2572 1584 2826 1642 Attolane
2857 1598 2981 1643 test.
3006 1620 3077 1630 —
3102 1591 3213 1659 Ego
3247 1592 3519 1650 Robertus

1918 1679 2199 1749 presbyter
2226 1680 2375 1733 subs.
2395 1708 2469 1720 —
2491 1678 2813 1734 Ermoaldus
2838 1695 2955 1749 rog.
2986 1713 3054 1722 —
3077 1683 3185 1751 Sig.
3213 1686 3252 1754 1
3276 1685 3521 1741 Gislara-

1918 1783 2019 1821 nus
2047 1768 2198 1823 subs.
2223 1798 2293 1809 —
2316 1768 2651 1824 Heteraenus
2682 1772 2828 1826 subs.
2854 1800 2922 1810 -—
2946 1771 2999 1827 S.
3031 1774 3071 1842 1—
3101 1772 3419 1833 Gundoeno.
3442 1810 3519 1823 —

1922 1857 2033 1928 Ego
2066 1859 2429 1916 Richramnus
2460 1862 2668 1930 rogitus
2706 1865 3063 1936 suprascripsi
3092 1866 3195 1922 hoc
3225 1878 3523 1930 testamen-

447 1986 462 2000 .
506 1985 519 1999 .
566 1987 580 2001 .
623 1946 824 2002 habeat
853 1956 1181 2018 potestatem
1230 1950 1564 2019 ingrediendi
1590 1957 1615 1985 ³
1645 1969 1656 2003 :
1687 1950 1811 2019 quia
1846 1965 1892 2023 Β
1924 1957 2035 2004 tum
2061 1951 2391 2008 donationis.

2685 2047 2745 2100 L.

1925 2132 2118 2186 Charta
2148 2152 2248 2205 qua
2284 2134 2537 2206 Ingoara,
2582 2136 2692 2193 Deo
2738 2149 2965 2203 sacrata,
3010 2148 3326 2201 monasterio
3357 2147 3524 2204 Seno-

2095 2207 2243 2258 nensi
2278 2205 2337 2259 S.
2374 2206 2520 2260 Petri
2556 2209 2694 2261 dona
2724 2213 2924 2279 confert
2951 2210 2975 2247 δ
3011 2216 3159 2281 (arm.
3186 2216 3336 2286 7H).

1996 2317 2051 2370 In
2085 2320 2305 2373 nomine
2354 2320 2528 2374 Patris
2559 2330 2612 2375 et
2645 2321 2762 2376 Filii
2793 2332 2848 2377 et
2876 2323 3109 2395 Spiritus
3138 2327 3347 2384 Sancti.
3385 2331 3523 2387 Dum

1924 2425 2088 2464 omne
2118 2411 2319 2464 donum
2369 2412 2652 2466 desursum
2698 2414 3037 2472 descendens
3080 2419 3260 2475 lumen
3291 2438 3320 2475 a
3361 2421 3527 2478 Patre

1924 2518 2045 2556 esse
2074 2512 2272 2571 potest,
2302 2504 2427 2571 quia
2460 2514 2681 2573 oportet
2707 2508 2997 2577 unicuique
3021 2527 3121 2581 pro
3147 2522 3404 2569 aeternam
3435 2533 3523 2570 sa-

1924 2594 2087 2647 lutem
2124 2603 2379 2659 tractare,
2420 2604 2475 2648 et
2513 2596 2580 2650 de
2610 2598 2812 2652 caduca
2860 2600 3021 2669 hujus
3050 2604 3233 2657 smculi
3266 2604 3523 2661 facultate

1922 2694 2185 2737 :cternam
2215 2686 2315 2738 sibi
2348 2701 2679 2755 praeparare,
2711 2698 2770 2742 ut
2794 2705 2915 2745 cum
2946 2694 3062 2748 dies
3091 2704 3332 2751 extrema
3360 2699 3517 2754 adre.

1922 2777 2087 2841 nerit,
2122 2794 2228 2831 non
2264 2779 2504 2833 inveniat
2548 2797 2988 2854 unumquemque
3030 2788 3380 2860 imparatum,
3423 2795 3521 2849 sed

1926 2870 2218 2937 diligenter
2262 2873 2329 2925 de
2360 2873 2517 2927 bonis
2546 2875 2803 2944 operibus
2832 2879 3212 2946 praecinctum;
3244 2884 3368 2952 quia
3413 2884 3525 2940 Do-

1924 2965 2103 3017 minus
2149 2963 2305 3017 Jesus
2343 2964 2589 3020 Christus
2632 2982 2697 3021 ac
2742 2967 3075 3041 Redemptor
3104 2975 3377 3042 omnium,
3420 2994 3521 3048 per

1924 3063 2172 3109 sanctum
2201 3056 2549 3125 livangelium
2572 3056 2720 3111 clara
2744 3074 2875 3113 voce
2898 3061 3110 3116 intonat
3130 3063 3313 3119 dicens
3339 3084 3350 3117 :
3379 3065 3521 3122 The-

1924 3147 2192 3203 saurizate
2220 3149 2374 3201 vobis
2407 3149 2722 3204 thesaurum
2762 3151 2814 3205 in
2858 3153 3032 3219 caelis,
3083 3155 3171 3209 ubi
3224 3173 3323 3212 nec
3369 3159 3517 3216 fures

215 3226 316 3283 nio
346 3227 648 3298 irrumpere
694 3229 781 3283 vel
828 3229 1106 3299 refragare
1137 3232 1393 3298 voluerit,
1426 3235 1679 3305 primitus
1718 3237 1813 3292 Dei
1841 3255 1891 3321 ο
1924 3240 2161 3305 veniunt,
2189 3255 2287 3293 nec
2310 3241 2582 3305 furantur;
2606 3243 2765 3297 facite
2791 3244 2947 3301 vobis
2967 3248 3240 3303 sacculum
3261 3252 3325 3305 de
3349 3268 3517 3307 mam-

214 3315 465 3374 incurrat
493 3316 872 3385 offensionem,
921 3329 978 3375 et
1025 3321 1092 3376 ab
1136 3324 1283 3376 omni
1331 3324 1454 3379 loco
1501 3335 1815 3381 sanctorum

212 3411 641 3480 omnobitarum,
688 3412 771 3466 vel
812 3414 1091 3467 consortio
1120 3415 1563 3484 christianorum,
1597 3435 1817 3475 excom-

214 3502 528 3556 municatus
553 3512 838 3572 appareat,
872 3513 928 3559 et
973 3505 1195 3575 insuper
1222 3508 1367 3561 velut
1396 3509 1563 3565 Judas
1590 3513 1821 3568 traditur

215 3594 396 3648 nostri
426 3593 663 3662 Domini,
685 3604 742 3650 et
761 3596 902 3651 sicut
927 3595 1076 3650 Giezi
1106 3613 1241 3666 puer
1267 3598 1453 3666 Elizei,
1480 3602 1569 3670 qui
1596 3620 1817 3657 munera

218 3684 599 3740 fraudulenter
630 3695 985 3756 acceperunt,
1018 3689 1183 3743 simili
1225 3693 1495 3746 sententia
1526 3693 1815 3760 judicetur,

213 3788 276 3835 et
304 3779 377 3833 sit
406 3778 1068 3844 anathema-maranatha,
1101 3782 1247 3851 quod
1275 3791 1357 3836 est
1388 3785 1617 3853 perditio
1641 3788 1692 3841 in
1720 3788 1817 3842 ad-

212 3877 390 3925 ventu
420 3869 658 3935 Domini,
689 3877 745 3924 et
788 3883 889 3925 nec
915 3870 993 3926 sic
1023 3870 1275 3927 voluntas
1303 3889 1422 3929 mea
1452 3890 1483 3929 a
1516 3878 1663 3932 nullo
1696 3894 1820 3946 pos-

214 3961 290 4015 sit
320 3959 591 4026 convelli;
647 3968 703 4014 et
734 3960 979 4029 insuper,
1014 3977 1119 4017 una
1149 3978 1274 4019 cum
1305 3966 1455 4021 socio
1502 3967 1650 4035 fisco,
1702 3972 1819 4026 auri

215 4050 389 4104 libras
416 4049 764 4119 quingentas,
800 4054 1007 4121 argenti
1052 4055 1291 4123 pondera
1338 4062 1631 4128 octoginta,
1687 4078 1815 4131 par-

214 4145 369 4201 tibus
400 4143 602 4198 nostris
634 4151 862 4211 cogatur
909 4145 1204 4213 resolvere,
1252 4158 1307 4202 et
1352 4151 1497 4219 quod
1538 4154 1735 4223 repetit
1764 4157 1818 4211 in

216 4236 375 4291 nullo
408 4234 589 4290 valeat
617 4250 839 4305 capere,
870 4235 966 4293 sed
996 4236 1110 4293 hrcc
1131 4241 1337 4294 cartula
1384 4242 1690 4300 donationis
1721 4262 1818 4303 no-

215 4337 348 4382 strae
392 4325 720 4381 inviolabilis
750 4326 899 4381 omni
927 4335 1175 4397 tempore
1216 4341 1437 4387 maneat
1468 4335 1819 4394 roboratioue

214 4417 474 4475 subnixa.
508 4416 673 4472 Facta
701 4424 784 4472 est
810 4417 926 4472 haec
957 4416 1178 4475 donatio
1208 4420 1260 4474 in
1310 4422 1426 4491 ipso
1464 4430 1814 4495 monasterio,

216 4508 522 4564 multorum
564 4514 838 4563 conventu
887 4507 1157 4564 bonorum
1202 4511 1501 4583 hominum,
1554 4532 1697 4574 anno
1750 4537 1817 4575 xv

296 4737 327 4766 ι
357 4722 671 4798 [Complura
703 4722 931 4798 hujusce
966 4723 1309 4798 collectionis
1361 4727 1688 4786 documenta
1732 4742 1813 4788 te-

218 4794 445 4855 stantur
471 4809 644 4868 reges
661 4794 957 4868 episcopis,
988 4794 1273 4868 abbatibus
1294 4798 1665 4868 ecclesiisque,
1686 4818 1816 4858 con-

219 4868 461 4923 cessisse
501 4866 589 4943 jus
624 4864 988 4943 immuni-tatis
1034 4866 1102 4943 ab
1148 4868 1295 4943 omni
1332 4864 1614 4935 judiciar'ia
1654 4864 1813 4943 pote-

222 4945 396 5002 state,
419 4949 529 5003 quo
555 4936 822 5007 fiebat,_ut
847 4934 1096 5007 Bignonii
1119 4936 1297 4991 verbis
1323 4934 1463 5007 utar,
1486 4934 1677 4996 annot:
1698 4944 1730 4995 4
1746 4947 1812 5000 ad

222 5007 393 5061 form.
444 5021 523 5069 Ill,
556 5006 650 5059 lib.
685 5022 699 5059 l
733 5004 993 5068 Marculfi,
1040 5016 1096 5059 ut
1140 5023 1199 5060 eo
1230 5004 1458 5062 nomine
1485 5013 1538 5064 in
1583 5013 1812 5070 subditos

211 5076 494 5149 juridictio
522 5076 592 5149 eia
616 5092 860 5149 concessa
886 5076 1160 5142 videretur,
1184 5094 1341 5149 quam
1371 5082 1448 5133 illi
1475 5099 1566 5149 per
1587 5084 1812 5139 advoca-

221 5145 311 5201 tos
342 5155 391 5198 et
419 5145 794 5199 uice-dominos
825 5149 1150 5201 exercebant.
1179 5148 1451 5204 Fidelihus
1475 5145 1591 5206 suis
1621 5158 1807 5210 eadem

217 5218 353 5287 jura
397 5224 787 5294 concesserunt
813 5230 1029 5294 quoque
1070 5232 1246 5294 reges,
1278 5220 1661 5294 diplomatibus
1691 5243 1811 5294 qua:

226 5285 538 5352 temporum
564 5285 755 5353 injuria
783 5288 1079 5355 perierunt,
1105 5291 1249 5355 quod
1278 5285 1383 5344 non
1415 5290 1576 5347 modo
1598 5285 1811 5350 constat

225 5373 299 5414 ex
333 5356 969 5427 formulisihlarcullianis
1001 5374 1086 5412 le
1108 5366 1163 5413 et
1190 5376 1320 5421 xvn,
1356 5361 1445 5415 lib.
1474 5378 1509 5427 ι,
1530 5365 1623 5418 sed
1645 5370 1808 5421 etiam

224 5441 300 5483 ex
330 5425 556 5502 (ιδῃ-12
584 5426 761 5481 Edicti
789 5426 1115 5502 Childeberti
1158 5432 1285 5502 anni
1333 5430 1454 5502 .595,
1498 5425 1661 5499 supra
1695 5447 1733 5492 t.
1766 5439 1808 5502 I.

227 5512 360 5568 p_ag.
416 5496 536 5568 I75,
587 5511 687 5551 nec
734 5499 912 5568 minus
949 5513 1014 5552 ex
1055 5514 1176 5568 cap.
1229 5500 1296 5553 19
1334 5499 1499 5558 Edicli
1550 5496 1807 5565 Chlotarii

230 5566 377 5646 anni.
414 5566 715 5646 615,_tom.
758 5567 825 5646 I,_
870 5566 1172 5646 pag._I96.
1230 5571 1589 5646 goncessione
1628 5579 1811 5646 hujus-

228 5637 377 5691 modi
403 5638 780 5717 verosimiliter
797 5640 979 5693 donati
1004 5639 1216 5717 fuerant
1230 5642 1563 5708 Wolfoadus,
1586 5637 1809 5717 ejusque

231 5724 373 5779 uxor
402 5705 712 5773 Adalsiuda,
739 5708 933 5777 jusque
964 5711 1109 5779 quod
1141 5712 1219 5765 eis
1248 5705 1590 5779 competebat
1614 5705 1809 5775 'trans;

226 5778 414 5831 ferunt
444 5779 495 5831 in
526 5779 911 5833 monasterium
942 5778 998 5834 S.
1039 5780 1331 5837 Michaelis.
1362 5778 1452 5839 Sic
1481 5787 1608 5842 mihi
1640 5790 1807 5845 inter-

227 5847 755 5921 pretandaividetur
807 5850 1045 5903 clausula
1092 5866 1195 5921 qua
1245 5862 1491 5910 statuunt
1537 5871 1591 5911 ut
1636 5863 1806 5916 nul/us

506 5920 563 5974 in
607 5918 719 5987 ipso
747 5917 1131 5975 monasterio...
1167 5922 1352 5976 habeat
1395 5934 1806 5995 potestatemin.

648 6011 916 6072 Parnm.
965 6011 1381 6075 LXXXVIII.

1845 4642 1899 4701 D

1925 3346 2086 3384 mona
2120 3332 2440 3400 iniquitatis,
2473 3333 2619 3402 quod
2650 3350 2759 3388 non
2786 3338 3075 3391 veterascit
3105 3358 3117 3392 :
3152 3349 3206 3393 et
3235 3342 3341 3396 alio
3374 3346 3517 3412 loco,

1924 3440 2033 3494 quo
2063 3426 2160 3479 das
2192 3440 2405 3493 parum,
2460 3436 2515 3480 et
2558 3442 2846 3497 comparas
2876 3444 3130 3497 regnum;
3170 3434 3358 3493 tribuis
3390 3454 3517 3507 par-

1924 3532 2046 3571 vam
2076 3518 2380 3585 pecuniam,
2417 3528 2471 3571 et
2493 3520 2695 3590 accipis
2723 3522 2842 3576 sine
2872 3523 2978 3577 fine
3006 3540 3281 3580 mansura.
3315 3529 3521 3588 [dcimo

1924 3610 2049 3679 quia
2072 3609 2249 3664 omnis
2280 3610 2443 3664 homo
2474 3610 2569 3665 Dei
2600 3612 2833 3668 consilio
2863 3614 3097 3682 ducitur,
3129 3626 3338 3673 rectum
3372 3621 3523 3679 vide-

1924 3712 2012 3757 tur
2041 3711 2099 3755 ut
2141 3702 2272 3770 ipsis
2320 3704 2370 3755 in
2422 3704 2672 3760 omnibus
2704 3713 2759 3761 et
2790 3720 2887 3775 per
2916 3709 3097 3762 omnia
3142 3726 3296 3765 suum
3344 3715 3519 3771 adim-

1922 3794 2133 3863 pleatur
2163 3802 2515 3862 praeceptum.
2570 3792 2661 3849 Sic
2705 3810 2807 3864 ego
2856 3798 3096 3855 inlustris
3146 3800 3256 3856 Deo
3306 3818 3520 3860 sacrata

1922 3885 2171 3957 lngoara,
2188 3902 2319 3941 sana
2343 3894 2525 3941 mente
2547 3887 2764 3942 salubre
2783 3890 3068 3943 consilium
3094 3894 3340 3961 cogitans
3362 3905 3523 3952 aeter-

1923 3991 2048 4030 nam
2080 3977 2510 4039 retributionem,
2543 3977 2629 4030 vel
2672 3992 2772 4047 pro
2816 3980 3224 4046 peccaminibus
3254 3987 3388 4041 meis
3418 3990 3521 4043 mi-

1924 4070 2152 4127 nuendis
2196 4086 2292 4125 seu
2333 4078 2389 4125 et
2433 4084 2533 4139 pro
2564 4072 2757 4125 anima:
2796 4085 2929 4125 mea:
2971 4074 3237 4141 remedio,
3276 4077 3521 4136 adtraxit

1921 4161 2053 4216 mihi
2086 4161 2385 4231 apostolica
2419 4161 2503 4215 vel
2535 4161 2847 4231 evangelica
2887 4162 3190 4233 depotatio,
3220 4174 3281 4221 ut
3311 4170 3517 4239 aliquid

1922 4253 1990 4308 de
2011 4253 2173 4309 rebus
2193 4253 2427 4323 propriis
2452 4253 2590 4308 meis
2614 4254 2950 4310 monasterio
2978 4254 3183 4312 Sancto
3214 4257 3396 4325 Petro,
3422 4264 3516 4331 qui

1923 4353 2005 4399 est
2034 4352 2375 4400 constructus
2422 4344 2522 4399 sub
2564 4345 2784 4415 opidum
2814 4346 3040 4402 civitate
3087 4348 3388 4419 Senonum,
3422 4355 3516 4409 ubi

1920 4436 2246 4491 venerabilis
2282 4435 2646 4491 Chrodolinus
2679 4436 2820 4491 abba
2849 4438 2935 4493 vel
2979 4440 3230 4495 monachi
3264 4443 3334 4497 ibi
3377 4460 3512 4501 con-

1920 4526 2173 4582 sistentes
2204 4540 2434 4597 praeesse
2456 4525 2729 4592 videntur,
2756 4534 2817 4581 ut
2843 4526 3047 4583 ibidem
3072 4529 3176 4587 illis
3199 4532 3505 4593 deservien-

1923 4743 2226 4817 grediendi;
2268 4743 2495 4817 privatis
2526 4758 2762 4817 namque
2809 4761 2918 4817 non
2946 4755 3069 4802 erat
3097 4747 3185 4817 jus
3217 4752 3380 4807 talem
3414 4755 3513 4810 im-

1918 4816 2235 4889 munitatem
2286 4814 2601 4889 instituendi
2644 4816 2981 4889 auctoritate
3039 4814 3281 4889 propria.
3334 4824 3513 4883 Verba

1918 4884 2044 5005 μυῖα
2073 4884 2499 5026 diplloénatilf'ere
2536 4886 2732 4941 similia
2761 4888 2985 4943 exhibet
3014 4884 3245 4947 formula
3279 4894 3513 4952 Marcul-

1939 4969 2077 5016 tana,
2106 4970 2142 5017 ι,
2198 4971 2209 5007 ι
2254 4995 2267 5008 .
2302 4971 2357 5008 n.

1939 4969 2077 5016 tana.
2106 4970 2142 5017 ι,
2175 4969 2267 5008 no.
2302 4971 2357 5008 tt.

1990 5029 2013 5061 ιι
2047 5024 2296 5092 Vulgavit
2326 5024 2693 5093 Mabillonius,
2740 5030 2873 5083 Acta
2917 5028 3014 5084 SS.
3051 5031 3171 5086 0rd.
3208 5033 3266 5088 S.
3306 5035 3507 5093 Dcned.

1917 5104 1955 5149 t.
2001 5094 2249 5175 IV_,_pa‘g..
2279 5096 2402 5175 5537,
2435 5112 2502 5175 ea
2546 5099 2907 5175 chartarioS.
2959 5100 3111 5175 Petri
3133 5102 3506 5175 Senonensis;

1915 5164 2425 5240 recttdit_Cointius,
2458 5168 2653 5223 Annal.
2700 5178 2737 5240 t.
2772 5169 2857 5233 IV,
2893 5184 3013 5238 pag.
3045 5170 3174 5240 254,
3203 5192 3273 5230 ex
3310 5164 3506 5233 Mabilf.

1916 5236 2082 5312 Ionio.
2123 5235 2352 5312 _Iugo_a_ra
2384 5235 3019 5312 soror_fuit_l..eotheri:e,
3062 5235 3219 5312 cujus
3250 5246 3500 5302 chartam

1913 5308 1979 5361 de
2010 5307 2166 5361 donis
2219 5308 2394 5363 eidem
2443 5311 2500 5365 S.
2546 5310 2690 5363 Petri
2746 5312 3077 5367 monasterio
3115 5307 3325 5370 collatis
3372 5319 3505 5375 alibi

1913 5377 2200 5459 edidimus;
2233 5379 2537 5459 _I.eotlieria:
2564 5380 2751 5459 charta
2784 5382 2948 5434 multa
2980 5383 3147 5459 habet
3174 5400 3293 5454 qua:
3323 5390 3504 5459 suspi-

1912 5449 2121 5524 cionem
2175 5448 2295 5524 falsi
2344 5449 2638 5524 ingerunt;
2682 5451 2899 5524 charta
2929 5468 3059 5524 vero
3108 5448 3349 5524 Ingoaraa
3391 5448 3503 5521 non

1911 5519 2112 5573 eisdem
2147 5520 2359 5593 videtur
2388 5520 2956 5593 calumniispbnoxia.
3001 5519 3194 5593 Ipsius'
3210 5519 3499 5587 sincerita-

1914 5597 2017 5665 tem
2077 5590 2614 5665 tueturchronicum
2653 5591 2863 5665 ‘Clarii,
2913 5594 2968 5648 in
3018 5590 3206 5665 Spicil.
3262 5597 3496 5658 Daeher.

1912 5667 1948 5741 εἰ
1978 5658 2040 5726 ll,
2070 5674 2187 5728 pag.
2216 5660 2338 5741 708,
2373 5660 2727 5741 cujusnverba
2767 5672 2927 5741 sunt;
2966 5683 2985 5717 ε
3013 5658 3215 5722 Domna
3247 5668 3499 5741 Ingoara,

1910 5728 2019 5801 Deo
2049 5739 2294 5795 sacrata,
2337 5746 2491 5801 soror
2522 5731 2777 5801 Ebbonis,
2826 5734 2954 5789 fecit
2996 5728 3379 5795 testamenttfm
3428 5728 3500 5798 de

1910 5799 2656 5881 hmreditatemsua_ll_._Petro,
2688 5799 2807 5881 quae
2836 5806 3102 5875 cumjacet
3122 5809 3175 5864 in
3198 5824 3337 5881 pago
3368 5812 3498 5867 Tor~

1910 5871 2177 5939 nodrensi,
2210 5872 2535 5931 Chrodolino
2562 5882 2691 5932 tunc
2707 5871 2930 5932 abbate.
2959 5871 2984 5929 ἰ

3136 6032 3213 6094 Ιιο
