4206 6530
767 374 795 437 1
807 378 908 438 9.59

1534 395 1802 458 SECUL.
1835 396 1927 455 VII
1966 397 2057 456 ET
2101 389 2215 454 VIII
2257 387 2799 455 ECCLESIASTICA
2839 387 3288 449 MONUMENTA.

3901 392 4034 450 I250

770 517 913 572 tibus
942 515 1064 572 loco
1092 512 1402 572 condonare
1429 511 1706 569 deberem.
1729 511 1884 580 Quod
1911 519 1965 566 et
1993 513 2066 566 ita
2089 526 2186 582 per
2204 513 2346 568 hanc
2375 513 2426 572 Α
2452 506 2585 580 tyris
2634 507 2735 562 sub
2780 504 2980 577 oppido
3029 503 3255 560 Divione
3298 505 3631 573 constructa,
3669 511 3780 576 quo
3809 515 4029 574 aposto-

767 608 1031 665 cartulam
1058 605 1366 662 donationis
1393 619 1427 659 a
1471 603 1558 660 die
1587 605 1836 675 prtesenti
1879 604 2024 659 dono
2055 603 2352 659 donatum-

767 707 877 763 que
919 694 974 748 in
1005 699 1321 764 perpetuum
1348 705 1470 746 esse
1498 689 1755 755 decerno,
1785 689 1890 745 hoc
1936 701 2019 746 est
2047 691 2349 760 portionem

765 797 946 840 meam
989 785 1042 838 in
1071 782 1197 838 villa
1225 797 1346 852 qua:
1374 783 1583 838 dicetur
1612 781 1910 848 Fontanas,
1941 782 2097 836 sitam
2128 781 2181 834 in
2212 795 2351 850 pago

766 869 1152 937 Tornodrinse,
1204 871 1464 942 quidquid
1509 870 1643 925 mihi
1673 878 1782 926 tam
1829 870 1899 926 de
1928 880 2156 941 paterno
2185 886 2346 938 quam

766 965 911 1021 etde
930 973 1177 1021 materno
1197 963 1416 1034 prodiit,
1442 979 1547 1018 una
1574 980 1695 1020 cum
1717 964 2047 1032 adjacentias
2065 971 2120 1018 et
2144 979 2350 1033 appen-

765 1057 936 1113 dicias
969 1060 1035 1113 ad
1067 1059 1210 1127 ipsas
1239 1057 1513 1112 Fontanas
1546 1057 1906 1126 pertinentes;
1936 1073 2030 1112 seu
2056 1065 2111 1112 et
2137 1058 2188 1111 in
2212 1072 2348 1128 pago

760 1146 1088 1216 Ladscense,
1119 1146 1401 1213 Pauliaco,
1431 1157 1484 1203 et
1529 1147 1787 1216 Bagnolo,
1821 1157 1877 1203 et
1913 1149 2121 1218 reliqua
2153 1149 2346 1204 locella

762 1254 885 1308 quae
936 1237 1004 1292 ad
1047 1237 1218 1308 ipsam
1255 1238 1432 1292 villam
1484 1237 1758 1293 Fontanas
1803 1240 2044 1308 aspicere
2074 1241 2342 1306 videntur,

763 1337 877 1382 tam
907 1329 1088 1395 terris,
1119 1329 1388 1395 domibus,
1419 1328 1681 1393 mdiliciis,
1708 1331 1999 1395 libertates,
2028 1345 2192 1397 opera
2219 1345 2344 1384 aco-

761 1419 1033 1487 Ianorum,
1065 1421 1255 1484 vineis,
1283 1421 1450 1488 silvis,
1481 1421 1709 1492 campis,
1750 1422 1933 1490 pratis,
1963 1422 2200 1490 pascuis,
2225 1422 2342 1476 cul-

767 1514 841 1569 tis
871 1525 924 1568 ct
954 1514 1191 1578 incultis,
1225 1513 1379 1583 aquis
1405 1528 1732 1584 aquarumve
1757 1513 2073 1568 decursibus
2103 1513 2344 1568 omnium

763 1607 1076 1676 praesidium
1104 1615 1158 1661 et
1190 1623 1350 1662 omne
1379 1621 1546 1674 genus
1576 1604 1844 1675 peculium
1869 1605 2150 1674 utriusque
2172 1620 2342 1676 gene-

759 1701 839 1756 ris
868 1715 1030 1754 sexus
1053 1701 1196 1770 quod
1221 1701 1324 1754 dici
1347 1708 1438 1753 aut
1466 1699 1732 1754 nominari
1757 1709 1958 1769 potest,
1983 1715 2078 1755 seu
2109 1709 2165 1757 et
2192 1702 2346 1756 inan-

762 1800 852 1846 tea
898 1806 1099 1861 augere
1130 1792 1212 1845 vel
1244 1791 1534 1846 meliorare
1566 1799 1815 1861 potuero,
1849 1793 1966 1862 ipso
2010 1795 2344 1850 monasterio

2455 600 2593 658 licus
2621 601 2701 655 vir
2733 600 3017 656 Assoricus
3043 609 3188 654 tenet
3215 600 3492 671 regimen:
3527 612 3628 668 ego
3669 598 4027 668 Ermenoara,

2453 692 2567 748 Deo
2603 701 2835 756 sacrata,
2876 707 2974 762 pro
3004 692 3194 746 animae
3238 707 3371 747 mea:
3419 691 3678 758 remedio,
3725 692 3883 748 trado
3920 693 4030 762 jam

2451 782 2608 837 dicta:
2628 782 2879 846 basilicae,
2915 783 3000 836 vel
3024 781 3300 837 monachis
3328 789 3384 836 et
3409 781 3789 837 matriculariis
3812 783 3904 852 qui
3935 783 4031 839 ibi-

2455 875 2578 931 dem
2606 875 2916 931 conversari
2945 884 3259 943 noscuntur,
3288 875 3374 929 vel
3401 889 3618 944 quoquo
3645 886 3891 946 tempore
3921 876 4032 932 fae-

2451 965 2578 1030 rint,
2610 964 2865 1035 quicquid
2896 965 2948 1019 in
2978 965 3102 1019 villa
3146 963 3409 1032 Ruffiaco,
3457 979 3576 1034 qua:
3607 965 3661 1018 in
3688 979 3827 1034 pago
3860 964 4029 1020 Atua-

2450 1059 2656 1114 riorum
2687 1065 2790 1125 est,
2818 1058 2905 1114 vel
2933 1058 2986 1112 in
3028 1058 3144 1128 ipsa
3188 1059 3311 1121 fine,
3346 1058 3460 1113 visa
3503 1072 3621 1113 sum
3666 1057 3888 1122 habere,
3926 1067 4030 1111 tam

2452 1149 2519 1204 de
2545 1148 2706 1203 alodo
2736 1163 2899 1217 quam
2926 1148 2993 1203 de
3021 1155 3336 1218 comparato
3365 1147 3449 1202 vel
3490 1147 3758 1217 adquisito
3785 1166 3796 1200 :
3847 1149 3900 1202 id
3929 1157 4030 1216 est,

2454 1239 2685 1301 casales,
2719 1252 2840 1293 cum
2881 1237 3124 1294 aediliciis
3149 1238 3383 1308 desuper
3411 1237 3620 1307 positis,
3655 1237 3850 1303 vineis,
3881 1253 4030 1292 cam-

2449 1331 2552 1399 pis,
2588 1330 2778 1398 pratis,
2811 1329 2983 1398 silvis,
3015 1331 3168 1398 aquis
3193 1343 3564 1399 aquarumque
3586 1327 3928 1396 decursibus,
3950 1329 4030 1382 vel

2447 1420 2705 1490 quiequid
2741 1421 2844 1475 dici
2873 1430 2968 1475 aut
2997 1422 3268 1476 nominari
3299 1430 3500 1491 potest,
3533 1422 3714 1479 omnia
3746 1432 3802 1476 et
3822 1438 3888 1476 ex
3919 1438 4032 1476 om-

2447 1510 2628 1576 nibus,
2663 1510 2728 1565 ad
2774 1501 3195 1581 suprascriptam
3238 1510 3517 1566 basilicam
3564 1509 3749 1565 domni
3786 1509 4036 1581 Benigni,

2445 1601 2532 1656 vel
2578 1603 2746 1672 ipsius
2785 1603 3068 1658 monachis
3113 1612 3168 1658 et
3213 1603 3615 1667 matriculariis,
3651 1603 3793 1657 unde
3833 1603 3887 1656 in
3924 1602 4032 1672 jam

2447 1693 2589 1749 dicta
2613 1709 2778 1764 penes
2800 1693 2829 1733 δ
2853 1711 2973 1751 mea
2997 1695 3225 1766 epistola
3258 1695 3552 1766 plenissimi
3579 1695 3890 1750 voluntario
3912 1706 4036 1752 voto

2448 1785 2711 1854 delegavi,
2755 1801 2785 1840 a
2811 1786 2896 1841 die
2925 1787 3161 1857 presenti
3196 1786 3249 1839 in
3293 1801 3484 1840 eorum
3511 1785 3847 1841 revocandas
3877 1788 4037 1840 meri-

759 1886 1016 1955 perennis
1047 1883 1380 1952 temporibus
1425 1883 1622 1937 ibidem
1651 1883 1898 1952 proficiat
1937 1883 1990 1937 in
2021 1885 2341 1951 augmentis.
2378 1873 2427 1935 B
2453 1885 2588 1933 tum.
2620 1878 2677 1932 Si
2709 1879 2828 1949 quis
2861 1887 3041 1934 autem
3073 1878 3140 1932 de
3173 1879 3288 1948 ipsa
3319 1877 3539 1933 basilica
3571 1879 3757 1933 domni
3789 1877 4033 1946 Benigni,

759 1974 818 2028 Si
845 1975 965 2041 quis
999 1989 1150 2038 vero,
1179 1981 1274 2026 aut
1307 1986 1408 2040 ego
1434 1972 1572 2041 ipsa,
1611 1979 1706 2024 aut
1743 1971 1912 2039 aliqui
1953 1987 2018 2026 ex
2052 1973 2343 2026 heredibus

753 2064 918 2128 meis,
960 2073 1053 2117 aut
1080 2063 1314 2132 qualiter
1344 2063 1452 2116 ulla
1483 2063 1732 2131 obposita
1784 2077 2041 2131 persona,
2087 2063 2345 2118 adversas

756 2162 1080 2222 praesentem
1110 2153 1476 2217 donationem,
1503 2167 1663 2221 quam
1694 2164 1795 2219 ego
1823 2151 2133 2221 plenissima
2159 2155 2345 2207 volun-

753 2251 870 2297 tate
918 2258 1036 2297 mea
1073 2242 1186 2293 fieri
1229 2250 1281 2294 ct
1327 2242 1543 2295 firmare
1588 2242 1799 2310 rogavi,
1839 2242 2084 2310 quolibet
2129 2243 2346 2310 ingenio

750 2339 937 2393 venire
985 2345 1078 2390 aut
1121 2336 1414 2404 infringere
1466 2343 1698 2389 conatus
1754 2335 1937 2399 fuerit,
1989 2335 2237 2404 inprimis
2266 2335 2341 2391 .in

750 2431 890 2486 iram
919 2440 1134 2485 mterna:
1164 2428 1442 2482 'l'rinitatis
1470 2429 1733 2494 incurrat,
1762 2435 1817 2482 et
1845 2442 1877 2482 a
1901 2427 2174 2483 liminibus
2211 2444 2340 2483 san-

752 2531 968 2576 ctorum
1019 2521 1107 2576 vel
1148 2520 1420 2575 bonorum
1471 2519 1748 2573 hominum
1797 2519 2226 2576 Christianorum
2255 2520 2343 2576 vel

750 2616 925 2686 ipsius
951 2615 1120 2668 sancti
1153 2612 1263 2667 loci
1287 2619 1580 2666 extraneus
1603 2611 2104 2666 excommunicatus
2129 2626 2344 2681 perma-

751 2715 912 2769 ιιωῑ;
943 2714 998 2760 et
1044 2705 1269 2775 insuper
1299 2702 1493 2758 inferat
1522 2703 1767 2772 partibus
1795 2702 1964 2773 ipsius
1994 2702 2338 2770 monasterii,

752 2813 863 2854 nna
889 2813 1012 2852 cum
1041 2797 1194 2865 fisco,
1223 2796 1342 2850 auri
1364 2795 1528 2850 libras
1550 2795 1707 2862 duas,
1742 2797 1951 2866 argenti
1982 2795 2159 2866 pondo
2183 2796 2344 2866 quin-

754 2904 863 2958 que
893 2903 1014 2944 esse
1049 2886 1406 2942 multandum.
1440 2885 1684 2942 Praesens
1715 2888 1917 2958 quippe
1946 2885 2167 2942 donatio
2195 2888 2344 2942 omni

752 2989 1000 3051 tempore
1029 2980 1181 3035 ﬁrma
1209 2979 1522 3050 stabilisque
1554 2989 1772 3035 maneat
1811 2980 2150 3050 persistendo
2181 2982 2344 3052 stipu-

753 3070 959 3126 latione
990 3071 1252 3124 subnexa.

2452 1968 2538 2022 vel
2562 1968 2630 2022 de
2661 1969 2790 2038 ipsis
2812 1969 3092 2024 monachis
3114 1979 3168 2024 et
3193 1969 3597 2037 matriculariis,
3620 1969 3734 2024 haec
3756 1985 3786 2023 a
3815 1985 3905 2023 me
3928 1971 4037 2024 col—

2450 2058 2562 2112 lata
2592 2059 2644 2113 in
2678 2062 2928 2129 proprios
2957 2077 3086 2116 usus
3107 2069 3430 2132 retorquere
3457 2061 3712 2133 gestiens,
3743 2077 3912 2132 super
3941 2062 4038 2118 hac

2449 2164 2512 2204 re
2544 2149 2943 2220 Lingonensem
2974 2153 3266 2210 observare
3297 2155 3534 2211 noluerit
3575 2156 3915 2226 pontiﬁcem,
3947 2172 4037 2210 co-

2451 2250 2612 2296 natus
2660 2243 2777 2310 ejus
2818 2243 3070 2298 elfectnm
3113 2261 3219 2300 non
3271 2247 3490 2303 habeat.
3525 2248 3678 2314 Quod
3721 2249 3767 2304 si
3813 2249 4038 2304 fecerint

2451 2333 2576 2398 hoc,
2610 2334 2755 2402 quod
2784 2335 2946 2402 absit,
2983 2339 3111 2406 ipsa:
3150 2354 3236 2393 res
3264 2338 3330 2394 ad
3360 2355 3510 2396 meos
3537 2341 3764 2396 licenter
3790 2357 3891 2410 per
3917 2358 4035 2397 om-

2451 2425 2541 2479 nia
2582 2435 2926 2482 revertantur
2956 2427 3229 2496 hreredes,
3270 2440 3325 2486 et
3354 2432 3420 2485 ad
3451 2432 3650 2488 alteros
3681 2434 3933 2490 homines
3960 2435 4036 2489 his

2454 2518 2786 2586 nominibus,
2821 2519 3145 2577 Ermonario
3172 2529 3226 2577 et
3256 2521 3572 2579 Ermenrico
3601 2535 3656 2579 et
3683 2526 3918 2581 infantes
3944 2543 4035 2582 eo-

2451 2626 2604 2677 rum;
2655 2613 2818 2666 ctiam
2869 2612 2953 2667 his
2999 2614 3328 2680 nominibus,
3373 2615 3692 2671 Blideranno
3724 2628 3778 2670 et
3811 2617 4033 2672 Ermen.

2449 2697 2611 2754 baldo
2659 2701 2750 2770 qui
2799 2715 2895 2770 per
2945 2702 3232 2772 epistolam
3281 2718 3540 2773 germano
3582 2721 3705 2760 meo
3757 2707 4033 2764 Boboleno

2450 2796 2720 2866 quondam
2754 2796 2971 2852 fuerunt
3007 2797 3213 2853 dimissi
3247 2816 3260 2853 :
3303 2800 3384 2854 sin
3416 2799 3573 2868 alias,
3600 2801 3746 2860 volo.
3776 2803 3920 2856 sicut
3946 2816 4032 2858 re-

2454 2896 2602 2942 ctum
2631 2894 2732 2952 est,
2761 2896 2815 2940 et
2839 2887 2905 2943 de
2934 2890 3184 2943 omnibus
3208 2905 3326 2960 quae
3351 2899 3545 2959 sponte
3573 2890 3694 2948 loco
3723 2892 4033 2948 Divionensi

2448 2977 2572 3035 dedi
2614 2977 2666 3033 in
2709 2976 2934 3034 Rufiaco
2973 2979 3087 3048 jam
3128 2980 3269 3035 dicta
3318 2981 3464 3047 villa,
3507 2982 3594 3036 vel
3634 2983 3924 3038 occasione
3953 2982 4032 3039 vel

2448 3070 2700 3126 tuitionis
2727 3071 3029 3138 patrocinio
3053 3071 3136 3126 vel
3167 3072 3451 3140 obsequio,
3477 3072 3630 3142 juxta
3662 3076 3808 3144 quod
3849 3089 4034 3130 cetum

839 3162 1030 3218 Actum
1053 3160 1311 3216 Senones.
1341 3159 1566 3230 Ingoara
1598 3159 1947 3216 donationem
1989 3161 2131 3218 hanc
2177 3177 2207 3216 a
2253 3177 2340 3218 me
2371 3181 2417 3245 ο
2450 3162 2680 3232 epistola
2726 3163 2982 3231 loquitur,
3036 3178 3066 3217 a
3109 3163 3198 3217 die
3229 3165 3463 3234 presenti
3493 3164 3559 3219 de
3593 3166 3720 3234 ipsis
3749 3168 3910 3222 rebus
3931 3168 4034 3236 jam

755 3253 958 3309 factam
1016 3251 1389 3307 sciatis.—ln
1439 3251 1533 3305 Dei
1584 3251 1803 3305 nomine
1863 3251 2036 3318 Ebbo,
2086 3259 2342 3323 peccator

757 3345 1065 3415 episcopus,
1089 3343 1404 3413 subscripsi.
1424 3374 1499 3386 —
1519 3341 1911 3412 Gandegengus
1933 3343 2343 3400 archidiaconus

753 3437 878 3492 sub.
900 3463 974 3477 —-
995 3435 1146 3488 Filex
1177 3434 1368 3488 lector.
1392 3465 1462 3476 -—
1487 3431 1888 3488 Leodecbinus.
1915 3464 1986 3474 —
2011 3435 2172 3500 Boso,
2207 3434 2346 3490 indi-

753 3544 893 3598 gnus
922 3528 1174 3599 peccatbr
1201 3526 1360 3582 abba.
1389 3557 1458 3567 —
1483 3526 1804 3598 Austrapius
1836 3528 2022 3583 lector.
2051 3559 2122 3570 -
2150 3526 2344 3583 Leota-

754 3623 865 3677 rius
923 3628 1176 3691 peccator
1220 3620 1378 3675 abba.
1412 3652 1481 3662 —-
1512 3619 1842 3699 Agobaldus.
1873 3651 1944 3661 —
1965 3619 2338 3675 Ermenaldus.

755 3717 959 3786 ——Ego
1007 3715 1426 3779 Ermbubertus,
1467 3707 1698 3784 rogante
1742 3714 1854 3770 Deo
1883 3723 2108 3770 sacratae
2148 3714 2344 3782 Ingoa-

755 3828 917 3872 ranre,
950 3811 1091 3864 hanc
1113 3807 1464 3864 donationem
1495 3806 1686 3876 scripsi
1710 3815 1766 3860 et
1788 3806 2092 3875 pernotavi.
2121 3804 2232 3858 Sub
2257 3805 2345 3859 die

756 3919 828 3957 xu
864 3901 980 3955 lial.
1028 3899 1286 3954 Novemb.
1332 3911 1474 3953 anno
1505 3898 1679 3968 primo
1718 3895 1872 3966 regni
1918 3895 2124 3952 domini
2173 3893 2344 3950 nostri

756 3993 1044 4060 Dagolicrti
1075 3993 1236 4062 regis.

1513 4098 1596 4154 LI.

758 4193 953 4248 Cltrtrta
969 4209 1068 4261 qna
1093 4189 1435 4255 Ermenortra,
1469 4190 1578 4245 Deo
1601 4199 1828 4258 sacrata,
1850 4192 2006 4246 donat
2027 4193 2345 4246 monasterio

831 4264 892 4317 S.
945 4263 1161 4332 Benigni
1214 4262 1540 4316 Divionensis
1585 4263 1833 4334 quidquid
1893 4261 2042 4316 habet
2111 4263 2163 4316 in
2219 4262 2346 4316 villa

832 4333 1076 4404 Rufﬁaco
1102 4343 1125 4367 ει
1154 4334 1306 4403 (ann.
1337 4334 1492 4400 7l5).

830 4442 1063 4499 Domino
1097 4450 1456 4496 sacrosancta:
1485 4440 1714 4495 basilica:
1742 4441 1926 4496 Sancti
1951 4439 2171 4508 Benigni
2196 4453 2348 4495 mar-

838 4637 1067 4693 ‘Edidit
1113 4635 1399 4700 Perardus,
1446 4635 1693 4688 Instrnm.
1727 4635 1792 4687 ad
1840 4635 1963 4687 hist.
2002 4633 2334 4702 Burgunalize,

761 4725 888 4782 pag.
921 4710 984 4782 9‘;
1019 4708 1282 4782 (lpintius,
1311 4705 1504 4782 Annal.
1539 4715 1574 4782 t_.
1607 4703 2014 4782 IY,.pag._fiﬁl:_
2036 4705 2244 4782 recudit
2274 4721 2340 4782 e_x

768 4775 1022 4835 I’ei'ardo.
1041 4775 1347 4830 Chronicon
1365 4777 1422 4827 S.
1445 4775 1682 4842 liettigni,
1704 4777 1754 4827 in
1775 4777 1964 4840 Sniril.
1987 4776 2210 4828 Dacher.
2235 4786 2271 4827 t.
2298 4776 2338 4836 l,

766 4867 888 4918 pag.
919 4849 1044 4911 3J5,
1071 4845 1600 4918 diinuni_hac_i-_haita
1632 4847 1886 4898 collatum
1918 4847 2000 4898 his
2022 4848 2200 4918 verbis
2230 4861 2343 4898 me-

768 4913 940 4973 nnirat
972 4938 982 4969 :
1025 4937 1041 4968 ι
1073 4919 1227 4970 Anno
1261 4914 1364 4965 7H
1397 4913 1616 4981 Pipinus
1663 4926 1905 4969 mortuus
1937 4926 2019 4969 est
2067 4917 2117 4968 in
2158 4932 2344 4969 mense

769 4989 1076 5047 Decembri,
1125 4996 1180 5040 et
1224 4983 1565 5038 Grimoaldus
1609 4985 1747 5038 filius
1778 4985 1891 5052 ejus
1920 4986 2168 5038 similiter
2199 5003 2343 5039 mor-

746 5070 916 5123 ‘tzxus,
951 5067 1006 5111 et
1030 5056 1257 5110 Carolus
1299 5055 1556 5108 successit
1594 5056 1646 5109 in
1694 5055 1865 5108 locum
1899 5057 2082 5122 patris.
2110 5055 2190 5109 Eo
2223 5067 2346 5109 teut-

772 5143 902 5194 pore
934 5126 1206 5179 Astoricus
1235 5126 1520 5193 episcopus
1561 5136 1677 5180 erat
1712 5125 2033 5192 Lingonum,
2077 5137 2131 5179 et
2179 5128 2347 5181 Boho-

773 5199 927 5251 lenus
956 5196 1193 5267 regebat
1220 5197 1733 5267 hoc_monasterium
1767 5197 1868 5267 (8.;
1896 5195 2157 5267 Benigni).
2198 5196 2348 5250 Tunc

775 5267 926 5320 dedit
954 5265 1303 5327 Ermenoara,
1337 5265 1564 5336 Domino
1594 5265 1820 5326 sacrata,
1850 5265 1905 5319 S.
1936 5265 2174 5334 Benigno
2195 5269 2346 5336 quic-

775 5337 900 5405 quid
933 5336 1160 5390 habebat
1191 5335 1242 5389 in
1266 5337 1387 5389 villa
1415 5332 1676 5389 Rnfliaco.
1711 5356 1726 5385 ι
1757 5337 1954 5390 Charta
1979 5332 2158 5389 autem
2185 5332 2344 5404 quam

776 5405 1092 5461 exhibemus
1120 5406 1245 5460 data
1273 5406 1470 5460 dicitur
1495 5406 1736 5475 defuncto
1762 5407 1970 5460 domino
2005 5406 2343 5470 Theoderico,

776 5489 824 5530 et
857 5479 1018 5530 electo
1063 5475 1259 5531 Karolo
1289 5478 1712 5545 majore-domus,
1757 5476 1900 5529 unde
1937 5478 2222 5542 Perardus,
2255 5478 2346 5532 ubi

777 5562 960 5615 supra,
983 5547 1224 5602 chartam
1244 5545 1408 5600 refert
1432 5547 1497 5600 ad
1520 5562 1719 5600 annum
1745 5547 1877 5609 755;
1907 5547 2266 5612 Mahillnnius,
2293 5551 2346 5604 in

779 5617 970 5670 Annal.
1005 5625 1042 5670 t.
1091 5616 1152 5682 Il,
1188 5631 1306 5684 pag.
1342 5616 1464 5680 104,
1499 5619 1687 5671 melius
1717 5618 1781 5670 ad
1825 5634 2022 5670 annum
2066 5618 2188 5680 757,
2238 5633 2346 5684 quo

780 5687 1013 5740 decessit
1041 5686 1407 5741 Theodericus
1431 5685 1520 5748 ιν,
1555 5696 1609 5741 et
1630 5687 1854 5741 Carolus
1884 5689 2267 5753 major-domus
2296 5689 2346 5741 ei

783 5758 1036 5826 sull'ectus
1083 5766 1184 5818 est,
1237 5758 1338 5810 etsi
1389 5758 1596 5810 titulnrn
1646 5759 1784 5825 regis
1833 5773 1938 5812 non
1990 5759 2342 5826 usurpaverit.

784 5825 1024 5880 Cointius
1073 5830 1136 5879 ad
1185 5828 1339 5881 Iidem
1369 5828 1604 5882 chr0nici
1645 5828 2061 5896 Satibenigniini
2101 5825 2341 5882 Chartam

2369 4545 2422 4605 Β

2447 3252 2574 3306 dicti
2607 3252 2840 3306 ministri
2889 3253 3078 3307 Sancti
3126 3255 3370 3322 Benigni,
3409 3255 3633 3309 liberam
3670 3257 3909 3313 habeant
3939 3275 4034 3328 po-

2448 3349 2698 3395 testatem
2745 3341 3000 3411 quicquid
3042 3341 3222 3398 facere
3264 3344 3554 3399 voluerint.
3591 3343 3646 3400 Si
3694 3362 3849 3412 vero,
3893 3350 4034 3418 quod

2449 3432 2688 3486 futurum
2719 3447 2840 3487 esse
2887 3449 2995 3487 non
3041 3435 3228 3503 credo,
3279 3434 3324 3489 si
3367 3450 3466 3505 ego
3495 3437 3658 3492 etiam
3706 3438 3909 3507 aliquid
3939 3455 4034 3495 vo-

2448 3522 2602 3577 luero
2630 3523 2872 3592 demere,
2923 3523 3007 3579 vel
3054 3524 3310 3594 quaelibet
3353 3527 3600 3595 opposita
3639 3543 3899 3596 persona,
3945 3527 4034 3598 qui

2449 3623 2637 3670 contra
2671 3616 2809 3670 hanc
2851 3615 3137 3684 epistolam
3184 3616 3493 3672 donationis
3546 3617 3733 3672 venire
3780 3619 4032 3687 voluerit,

2446 3708 2532 3762 vel
2561 3708 2849 3777 quicquam
2892 3722 3052 3775 agere
3097 3709 3464 3778 temptaverit,
3509 3711 3704 3766 inferat
3749 3713 3818 3767 ad
3863 3714 4030 3783 ipsam

2448 3799 2726 3854 basilicam
2749 3801 2931 3855 domni
2963 3799 3182 3870 Benigni
3214 3811 3374 3871 atque
3402 3803 3512 3857 suis
3541 3805 3839 3870 actoribus,
3869 3806 4032 3876 duplo

2447 3898 2678 3955 tantum,
2704 3901 2964 3959 quantum
2997 3892 3123 3961 ipsa:
3153 3909 3239 3947 res
3263 3894 3555 3949 melioralze
3579 3896 3872 3964 valuerint,
3904 3898 4031 3954 fisco

2447 3990 2625 4036 autem
2653 3983 2875 4051 publica:
2905 3985 3004 4048 rei,
3037 3986 3152 4040 auri
3184 3985 3370 4050 libram
3405 4003 3598 4053 unam;
3630 3997 3686 4044 et
3726 3990 4031 4047 nichilomi-

2448 4086 2550 4126 nus
2590 4088 2810 4141 presens
2840 4075 2952 4129 haec
2979 4076 3210 4145 epistola
3250 4076 3553 4133 donationis
3597 4081 3743 4135 omni
3788 4091 4030 4154 tempore

2451 4165 2602 4218 firma
2631 4174 2685 4219 et
2716 4167 2970 4220 inviolata
2999 4178 3337 4236 permaneat,
3366 4170 3714 4238 stipulatione
3743 4175 3994 4230 sdbnixa.

2521 4257 2713 4312 Actum
2746 4257 2986 4324 Ruliaco,
3011 4259 3242 4327 publice.
3271 4257 3492 4328 Signum
3517 4259 3889 4331 Ermenoarze,
3924 4268 4024 4322 Deo

2450 4347 2662 4416 dicatze,
2692 4365 2810 4418 qua:
2839 4351 2978 4404 hanc
3007 4351 3288 4420 epistolam
3319 4351 3626 4409 donationis
3659 4356 3774 4410 fieri
3799 4360 4024 4427 rogavit.

2448 4471 2519 4484 —
2541 4439 2762 4509 Signum
2798 4440 3111 4509 Far'agonis
3137 4442 3354 4512 nepotis
3382 4443 3570 4513 ipsius,
3607 4448 3698 4515 qui
3740 4453 4025 4507 consentit.

2445 4638 2681 4702 assignat
2711 4651 2855 4688 anno
2891 4634 3018 4698 715,
3051 4643 3106 4688 et
3147 4651 3247 4703 pro
3289 4635 3627 4693 Theoderico
3660 4639 4023 4695 Theobaldum

2445 4709 2497 4762 in
2531 4708 2719 4761 charta
2748 4705 2900 4767 jubet
2935 4719 3219 4772 reponere,
3255 4715 3313 4759 ut
3342 4708 3581 4761 chartam
3614 4727 3735 4763 cum
3770 4715 4025 4765 ctu-onico

2443 4777 2715 4832 eoneiliet.
2750 4775 2941 4828 Verum
2974 4775 3394 4847 aliudsuperest
3435 4778 3486 4830 in
3529 4781 3716 4832 charta
3743 4784 3889 4847 quod
3936 4785 4025 4834 ali-

2445 4849 2570 4913 quid
2607 4848 2807 4912 negotii
2841 4846 3076 4898 facessit.
3107 4844 3183 4899 Ibi
3213 4848 3356 4900 enim
3387 4844 3797 4904 Assericusdici
3822 4853 4026 4906 videtur

2446 4920 2501 4972 S.
2554 4917 2775 4984 Benigni
2823 4916 3019 4978 abbas;
3076 4924 3205 4970 tunc
3253 4929 3433 4970 autem
3486 4919 3590 4972 hoc
3641 4923 4023 4975 monaStcrium

2447 4990 2666 5057 regebat
2714 4987 3035 5057 ttobolenus,
3071 4985 3351 5040 Astoricus
3375 5003 3523 5052 vero,
3575 5005 3668 5043 seu
3711 4993 4017 5053 Assericus,

2451 5056 2776 5126 Lingonensi
2828 5056 3081 5126 Ecclesiae
3128 5067 3390 5124 praeerat,
3444 5067 3501 5112 ut
3551 5068 3787 5114 testatur
3837 5061 4018 5116 Sancti

2449 5125 2670 5196 Benigni
2701 5126 3016 5196 chronicon.
3072 5125 3277 5193 Reponi
3329 5139 3509 5195 potest
3555 5131 3893 5196 Assoricum,
3939 5133 4021 5185 «:ui

2450 5201 2534 5254 hic
2576 5195 2878 5266 appellatur
2907 5197 2983 5270 uir
3010 5197 3347 5270 apostolicus,
3393 5200 3679 5270 manifeste
3709 5195 4021 5270 episcopum

2450 5271 2651 5331 fuisse;
2681 5277 2882 5339 etcum
2924 5267 3068 5339 idem
3097 5267 3370 5339 diciturin
3400 5271 3600 5337 Oppido
3633 5267 3859 5324 Divioir-
3886 5267 4020 5339 regi-

2449 5356 2569 5393 men
2618 5338 2895 5408 tenuisse.
2925 5337 2975 5390 id
3024 5336 3595 5408 nonintelligendum
3643 5341 3708 5394 de
3758 5336 4020 5407 ngimine

2449 5410 2688 5464 ecclesiae
2717 5407 2901 5462 Sancti
2942 5405 3186 5474 Benigni,
3217 5405 3311 5461 sed
3339 5405 3407 5460 de
3439 5409 3698 5474 regimine
3731 5405 3903 5478 ipsius
3930 5427 4021 5478 np-

2449 5480 2560 5549 pidi
2610 5479 2892 5549 Divionis;
2940 5480 3102 5531 castri
3139 5478 3296 5549 enim
3350 5478 3682 5533 Divionensis
3730 5478 4020 5535 dominium

2449 5545 2576 5603 olim
2619 5548 2805 5602 habuit
2831 5545 3179 5614 Lingonensis
3209 5548 3513 5617 episcopus,
3547 5559 3604 5602 ut
3633 5559 3900 5606 testantur
3926 5567 4018 5602 auo

2449 5630 2628 5673 ctores
2671 5618 2834 5691 Nova:
2869 5618 3052 5691 Gallia;
3092 5617 3432 5691 Christianas,
3485 5627 3522 5672 t.
3578 5619 3666 5687 IV,
3712 5636 3835 5691 pag.
3881 5619 4016 5674 508:

2449 5689 2825 5760 quodioptime
2856 5703 2978 5743 cum
3007 5689 3208 5741 charta:
3240 5688 3408 5756 ipsius
3437 5691 3620 5743 verbis
3642 5688 3914 5746 convenit.

2520 5760 2546 5798 δ
2570 5758 2685 5813 Hoc
2712 5761 2830 5813 loco
2858 5774 3046 5829 vocem
3079 5773 3229 5825 penes
3260 5761 3518 5826 expungit
3560 5760 3822 5824 Cointiu:
3862 5760 4011 5829 quasi

2449 5840 2786 5900 corruptam,
2827 5839 2881 5885 et
2921 5828 3037 5898 ejus
3079 5830 3348 5885 defectum
3379 5831 3558 5900 spatio
3588 5847 3759 5887 vacuo
3802 5828 4016 5888 iudicat.
