4206 6546
193 437 334 497 1261
954 423 1392 481 DONATIONES
1434 422 1520 479 AC
1556 417 2024 479 TESTAMENTA
2066 414 2302 478 EPISC.,
2349 410 2530 477 ABB.,
2576 404 2727 465 ETC.
3337 410 3478 469 1262

186 548 505 618 .._Signum
524 538 847 601 Aremherti,
872 536 1217 599 Trasacoliae.
1238 535 1466 596 Cassini,
1494 534 1781 600 Landradi,
1810 544 1865 603 Α
1891 534 2067 588 otinas
2092 528 2455 586 decautintur.
2484 527 2541 581 Si
2571 526 2688 596 quis
2715 538 2868 588 vero,
2889 522 3037 593 quod
3076 560 3093 579 -
3134 562 3149 577 ο
3192 562 3210 581 ο
3254 565 3271 581 ο
3317 567 3331 582 -
3376 546 3475 583 "0‘

185 616 653 703 Godulli.——l~lgo
678 629 1565 698 Artaldus,adricemcancellarii
1593 630 1783 698 scripsi
1891 624 1974 678 bis
2022 620 2257 690 optabile
2309 632 2429 673 esse
2479 616 2697 683 viditur,
2742 624 2803 669 ut
2842 629 2938 669 seu
2983 654 2996 668 .
3041 652 3055 668 .
3100 652 3115 669 .
3160 654 3178 671 .
3216 619 3474 687 quaelibet

188 742 251 790 et
280 732 488 798 dot-avi,
512 737 733 797 rogatus
763 724 831 778 ab
862 724 1215 783 Ermenuara,
1263 720 1370 774 Deo
1400 730 1629 779 sacrata.
1663 729 1787 775 ante

188 828 463 883 Kalendas
504 824 706 878 Madias
738 830 784 885 ³,
825 818 1080 873 defuncto
1109 817 1312 872 domno
1343 815 1700 883 Theoderico,
1732 822 1787 869 et

185 920 374 975 electo
404 917 604 973 Karolo
633 911 1082 985 majore-domus.

938 1055 1022 1113 LII
1032 1100 1045 1112 .

185 1180 394 1237 Charta
422 1196 523 1253 qua
553 1178 714 1253 Ado,_
729 1173 1080 1253 abigas-doiia
1110 1174 1306 1253 confert
1338 1169 1568 1227 basilica:
1602 1171 1788 1228 Sancti

671 1240 892 1318 Remigii
915 1244 941 1283 δ
974 1248 1122 1316 (αηη.
1154 1240 1300 1312 715).

187 1426 207 1444 .
256 1426 272 1444 .
316 1424 332 1442 .
378 1425 392 1440 .
437 1423 454 1440 .
494 1423 512 1437 .
556 1381 709 1437 trado
734 1379 909 1448 adque
934 1378 1233 1432 transcribo
1258 1376 1323 1429 ad
1353 1377 1472 1431 Bas.
1510 1416 1523 1430 .
1568 1415 1583 1429 .
1629 1416 1642 1430 .
1678 1374 1786 1429 Ite-

187 1479 380 1546 niigio.
428 1517 443 1532 .
489 1516 501 1529 .
548 1514 562 1529 .
608 1513 623 1529 .
667 1513 681 1528 .
724 1472 827 1526 hoc
858 1478 960 1538 est,
985 1470 1297 1539 porciouem
1324 1484 1495 1521 meum
1522 1468 1585 1520 ad
1612 1468 1788 1535 Altro,

186 1586 359 1640 super
386 1570 503 1639 ipso
531 1564 751 1621 ﬂuviolo
783 1563 955 1625 Altro,
987 1562 1107 1616 cido
1140 1562 1191 1615 in
1218 1576 1355 1630 pago
1386 1559 1637 1626 Vonginsi
1666 1574 1787 1613 cum

188 1662 469 1732 apindice.
520 1699 533 1712 .
579 1697 593 1711 .
642 1698 656 1713 .
691 1656 870 1718 Bairo,
920 1661 976 1708 et
1024 1653 1133 1706 alia
1181 1652 1446 1720 apendice
1493 1652 1786 1715 Crisciaco,

186 1769 360 1823 super
395 1750 615 1806 ﬂuviolo
648 1747 1000 1815 Bebroprico,
1032 1743 1176 1813 quod
1228 1744 1316 1797 illa
1367 1744 1471 1797 alia
1513 1742 1789 1796 medietati

189 1847 247 1900 in
293 1886 306 1899 .
354 1888 369 1901 .
415 1885 429 1898 .
474 1883 489 1897 .
531 1840 872 1900 Mauriliane,
902 1847 958 1891 et
987 1837 1085 1905 ipsi
1120 1838 1293 1905 postia
1331 1838 1499 1903 ipsam
1548 1850 1660 1887 rem
1692 1848 1788 1902 per

1894 729 2127 787 persona
2158 722 2347 767 contra
2391 714 2529 765 hanc
2558 708 2699 763 facta
2738 723 2767 761 a
2802 725 2889 763 me
2932 748 2945 762 .
2991 748 3004 762 .
3049 749 3063 763 .
3108 749 3123 764 .
3166 709 3477 781 inrumpere

1890 807 2149 873 voluerit,
2180 804 2510 874 imprimitus
2541 803 2699 856 iram.
2747 841 2761 855 .
2809 841 2819 853 .
2868 841 2881 854 .
2927 842 2941 855 .
2975 816 3032 856 sa
3060 810 3117 857 et
3144 803 3214 859 de
3253 804 3402 859 omni
3443 820 3480 861 a

1888 901 2088 957 limena
2133 904 2446 953 sanctorum
2479 895 2834 950 exconmuuis
2879 895 3112 963 apariat,
3158 904 3214 950 et
3260 896 3477 952 veniam

1890 992 2035 1063 apud
2068 990 2299 1045 Domino
2331 1003 2601 1055 nonquam
2636 987 2899 1040 meriatur
2937 984 3149 1050 habire,
3180 1002 3295 1044 ces.
3336 1027 3352 1041 .
3394 1026 3411 1041 .

1890 1098 1951 1138 re
1978 1082 2217 1137 noluerit
2258 1089 2314 1136 et
2344 1080 2563 1148 insuper
2603 1077 2797 1130 inferat
2825 1076 2891 1129 ad
2923 1077 3038 1145 ipsa
3080 1074 3339 1144 basileca,
3372 1092 3480 1132 una

1890 1190 2014 1231 cum
2042 1175 2194 1229 socio
2226 1173 2361 1239 lisci,
2393 1186 2527 1225 auro
2561 1168 2725 1223 libras
2751 1166 3015 1236 quinque,
3057 1167 3267 1236 argenti
3297 1167 3479 1238 ponda

1892 1267 1998 1335 vig.
2045 1304 2060 1319 .
2104 1304 2120 1319 .
2163 1304 2178 1320 .
2227 1264 2587 1331 aevindegare
2610 1276 2721 1315 non
2750 1257 2939 1324 valiat,
2970 1266 3025 1312 et
3049 1274 3285 1328 prmsens
3308 1258 3481 1315 dona-

1892 1360 1976 1412 cio
2022 1357 2110 1413 isti
2156 1370 2316 1409 omne
2364 1364 2611 1423 tempore
2644 1353 2797 1406 lirma
2838 1359 2895 1407 et
2938 1349 3269 1406 inviolabilis
3317 1350 3484 1405 valiat

1891 1466 2233 1523 permanere.
2276 1490 2290 1504 .
2340 1490 2354 1501 .
2400 1448 2665 1503 .—-Acto
2718 1446 2911 1511 Rimis,
2965 1448 3017 1501 in
3071 1448 3246 1502 minse
3285 1447 3481 1517 Aprili,

1893 1563 2034 1601 anno
2056 1554 2253 1615 quarto
2278 1544 2414 1613 rigui
2438 1544 2625 1597 domui
2646 1543 2820 1596 nostri
2850 1542 3158 1609 Bagoberto
3190 1555 3340 1611 rege.
3363 1540 3485 1596 Ado

1893 1640 2032 1695 abba
2062 1638 2207 1693 hanc
2250 1638 2615 1692 donacionem
2658 1674 2673 1689 .
2720 1674 2734 1688 .
2782 1663 2895 1688 .—
2934 1633 3225 1688 Rodfridus
3255 1643 3359 1690 ter.
3406 1676 3418 1688 .
3464 1670 3485 1690 .

1892 1764 1960 1775 —-—
1983 1733 2189 1787 Allinus
2218 1730 2357 1785 abba
2387 1730 2538 1783 subs.
2564 1757 2631 1768 -—
2656 1727 2770 1796 Ego
2799 1726 3027 1783 Abblico
3063 1726 3208 1782 subs.
3254 1765 3270 1780 .
3317 1767 3329 1779 .
3374 1766 3390 1781 .
3411 1756 3487 1772 --

1892 1823 2209 1877 Cliaireber.
2254 1860 2268 1875 .
2313 1860 2326 1874 .
2373 1820 2656 1875 Adolulfus
2705 1829 2848 1889 prot.
2902 1818 3089 1876 subsc.
3134 1848 3203 1859 —
3242 1817 3391 1889 Sign.
3443 1819 3488 1892 1-

188 1955 295 1992 suo
353 1940 694 1992 estrumeuto
756 1931 822 1985 ad
876 1931 991 1999 ipsa
1050 1929 1283 1982 basileca
1340 1927 1539 1979 Sancto
1592 1924 1786 1977 Reine-
1818 1913 2426 1985 BGundoiIIO.-—Sig.
2475 1915 2515 1980 ’ξ’
2564 1911 2961 1966 Vandreberto.
3004 1943 3075 1953 —
3108 1911 3324 1982 Sign.-j-
3363 1910 3484 1966 Wi-

186 2030 281 2097 gio
326 2067 341 2081 .
388 2066 402 2081 .
449 2067 463 2081 .
509 2066 523 2079 .
565 2026 756 2093 euegio
785 2022 849 2075 ad
875 2021 1152 2075 usofructo
1181 2020 1292 2073 vise
1322 2034 1561 2071 summus
1593 2016 1785 2079 tenire,

187 2136 290 2191 pro
323 2122 444 2189 ipso
470 2134 565 2173 uso
586 2117 697 2185 jam
726 2115 869 2168 dicta
896 2112 1158 2181 porcione
1186 2118 1392 2175 nostra,
1416 2126 1537 2163 cum
1566 2109 1785 2173 mansis,

186 2211 359 2276 ensis,
401 2208 583 2273 terris,
632 2247 646 2260 .
692 2246 706 2258 .
749 2206 815 2270 is,
862 2202 1051 2266 vinies,
1106 2202 1295 2271 pratis,
1346 2200 1581 2269 pascuis,
1634 2199 1787 2265 aquis

186 2314 531 2369 aquarumve
575 2296 908 2360 decursibus,
940 2293 1098 2348 cultis
1141 2302 1199 2347 et
1249 2293 1479 2357 incultis,
1535 2302 1638 2344 tam
1672 2291 1786 2359 ipsa

185 2395 458 2466 porcione
502 2392 592 2461 qui
648 2391 749 2444 fuit
790 2429 804 2443 .
848 2426 867 2443 .
910 2427 924 2441 .
968 2427 983 2443 .
1025 2397 1081 2442 et
1132 2388 1242 2455 ipsa
1292 2386 1551 2455 porcioue
1597 2391 1782 2439 nostra

187 2503 323 2541 cum
377 2500 539 2540 omne
589 2484 915 2550 integretate
960 2480 1047 2534 vel
1093 2478 1402 2547 apendicies
1449 2493 1606 2544 suas,
1663 2483 1785 2545 post

187 2579 401 2634 obitum
450 2585 695 2631 nostrum
726 2590 852 2643 pars
893 2612 909 2628 .
952 2610 970 2628 .
1014 2612 1027 2626 .
1072 2611 1085 2625 .
1131 2610 1145 2625 .
1191 2570 1335 2641 [con]
1372 2571 1684 2625 tradiceutis
1731 2572 1786 2625 in

187 2684 386 2724 eorum
419 2675 706 2735 potestate,
738 2664 805 2718 ad
836 2663 925 2718 die
958 2662 1213 2732 praesenti
1245 2662 1510 2731 recipiant
1531 2662 1785 2727 habendi,

188 2761 440 2825 tenendi,
461 2758 840 2821 conmudandi,
870 2772 996 2812 ven.
1034 2796 1049 2811 .
1085 2796 1099 2809 .
1132 2797 1145 2809 .
1184 2757 1318 2809 .cius
1350 2755 1569 2808 basileci
1590 2757 1789 2807 Sancto

190 2853 465 2921 Remigio,
498 2851 688 2920 suique
715 2849 925 2917 agentis
958 2846 1252 2915 aeligirint,
1288 2844 1517 2898 faciendi
1560 2844 1784 2898 liberam

188 2956 250 3002 et
280 2946 655 2999 ﬁrmissemam
683 2944 737 2997 in
767 2941 1032 2997 omnebus
1061 2940 1189 2993 hab.
1234 2978 1247 2991 .
1292 2976 1309 2992 .
1352 2978 1365 2991 .
1409 2976 1424 2991 .
1471 2977 1483 2989 .
1532 2979 1543 2989 .
1590 2975 1605 2989 .
1649 2976 1661 2989 .
1706 2974 1723 2991 .
1764 2974 1782 2992 .

189 3052 253 3098 et
293 3042 373 3097 ill.
417 3040 599 3099 fratris
622 3040 711 3095 vel
740 3038 913 3093 clirici
946 3038 998 3091 in
1029 3037 1142 3105 ipsa
1170 3044 1357 3089 sancta
1390 3033 1621 3088 baselica
1650 3046 1784 3085 con-

190 3136 333 3192 siste
374 3174 387 3189 .
432 3175 447 3191 .
491 3173 507 3188 .
550 3173 565 3188 .
607 3131 893 3187 Dominum
931 3127 1360 3185 misericordiam
1406 3127 1704 3193 deprecare
1732 3129 1788 3175 et

190 3236 271 3283 ta.
312 3267 326 3282 .
364 3264 379 3281 .
414 3266 429 3281 .
460 3233 584 3296 post
606 3232 795 3279 nostro
821 3222 1065 3277 discesso
1099 3218 1332 3273 nominis
1357 3216 1530 3272 nostri
1559 3216 1611 3270 in
1643 3215 1680 3269 i.
1718 3254 1730 3268 .

268 3375 296 3402 ει
322 3364 380 3419 ld
410 3362 475 3417 de
501 3362 587 3417 die
615 3360 865 3431 proxima
891 3365 1016 3431 ante
1046 3355 1311 3431 Kalendas
1340 3355 1781 3431 interpretamur.

265 3434 294 3471 b
328 3435 481 3487 Eruit
512 3422 872 3494 Mabillonius,
903 3430 952 3481 in
980 3427 1119 3480 Ann.
1151 3434 1189 3479 t.
1226 3425 1285 3488 ll,
1319 3422 1547 3492 appen’il.
1577 3439 1631 3494 p.
1658 3422 1784 3490 694,

194 3523 265 3562 ex
296 3504 617 3557 authentico
644 3500 799 3554 valde
842 3499 1053 3559 mutilo,
1091 3497 1282 3550 litteris
1323 3493 1787 3548 Franco-Gallicis

194 3583 449 3630 exarato.
481 3574 745 3628 Adonem.
782 3570 939 3635 hujus
966 3570 1170 3622 charta:
1211 3574 1511 3626 auctorem,
1544 3566 1785 3635 conjicit,

194 3649 328 3701 ibid.
368 3656 489 3710 pag.
524 3641 591 3693 45
621 3649 676 3693 et
708 3639 798 3706 5'2,
834 3634 1081 3693 abbatem
1114 3635 1353 3710 fuisse‘S.
1381 3634 1614 3710 Remigii
1643 3634 1788 3710 Rhe-

192 3704 517 3772 mensi'szvet
549 3704 872 3769 suffragatur
896 3710 1041 3762 Nova
1066 3708 1238 3759 Gallia
1266 3705 1593 3767 Christiana,
1618 3712 1657 3757 t.
1692 3704 1782 3772 IX,

194 3788 304 3843 col.
331 3782 455 3837 2‘25.
482 3782 585 3835 Sed
611 3782 736 3833 huic
758 3780 1085 3845 conjectum
1108 3778 1331 3831 minime
1348 3776 1489 3827 favet
1511 3772 1785 3828 Frodoar-

192 3858 317 3917 dus,
355 3854 493 3907 llist.
528 3852 736 3905 Eccles.
766 3851 980 3907 Itliem..
1006 3862 1127 3916 pag.
1162 3846 1289 3909 219,
1315 3845 1658 3917 quiscripsit
1686 3846 1781 3898 de-

196 3914 342 3979 cinno
376 3923 595 3977 Sim-nlo.
637 3920 686 3973 Is
716 3921 883 3984 enim,
912 3914 1036 3971 dum
1069 3919 1278 3970 Adonis
1326 3918 1378 3968 in
1425 3914 1785 3969 Rhemensem

195 3996 415 4051 Sanctae
466 3991 647 4044 Maria:
695 3990 974 4044 basilicam
1027 3986 1286 4041 beneficia
1330 3992 1597 4047 recenset,
1642 3985 1786 4038 hunc

197 4066 440 4134 appellat
461 4062 698 4134 abbatem
726 4059 1019 4134 quemdam.
1049 4060 1191 4126 quod
1214 4057 1284 4134 de
1315 4056 1506 4134 abbate
1539 4054 1783 4133 celeber-

199 4124 322 4191 rimi
374 4132 686 4186 monasterii
735 4124 884 4183 urbis
934 4124 1257 4182 Rheinensis
1306 4126 1504 4177 dixisse
1557 4124 1779 4178 minime

200 4204 484 4277 probabile
507 4212 611 4277 est_.
640 4199 906 4254 Praaierea
930 4200 1324 4277 donaquorum
1350 4194 1496 4277 apud.
1521 4194 1787 4273 Frodoar-

201 4264 328 4329 dum
376 4272 635 4327 memoria
670 4279 773 4335 est,
802 4283 1022 4338 prorsus
1054 4267 1263 4338 diversa
1296 4273 1419 4319 sunt
1450 4266 1515 4316 ab
1558 4264 1621 4338 iis
1666 4279 1786 4338 qua:

202 4343 597 4412 complectitur
635 4334 838 4412 charta
871 4353 1032 4404 quam
1062 4336 1392 4412 recndimus
1428 4334 1613 4412 :_unde
1662 4335 1785 4412 licet

202 4404 481 4482 conjicere
523 4411 768 4464 Adonem
809 4408 876 4461 de
920 4424 1034 4482 quo,
1060 4407 1301 4482 loquitur
1332 4404 1673 4482 Frodoardus
1705 4404 1783 4457 di-

204 4476 424 4540 versum
455 4498 575 4536 esse
604 4484 671 4535 ab
700 4490 925 4533 auctore
951 4478 1106 4544 hujus
1129 4478 1347 4529 charta).
1383 4476 1509 4526 Data
1535 4483 1615 4528 est
1645 4490 1785 4527 :muo

205 4566 400 4624 quarto
432 4552 580 4619 regni
618 4550 898 4617 liagoberti
928 4546 990 4624 Ill
1016 4566 1028 4610 ;
1055 4562 1195 4600 anno
1222 4557 1401 4624 autem
1431 4546 1778 4624 Christi-iiii,

206 4614 383 4678 anuus
416 4614 563 4686 γειέηί
593 4614 814 4690 quartus
841 4619 1086 4690 expletus
1118 4617 1342 4690 est,_qui
1377 4630 1516 4690 anno
1549 4614 1649 4665 714
1684 4615 1783 4666 ini-

208 4697 338 4749 tium
361 4685 689 4759 sumpscrat.
716 4690 825 4743 Utri
854 4685 981 4741 vero
1004 4686 1348 4741 tribuendum
1370 4686 1439 4737 sit
1464 4685 1565 4738 hoc
1591 4686 1789 4738 instru-

207 4775 453 4819 mentum
486 4779 592 4815 non
623 4760 805 4826 liquet.

282 4850 303 4875 ε
342 4832 685 4887 Mabillonius
730 4838 882 4884 notat
908 4827 1179 4898 plerisque
1208 4825 1664 4898 subscribentium
1691 4842 1791 4898 no-

208 4905 449 4960 minibus
497 4902 764 4971 adscripta
811 4896 930 4971 esse
977 4900 1055 4971 in,
1084 4898 1596 4971 authenticosigua
1655 4896 1791 4950 idio-

205 4974 443 5045 grapha,
490 4967 717 5042 quorum
756 4970 967 5025 defectu
1016 4969 1167 5035 signa
1207 4968 1382 5021 cruris
1422 4967 1507 5021 hic
1549 4968 1792 5036 interpo-

205 5054 437 5101 nuntur.

282 5118 307 5154 d
350 5111 504 5167 Hauc
558 5112 791 5176 vulgavit
848 5109 1217 5175 Mabillonius,
1263 5108 1455 5162 Annal.
1518 5116 1557 5162 t.
1600 5108 1663 5171 ll,
1695 5123 1793 5177 ap-

203 5187 551 5257 pend._pag._
582 5181 714 5257 695,
758 5181 1157 5257 ex__veterrii_no
1205 5180 1487 5257 eriemplo:
1516 5187 1797 5257 exstatuet

206 5248 356 5326 apud
386 5248 722 5326 Meurissium
752 5295 776 5326 ._
830 5252 959 5326 Vitrc
1008 5251 1171 5326 θρίξ-(ξ.
1223 5251 1600 5326 Μθῑρηςηρθς.
1652 5248 1792 5326 11?;

209 5319 569 5386 li'oucheturn,
600 5325 671 5378 De
701 5323 835 5385 orig.
884 5322 1074 5374 domus
1101 5320 1290 5373 Franc.
1348 5322 1498 5388 prob.
1535 5336 1654 5387 pag.
1688 5319 1745 5371 ’71
1781 5338 1793 5383 ;

208 5397 512 5455 Cointium.
548 5396 684 5447 Anu.
717 5402 755 5446 t.
785 5391 875 5457 IV,
912 5404 1030 5458 pag.
1062 5391 1163 5443 457
1188 5402 1239 5442 et
1264 5406 1399 5457 seq.,
1445 5405 1507 5443 ac
1547 5400 1796 5443 auctores

210 5468 378 5521 Novae
419 5462 606 5519 Gallia:
644 5464 957 5518 Christianae
983 5503 996 5522 .
1046 5468 1084 5514 t.
1139 5460 1287 5517 XIII.
1348 5463 1497 5512 instr.
1533 5461 1637 5513 cel.
1672 5459 1794 5511 470.

213 5537 577 5597 Valladierus,
609 5533 831 5586 Basilica
880 5535 935 5585 S.
972 5532 1199 5595 Arnulf.,
1232 5544 1349 5598 pag.
1380 5529 1483 5581 494
1507 5571 1518 5591 ,
1554 5532 1796 5583 eamdem

212 5608 512 5661 vernacula
544 5606 720 5669 lingua
752 5604 889 5672 typis
912 5602 1215 5660 mandavit:
1249 5601 1413 5672 aliiex
1436 5602 1793 5668 autographa,

210 5688 275 5732 ut
306 5683 526 5739 vocant,
574 5676 663 5727 alii
715 5670 789 5728 ea
829 5672 1155 5725 chartulario
1188 5672 1241 5724 S.
1284 5670 1484 5723 Arnulfi
1519 5673 1683 5737 ipsam
1710 5685 1799 5722 er-

210 5750 569 5817 scripscrunt.
607 5746 711 5817 hos
760 5743 1059 5817 recudimus
1103 5759 1166 5795 ex
1197 5741 1391 5817 duplici
1416 5741 1689 5817 exemplo,
1725 5742 1802 5792 al-

210 5810 338 5873 tero
363 5835 486 5873 cum
522 5813 837 5885 archetypo,
862 5814 1031 5885 altern
1064 5828 1184 5885 cum
1216 5812 1546 5865 chartulario
1580 5810 1801 5878 diligen-

214 5898 298 5947 ter
328 5890 555 5954 collato,
589 5892 644 5940 et
690 5883 744 5940 in
775 5883 1273 5955 cbartophylacium
1315 5890 1557 5941 nostrum
1588 5885 1801 5938 invecto

1769 3252 1784 3269 ⁸
1818 3248 1867 3314 C

1895 2024 2059 2062 noue.
2084 2039 2154 2049 —
2177 2006 2325 2072 Sigu.
2352 2009 2375 2075 -ι
2418 2004 2681 2059 Silvestro
2706 2003 2840 2072 graf.
2864 2032 2935 2043 —
2956 2003 3107 2074 Sign.
3130 2002 3170 2073 ἰ-
3192 2002 3482 2060 Berteliuo.

1894 2129 1962 2137 —
1982 2099 2132 2166 Sign.
2164 2097 2205 2166 ἰ·
2236 2096 2440 2151 Marcio
2464 2102 2511 2148 ε.

2607 2204 2739 2259 LIII.

1893 2301 2087 2357 Charta
2109 2317 2209 2371 qua
2243 2300 2291 2353 Η
2298 2316 2397 2371 ugo
2420 2298 2685 2363 sacerdos,
2710 2296 2971 2369 Drogonis
2992 2298 3155 2368 ﬁlius,
3180 2299 3319 2371 dona
3364 2313 3491 2354 oon-

1965 2368 2351 2514 {7‘elr5t)iiletensf
2394 2372 2503 2426 SS.
2557 2372 2924 2439 Apostolorum
2978 2371 3209 2425 basilica:
3250 2368 3277 2407 ά
3331 2371 3482 2443 (ann.

1964 2577 2024 2630 In
2064 2576 2263 2630 Christi
2316 2574 2575 2639 nomine,
2621 2574 2721 2630 sub
2784 2573 2873 2628 die
2919 2574 3153 2643 septimo
3197 2574 3444 2648 [θῆαι-ενι.
3471 2616 3487 2640 ,

1896 2668 2108 2737 octava]
2143 2666 2248 2719 kal.
2278 2664 2405 2719 Julii
2432 2709 2445 2731 ,
2497 2680 2640 2719 anno
2674 2680 2705 2717 ν
2736 2664 2884 2731 regni
2916 2664 3099 2719 domui
3124 2667 3291 2720 nostri
3314 2665 3492 2737 Dago-

1896 2758 2035 2813 berti
2062 2759 2221 2823 regis.
2254 2756 2533 2820 Quotiens,
2562 2762 2620 2808 ut
2644 2754 2785 2809 solet
2814 2756 3048 2809 humana
3076 2755 3363 2825 fragilitas,
3389 2758 3490 2813 ali-

1894 2865 2014 2919 quae
2045 2863 2289 2919 personae
2328 2848 2396 2902 de
2422 2847 2526 2902 hoc
2548 2846 2743 2901 sarculo
2772 2847 3142 2915 migraverint,
3172 2858 3389 2919 oportet
3424 2853 3491 2904 ad

1893 2957 2022 2997 suos
2042 2942 2271 2997 heredes
2300 2940 2368 2995 de
2415 2941 2584 3009 ipsius
2610 2939 2867 2995 facultate
2896 2956 2997 3010 pro
3026 2940 3218 2996 animae
3267 2957 3377 2997 suae
3404 2956 3495 2998 res

1894 3035 2074 3088 medio
2101 3034 2168 3088 ad
2200 3034 2319 3088 loca
2350 3041 2664 3087 sanctorum
2695 3033 2931 3087 debeant
2957 3033 3230 3102 delegare,
3256 3042 3315 3088 ut
3336 3034 3491 3089 eisin

1894 3134 2095 3180 aeterna
2111 3123 2444 3179 beatitudine
2469 3138 2567 3193 pro
2594 3122 2697 3177 hac
2724 3138 2784 3178 re
2800 3138 3006 3178 merces
3032 3124 3328 3179 adcrescat.
3359 3124 3489 3178 Ideo

1893 3235 2014 3286 nos,
2048 3222 2101 3274 in
2130 3220 2221 3275 Dei
2252 3220 2501 3283 nomine,
2554 3217 2710 3285 Hugo
2737 3218 2991 3273 sacerdos
3040 3217 3159 3289 [(ΣΙι,
3187 3260 3202 3285 ,
3230 3218 3491 3275 sacerdos

1888 3372 1920 3413 a
1946 3372 2089 3426 saepe
2120 3355 2339 3409 laudato
2363 3355 2562 3409 domno
2588 3354 2919 3426 Tabouillot.
2958 3356 3246 3413 Lectiones
3288 3359 3489 3416 arche-

1890 3428 2003 3499 typi
2030 3425 2247 3479 exhibet
2278 3433 2699 3499 textusinosteri
2747 3425 3064 3499 chartularii
3084 3428 3491 3499 rdiscrepantias

1890 3496 2032 3553 inter
2062 3510 2230 3549 uncos
2254 3496 2621 3562 ascripsimus.
2660 3496 2793 3549 Huic
2824 3497 3026 3550 charta:
3080 3498 3133 3551 in
3160 3496 3492 3557 chartulario

1889 3570 2111 3639 praeﬁxa
2143 3576 2267 3620 sunt
2296 3582 2414 3631 qua:
2466 3575 2805 3639 sequuntur:
2838 3586 2855 3616 ‹
2892 3566 3002 3634 Ego
3038 3569 3204 3635 llugo,
3235 3570 3491 3628 Metensis

1890 3637 2247 3707 primicerius,
2278 3638 2533 3707 sacerdos
2559 3637 2793 3699 humilis,
2827 3647 2879 3689 et
2910 3652 3199 3703 germanus
3229 3656 3381 3696 meus
3404 3645 3488 3698 vir

1890 3706 2097 3764 illuster
2142 3706 2395 3761 Aruulfus
2429 3706 2559 3769 dux,
2611 3721 2822 3760 necnon
2875 3707 3095 3776 Pipinus
3139 3717 3194 3763 et
3234 3708 3489 3768 Godefri-

1888 3781 2009 3844 dus,
2042 3778 2183 3833 istud
2220 3783 2634 3831 ostentaverunt
2666 3778 2716 3830 in
2753 3777 2893 3831 hunc
2922 3778 3161 3843 modum,
3192 3789 3246 3833 et
3290 3796 3489 3837 secun-

1889 3850 2014 3903 dum
2067 3858 2312 3902 tenorem
2368 3846 2523 3899 istius
2574 3846 2783 3901 litterm.
2846 3868 2863 3901 ι
2903 3849 3016 3902 Hoc
3070 3850 3489 3909 instrumentum

1890 3921 2019 3972 viris
2043 3918 2267 3973 eruditis
2292 3933 2398 3970 non
2430 3917 2559 3971 nihil
2590 3919 2791 3985 negotii
2818 3920 3054 3981 facessit,
3085 3930 3141 3973 ut
3166 3932 3351 3976 monet
3373 3924 3489 3979 Ma-

1888 3989 2145 4069 billonius
2170 4030 2185 4051 ,
2244 3988 2441 4068 .Annal.
2481 3998 2528 4069 At.
2573 3988 2634 4051 Il,
2666 4003 2787 4069 pag.
2821 3988 2894 4069 43-
2920 3997 2976 4043 et
3019 4006 3137 4069 seq.
3171 3992 3256 4046 cui
3309 4002 3489 4051 tamen

1890 4060 2181 4127 genuinum
2210 4060 2384 4127 visum
2414 4066 2517 4117 est.
2551 4060 2819 4126 praecipue
2846 4060 2916 4113 ob
2958 4062 3293 4116 membranae
3342 4068 3487 4119 anti-

1889 4126 2173 4208 quitatem.
2196 4126 2446 4208 Qointnus
2474 4144 2629 4208 vero,
2664 4130 2750 4183 ubi
2782 4145 2947 4199 supra
2973 4169 2988 4192 ,
3042 4146 3164 4208 pag.
3198 4131 3325 4199 458,
3358 4135 3489 4208 illud

1890 4215 1999 4253 non
2031 4200 2250 4270 majoris
2285 4200 2627 4270 auctoritatis
2673 4208 2858 4255 censet
2905 4217 3069 4270 quam
3120 4203 3323 4257 charta:
3367 4206 3491 4261 alia:

1892 4272 2059 4393 pistris
2090 4282 2143 4323 et
2171 4267 2393 4322 fratrum
2427 4268 2667 4337 Hugunis
2694 4312 2708 4335 ,
2758 4287 2891 4341 quas
2917 4267 2984 4325 de
3032 4273 3167 4327 falso
3262 4277 3487 4332 ostulat.

1944 4341 2027 4393 Ide
2056 4354 2173 4393 (tua:
2199 4340 2505 4393 notavimus
2536 4339 2671 4393 (Col.
2701 4340 2833 4393 i221
2861 4352 2905 4393 et
2940 4340 3100 4393 124m
3129 4342 3196 4393 ad
3221 4290 3316 4393 Eas
3343 4345 3487 4393 insae

1944 4341 2027 4393 ide
2056 4354 2173 4408 qua:
2199 4340 2505 4414 notavimus
2524 4339 2671 4414 ,((Σρι.
2701 4339 3100 4414 ιῖὶιᾲει-ηιιθ)
3129 4342 3196 4397 ad
3221 4339 3316 4397 has
3343 4345 3489 4414 ipsas

1890 4411 2149 4483 chartas,
2178 4411 2480 4483 quashsuis
2524 4411 2662 4483 locis,
2710 4411 3069 4467 exhibuimus.
3129 4431 3148 4464 ι
3186 4415 3331 4469 Cave
3364 4411 3490 4483 _(ait

1890 4480 2158 4559 Coinlius)
2188 4494 2275 4545 ne,
2301 4480 2511 4559 illarum
2545 4481 2777 4559 lectione
2814 4493 3112 4550 permotus,
3146 4500 3239 4540 eas
3268 4485 3320 4539 in
3357 4480 3489 4543 neo-

1893 4552 2184 4620 tericurum
2207 4552 2551 4620 sententiam,
2583 4553 2671 4618 qui
2697 4552 2929 4619 Drogoni
2954 4563 3187 4620 quatuor
3227 4555 3366 4611 filios
3395 4560 3489 4612 tri-

1893 4622 2135 4700 buunt“:
2167 4618 2388 4700 [Fatepr
2417 4636 2482 4674 ex
2508 4622 2605 4700 hac
2656 4618 3259 4700 charta‘nou‘constare
3299 4643 3488 4683 nume-

1893 4708 2013 4767 rum
2043 4692 2277 4767 filiorum
2312 4691 2595 4767 D‘rogonis,
2626 4690 3273 4767 s_ed_probatADx_-ugouem
3306 4699 3488 4767 plures

1894 4762 2146 4817 habuisse
2178 4758 2365 4830 filios.]
2396 4761 2540 4815 Inter
2590 4762 2689 4815 alia
2724 4758 2840 4817 falsi
2879 4758 3247 4819 indicia'illud
3291 4758 3485 4823 a'dduci

1894 4844 2092 4903 potest,
2127 4846 2189 4885 ex
2225 4830 2628 4903 Fontancllensi
2651 4833 2931 4895 chronico,
2962 4835 3013 4887 in
3038 4834 3222 4903 Spicil.
3250 4836 3483 4894 Daclier.

1896 4900 1936 4959 t.
1972 4903 2055 4979 Ill,
2089 4913 2210 4979 pag.
2246 4900 2369 4963 c207,
2397 4917 2543 4979 nono
2562 4904 2759 4979 seculo
2780 4908 2984 4973 scripto
3006 4920 3035 4979 τε
3062 4900 3328 4961 monacho
3345 4907 3485 4964 Fon-

1895 4972 2210 5029 tanellensis
2232 4974 2567 5036 monasterii,
2600 4974 2683 5027 cui
2717 4972 2872 5043 ﬂugo
2894 4972 3185 5043 praefuerat
3212 4996 3223 5027 :
3257 4979 3486 5044 scilicet,

1898 5047 2173 5113 Hugonem
2205 5044 2381 5097 adhuc
2404 5046 2591 5096 laicum
2632 5044 2794 5097 fuisse
2825 5062 2964 5099 anno
2991 5044 3015 5097 1
3048 5044 3310 5102 Chlotarii
3343 5050 3486 5114 regis

1896 5118 2096 5240 ﬂuarti,
2120 5117 2172 5171 id
2195 5125 2278 5169 est
2296 5130 2437 5168 anno
2461 5114 2656 5168 Christi
2680 5115 2784 5170 718
2807 5118 2897 5183 ('),
2923 5116 3013 5183 qui
3040 5125 3218 5171 tamen
3240 5124 3485 5174 sacerdos

1934 5188 2091 5240 icitur
2119 5189 2170 5240 in
2200 5189 2384 5240 charta
2416 5200 2575 5240 quam
2604 5186 2972 5240 exuendim-us.
2998 5187 3123 5240 data
3146 5203 3289 5240 anno
3320 5188 3351 5240 5
3375 5190 3480 5240 Da-

1934 5188 2091 5241 icitur
2119 5189 2170 5241 in
2200 5189 2384 5242 charta
2416 5200 2575 5253 quam
2604 5186 2972 5251 expendimus,
2998 5187 3123 5241 data
3146 5203 3289 5242 anno
3320 5188 3351 5241 5
3375 5190 3480 5244 Da-

1896 5258 2103 5324 goberti
2126 5257 2214 5325 Ill,
2242 5259 2289 5309 id
2317 5266 2398 5308 est
2427 5270 2567 5308 anno
2587 5256 2784 5310 Christi
2808 5254 2928 5309 715.
2964 5256 3115 5311 Adde
3144 5258 3489 5315 doctissimos

1898 5331 2213 5385 recentioris
2242 5327 2488 5402 Historia:
2520 5326 2769 5402 getensis
2793 5342 3041 5402 amiciores
3071 5342 3266 5402 negare
3296 5328 3485 5402 Hugo-

1899 5414 2020 5451 nem
2054 5416 2286 5471 unquam
2321 5398 2481 5471 fuisse
2522 5396 2773 5471 Ecclesim
2804 5396 3485 5471 Metensisprimicerium,

1898 5485 2057 5537 quem
2088 5468 2267 5524 tamen
2301 5469 2511 5522 titulum
2544 5469 2758 5537 przefert
2810 5468 2965 5522 initio
2993 5468 3150 5537 hujus
3183 5472 3384 5526 cliarlze
3430 5473 3487 5527 in

1898 5536 2226 5595 oliartulario
2293 5539 2348 5593 S.
2417 5536 2641 5592 Aruulﬁ.
2700 5537 2824 5593 Haec
2876 5536 3091 5594 omnem
3149 5540 3306 5597 fidem
3362 5544 3486 5598 huic

1901 5612 2259 5666 instrumento
2283 5610 2520 5663 adimere
2548 5609 2891 5663 arbitramur.

1966 5701 2030 5763 (')
2068 5702 2182 5749 IIa-c
2232 5702 2379 5765 verba
2408 5703 2466 5765 Ain
2517 5696 2888 5765 Prologomenis
2949 5703 3159 5765 prime
3201 5701 3445 5765 editorum
3472 5742 3487 5765 ,

1902 5760 2026 5811 sect.
2061 5777 2127 5823 χι,
2153 5775 2254 5823 cap.
2280 5764 2327 5813 “2.
2354 5762 2377 5821 §
2402 5763 2431 5810 2
2449 5798 2461 5818 ,
2489 5774 2534 5808 n.
2561 5760 2625 5823 ὅ,
2649 5760 2985 5811 emendantur.
3015 5762 3173 5812 Locus
3195 5764 3408 5815 chronici
3436 5760 3487 5816 ili

1903 5839 1999 5937 ἓΪὲ
2040 5826 2180 5887 llugo
2216 5822 2393 5875 dicitur
2436 5822 2661 5874 sacerdos
2703 5827 2921 5885 pertinet
2951 5825 3012 5875 ad
3035 5837 3214 5876 annum
3238 5826 3329 5879 7l5
3353 5865 3368 5889 ,
3394 5839 3494 5883 non
