4206 6530
735 407 878 464 1265
1503 405 1768 462 SECUL.
1810 405 1899 462 VII
1944 405 2030 461 ET
2069 404 2184 460 VIII
2229 403 2756 464 ECCLESIASTICA
2793 405 3239 468 MONUMENTA.
3863 409 4000 469 126‘

723 524 966 599 humilis]
999 532 1054 580 et
1082 535 1368 593 germanus
1391 537 1542 578 meus
1570 523 1777 576 illuster
1802 523 1883 576 vir
1901 521 2153 576 Arnulfus
2182 521 2310 585 dux,
2344 530 2394 587 Α
2421 520 2685 578 efiiciatur
2715 534 3035 594 extraneus;
3076 537 3130 582 et
3175 528 3252 583 sic
3306 533 3605 582 marcescat
3633 525 3685 581 in
3716 525 3918 592 radice,
3945 535 4004 582 ut

722 634 828 675 nec
860 633 968 674 non
996 614 1253 687 Pippinus
1277 622 1332 668 et
1361 611 1700 678 Godefridus,
1729 612 1854 667 dum
1887 611 2112 680 contigit
2143 621 2201 665 ut
2224 625 2316 678 ge-

2420 632 2711 685 numquam
2740 618 2990 675 florescat
3019 621 3073 675 in
3129 621 3326 684 ramis;
3383 629 3437 676 et
3466 621 3685 690 insuper
3712 628 4002 691 componat

724 712 872 767 nitor
899 719 1088 765 noster
1117 708 1324 762 illuster
1350 707 1434 760 vir
1459 705 1636 772 Drogo
1677 705 1945 774 quondam
1976 703 2045 758 de
2069 706 2166 758 hac
2197 705 2316 759 luce
2418 705 2556 762 intra
2586 711 2752 778 ipsam
2785 711 3081 777 basilicam,
3115 721 3170 769 et
3212 713 3577 770 sacratissimo
3612 713 3742 769 fisco
3773 714 3890 768 auri
3932 712 4000 767 li-

721 803 1002 871 migraret,
1033 807 1218 854 nostra
1255 797 1354 852 fuit
1385 795 1574 866 petitio
1631 795 1698 849 ad
1736 794 2098 848 venerabilem
2142 795 2313 848 virum
2416 803 2542 858 bras
2571 822 2618 870 ν,
2652 807 2856 874 argenti
2889 807 3125 876 pondera
3165 824 3233 874 x;
3275 817 3328 862 ει
3371 808 3516 878 quod
3563 809 3760 879 repeti;
3788 807 3996 862 ενίηάί-

722 893 1077 949 Leutherium
1109 889 1360 944 abbatem
1389 886 1458 942 de
1485 887 1706 941 basilica
1736 885 2062 940 Sanctorum
2091 883 2317 954 Aposto-
2418 909 2544 948 care
2587 911 2692 950 non
2725 899 2927 965 possit,
2961 898 3052 953 sed
3101 914 3335 967 praesens
3377 900 3644 970 delegatio
3686 901 3800 956 sive
3848 910 4002 955 res“.

720 985 937 1052 Ῑοτιιωτ
992 997 1112 1052 qua?
1166 990 1250 1035 εει
1296 979 1426 1033 foris
1473 993 1683 1033 murum
1714 977 1891 1031 Μθίῑίε
1935 977 2154 1031 οίνίιθιθ
2181 991 2313 1031 ϐοη-
2416 995 2658 1040 mentum
2684 987 2828 1041 omni
2863 996 3105 1058 tempore
3156 990 3520 1058 plenissimam
3550 990 3792 1046 obtineat
3835 989 4000 1045 ﬁrmi-

719 1083 952 1142 structa,
981 1075 1067 1128 ubi
1098 1087 1228 1126 avus
1249 1079 1435 1126 noster
1464 1072 1698 1125 domnus
1723 1067 1976 1123 Arnulfus
2004 1069 2056 1122 in
2087 1081 2315 1138 corpore
2418 1086 2585 1132 tatem
2611 1080 2958 1150 stipulatione
2988 1082 3234 1136 subnixa.
3283 1083 3477 1138 Actum
3521 1083 3698 1138 Mettis
3753 1084 3998 1153 publice,

717 1164 1036 1233 rettuiescit,
1063 1171 1120 1216 ul
1150 1163 1348 1217 ibidem
1373 1161 1690 1230 jamdiclum
1739 1161 2038 1227 Genitorem
2069 1169 2314 1214 nostrum
2417 1169 2514 1221 sub
2542 1167 2630 1223 die
2661 1179 2714 1223 et
2743 1178 2986 1239 tempore
3013 1182 3070 1226 ut
3091 1186 3275 1241 supra.
3305 1171 3364 1227 S.
3389 1173 3559 1242 llugo,
3592 1188 3654 1228 ac
3685 1174 3729 1228 si
3753 1184 4002 1243 peccator

719 1258 1028 1327 υτοεοηθηι
1057 1257 1286 1327 selli-3“?e
1314 1257 1666 1320 deberemus;
1723 1264 1778 1308 ει
1830 1256 1944 1324 iPS8
1994 1255 2314 1310 Leutilerlns
2417 1261 2691 1329 sacerdos,
2722 1263 2857 1318 hanc
2887 1263 3280 1333 delegationem
3306 1267 3419 1321 sive
3451 1275 3834 1322 testamentum
3864 1283 3894 1320 a
3918 1282 4002 1322 me

716 1349 958 1420 benigno
979 1350 1159 1402 animo
1181 1349 1326 1401 visus
1349 1345 1489 1417 [Ch.,
1516 1347 1664 1400 visus
1687 1346 1807 1416 fuit]
1837 1347 2164 1416 prmstitisse.
2188 1345 2314 1401 Ideo
2417 1353 2614 1406 factum
2647 1355 2872 1408 firmavi.
2906 1356 2962 1410 S.
3010 1356 3264 1412 Amulqu
3308 1357 3416 1412 dux
3447 1359 3589 1414 hunc
3620 1369 4000 1414 testamentum

719 1457 863 1508 nos,
920 1449 1029 1496 tam
1077 1454 1174 1508 pro
1223 1439 1340 1507 ipso
1385 1438 1506 1492 loco
1563 1439 1886 1506 sepulturae,
1937 1451 2096 1504 quam
2130 1444 2186 1490 et
2215 1451 2313 1504 pro

2417 1447 2782 1503 consentiens.
2813 1449 2908 1516 is.
2942 1448 3175 1503 Milonis.
3197 1449 3383 1520 —1-S.
3404 1451 3649 1505 Widonis
3675 1452 3911 1506 comitis.
3934 1481 4001 1492 —

717 1531 966 1587 remedio
987 1529 1176 1582 anima:
1199 1528 1440 1597 praedicti
1463 1528 1723 1597 genitoris
1749 1527 1938 1591 nostri,
1968 1527 2150 1580 villam
2181 1541 2316 1579 nun-
2418 1538 2457 1607 -ίο
2485 1537 2541 1592 δ,
2577 1537 2856 1593 Βεηιδρηί
2886 1540 3118 1596 comitis,
3149 1572 3218 1581 _
3248 1541 3288 1610 τ
3317 1541 3538 1609 Signum
3567 1541 3863 1596 Lampe,“
3910 1557 4001 1595 co-

717 1630 975 1692 cultam“
1011 1621 1286 1675 “(meum
1322 1620 1459 1690 [δίδη
1495 1619 1796 1689 Niliacum]
1821 1661 1835 1685 ν
1893 1626 2051 1674 Silam
2081 1621 2134 1673 ίη
2174 1634 2313 1689 P380
2419 1631 2583 1685 mitis.
2609 1661 2676 1669 ——
2705 1632 2743 1701 τ
2774 1631 2994 1699 Signum
3041 1632 3310 1688 Warnarii
3339 1633 3571 1689 comitis.
3621 1633 4002 1704 (Subscriptio-

716 1715 1006 1780 Hettense,
1037 1730 1198 1783 quam
1230 1714 1345 1781 ipse
1373 1713 1586 1780 genitor
1610 1727 1758 1776 suus,
1793 1727 1922 1766 avus
1950 1720 2136 1765 noster
2184 1709 2311 1782 Pip-
2418 1740 2511 1777 "es
2535 1724 2726 1778 desum
2753 1724 2804 1777 ί..
2833 1726 3210 1795 emt-Mario.)

715 1810 898 1881 pinus,
929 1821 1028 1862 suo
1065 1819 1290 1858 munere
1310 1805 1600 1868 concessit,
1643 1803 1810 1873 ipsam
1840 1803 2024 1856 villam
2057 1804 2124 1856 ad
2167 1803 2310 1856 basi-

715 1899 880 1956 licam
913 1897 1232 1952 Sanctorum
1264 1895 1648 1964 Apostolorum
1677 1895 1887 1949 clericis
1935 1895 2018 1948 vel
2049 1895 2313 1964 pauperi-
2345 1892 2387 1950 Β
3142 1919 3273 1975 Ην.

716 1989 843 2052 bus,
871 1989 1181 2044 alimoniam
1222 1989 1415 2042 ibidem
1439 1985 1860 2056 accipientibus,
1893 1994 1984 2040 aut
2020 1986 2314 2042 lectoribus

715 2079 850 2134 inibi
876 2077 1322 2142 deservientibus,
1349 2091 1378 2128 a
1427 2076 1517 2130 die
1557 2078 1809 2145 praesenti
1851 2092 1947 2146 per
1972 2076 2108 2132 hanc
2136 2087 2313 2131 cartu-

2415 2053 2624 2146 “‘2'1‘f'.
2639 2054 2905 2146 aelate
2933 2097 2957 2146 1
2979 2056 3324 2146 fere???
3645 2097 3678 2138 υ.
3697 2056 4003 2146 Τ

2487 2124 2668 2198 Sum-li
2689 2125 2736 2198 il!
2745 2127 2903 2198 grtini
2915 2128 3228 2180 monasterio
3245 2124 3418 2196 ampla
3444 2129 3715 2198 privilegia
3730 2129 3960 2181 concedit
3977 2138 4000 2165 ι

714 2172 830 2254 lam
861 2170 1174 2227 donationis
1202 2169 1302 2223 visi
1339 2169 1537 2222 fuimus
1576 2171 1929 2236 concessisse,
1962 2169 2065 2224 hoc
2095 2179 2177 2224 est
2205 2178 2311 2222 tam

713 2264 859 2321 infra
887 2278 1122 2326 murum,
1156 2263 1258 2316 dor
1305 2279 1374 2315 im
1401 2270 1647 2316 nostram
1675 2263 1730 2317 in
1789 2263 1910 2317 loco
1941 2264 2033 2332 qui
2068 2263 2311 2317 Romana

713 2363 842 2418 Sala
868 2360 1066 2416 dicitur
1093 2358 1318 2430 [Desunt
1341 2358 1394 2410 in
1427 2358 1764 2421 chartulario,
1797 2375 1827 2409 a
1853 2374 1970 2410 voce
1999 2359 2213 2411 domum
2243 2357 2312 2409 ad
2486 2347 2746 2401 Conditor
2774 2363 2952 2402 rerum
2985 2350 3225 2404 omnium
3256 2350 3398 2407 Deus
3424 2351 3707 2406 invisibilis
3735 2367 3833 2422 per
3883 2369 4004 2423 pro-

713 2453 958 2525 dicitur],
984 2445 1144 2522 quam
1197 2459 1252 2504 et
1279 2450 1408 2503 [oris
1438 2465 1648 2502 murum
1680 2448 1858 2504 Metus
1905 2449 2123 2503 civitate
2143 2491 2157 2512 ,
2203 2457 2311 2501 tam
2415 2441 2698 2509 phetarum
2728 2443 2937 2510 linguas
2958 2457 3129 2510 genus
3151 2445 3380 2498 erudivit
3402 2445 3822 2514 humanum,qui
3854 2462 4005 2514 egre-

715 2547 902 2612 terris,
933 2544 1214 2603 domibus,
1264 2540 1519 2605 basilicis,
1552 2540 1809 2603 a:diliciis,
1843 2540 2012 2595 aeolis
2038 2579 2053 2605 ,
2104 2540 2308 2593 manci-
2413 2532 2560 2598 sium
2591 2546 2716 2600 erga
2749 2535 3070 2602 prophetam
3093 2534 3337 2602 prazcipit
3367 2534 3520 2588 nobis
3541 2534 3752 2596 Isaiam,
3778 2537 3822 2588 si
3838 2535 4002 2590 Deum

714 2634 845 2705 piis,
877 2633 1104 2696 libertis,
1141 2629 1326 2692 \incis,
1359 2629 1616 2682 tredecim
1672 2630 1724 2682 in
1778 2629 1898 2682 vico
1923 2629 2136 2684 casellis
2187 2644 2309 2683 cum
2413 2622 2808 2689 qnmrebamus,
2828 2632 2883 2677 et
2909 2624 3050 2678 scire
3077 2624 3218 2678 illius
3242 2624 3555 2678 volebamus
3577 2626 3712 2688 vias,
3730 2625 4004 2680 debitores

713 2723 938 2779 decimis
957 2722 1068 2778 suis
1097 2730 1374 2789 etseptem
1402 2719 1637 2773 masellis
1658 2717 1879 2789 [Desunt
1899 2719 1954 2771 in
1968 2720 2308 2784 chartulario,
2414 2725 2631 2770 nostros
2660 2726 2910 2785 repetere
2939 2732 3047 2772 non
3075 2717 3416 2782 deberemus,
3450 2731 3640 2772 omnes
3687 2720 3848 2772 etiam
3900 2719 4003 2772 sol-

713 2829 751 2869 a
777 2828 898 2867 voce
927 2811 1186 2865 tredecim
1217 2811 1288 2861 ad
1317 2808 1594 2877 masellis],
1621 2809 1791 2873 silvis,
1810 2811 1979 2876 pratis
1998 2808 2137 2878 [Ch.,
2157 2824 2306 2864 cam-
2413 2823 2662 2864 veremus
2708 2809 2993 2863 fasciculos
3017 2809 3402 2876 deprimentes,
3427 2817 3482 2863 et
3509 2823 3669 2862 omne
3695 2823 3834 2863 onus
3860 2807 4003 2876 quod

713 2904 823 2974 pis,
855 2897 1064 2971 pratis],
1098 2899 1330 2968 pascuis,
1363 2897 1653 2960 farinariis,
1687 2899 2042 2966 appendit-iis,
2068 2899 2226 2953 cultis
2255 2908 2311 2953 et
2414 2901 2738 2968 aggravabat
2776 2901 3252 2968 disrumperemus,
3282 2907 3338 2953 et
3385 2899 3586 2967 reliqua
3642 2915 3761 2966 quae
3813 2899 4000 2953 subse-

713 2994 953 3058 incultis,
986 2992 1140 3059 aquis
1170 3005 1502 3060 aquarumve
1529 2991 1844 3044 decursibus
1869 3033 1883 3056 ,
1933 2991 2216 3045 mobilibus
2255 2999 2309 3046 et
2412 3001 2648 3060 quuntur
2669 2993 2712 3046 si
2735 2991 3210 3055 custodiebamus;
3246 3000 3373 3046 tunc
3402 2991 3711 3060 repromisit
3755 2991 4001 3046 omnibus

716 3084 1105 3146 immobilibus,
1137 3097 1261 3136 cum
1283 3081 1427 3135 omni
1453 3081 1760 3148 integritate
1781 3096 1874 3135 seu
1895 3081 2216 3149 adjacentiis
2242 3083 2309 3136 ad
2415 3093 2722 3137 nostrorum
2772 3085 3057 3138 criminum
3093 3084 3421 3151 ponderibus
3446 3083 3690 3151 dejectis,
3719 3093 3883 3153 atque
3909 3085 4000 3139 de-

713 3190 778 3232 se
799 3175 1124 3245 aspicientes
1153 3172 1240 3226 vel
1262 3172 1616 3240 pertinentes,
1650 3173 1736 3226 vel
1767 3173 1913 3226 omni
1951 3187 2148 3240 genere
2168 3189 2306 3243 qua-
2331 3183 2380 3244 α
2411 3174 2662 3228 lictorum
2693 3175 2920 3230 nexibus
2949 3177 3221 3241 resolutis,
3265 3175 3608 3243 expulsisque
3655 3186 3997 3244 peccatorum

711 3267 1033 3339 drupedum,
1057 3263 1314 3334 quicquid
1361 3265 1415 3316 in
1450 3265 1564 3332 ipsa
1597 3264 1722 3316 villa
1755 3263 2010 3331 l’ippinus
2031 3274 2086 3317 et
2117 3264 2307 3333 νιοςυάἰ-
2413 3266 2671 3329 tenebris,
2697 3281 2983 3337 erumpere
3005 3269 3159 3337 quasi
3193 3284 3350 3322 mane
3399 3269 3576 3322 lumen
3611 3277 3853 3324 nostrum
3879 3312 3892 3334 ,
3933 3270 3999 3323 ad

711 3367 834 3415 ctus
862 3359 1077 3427 genitor
1125 3365 1312 3411 noster
1339 3356 1440 3408 visi
1474 3356 1693 3408 fuerunt
1737 3356 1974 3409 tenuisse
2004 3355 2088 3408 vel
2119 3371 2307 3423 posse-
2411 3361 2770 3415 contuendum
2822 3363 3029 3418 scilicet
3078 3363 3251 3418 oculis
3306 3363 3670 3432 Spiritualibus
3725 3365 3877 3418 sicuti
3919 3370 3999 3418 est

710 3453 860 3508 disse
912 3450 1050 3505 infra
1083 3450 1268 3503 urbem
1315 3455 1370 3502 et
1397 3457 1551 3502 extra
1581 3446 1802 3517 [Desunt
1851 3449 1906 3499 iu
1945 3449 2262 3502 cliartulario
2289 3490 2304 3513 ,
2413 3448 2750 3516 Creatorem,
2775 3453 2920 3521 quod
2951 3463 3007 3507 et
3028 3455 3232 3508 sanitas
3261 3463 3443 3510 nostra
3477 3455 3635 3509 citius
3665 3455 3873 3509 oriatur
3893 3498 3905 3522 ,
3946 3463 3998 3507 et

711 3541 854 3598 infra
884 3543 1071 3598 urbem
1100 3549 1156 3594 et
1184 3539 1380 3610 extra],
1414 3539 1528 3606 ipse
1561 3539 1698 3591 abba
1731 3539 1815 3591 vel
1859 3553 2200 3594 successores
2224 3539 2308 3593 sui
2411 3549 2596 3596 anteat
2623 3543 2815 3598 faciem
2843 3546 3334 3614 nostramjustitia,
3367 3555 3420 3600 et
3452 3548 3620 3616 gloria
3652 3547 3858 3601 Domini
3902 3549 3996 3599 im-

712 3640 782 3694 ad
812 3648 1020 3709 partem
1072 3635 1454 3706 suprascripta:
1505 3633 1739 3686 basilicae
1783 3633 1886 3686 hoc
1909 3632 2173 3698 habeant,
2221 3643 2306 3688 te-
2409 3636 2786 3691 marcessibilis
2817 3637 3033 3704 colligat
3059 3654 3176 3693 uos.
3198 3638 3348 3693 Tunc
3379 3640 3710 3704 invocemus,
3737 3649 3793 3694 et
3813 3639 3995 3694 Domi-

711 3737 881 3784 neant
913 3736 1078 3794 atque
1109 3725 1448 3794 possideant;
1483 3731 1540 3776 et
1567 3723 1822 3792 quicquid
1854 3723 1908 3776 in
1938 3724 2308 3792 Opportunita-
2411 3742 2512 3779 nus
2570 3727 2859 3792 exaudiat;
2902 3728 3198 3783 clamemus
3261 3737 3317 3782 et
3372 3729 3516 3784 dicat
3562 3745 3699 3784 voce
3745 3731 3994 3786 caelitus:

711 3831 828 3876 tem
857 3821 1027 3889 ipsius
1054 3818 1289 3872 basilicae
1315 3813 1514 3870 exinde
1541 3814 1722 3869 facere
1750 3814 2111 3878 decreverint,
2137 3815 2308 3869 libero
2360 3848 2373 3890 ε
2412 3817 2551 3871 Ecce
2577 3817 2780 3872 adsum.
2812 3819 2912 3872 Cui
2949 3819 3142 3890 abysso
3168 3820 3382 3876 Veteris
3434 3821 3762 3876 Testamenti
3808 3837 3997 3877 conso-

711 3913 770 3968 in
801 3911 1048 3966 omnibus
1071 3909 1346 3977 potiantur
1365 3905 1611 3960 arbitrio.
1650 3902 1718 3957 Et
1739 3905 1783 3957 si
1829 3903 1997 3974 (quod
2044 3921 2151 3958 non
2183 3920 2305 3959 cre-
2362 3883 2378 3960 ξ
2409 3917 2504 3962 nat
2530 3909 2617 3962 vel
2647 3909 2864 3964 invocat
2891 3883 3053 3979 atque
3071 3912 3354 3966 confirmat
3379 3913 3429 3966 in
3448 3926 3584 3965 voce
3603 3920 3993 3966 cataractarum

713 4003 896 4056 dimus
917 4014 1040 4054 esse
1069 3997 1400 4067 venturum),
1435 3997 1480 4052 si
1514 4012 1612 4051 nos
1635 3997 1756 4065 ipsi,
1788 4005 1883 4050 aut
1911 3997 2002 4050 ulli
2052 3997 2121 4051 de
2151 3997 2307 4052 here-
2409 4008 2719 4054 nostrarum
2763 4001 2932 4072 ipsius
2985 4001 3364 4071 Redemptoris
3418 4017 3590 4057 voce:
3626 4003 3889 4057 Dimittite
3940 4013 3995 4058 et

713 4093 898 4158 dibus,
921 4100 1014 4146 aut
1053 4090 1444 4160 proheredihus
1484 4089 1706 4153 nostris,
1729 4088 1814 4142 vel
1835 4102 2186 4156 quzecumque
2207 4103 2306 4157 op—
2410 4091 2712 4145 dimittetur
2741 4093 2928 4158 vobis;
2980 4101 3037 4147 et
3065 4093 3297 4148 iterum:
3333 4092 3690 4162 Quaecumque
3743 4094 3900 4148 vultis
3932 4103 3990 4148 ut

712 4182 893 4256 posita
922 4197 1153 4254 persona
1183 4221 1198 4246 ,
1247 4190 1437 4235 contra
1487 4179 1626 4233 hanc
1673 4180 1922 4248 paginam
1952 4179 2306 4247 delegationis
2408 4183 2561 4237 vobis
2589 4182 2787 4238 faciant
2812 4183 3082 4249 homines,
3109 4194 3165 4238 et
3187 4199 3284 4239 vos
3318 4184 3504 4238 eadem
3537 4183 3697 4239 facite
3723 4185 3854 4247 illis;
3897 4193 3948 4239 et
3975 4203 3986 4238 :

711 4277 832 4332 sive
859 4273 1167 4330 testamenti
1198 4271 1476 4326 ambulare
1504 4271 1924 4340 pmsumpscrit,
1955 4278 2048 4324 aut
2069 4270 2304 4338 aliquam
2409 4271 2590 4339 Diligis
2643 4274 2945 4342 proximum
2993 4283 3142 4329 tuum
3167 4273 3310 4329 sicut
3357 4281 3412 4327 te
3465 4274 3658 4342 ipsum.
3707 4275 3820 4329 Hoc
3865 4289 3990 4342 ergo

714 4379 937 4421 causam
967 4363 1163 4418 exinde
1188 4375 1470 4416 removere
1494 4360 1858 4429 temptaverit,
1887 4360 1940 4413 in
1959 4361 2146 4430 primis
2167 4361 2300 4414 iram
2407 4363 2717 4416 mandatum
2766 4363 2966 4418 sufficit
3013 4365 3168 4418 nobis
3221 4363 3276 4417 in
3331 4370 3528 4431 totum,
3553 4361 3607 4416 in
3655 4377 3764 4431 quo
3817 4363 3987 4432 legem

709 4455 812 4512 Dei
833 4454 1223 4525 omnipotentis
1250 4453 1509 4518 incurrat,
1543 4460 1599 4506 et
1631 4467 1662 4505 a
1693 4452 1965 4506 liminibus
1989 4460 2299 4506 sanctorum
2408 4452 2668 4521 integram
2741 4463 2981 4509 veterem
3047 4462 3103 4508 et
3169 4467 3366 4508 novam
3417 4461 3472 4507 et
3524 4453 3805 4508 universos
3870 4469 3989 4524 pro-

2332 4541 2388 4602 D

786 4645 812 4673 ι
853 4634 959 4688 Ter
986 4635 1128 4688 hanc
1157 4633 1401 4688 chartam
1433 4632 1600 4688 edidit
1641 4631 2022 4685 Mabillonius:
2058 4630 2113 4683 l'
2162 4631 2303 4685 inter
2407 4640 2464 4684 et
2487 4643 2638 4699 seqq.
2672 4629 2796 4684 Hice
2834 4629 3104 4699 sigillatim
3135 4629 3442 4699 expendere
3479 4646 3584 4684 noa
3616 4639 3790 4685 vacat.
3814 4631 3983 4687 Chro-

712 4708 845 4762 Acta
876 4704 976 4759 SS.
1010 4705 1128 4758 ord.
1170 4704 1340 4758 sancti
1375 4703 1667 4769 llenedicti,
1713 4710 1754 4755 t.
1788 4701 1852 4763 V,
1886 4715 2004 4770 pag.
2038 4700 2144 4755 745
2173 4742 2188 4765 ,
2236 4718 2303 4755 ex
2408 4701 2683 4765 nologicas
2707 4710 2865 4754 notas
2887 4701 3059 4754 nullas
3087 4701 3252 4754 habet
3290 4701 3472 4754 charta
3502 4701 3635 4755 haec.
3685 4702 3738 4754 ln
3765 4702 3832 4756 iis
3855 4703 3984 4757 assi-

711 4777 882 4830 Veteri
913 4775 1098 4828 codice
1154 4790 1287 4839 ms.;
1341 4773 1398 4825 2°
1429 4775 1480 4827 in
1512 4773 1649 4826 libro
1699 4787 1749 4825 vr
1796 4772 1865 4826 de
1917 4770 1996 4825 lle
2039 4773 2260 4840 diplom.
2283 4814 2298 4836 ,
2405 4770 2634 4837 gnandis
2664 4771 2997 4838 respeximus
3024 4770 3094 4825 ad
3119 4780 3362 4839 tempora
3397 4771 3610 4840 lbbonis
3635 4812 3651 4835 ,
3709 4773 3982 4826 Turonen-

710 4860 838 4916 pag.
869 4843 993 4908 487,
1027 4859 1092 4897 ex
1129 4846 1422 4916 pancharta
1451 4858 1612 4912 quam
1641 4844 1850 4916 nigram
1883 4839 2180 4916 vocant,_in
2203 4858 2298 4916 _ar-
2405 4842 2478 4893 sis
2499 4839 2759 4916 episcopi,
2785 4851 2839 4893 et
2867 4839 3204 4916 Guutramni,
3227 4840 3448 4916 abbatis
3469 4840 3524 4916 _S.
3560 4839 3779 4916 Martini
3809 4840 3980 4916 Turo-

713 4909 875 4971 cliivo
906 4916 1083 4967 Sancti
1112 4909 1321 4968 Martini
1367 4909 1723 4967 Turonensis'
1743 4922 1988 4976 servata;
2020 4912 2076 4964 3°
2111 4913 2161 4964 in
2185 4913 2295 4965 Au-
2406 4914 2602 4963 nensis.
2637 4910 2727 4963 Sic
2770 4919 2824 4964 et
2854 4910 3107 4964 defensor
3130 4910 3331 4977 jurium
3378 4911 3620 4965 ecclesia:
3647 4909 3704 4963 S.
3736 4910 3976 4973 Martini,

713 4983 1126 5054 nalihus,_t._lﬁ|.
1177 4983 1407 5054 append.
1465 4982 1726 5054 695,_ad
1786 4983 1945 5054 fidem
2002 4982 2298 5054 authentici
2403 4979 2794 5054 compendium
2849 4980 3207 5054 defensapag.
3255 4979 3458 5054 qui
3506 4981 3744 5054 chartam
3767 4980 3847 5054 tle
3872 4997 3978 5054 qua

711 5052 1174 5110 Franco-Gallicis
1212 5049 1405 5107 litteris
1434 5052 1664 5117 exarati,
1693 5053 1836 5120 quod
1865 5052 2162 5106 Marteuius
2185 5094 2198 5116 ,
2242 5063 2299 5106 ut
2403 5051 2607 5116 agimus
2637 5051 2820 5104 tribuit
2845 5065 2987 5104 anno
3018 5049 3142 5114 720,
3189 5059 3249 5120 et
3269 5049 3520 5120 lbbonem
3547 5052 3621 5104 ait
3652 5049 3844 5103 infulas
3870 5051 3975 5103 Tu-

713 5125 906 5179 asserit
935 5125 1088 5186 ibid.,
1124 5138 1242 5190 pag.
1271 5123 1356 5187 50,
1383 5124 1611 5192 propriis
1641 5119 1810 5177 oculis
1851 5124 2193 5192 inspexerat,
2243 5133 2299 5177 et
2401 5135 2663 5192 ronenses
2684 5121 2984 5190 suscepisse
3023 5119 3318 5192 annor7rl9.
3345 5121 3717 5192 Sinceritatem
3776 5121 3977 5192 charte

715 5196 868 5260 cujus
899 5189 1211 5247 accuratum
1259 5189 1564 5261 exemplum
1592 5193 1902 5246 Mabillnnio
1934 5189 2294 5247 submiserat.
2401 5191 2453 5244 id
2478 5192 2814 5259 potissimum
2845 5189 3024 5246 tuetur
3053 5191 3197 5259 quod
3225 5191 3286 5261 in
3308 5191 3569 5258 privilegii
3599 5189 3880 5242 formulam
3908 5194 3975 5244 ab

717 5264 856 5318 Illud
879 5265 1050 5330 ipsum
1085 5260 1451 5316 authenticum
1485 5265 1751 5332 prolatum
1809 5264 1909 5316 fuit
1942 5265 1993 5315 in
2020 5265 2110 5316 lite
2159 5264 2297 5316 inter
2401 5264 2554 5332 annis
2577 5264 2852 5330 plusquam
2885 5261 3171 5332 nongentis
3200 5260 3414 5332 redacta
3453 5262 3540 5324 sit,
3568 5268 3624 5312 ut
3648 5269 3805 5332 acute
3830 5268 3976 5312 notat

715 5327 1086 5387 Turonensem
1117 5327 1574 5401 archiepiscopum
1603 5342 1658 5387 et
1687 5334 1969 5388 ecclesiam
1997 5333 2052 5385 S.
2086 5334 2294 5386 Martini
2400 5327 2760 5397 lifabillonius,
2814 5327 3015 5385 Annal.
3038 5341 3076 5384 t.
3111 5330 3174 5395 ll,
3201 5344 3320 5401 pag.
3353 5329 3440 5394 50,
3467 5345 3692 5401 necuex
3746 5327 3974 5401 formula

715 5401 1049 5457 Turonensis
1080 5403 1231 5456 initio
1261 5398 1413 5469 hujus
1435 5398 1612 5457 s'mcnli
1637 5413 1848 5468 exorta,
1883 5415 1938 5456 (ιι
1985 5404 2034 5456 in
2067 5404 2292 5456 forensi-
2399 5401 2736 5471 privilegium
2769 5404 2951 5455 ﬁctum
2983 5402 3165 5465 fuisse,
3200 5398 3295 5454 Sed
3335 5415 3400 5455 ex
3460 5399 3735 5471 privilegio
3775 5398 3976 5452 formu-

714 5472 817 5527 bus
843 5472 1065 5540 capituli
1096 5477 1368 5527 memoriis
1415 5475 1616 5526 editum
1647 5489 1789 5527 anno
1815 5474 1986 5538 I708;
2030 5474 2148 5526 vide
2194 5473 2292 5525 De-
2402 5475 2506 5522 lam
2545 5470 2838 5536 redactam,
2887 5487 2952 5525 ex
2984 5473 3148 5540 ipsius
3181 5472 3418 5524 formula:
3464 5470 3640 5524 verbis
3666 5478 3970 5540 monstrat,

714 5544 854 5597 fens.
889 5539 1062 5610 privil,
1089 5546 1219 5596 eccl.
1241 5543 1297 5596 S.
1332 5542 1486 5596 Mart.
1522 5542 1650 5596 Tur.
1691 5543 1870 5611 prob.,
1895 5559 2015 5611 pag.
2050 5544 2100 5595 ἓ.
2134 5542 2292 5596 Juxta
2400 5541 2434 5592 2
2461 5541 2624 5595 addit.
2657 5557 2776 5609 pag.
2837 5540 2922 5606 69,
2955 5539 3142 5611 contra
3185 5541 3534 5611 Launoium,
3565 5539 3807 5611 ecclesia:
3837 5539 3972 5611 San-

717 5613 862 5666 hanc
891 5608 1229 5680 postremam
1256 5613 1545 5682 editionem
1573 5608 1808 5668 chartam
1839 5608 2160 5667 recndimus.
2195 5613 2294 5665 Im-
2400 5608 2746 5682 martinianze
2788 5611 3058 5682 defensor.
3106 5610 3204 5682 [Ex
3257 5611 3457 5678 judicio
3489 5610 3590 5663 diei
3639 5608 3705 5682 ιζ)
3731 5608 3930 5682 Aprilis
3953 5647 3969 5673 ,

716 5678 953 5750 pugnata
977 5683 1076 5754 fuit
1108 5683 1399 5754 przvsertim
1428 5697 1456 5733 a
1504 5681 1764 5748 Lauuoio,
1793 5689 1881 5754 qui
1916 5686 1965 5736 iu
1997 5686 2096 5736 hac
2135 5699 2292 5736 causa
2400 5682 2525 5754 anni
2561 5678 3122 5754 I7_09,c0njicienduui
3149 5693 3226 5735 est
3255 5681 3496 5754 chartam
3522 5695 3624 5754 pro
3639 5678 3846 5754 sincera
3874 5678 3969 5730 ha-

719 5748 820 5820 pro
843 5748 1240 5820 archiepiscopo
1287 5753 1623 5805 militaverat.
1664 5748 1995 5807 Calumniam
2027 5755 2295 5805 diluerunt
2399 5752 2564 5803 bitam
2605 5752 2788 5815 fuisse,
2814 5768 2937 5806 cum
2974 5751 3286 5807 confirmata
3325 5751 3522 5807 fuerint
3551 5748 3825 5819 privilegia
3853 5762 3970 5816 qua:

721 5821 962 5877 ecclesia:
992 5823 1047 5877 S.
1079 5821 1291 5878 Martini
1318 5822 1646 5887 defensores,
1691 5825 1819 5879 ibid.
1847 5823 1970 5879 add.
2000 5823 2052 5889 “2,
2082 5836 2199 5893 pag.
2227 5826 2293 5877 (ιε)
2400 5837 2651 5891 expresse
2689 5820 3074 5893 cuncesserat.]
