4206 6546
229 444 376 501 1265

987 425 1417 486 DONATIONES
1456 424 1544 480 AC
1582 422 2044 480 TESTAMENTA
2085 422 2326 488 EPlSC.,
2369 422 2547 490 ABB.,
2590 419 2749 486 ETC,

3376 417 3518 475 1266

225 558 424 627 phetas
444 552 681 624 pendere
711 555 765 602 et
790 542 1015 614 implere
1041 540 1316 609 Scriptura
1366 535 1614 589 ﬁrmavit.
1648 531 1711 586 Et
1751 533 1817 588 de
1844 549 1900 611 Α
1924 540 2026 597 tur,
2060 532 2199 585 sicut
2223 528 2406 599 regula
2435 528 2607 584 sancti
2645 525 2927 581 Benedicti
2948 525 3138 579 edocet
3164 564 3179 588 ,
3234 526 3287 579 in
3320 540 3515 582 eorum

226 626 650 715 contemplativa
677 642 786 697 vita
812 646 1020 707 partem
1065 633 1323 703 optimam
1375 644 1535 698 quam
1564 626 1819 681 Dominus

226 738 459 791 Mariam
490 735 718 805 elegisse
744 728 1020 792 laudavit,
1074 725 1323 780 sufﬁcere
1352 722 1623 777 credimus
1670 720 1819 773 testi-

226 829 413 883 monio
444 827 629 897 ipsius.
664 821 918 891 Quamvis
948 827 1003 875 et
1050 816 1275 874 actualis
1302 818 1410 870 vita
1456 814 1652 867 habeat
1695 828 1816 868 cum

224 920 558 974 retributore
586 918 856 972 bonorum
886 926 1109 981 operum
1141 906 1445 963 mercedem
1493 919 1645 959 suam
1666 943 1681 969 ,
1733 913 1815 957 ta.

224 1025 355 1065 men
390 1008 685 1079 praeposuit
731 1004 994 1071 satagenti
1027 1001 1249 1056 Martha
1303 998 1444 1052 circa
1500 995 1731 1066 plurima
1760 1008 1821 1048 se

223 1102 692 1170 contemplantem
725 1096 969 1151 Mariam.
1004 1094 1096 1147 His
1144 1102 1271 1157 ergo
1319 1088 1478 1143 tantis
1507 1101 1571 1141 ac
1623 1086 1820 1141 talibus

224 1190 554 1247 testimoniis
593 1188 920 1242 exercitatus
968 1187 1169 1251 animo,
1202 1185 1419 1240 decrevi
1470 1196 1571 1250 ego
1622 1182 1677 1236 in
1724 1182 1821 1236 Dei

223 1286 449 1341 nomine
479 1282 630 1347 lbbo,
658 1284 757 1337 etsi
802 1282 1098 1349 quamlibet
1134 1290 1394 1351 peccator
1420 1321 1434 1345 ,
1489 1277 1821 1333 Turonensis

222 1378 378 1431 urbis
399 1377 570 1445 gratia
603 1374 698 1428 Dei
725 1388 888 1427 vocor
918 1374 1221 1441 episcopus,
1250 1371 1587 1440 privilegium
1620 1384 1819 1425 conce-

222 1470 377 1531 dere,
404 1479 567 1535 atque
594 1468 895 1520 libertatem
928 1464 1331 1534 congregationi
1383 1462 1695 1517 monasterii
1725 1462 1819 1514 ba-

220 1562 395 1617 silicac
436 1560 739 1613 beatissemi
799 1568 919 1628 post
967 1558 1244 1627 apostolos
1288 1557 1578 1611 Galliarum
1637 1556 1819 1608 claris-

220 1651 349 1704 simi
379 1650 704 1702 confessoris
736 1648 970 1712 Martini,
1009 1648 1095 1701 ubi
1128 1648 1240 1715 ipse
1272 1649 1323 1701 in
1354 1662 1582 1715 corpore
1610 1645 1819 1711 requie-

223 1740 350 1803 scit,
386 1739 718 1802 condonare,
752 1738 802 1790 in
850 1753 956 1805 quo
979 1737 1298 1791 venerabilis
1348 1742 1429 1790 vir
1455 1736 1819 1789 Guntramnus

218 1833 366 1887 abba
395 1846 626 1899 prmesse
648 1831 879 1896 videtur,
902 1832 1042 1900 quod
1070 1830 1183 1898 jam
1213 1831 1414 1885 dudum
1440 1845 1469 1882 a
1493 1845 1819 1898 prmcessore

1924 636 2191 679 consensu
2216 623 2522 677 solidetur:
2565 621 2701 675 sicut
2735 628 2791 675 et
2839 618 3143 672 authoritas
3187 632 3338 687 papae
3366 618 3518 673 urbis

1924 718 2107 773 Romae
2149 714 2415 769 Adeodati
2450 712 2691 768 continet
2736 726 2833 781 per
2863 709 3131 780 privilegii
3162 712 3359 765 seriem
3401 709 3517 764 nul-

1923 810 2002 865 las
2060 806 2435 880 gravedinesa
2482 802 2723 873 quolibet
2766 803 3181 872 episcoporum,
3228 800 3329 854 sub
3378 814 3519 869 prat—

1923 910 2072 957 textu
2093 896 2464 961 discussionis,
2496 895 2779 962 religiosus
2810 894 2977 948 abbas
3021 892 3105 945 vel
3133 889 3385 946 monachi
3414 889 3519 944 ibi-

1921 995 2042 1049 dem
2095 994 2358 1060 degentes
2380 989 2718 1051 sustineant;
2764 1000 2942 1053 neque
2980 1000 3167 1039 rursus
3206 981 3519 1053 hospitandi

1921 1088 2023 1141 sibi
2078 1085 2221 1153 apud
2265 1098 2359 1137 eos
2402 1080 2677 1135 licentiam
2724 1079 3056 1132 vindicantes
3109 1076 3387 1146 dispendia
3430 1074 3516 1130 bis

1922 1186 2083 1249 atque
2114 1176 2431 1231 insolentias
2454 1173 2797 1241 angariarum
2827 1170 3142 1239 imponant;
3174 1184 3271 1223 nec
3292 1183 3390 1237 per
3419 1181 3517 1222 oc-

1921 1272 2197 1326 casionem
2226 1266 2489 1335 regularis
2541 1263 2837 1332 disciplina:
2888 1259 3148 1315 rimandae
3192 1265 3354 1328 atque
3400 1271 3517 1312 ser-

1922 1366 2122 1429 vandm,
2168 1363 2434 1433 quaslibet
2488 1362 2783 1427 importent
2834 1356 3098 1425 injurias:
3145 1354 3239 1408 sed
3289 1354 3518 1408 liberam

1920 1462 2191 1517 licentiam
2224 1458 2485 1512 semiliter
2514 1454 2712 1508 habere
2738 1460 3059 1514 statuemus,
3093 1449 3238 1502 salva
3270 1445 3516 1516 profecta

1921 1554 2357 1608 monachicarum
2412 1548 2720 1616 regularum
2754 1544 3021 1607 custodia,
3070 1541 3381 1607 religiosum
3409 1539 3514 1593 ab-

1920 1646 2086 1700 batim
2139 1644 2460 1710 quicumque
2493 1655 2588 1707 pro
2620 1647 2863 1705 tempore
2896 1634 3130 1705 praeerit,
3158 1632 3385 1702 praefato
3413 1645 3512 1686 ve-

1923 1735 2144 1791 nerabili
2213 1732 2543 1787 monasterio
2576 1730 2626 1783 id
2677 1734 3023 1797 procurante.
3081 1724 3147 1781 Ut
3188 1739 3315 1793 ergo
3369 1724 3518 1792 quod

1922 1830 2107 1898 priscm
2138 1826 2440 1881 traditionis
2465 1824 2581 1889 ejus
2612 1822 2869 1876 articulus
2897 1827 3153 1875 contenet
3186 1830 3516 1872 conservare

220 1933 417 1978 nostro
474 1924 868 1991 Cbrotperctho
900 1966 913 1987 ,
984 1924 1302 1977 Thuroniccc
1353 1924 1497 1976 urbis
1552 1924 1818 1990 quondam
1854 1920 2145 1983 Buitatur,
2180 1925 2235 1971 et
2260 1918 2460 1985 quique
2486 1916 2584 1967 sub
2637 1913 2753 1979 ejus
2800 1918 3062 1978 reguntur
3114 1908 3515 1978 dispensatione

218 2015 507 2083 episcopo,
541 2014 999 2069 Christianissima
1028 2014 1315 2068 devotione
1359 2014 1425 2069 ad
1476 2015 1642 2081 ipsam
1693 2030 1819 2067 san-

218 2116 373 2162 ctam
396 2106 672 2160 basilicam
692 2107 775 2159 vel
801 2108 1270 2174 congregationem
1296 2107 1489 2159 ibidem
1512 2105 1814 2159 consisten-

219 2207 337 2254 tem
369 2198 471 2252 fuit
496 2212 838 2261 concessum,
871 2198 955 2250 vel
986 2200 1148 2250 etiam
1180 2214 1275 2267 per
1321 2196 1702 2250 authoritateni
1732 2210 1815 2249 se-

219 2292 306 2345 dis
332 2290 651 2357 apostolicas
681 2303 831 2357 papas
885 2289 1029 2343 urbis
1053 2289 1257 2355 Romae,
1308 2304 1374 2341 ex
1414 2302 1676 2341 consensu
1734 2286 1811 2353 ip-

215 2380 332 2431 sius
357 2377 737 2447 Cbrotpercthi
765 2380 869 2433 hoc
898 2381 1233 2446 privilegium
1282 2378 1351 2431 ad
1397 2379 1564 2431 instar
1604 2392 1669 2430 ex
1699 2376 1812 2442 ipsa

215 2470 462 2525 dictione
486 2469 803 2539 apostoleca
830 2468 933 2521 fuit
979 2467 1373 2521 conﬁrmatum.
1409 2465 1517 2519 Nec
1545 2464 1812 2516 immerito

215 2578 367 2625 reor,
397 2562 599 2616 eisdem
630 2561 703 2614 ita
735 2560 1053 2615 viventebus
1084 2560 1171 2629 pie
1198 2568 1361 2625 atque
1388 2557 1675 2617 catholice,
1708 2556 1809 2608 hoc

214 2652 571 2720 supervenire
602 2650 940 2719 privilegium
966 2649 1188 2717 poterit,
1216 2649 1308 2716 qui
1333 2646 1693 2699 indesinenter
1725 2644 1810 2695 die

219 2751 500 2809 noctuque
530 2750 759 2809 patrono
792 2747 978 2793 nostro
1027 2738 1345 2792 famulantes
1376 2780 1391 2804 ,
1448 2737 1659 2804 placere
1686 2736 1809 2801 piis~

216 2832 362 2885 simo
386 2830 601 2883 Christo
629 2828 979 2893 contendunt,
1006 2830 1151 2881 omni
1200 2828 1483 2881 honestate
1513 2840 1575 2877 ac
1628 2822 1813 2874 mode-

216 2921 437 2975 ratione
467 2936 672 2974 morum
716 2934 947 2987 corpora
977 2926 1291 2973 coercentes
1334 2916 1583 2982 redigunt
1638 2912 1811 2966 servi-

216 3010 367 3075 tuti;
417 3019 579 3076 atque
631 3009 743 3062 suis
772 3009 1077 3063 libertatem
1130 3007 1409 3061 monachis
1438 3006 1602 3068 dare,
1660 3003 1813 3069 cujus

216 3103 488 3155 honorem
516 3101 674 3155 ﬁscus
707 3108 877 3154 totum
934 3100 1082 3153 dedit
1116 3100 1235 3153 urbi
1267 3108 1321 3151 et
1368 3113 1583 3162 census,
1616 3094 1811 3150 libere-

216 3207 332 3260 que
357 3193 539 3246 vivere
562 3207 866 3260 nomenque
920 3193 1146 3246 instituit
1191 3190 1419 3245 heredis.
1481 3190 1647 3257 Cujus
1678 3206 1813 3259 pra:-

215 3282 518 3352 l‘ulgentem
549 3300 577 3336 a
623 3284 897 3338 miracolis
928 3290 1303 3338 coruscantem
1335 3298 1364 3335 a
1393 3283 1605 3351 regibus
1632 3283 1811 3348 singu-

214 3374 411 3429 lariter
466 3375 815 3428 cmunitatem
868 3376 993 3428 urbs
1049 3383 1233 3428 nostra
1303 3382 1415 3428 tota
1471 3374 1810 3441 promeruit,

214 3473 513 3535 praestante
541 3466 780 3532 piissimo
809 3466 1149 3531 Dagobertho
1196 3466 1467 3535 quondam
1496 3481 1640 3533 rege,
1675 3465 1811 3518 inte-

214 3569 374 3623 gram
407 3555 756 3608 emunitatem
781 3556 1255 3624 suseipit,dignum
1277 3557 1509 3609 arbitror
1535 3571 1727 3609 munus
1745 3556 1811 3608 ab

216 3646 414 3699 eodem
466 3646 811 3712 impetratum
850 3646 1023 3699 eidem
1048 3645 1132 3699 vel
1158 3648 1210 3699 in
1234 3662 1330 3699 suo
1386 3647 1687 3701 viventibus
1719 3663 1812 3716 pa-

217 3735 457 3788 trocinio
490 3737 842 3789 trementibus
894 3736 1033 3790 ulnis
1086 3738 1346 3805 proferre.
1384 3737 1626 3794 Praefatis
1684 3754 1812 3806 ergo

214 3824 479 3880 fratribus
506 3836 562 3879 et
589 3825 770 3881 abbati
794 3826 918 3893 jura
948 3827 1287 3881 servantibus
1308 3837 1519 3896 patrum
1548 3830 1809 3896 cedimus,

214 3932 515 3985 cessosque
531 3918 773 3973 volumus
800 3918 1043 3975 ecclesiae
1059 3935 1274 3988 census,
1288 3921 1597 3986 servitutes,
1623 3937 1807 3990 opera,

216 4007 553 4071 mansiones,
586 4016 791 4075 pastus,
815 4024 1058 4072 munera,
1104 4007 1274 4073 freda,
1311 4009 1438 4064 ﬁsco
1462 4050 1476 4075 ,
1520 4012 1806 4080 episcopo,

210 4096 523 4164 judicebus,
557 4099 735 4152 missis
783 4106 838 4151 et
859 4100 1261 4166 arebidiacono,
1287 4108 1340 4155 et
1363 4117 1553 4156 omnes
1580 4119 1808 4157 consue-

218 4189 437 4243 tudines
494 4190 782 4244 saeculares
830 4201 1171 4261 amputamus
1226 4209 1321 4247 seu
1375 4210 1715 4256 resecamus,
1757 4203 1813 4249 et

212 4278 479 4347 quicquid
507 4280 661 4333 nobis
698 4280 782 4333 vel
835 4281 1037 4335 eisdem
1071 4284 1273 4335 servire
1318 4282 1515 4337 dareve
1544 4286 1807 4351 solebant,

215 4378 275 4423 et
302 4369 515 4437 quidem
540 4369 815 4438 possident
853 4372 938 4426 vel
969 4373 1143 4426 adhuc
1187 4374 1451 4443 largiente
1500 4376 1731 4429 Domino
1781 4391 1809 4429 a

215 4458 533 4511 Christianis
578 4459 885 4514 hominibus
932 4462 1206 4516 conlatum
1238 4464 1413 4527 fuerit,
1450 4464 1548 4517 sibi
1598 4479 1810 4533 semper

1924 2014 2151 2067 solerter
2196 2009 2472 2063 custodire
2500 2014 2841 2062 commoneat
2872 2006 3224 2075 districteque
3278 2002 3488 2072 compel

1922 2104 2021 2169 lat,
2053 2100 2517 2156 reverentissimus
2563 2114 2693 2151 vero
2717 2098 3027 2165 episcopus,
3060 2095 3112 2148 in
3142 2093 3295 2162 cujus
3324 2108 3515 2162 parro-

1923 2195 2041 2247 chia
2071 2201 2425 2246 memoratum
2484 2188 2790 2243 venerabile
2819 2186 3208 2241 monasterium
3237 2225 3251 2248 ,
3310 2184 3398 2240 vel
3425 2198 3515 2240 res

1921 2286 2037 2353 ejus
2068 2301 2131 2338 ac
2180 2285 2550 2353 possessiones
2605 2281 2966 2343 constiterint,
2996 2279 3253 2334 facienda:
3298 2286 3510 2334 tantum

1922 2376 2272 2431 ordinationis
2295 2390 2360 2429 ac
2387 2374 2742 2441 promotionis
2768 2372 3109 2426 sacerdotum
3159 2378 3324 2437 atque
3376 2368 3510 2423 levi-

1922 2475 2112 2529 tarum,
2148 2465 2228 2517 vel
2262 2462 2579 2519 conﬁciendi
2629 2462 2975 2523 chrismatis,
3030 2462 3072 2515 si
3123 2469 3330 2513 tantum
3386 2473 3514 2513 cou-

1921 2571 2072 2609 cessa
2115 2555 2365 2608 licentia:
2400 2553 2809 2621 dispositionem
2838 2560 3017 2605 autem
3040 2550 3374 2605 venerabelis
3400 2548 3513 2605 loci

1919 2660 2108 2713 gerere
2140 2660 2202 2697 ac
2228 2644 2695 2699 conversationem
2753 2641 3126 2695 monachicam
3175 2640 3461 2709 exquirere
3493 2678 3509 2703 ,

1921 2737 2180 2801 religioso
2210 2733 2393 2787 abbati
2419 2734 2644 2801 ejusque
2674 2732 2981 2801 praeposito,
3017 2731 3100 2785 vel
3135 2732 3335 2799 quique
3384 2744 3514 2799 pro-

1921 2828 2181 2883 batissimi
2212 2826 2409 2880 fuerint
2440 2826 2492 2877 in
2515 2823 2706 2879 eodem
2752 2823 3106 2882 monasterio,
3145 2821 3288 2888 quod
3342 2820 3508 2874 etiam

1919 2918 2125 2989 praefati
2156 2915 2411 2985 praesoles
2438 2929 2677 2968 consona
2709 2913 2978 2966 sententia
3024 2911 3371 2977 deﬁnierunt,
3402 2909 3509 2964 de-

1919 3009 2207 3063 cernimus.
2251 3004 2503 3073 Quisquis
2536 3003 2697 3071 igitur
2746 3000 2989 3069 quolibet
3038 3008 3310 3069 tempore,
3362 2998 3511 3067 quod

1919 3099 2225 3153 nullatenus
2254 3096 2545 3159 credimus,
2576 3095 2731 3161 hujus
2762 3093 3035 3146 decretum
3068 3090 3331 3161 privilegii
3359 3088 3506 3157 quod

1919 3190 2249 3243 authoritate
2281 3186 2614 3256 apostholica
2640 3182 2856 3240 subnixi
2901 3182 3291 3238 consentiendo
3322 3181 3510 3235 ﬁrma«

1917 3282 2111 3345 vimus,
2144 3281 2196 3333 in
2229 3289 2399 3333 totum
2424 3278 2507 3331 vel
2554 3278 2605 3331 in
2661 3284 2866 3346 partem
2898 3284 3163 3330 temerare
3208 3282 3507 3344 temptave-

1916 3371 2005 3435 rit,
2035 3383 2249 3437 suaeque
2277 3368 2715 3438 praesumpcionis
2744 3365 3019 3419 audaciam
3067 3364 3225 3433 digna
3252 3362 3509 3418 emenda-

1917 3461 2064 3514 tione
2101 3459 2280 3513 minus
2315 3458 2613 3513 correxerit
2664 3457 2719 3509 in
2750 3465 3071 3525 perpetuum
3099 3452 3504 3523 percellendum

1916 3569 1974 3607 se
2004 3553 2234 3617 noverit,
2267 3568 2375 3606 non
2399 3552 2573 3607 solum
2627 3558 2899 3604 tantorum
2942 3550 3208 3604 sententia
3252 3548 3507 3603 sacerdo-

1918 3654 2060 3707 tum,
2118 3643 2209 3697 scd
2251 3645 2413 3696 etiam
2469 3642 2773 3709 :equissimo
2820 3641 3127 3710 apostolicae
3176 3640 3509 3696 condemna-

1916 3735 2075 3788 tionis
2096 3734 2286 3787 aculeo
2314 3751 2325 3785 :
2359 3734 2614 3801 quoniam
2632 3733 2833 3787 violare
2856 3732 3205 3801 pertinaciter
3221 3734 3367 3789 nisus
3396 3743 3503 3803 est,

1915 3827 2058 3894 quod
2085 3826 2373 3880 salubriter
2402 3833 2725 3880 conservare
2755 3823 3035 3878 debuerat.
3070 3822 3134 3877 Et
3164 3824 3237 3877 ita
3286 3840 3506 3893 quoque

1913 3915 2076 3983 hujus
2105 3914 2363 3983 privilegii
2411 3913 2622 3968 sanetio
2681 3911 2833 3967 ﬁrma
2898 3927 2961 3967 ac
3005 3920 3123 3967 rata
3181 3912 3507 3967 indiminute

1914 4005 2169 4075 persistat
2198 4012 2358 4074 atque
2385 4011 2725 4073 permaneat,
2754 4017 2881 4071 erga
2920 4002 3064 4071 quod
3104 4011 3159 4057 et
3190 4003 3508 4070 praecellen-

1914 4096 2099 4150 tissimi
2132 4096 2301 4149 tocius
2328 4092 2514 4147 Galliae
2544 4108 2716 4161 reges,
2751 4103 2807 4145 ut
2852 4092 3052 4161 scripta
3096 4093 3459 4163 comperimus
3487 4134 3505 4157 ,

1914 4188 1977 4241 ad
1999 4185 2372 4255 reprimendas
2413 4186 2670 4240 laicorum
2697 4184 3077 4239 infestaciones
3100 4225 3115 4250 ,
3163 4185 3341 4240 edicto
3372 4201 3507 4255 prmo

1913 4278 2124 4332 munire
2148 4278 2291 4347 idem
2320 4276 2626 4331 venerabile
2654 4278 3043 4331 monasterium
3076 4278 3243 4345 regali
3294 4278 3505 4347 pietate

1911 4370 2114 4439 dignati
2169 4381 2313 4435 sunt,
2343 4370 2413 4422 ita
2446 4378 2500 4422 et
2531 4384 2649 4431 nos,
2684 4368 2982 4436 inspirante
3022 4369 3250 4424 Domino
3276 4411 3289 4435 ,
3342 4371 3501 4437 plena

1912 4461 2203 4515 devotione
2250 4460 2505 4527 deinceps
2534 4459 2584 4511 iu
2619 4458 2673 4513 id
2719 4460 2893 4528 ipsum
2939 4460 3319 4514 venerabelem
3350 4460 3501 4513 Gun-

211 4548 521 4615 vindicent,
546 4549 782 4603 habeant
804 4560 966 4619 atque
1001 4560 1263 4620 perpetuo
1288 4553 1409 4619 jure
1440 4562 1678 4622 tempore
1705 4571 1803 4609 no-
1834 4569 1884 4629 ι)
1911 4552 2216 4605 thramnum
2247 4551 2519 4616 abbatem,
2550 4566 2811 4619 suamque
2839 4553 3314 4621 congregationem
3338 4594 3353 4619 ,
3412 4553 3500 4608 vel

210 4645 339 4695 atro
370 4638 452 4691 vel
510 4654 879 4694 successorum
914 4650 1225 4695 nostrorum
1257 4642 1570 4707 defendant,
1623 4647 1806 4711 eisque

212 4730 471 4799 proﬁciat
502 4731 721 4798 perenni
769 4731 1058 4796 ﬁrmitate;
1098 4748 1199 4788 nec
1237 4734 1391 4788 nobis
1424 4776 1439 4800 ,
1498 4750 1597 4789 nec
1622 4746 1806 4793 nostro

211 4820 474 4886 cuiquam
506 4822 805 4875 successori
834 4823 1121 4891 quicquam
1153 4824 1295 4877 aliud
1334 4825 1481 4890 dent,
1510 4827 1607 4879 nisi
1652 4826 1804 4893 juxta

209 4910 681 4983 postholationem
725 4912 948 4969 fratrum
988 4915 1071 4967 vel
1102 4924 1300 4969 statuta
1357 4926 1661 4972 sanctorum
1708 4936 1805 4987 pa-

210 5008 389 5063 trum,
417 5016 578 5068 quam
609 5002 844 5057 honores
872 5004 1134 5073 imposita:
1185 5021 1394 5071 manus,
1428 5009 1688 5074 graduum
1714 5012 1804 5065 bc-

211 5090 559 5147 nedictiones
606 5096 1086 5161 subsequentium,
1158 5097 1362 5158 altaris,
1393 5100 1697 5157 chrismatis
1752 5114 1807 5157 et

211 5182 329 5236 olei
361 5184 559 5246 sancti;
601 5185 778 5238 ethoc
806 5186 977 5252 ipsum
1026 5188 1227 5255 absque
1278 5191 1427 5243 nullo
1456 5195 1675 5261 praemio
1729 5210 1807 5249 se-

212 5271 458 5327 cundum
488 5281 699 5327 sanctas
730 5273 1038 5345 Seripturas
1062 5279 1348 5346 accipiant.
1378 5280 1445 5333 Et
1478 5282 1521 5335 si
1553 5283 1717 5337 abbas
1739 5287 1803 5339 ab

217 5378 325 5418 nae
357 5363 477 5417 luce
507 5364 801 5431 dicesserit,
849 5382 945 5435 per
973 5368 1293 5424 electionem
1336 5380 1646 5426 memorata:
1675 5390 1804 5427 con-

214 5454 556 5525 gregationis
579 5458 913 5523 monasterii,
945 5474 1174 5529 quorum
1206 5461 1314 5515 vita
1360 5463 1599 5531 perlecta
1624 5465 1801 5519 credi-

258 5627 740 5709 L‘ACrotpertbum
771 5647 801 5709 a
826 5633 1095 5709 Berthono
1125 5636 1553 5709 distinguendum
1583 5651 1803 5696 conten-

216 5698 297 5751 dit
321 5698 605 5776 Cointjus,
621 5702 812 5776 Annal.
847 5711 884 5756 t.
917 5705 1003 5769 1V,
1035 5721 1151 5773 pag.
1190 5698 1314 5769 596:
1336 5716 1390 5760 et
1418 5725 1695 5776 perperam
1724 5714 1803 5767 in-

220 5769 723 5852 trusuinllertlioni
769 5790 962 5852 nomen
1001 5769 1053 5830 in
1094 5769 1275 5831 charta
1294 5769 1757 5852 lbbonis'conjicit
1786 5823 1799 5846 ,

218 5854 345 5894 cum
368 5842 509 5896 inter
538 5842 821 5911 pontiﬁces
847 5844 1186 5906 Turonenses
1215 5848 1391 5904 nullus
1422 5850 1556 5905 alias
1586 5842 1804 5911 nomine

1914 4643 2491 4712 prmfatimonasthyrii
2524 4641 2704 4696 Sancti
2747 4642 2960 4695 Martini
3010 4644 3290 4699 antestetis
3339 4644 3500 4701 volu-

1913 4749 2031 4787 mus
2060 4732 2377 4787 conﬁrmare
2403 4751 2414 4784 :
2453 4740 2507 4784 ut
2539 4732 2781 4801 inspecta
2812 4734 2923 4801 ipsa
2950 4733 3228 4803 privilegia
3258 4742 3365 4787 tam
3394 4734 3492 4789 de-

1911 4839 2153 4880 cessores
2178 4826 2343 4879 nostri
2368 4824 2673 4893 Crotperthi
2699 4834 2744 4890 ι,
2772 4826 3045 4889 Berthoni,
3064 4840 3223 4893 quam
3250 4826 3500 4883 etAdeo-

1912 4916 2082 4979 dathi,
2110 4931 2257 4985 papae
2287 4916 2431 4969 urbis
2465 4914 2645 4968 Romae
2672 4930 2766 4969 seu
2808 4918 3246 4971 conﬁrmationes
3294 4916 3495 4985 glorio-

1910 5025 2090 5064 serum
2122 5023 2327 5076 regum,
2361 5016 2418 5061 ιιι
2458 5018 2645 5062 llOSll‘O
2689 5018 2931 5077 tempore
2980 5009 3065 5062 VC]
3121 5025 3493 5065 successorum

1911 5109 2213 5153 nostrorum
2249 5099 2569 5153 omnimodis
2621 5098 3001 5154 inviolabiliter
3046 5103 3403 5167 conservitur,
3439 5114 3495 5157 et

1910 5190 1963 5243 in
1987 5190 2127 5243 nulla
2155 5190 2395 5257 qualibet
2426 5198 2596 5257 parte,
2630 5190 2767 5243 sicut
2810 5207 2840 5243 a
2884 5193 3041 5245 nobis
3071 5194 3345 5247 decretum
3376 5206 3488 5259 est,

1908 5289 2302 5348 corrumpatur.
2366 5280 2631 5349 Rogamus
2681 5290 2734 5335 et
2763 5283 3109 5351 conjuramus
3150 5301 3491 5342 successores

1908 5381 2140 5436 nostros,
2175 5372 2469 5427 secundum
2510 5376 2683 5429 sancti
2706 5374 2859 5429 Pauli
2889 5380 3218 5446 exemplum,
3244 5394 3340 5449 per
3387 5395 3489 5433 no-

1906 5478 2033 5518 men
2063 5463 2275 5519 Domini
2320 5466 2489 5519 nostri
2518 5464 2644 5522 Jesu
2688 5466 2907 5535 Christi,
2938 5478 2996 5523 ut
3023 5470 3197 5540 ipsum
3241 5471 3491 5527 sentiatis

1907 5647 2345 5702 Bertboninotus
2376 5648 2466 5703 sit.
2508 5646 2615 5703 Sed
2662 5657 2949 5719 utrumque
2996 5668 3195 5709 nomen
3238 5655 3493 5714 distincte

1905 5719 2123 5772 exhibet
2153 5719 2340 5796 charta
2364 5718 2673 5796 authentica
2704 5721 3065 5796 ahMabillonio
3096 5724 3379 5796 diligenter
3407 5727 3489 5783 in-

1908 5798 2117 5859 specta,
2146 5788 2290 5858 quod
2330 5790 2695 5859 conjecturam
2724 5789 2925 5847 Cointii
2953 5795 3163 5850 evertit.
