4206 6532
749 400 885 460 1267

742 531 931 574 omnes
978 517 1254 576 nobiseum
1306 527 1689 577 conservantes
1719 520 1929 575 Domini
1969 502 2281 576 mandatum
2310 566 2326 591 ,
2354 526 2405 586 Α

742 608 1016 676 quomodo
1045 611 1253 665 dicetur
1279 629 1290 664 :
1320 609 1500 666 Gratis
1529 612 1672 666 enim
1701 611 2016 680 accepistis,
2062 621 2120 668 et
2160 615 2325 685 gratis

739 695 900 765 date;
942 708 996 755 et
1026 699 1154 754 illud
1177 701 1553 771 propheticum
1573 701 1937 759 testiinonium
1966 720 1979 756 :
2013 703 2211 761 Beatus
2232 705 2326 774 qui

739 794 946 848 excutit
973 809 1162 850 manus
1189 809 1314 851 suas
1341 797 1410 852 ab
1439 798 1586 852 omni
1636 813 1882 866 munere,
1914 798 1970 854 id
1997 807 2100 864 est,
2127 809 2186 855 ut
2225 817 2325 857 nec

738 896 837 952 per
882 884 1200 956 obsequium
1247 887 1540 944 indebitum
1589 889 1916 956 serviendo,
1963 905 2066 946 nec
2096 906 2193 961 per
2223 891 2325 946 lin-

735 987 891 1043 guam
925 975 1212 1041 laudando.
1244 993 1346 1033 nec
1400 993 1497 1050 per
1544 995 1760 1036 manum
1803 982 1958 1052 plena
2009 984 2323 1041 muneribus

733 1067 937 1124 donum
964 1069 1168 1140 Spiritu
1187 1069 1388 1127 Sancto
1412 1082 1854 1144 corrumpantur;
1897 1074 1991 1129 sed
2020 1074 2108 1129 illa
2143 1077 2322 1146 potius

734 1158 1048 1218 intueantur
1097 1179 1321 1220 munera
1352 1165 1694 1231 immortalia,
1720 1181 1839 1238 qua:
1865 1175 1990 1223 sunt
2020 1169 2168 1224 cci-lis
2190 1184 2322 1223 con-

734 1252 881 1320 deta,
929 1255 998 1313 de
1025 1256 1220 1326 quibus
1248 1258 1455 1314 dicetur
1484 1259 1626 1328 quod
1654 1258 1841 1317 oculus
1879 1277 1988 1316 non
2021 1260 2184 1326 videt,
2217 1277 2320 1318 nec

733 1346 882 1404 auris
909 1348 1132 1414 audivit,
1164 1363 1265 1406 nec
1293 1348 1346 1404 in
1374 1365 1470 1406 cor
1505 1351 1754 1409 homenis
1781 1353 2022 1410 ascendit
2050 1368 2166 1422 qua:
2194 1369 2320 1424 pre-

733 1440 943 1508 paravit
1001 1438 1384 1509 delegentebus
1438 1457 1498 1501 se
1549 1452 1604 1498 et
1656 1445 2099 1501 custodientebus
2145 1445 2318 1515 legem

732 1545 907 1587 suam.
940 1532 1118 1590 Abbas
1145 1549 1277 1590 vero
1299 1535 1391 1606 qui
1419 1536 1711 1606 elegendus
1741 1547 1846 1608 est,
1877 1555 1984 1594 non
2016 1555 2138 1594 eum
2180 1541 2320 1594 nati-

733 1633 906 1690 vetas,
936 1633 1029 1680 aut
1075 1626 1303 1692 divitizn,
1349 1637 1444 1684 aut
1489 1629 1866 1700 ingenuosetas
1893 1632 2319 1704 praeferat;scd

731 1728 892 1784 quem
919 1719 1198 1784 sanctitas,
1221 1734 1416 1784 meres,
1451 1729 1508 1776 et
1554 1731 1801 1791 gravetas
1829 1725 1910 1778 vel
1941 1724 2114 1793 pietas
2155 1724 2317 1778 ador.

733 1806 1001 1872 naverint,
1025 1817 1378 1879 anteponant.
1411 1809 1469 1867 ln
1517 1812 1677 1868 nullis
1717 1828 1934 1885 quoque
1982 1816 2156 1872 modis
2185 1832 2320 1886 quos

1501 403 1767 460 SECUL.
1810 402 1898 459 VII
1941 403 2031 460 ET
2066 403 2178 462 VIII
2218 404 2745 463 ECCLESIASTICA
2785 407 3230 473 MONUMENTA.

3859 412 3999 468 1268

2430 614 2664 687 Traditio
2694 619 2946 672 bonorum
3000 620 3056 674 in
3089 619 3434 687 Oppenwiller
3485 629 3534 675 et
3588 619 3878 687 Elter-iugata
3927 619 3998 678 ab

2497 684 2720 758 Erfoino
2747 691 2800 742 in
2825 691 3051 758 gratiam
3073 684 3299 748 ecclesia
3321 690 3538 747 S.Galli
3560 691 3584 730 ι’
3609 692 3756 764 (ann.
3781 684 3922 763 ³720).

2496 800 2553 854 1η
2575 801 2774 860 Christi
2811 803 3049 859 nomine.
3097 803 3214 874 Ego
3246 803 3498 864 Erfoinus
3521 813 3578 862 et
3617 806 3709 860 ﬁlii
3740 807 3842 861 mei
3863 805 3999 863 Teo-

2425 891 2593 948 tarius
2624 901 2786 962 atque
2815 893 3088 961 Rotarius,
3130 897 3478 969 cogitavimus
3502 895 3596 950 Dei
3621 898 3886 962 intuitum,
3913 898 3996 954 vel

2423 982 2659 1040 divinam
2690 986 3121 1054 retributionem,
3153 987 3240 1042 vel
3283 987 3519 1058 peccatis
3556 987 3753 1043 nostris
3789 989 3992 1043 veniam

2423 1081 2719 1148 promereri
2748 1096 2760 1130 :
2795 1088 3083 1148 propterea
3139 1080 3423 1136 vernacula
3469 1089 3610 1137 terra
3654 1080 3788 1149 juris
3813 1081 3912 1134 mei
3943 1080 3993 1133 in

2422 1165 2543 1221 loco
2573 1167 2666 1235 qui
2694 1167 2899 1222 dicitur
2921 1166 3298 1238 Oppenwilare
3327 1172 3350 1201 ε
3378 1168 3635 1224 tradimus
3677 1168 3734 1224 S.
3789 1167 3996 1224 Galloni

2422 1258 2609 1326 viginti
2655 1258 2850 1326 juchos
2879 1303 2894 1328 ,
2945 1259 3085 1316 etin
3134 1260 3434 1329 Eberingen
3462 1275 3625 1315 unum
3662 1260 3881 1332 juchum
3928 1259 3996 1314 de

2423 1352 2581 1404 vinea
2606 1350 2652 1417 ά,
2683 1363 2738 1405 et
2768 1353 2833 1405 de
2860 1352 3065 1407 colonis
3094 1353 3227 1408 meis
3246 1351 3518 1408 Erloinum
3547 1368 3668 1408 eum
3694 1369 3860 1413 uxore
3878 1368 3995 1422 sua,

2422 1449 2629 1496 etcum
2659 1443 2808 1497 omni
2863 1443 3259 1513 appertinentia
3287 1458 3383 1497 sua
3408 1482 3424 1506 ,
3475 1458 3592 1498 cum
3620 1457 3742 1498 casa
3783 1452 3837 1496 et
3877 1457 3996 1497 cum

2424 1539 2587 1593 terra,
2621 1540 2820 1588 etcum
2838 1533 3088 1588 omnibus
3111 1533 3222 1588 suis
3249 1551 3260 1584 :
3293 1540 3349 1588 et
3373 1533 3533 1588 alium
3555 1548 3762 1590 servum
3786 1531 3997 1588 nomine

2422 1623 2751 1678 Waldoll‘um
2781 1640 2905 1680 cum
2939 1639 3224 1692 casa,cum
3253 1635 3416 1691 terra,
3448 1631 3642 1680 etcum
3663 1625 3903 1681 erunibus
3929 1622 3998 1678 ad

2423 1733 2546 1774 eum
2579 1718 2997 1786 pertinentibus,
3023 1726 3085 1773 ut
3107 1719 3233 1773 dum
3254 1720 3430 1775 adhuc
3457 1719 3680 1775 vivimus
3698 1733 3796 1788 ego
3826 1727 3880 1772 et
3905 1717 3996 1772 lilii

2425 1809 2551 1871 mei,
2579 1809 2630 1861 in
2663 1817 2848 1862 nostra
2881 1817 3236 1878 permaneant
3262 1812 3688 1879 potestate,etin
3717 1826 3855 1865 anno
3880 1809 4000 1864 red-

731 1896 1090 1969 prazdixemus
1109 1943 1122 1968 ,
1171 1902 1324 1972 juxta
1353 1903 1782 1974 conjurationem
1812 1907 2130 1963 desentiatis
2159 1907 2316 1963 nobis
2347 1893 2396 1955 Β
2421 1898 2613 1955 damus
2643 1915 2855 1955 cartam
2878 1901 2946 1955 de
2973 1901 3121 1964 Vino.
3152 1910 3209 1956 ei
3229 1915 3439 1956 03mm
3468 1901 3536 1956 de
3558 1901 3784 1970 siligine.
3809 1911 3863 1955 ει
3883 1915 4001 1955 0³1·-

731 1988 972 2058 praedicti
993 1994 1342 2058 successoris,
1372 1997 1416 2052 si
1461 2010 1567 2050 non
1594 1996 1856 2058 Martinus
1899 2001 2212 2068 consortio,
2268 2002 2315 2057 si

729 2096 840 2141 non
864 2079 1109 2138 Christus
1135 2101 1234 2140 suo
1286 2101 1382 2142 vos
1422 2087 1675 2145 excludat
1720 2105 1909 2160 regno.
1964 2091 2071 2146 Vos
2097 2107 2316 2163 quoque

729 2176 1069 2236 venerandos
1123 2178 1256 2234 mihi
1292 2178 1597 2235 Callcarum
1646 2182 1922 2251 przcsoles,
1951 2190 2007 2237 et
2055 2185 2315 2251 Bclgicm,

729 2265 1032 2334 Aquitania.-
1078 2271 1525 2338 tnetrijlitanos
1569 2280 1626 2327 ct
1671 2287 1860 2327 omnes
1912 2269 2214 2333 cont‘ratres
2261 2283 2316 2330 et

729 2356 1081 2427 coepiscopos
1103 2359 1331 2430 supplex
1380 2375 1549 2416 exoro
1577 2401 1592 2426 ,
1646 2370 1703 2416 ut
1733 2363 1858 2419 huic
1902 2365 2168 2433 paginulte
2217 2381 2316 2435 pro

730 2451 872 2504 sotio
911 2460 1095 2506 vestro
1145 2459 1373 2522 patrono
1400 2461 1584 2509 nostro
1629 2463 1818 2509 sancto
1872 2454 2105 2511 Martino
2135 2471 2319 2512 assen-

727 2556 848 2597 sum
879 2541 1146 2608 tribuatis,
1168 2543 1351 2598 animo
1378 2558 1446 2598 ex
1470 2545 1631 2612 pleno
1659 2545 1906 2600 manibus
1938 2546 2132 2601 vestris
2179 2546 2317 2602 infra

726 2629 1127 2687 subscribentes
1161 2675 1176 2700 ,
1235 2632 1487 2688 roborem
1535 2632 1674 2688 detis
1719 2645 2040 2703 perpetuum
2071 2677 2084 2700 ,
2139 2644 2201 2691 ut
2249 2636 2318 2692 ad

725 2732 929 2781 aeterna
957 2726 1109 2781 vobis
1136 2727 1354 2796 prsentia
1381 2725 1488 2781 hoc
1516 2728 1874 2796 privilegium,
1901 2743 1998 2798 per
2012 2730 2312 2786 orationem

725 2817 921 2887 quibus
949 2816 1124 2884 datur,
1151 2818 1427 2886 perveniat
1455 2825 1510 2871 et
1540 2818 1713 2871 nobis.

799 2909 859 2964 in
887 2908 1086 2969 Christi
1135 2927 1352 2975 nomen,
1384 2910 1536 2978 lbbo,
1568 2909 1669 2965 etsi
1700 2919 1954 2980 peccator
1980 2912 2267 2983 episc0pus
2296 2954 2312 2978 ,

724 3001 830 3059 hoc
857 3002 1195 3072 privilegium
1246 3002 1450 3069 integra
1497 3001 1774 3056 voluntate
1801 3009 1857 3055 et
1905 3001 2194 3058 devotione
2248 3002 2316 3057 ad

725 3094 1046 3151 monastirio
1079 3092 1136 3148 S.
1163 3093 1398 3158 Martini,
1426 3096 1515 3148 ubi
1537 3094 1787 3148 monachi
1810 3095 2107 3150 secundum
2132 3095 2317 3164 regola

2415 2008 2528 2048 ram
2558 1993 2624 2047 de
2648 1993 2811 2059 faeno,
2836 2001 2892 2048 et
2941 1993 3249 2062 lriskingam
3279 1998 3325 2048 ”.
3355 1993 3422 2048 Et
3448 1994 3493 2049 si
3525 1994 3645 2048 ﬁliis
3673 1994 3804 2049 meis
3832 1993 4002 2048 inlan-

2417 2094 2500 2140 tcs
2523 2086 2631 2141 nati
2667 2085 2882 2150 fuerint,
2905 2085 3049 2142 sicut
3076 2086 3327 2156 superius
3347 2085 3487 2152 dixi,
3533 2085 3605 2139 ita
3644 2085 3850 2140 solvant
3874 2098 4002 2139 cen-

2416 2194 2556 2243 sum,
2591 2189 2646 2232 et
2689 2179 2924 2234 habeant
2963 2185 3308 2247 potestatem.
3365 2177 3424 2232 Si
3479 2176 3747 2231 noluerint
3785 2189 4000 2230 censum

2417 2269 2541 2323 inde
2571 2270 2820 2333 reddere.
2851 2271 3034 2326 omnia
3067 2312 3082 2334 ,
3138 2269 3280 2326 sicut
3302 2269 3548 2338 superius
3575 2269 3802 2323 diximus
3829 2302 3840 2320 ο
3891 2267 4002 2322 sint

2418 2376 2679 2416 concessa
2710 2363 2776 2417 ad
2809 2363 3092 2418 ecclesiam
3123 2363 3180 2418 S.
3209 2360 3469 2415 Gallonis.
3503 2359 3570 2414 Et
3595 2360 3642 2415 si
3671 2360 3810 2430 quis,
3855 2356 4000 2427 quod

2418 2469 2528 2509 non
2558 2454 2846 2518 credimus,
2880 2453 3078 2522 aliquis
3124 2454 3193 2508 de
3233 2451 3522 2508 heredibus
3577 2453 3773 2506 nostris
3814 2459 3998 2505 contra

2418 2547 2563 2601 hunc
2590 2547 2788 2601 factum
2809 2555 3058 2619 nostrum
3089 2545 3168 2600 ire
3188 2543 3272 2599 vel
3301 2545 3608 2612 inrumpere
3630 2542 3857 2597 voluerit
3879 2583 3894 2607 ,
3942 2541 3999 2595 in

2419 2639 2607 2708 primis
2639 2639 2881 2693 incurrat
2905 2637 3166 2707 judicium
3193 2635 3307 2700 Dei,
3335 2644 3391 2690 et
3416 2635 3590 2690 solvat
3613 2636 3726 2689 auri
3755 2635 3908 2689 libras
3939 2649 3998 2689 ιι.

2420 2728 2486 2785 Et
2508 2731 2651 2785 hunc
2674 2729 2873 2784 factum
2905 2738 3151 2784 nostrum
3175 2729 3415 2784 inlaasum
3452 2733 3762 2796 permaneat
3782 2725 4003 2794 stipula-

2424 2822 2572 2877 tione
2600 2821 2847 2876 subnixa.
2873 2847 2946 2858 —
2966 2819 3132 2874 Facta
3163 2820 3276 2873 haec
3304 2827 3453 2872 certa
3482 2826 3563 2872 est
3583 2818 3635 2871 in
3667 2818 3784 2872 loco
3807 2817 3893 2885 qui
3917 2815 4004 2872 di-

2422 2912 2562 2969 citur
2590 2912 2958 2976 Anninchova,
3004 2911 3114 2966 xvii
3142 2909 3352 2964 kalend.
3385 2909 3541 2963 Febr.
3575 2909 3673 2962 sub
3701 2922 3862 2976 regno
3896 2907 4001 2963 do-

2421 3001 2554 3057 mini
2612 3001 2782 3056 nostri
2839 2999 3070 3070 Elperici
3104 2997 3123 3038 ί
3154 2999 3314 3067 regis.
3345 2998 3492 3066 Sign.
3526 2997 3760 3051 Teotarii
3808 3006 3861 3051 et
3888 2997 4000 3052 Ro—

2423 3091 2584 3156 tarii,
2634 3092 2726 3159 qui
2774 3092 2915 3145 hanc
2941 3099 3148 3144 cartam
3202 3088 3317 3143 lieri
3346 3096 3683 3156 rogaverunt.
3731 3086 3768 3156 ηιμ
3799 3086 4004 3155 Siguini

725 3187 898 3242 sancti
948 3185 1222 3241 Benedicti
1270 3200 1592 3240 conservare
1641 3186 1892 3241 vedintur
1916 3227 1930 3248 .
2001 3188 2312 3255 subscripsi.
2345 3202 2390 3265 ο
2423 3185 2574 3240 testis
2602 3184 2740 3254 sign.
2774 3181 3082 3252 Regandozi
3115 3181 3267 3236 testis
3293 3181 3395 3248 sig.
3425 3179 3662 3249 Vulperti
3710 3179 3857 3234 testis
3893 3180 3999 3249 sig.

726 3279 864 3336 Dido
899 3291 920 3314 ιι
958 3287 1207 3350 peccator
1235 3279 1578 3334 consentiens
1605 3279 1926 3350 subscripsi;
1960 3278 2317 3335 Bertacbarus

727 3371 896 3428 abbas
943 3370 1288 3427 consentiens
1331 3369 1645 3439 subscripsi.
1681 3370 1854 3436 Dodo,
1895 3386 1959 3426 ac
1985 3373 2030 3426 si
2071 3373 2320 3440 indignus

723 3459 1006 3526 diaconus,
1032 3463 1378 3517 consentiens
1399 3462 1708 3531 subscripsi.
1735 3460 2128 3518 Mummolenus
2151 3464 2317 3519 abbas

725 3551 1074 3609 consentiens
1128 3552 1438 3622 subscripsi.
1502 3551 1918 3608 Berthcramnus
1969 3554 2316 3609 consentiens

725 3642 1044 3713 SUbSt'l'lpSi.

805 4033 827 4060 ⁸
870 4021 1097 4078 Nomine
1135 4019 1354 4075 Didonis
1401 4017 1650 4086 intelligit
1689 4016 2065 4087 Mabilleuius,
2114 4022 2314 4078 Annal.

730 4104 866 4151 tom.
898 4093 959 4158 ll,
989 4106 1109 4162 pag.
1141 4093 1229 4157 50,
1259 4090 1630 4162 'l‘uronensem
1681 4090 2012 4162 episcopum,
2042 4093 2131 4160 qui
2160 4091 2316 4148 Gun-

728 4173 945 4222 tramno
992 4159 1279 4218 successit.
1313 4161 1500 4228 Neque
1526 4160 1724 4212 mirere
1757 4199 1774 4224 ,
1819 4159 1914 4223 ait,
1948 4159 2084 4215 duos
2141 4165 2316 4218 cidem

730 4237 1093 4292 instrumento
1140 4233 1520 4300 subscripsisse
1549 4230 1891 4282 ’l'uronenses
1921 4231 2239 4301 episcopos;
2275 4237 2319 4290 is

731 4308 876 4362 enim
907 4315 1020 4359 tum
1061 4321 1180 4359 mos
1209 4313 1324 4358 erat
1353 4299 1410 4356 ut
1436 4301 1774 4371 superiorum
1806 4299 2126 4368 pontilit-um‘
2151 4306 2317 4371 privi-

731 4378 885 4445 legiis
913 4390 1251 4430 successores
1274 4373 1676 4445 subscriberent
1705 4369 1758 4423 in
1786 4371 1961 4438 spatio
1988 4369 2163 4445 vacuo
2174 4376 2320 4444 quod

731 4443 856 4502 ideo
875 4447 929 4502 in
954 4446 1259 4500 authentico
1283 4443 1720 4512 relinquebatur:
1753 4455 1853 4493 nos
1873 4456 2091 4510 quoque
2116 4444 2167 4496 id
2189 4447 2320 4500 alias

733 4517 1155 4573 observavimus.

808 4567 1065 4641 riis-stat
1083 4567 1562 4640 inVTraditienibus
1583 4579 1895 4636 monasterii
1923 4585 1977 4635 s.
2012 4583 2172 4647 Galli,
2198 4599 2318 4651 pag.
2356 4567 2402 4630 ι)

733 4659 788 4714 2.
822 4657 1069 4725 Vulgavit
1105 4656 1412 4719 Goldastus,
1452 4655 1794 4725 Seripttrer.
1829 4651 2090 4725 Alcman.
2127 4664 2164 4709 t.
2220 4655 2282 4708 lit
2307 4697 2323 4723 ,

736 4738 873 4800 part.
907 4720 1045 4800 iiii.
1078 4727 1165 4782 41.
1197 4727 1514 4793 Neugartus,
1561 4724 1614 4776 in
1643 4721 1778 4800 Coti.
1813 4720 1986 4776 Alcm.
2021 4726 2148 4795 dipl.
2187 4736 2225 4781 t.
2260 4725 2280 4780 Ι
2309 4720 2324 4792 ,

734 4794 860 4871 pag.
884 4800 937 4865 9,
970 4799 1262 4871 fragmenta
1297 4805 1500 4849 tantum
1532 4794 1816 4871 egpressit.

811 4864 832 4910 ὃ
875 4864 1103 4933 Cenjicit
1148 4867 1448 4933 Neugat'tus
1507 4864 1734 4932 primam
1783 4864 2019 4919 litteram
2073 4868 2328 4922 omissam

739 4939 924 5004 fuisse.
973 4941 1362 5006 legendumque
1395 4934 1788 5006 Pepenwillare
1817 4977 1832 5001 ,
1886 4936 2046 4991 hodie
2096 4934 2327 4993 Prairen-

736 5003 944 5077 \vciler,
968 5003 1142 5064 vicum
1175 5011 1225 5064 in
1254 5003 1532 5078 Brisgovia
1562 5003 2092 5078 super-Friburgum.

811 5083 835 5118 ἀ
875 5074 1040 5137 Natat
1069 5074 1640 5146 Neugartus'pritnam
1696 5074 1783 5127 hic
1837 5074 1966 5130 tieri‘
2002 5077 2329 5134 mentionem

736 5153 1016 5207 vinearum
1065 5152 1117 5205 in
1163 5151 1363 5205 chartis
1416 5145 1885 5213 Sangallcusibus.
1925 5147 2148 5202 Constat
2187 5151 2329 5203 enim

739 5226 839 5277 hoc
886 5234 1130 5292 tempore
1177 5222 1406 5292 vicinam
1438 5216 1794 5292 llhingoviam
1827 5257 1841 5282 ,
1887 5219 2332 5292 adjacentemque

735 5294 793 5348 S.
839 5289 1013 5348 Gallo:
1049 5290 1392 5360 Turgoviam,
1425 5289 1704 5360 vinearum
1735 5290 2219 5360 expertctni'uisse.

813 5375 835 5401 ο
882 5357 1183 5432 Neugartus'
1206 5361 1474 5432 Cangium
1503 5357 1858 5432 reprehendit
1895 5359 2039 5432 quod
2072 5359 2171 5414 hac
2197 5375 2332 5415 voce

743 5427 1075 5489 intellexerit
1103 5430 1370 5502 quoddam
1394 5428 1623 5502 vehiculi
1653 5440 1848 5502 genus.
1895 5427 2091 5502 Verum
2111 5447 2135 5502 Ξ
2161 5433 2252 5484 sed
2279 5433 2330 5485 in

742 5507 968 5574 speciali
989 5497 1445 5574 casu'capitularis
1463 5498 1718 5574 Ludovici
1737 5497 1948 5574 anni
1969 5497 2062 5550 82!
2077 5499 2331 5568 ,Cangius

740 5568 1000 5642 expresse
1039 5568 1227 5629 scribit
1279 5571 1583 5639 j'riskingam
1629 5568 1928 5642 signiﬁcare
1985 5573 2210 5639 scrofam
2240 5583 2333 5625 aut

743 5639 889 5702 Illud
944 5658 1228 5716 porcortuu
1260 5656 1430 5716 genus
1443 5658 1459 5716 ξ
1512 5639 1656 5706 quod
1707 5639 1897 5716 asserit
1941 5654 2154 5716 quoque
2193 5642 2332 5716 Νεμ.

741 5709 961 5786 εει-ιυδξ
983 5713 1364 5786 Vid_._seher_zii
1393 5709 1567 5764 Gloss.
1620 5722 1790 5777 germ.
1823 5709 1889 5764 ab
1936 5709 2188 5766 Oberlino
2219 5713 2333 5767 edi.

749 5782 884 5851 tum,
918 5801 1038 5840 voc.
1073 5782 1395 5852 Friachling.

830 5848 1050 5913 ι’(ζετιθ
1094 5848 1431 5922 Cbilperiéus
1477 5849 1551 5917 ll,
1611 5848 1799 5905 Daniel
1827 5849 1999 5907 dictus
2042 5866 2331 5923 antequam

3158 3293 3290 3348 LVI.

2423 3387 2810 3443 Testamentum
2860 3386 3138 3440 Wideradi
3178 3385 3398 3451 abbatis,
3433 3399 3530 3454 quo
3557 3385 3719 3454 multa
3745 3383 3880 3453 legat
3903 3379 4002 3454 bna

2491 3459 2652 3511 silicis
2683 3457 2745 3512 S.
2771 3458 3044 3518 Andochii.
3073 3459 3132 3511 S.
3161 3456 3392 3524 Regium,
3413 3453 3460 3508 et
3482 3454 3542 3509 S.
3575 3453 3846 3514 Ferreoli;
3881 3453 4006 3507 reli-

2489 3545 2708 3598 quarum
2737 3545 2854 3581 vero
2883 3529 3264 3598 possessionum
3306 3525 3789 3598 suai'um_[twreclent
3810 3524 4004 3598 consti-

2487 3591 2585 3738 z'uit
2637 3591 2912 3737 εξξιῗῖίαήι
2972 3599 3141 3651 sancti
3198 3596 3442 3666 Prwjecti
3506 3591 3911 3648 Flaviniaccnsis
3977 3601 4002 3640 ι

2513 3685 2637 3721 amt.
2799 3707 2813 3722 .

2513 3685 2637 3721 amt.
2665 3669 2813 3737 721).

2491 3782 2648 3838 Anno
2675 3783 2852 3852 primo
2879 3788 3144 3852 regnante
3170 3777 3503 3835 Theoderico
3525 3791 3685 3848 rege,
3701 3777 3798 3832 sub
3827 3774 3911 3829 die
3936 3791 4004 3828 xv

2418 3875 2636 3931 kalend.
2671 3874 3125 3939 Februariarum,
3155 3887 3255 3943 ego
3312 3871 3629 3928 Wideradus
3668 3870 3822 3934 abba,
3854 3869 3996 3923 lilius

2419 4035 2613 4090 solium
2679 4031 3073 4087 conscenderit.
3131 4029 3331 4085 Charta
3389 4043 3494 4082 non
3555 4026 3752 4081 indicat
3804 4040 4002 4078 annum

2419 4106 2592 4173 regni,
2620 4105 2762 4158 unde
2790 4103 3104 4158 collocanda
3127 4109 3211 4156 est
3236 4100 3375 4154 inter
3405 4096 3508 4151 715
3537 4107 3592 4150 et
3613 4097 3750 4173 _72_0_;
3784 4094 4002 4173 Chilpe.

2421 4164 2564 4233 ricus
2582 4164 2634 4229 ll
2662 4175 2805 4228 enim
2830 4189 2859 4226 a
2888 4173 3106 4226 Francis
3134 4173 3200 4223 ad
3230 4183 3471 4236 regnum,
3491 4166 3792 4237 posthabito
3823 4164 4003 4237 Theo—

2422 4232 2612 4301 dorico
2642 4244 2731 4308 IV,
2766 4243 3055 4309 Dagoberti
3083 4239 3148 4295 111
3180 4232 3315 4307 tilio;
3334 4232 3554 4294 vocatus
3597 4246 3680 4292 est
3707 4250 3844 4290 anno
3873 4232 4002 4302 715,

2424 4315 2662 4383 ohiitque
2693 4330 2834 4368 anno
2865 4311 2988 4364 720.

2496 4395 2519 4432 ε
2565 4374 2767 4452 Duplex
2821 4384 3080 4436 habemus
3119 4375 3809 4452 testameptrrm_Wider;rdi_
3843 4374 4008 4452 :_hoc

2424 4456 2576 4524 prius
2607 4444 2772 4507 edidit
2793 4453 3151 4514 Mabillonius,
3177 4452 3316 4524 inter
3335 4451 3472 4524 Acta
3633 4447 3746 4500 ord.
3778 4445 3833 4498 S.
3864 4444 4000 4499 Ben.

2427 4518 2467 4578 ἰ.
2504 4527 2587 4589 lil,
2618 4538 2740 4593 pag.
2774 4524 2906 4584 65:2,
2937 4531 3186 4593 exactum
3223 4519 3290 4572 ad
3317 4520 3450 4574 duos
3475 4518 3842 4593 codicestuss.
3870 4529 4007 4582 Quo-

2430 4612 2547 4648 rum
2575 4585 2738 4647 unus
2780 4595 2846 4646 ab
2876 4591 3029 4644 annis
3059 4590 3164 4642 800
3193 4598 3442 4642 cxaratus
3491 4587 3606 4641 fuit.
3665 4585 4009 4638 Bet‘uderunt

2430 4664 2697 4727 Cointius,
2731 4663 2925 4714 Annal.
2961 4672 2997 4712 t.
3034 4660 3118 4721 IV,
3149 4673 3271 4728 pag.
3319 4658 3441 4721 680,
3465 4665 3518 4710 et
3552 4672 3629 4728 ex
3682 4655 4008 4728 chartulario

2434 4736 2493 4789 υ.
2532 4723 2812 4793 Plancher,
2844 4723 3165 4796 Burgundite
3191 4723 3667 4795 historiographus,
3704 4733 3743 4778 t.
3780 4726 3816 4782 l,
3849 4723 4006 4796 prob.

2431 4818 2550 4875 pag.
2570 4805 2624 4875 l._
2640 4803 2927 4875 Co_nditum
2947 4794 3308 4875 dicitur_anit_o
3340 4794 3639 4875 Theoderici
3665 4796 3804 4875 regis
3821 4794 4007 4875 primo,

2430 4863 2572 4942 £1qu
2597 4873 2665 4927 de
2692 4871 3028 4925 Theoderico
3057 4869 3123 4936 ιι,
3144 4868 3434 4942 ίδιςεδςει-ιί-
3457 4875 3511 4921 et
3539 4863 3886 4942 nuntiantis
3917 4879 4012 4941 ne-

2430 4933 2580 5014 pote,
2614 4945 2998 5014 interpretatus
3026 4933 3293 5014 est'_ll_u?g_o_
3319 4936 3646 5014 inﬁciironico
3670 4933 4010 5014 Virdunensi,

2431 5001 2635 5084 scripto
2653 5001 2852 5084 sacculo
2881 5025 2935 5063 ιιι
2956 5051 2968 5074 ,
2998 5009 3137 5084 apud
3166 5001 3332 5084 Labb.
3365 5007 3613 5084 Biblioth.
3648 5018 3775 5083 mss.
3807 5011 3943 5055 tom.
3967 5001 4012 5068 l,

2431 5073 2556 5166 pag:
2588 5084 2738 5166 “3.,
2767 5081 2910 5166 Sane
2927 5073 3215 5166 "miramur
3244 5078 3384 5156 hunc
3419 5076 3491 5130 ibi
3547 5073 4010 5166 eme-Illii§SC,-Cl:l-lll3

2432 5143 2545 5224 ipse
2601 5153 2874 5223 prmluerit
2927 5147 3318 5206 Flaviniaeensi
3370 5145 3695 5224 monasterio
3749 5143 3802 5224 in
3855 5143 4012 5224 ριριιξ

2431 5210 2657 5293 gratiam
2687 5229 3066 5293 testamentum
3097 5233 3252 5272 suum
3284 5212 3872 5293 condidit_\\’_ideradus.
3899 5210 4011 5293 Sed

2433 5283 2552 5348 cum
2587 5292 2905 5347 Wideradus
2946 5290 3121 5344 adhuc
3151 5303 3293 5342 anno
3343 5285 3536 5340 Christi
3590 5283 3692 5336 7M
3738 5291 4014 5351 superstes

2433 5366 2613 5428 fuerit,
2645 5375 2702 5420 ut
2729 5364 2896 5430 liquet
2925 5377 2990 5416 ex
3032 5361 3149 5428 ejus
3186 5360 3357 5430 altero
3399 5363 3716 5430 testamento
3744 5351 3888 5430 quod
3919 5367 4016 5406 or-

2432 5435 2556 5489 dine
2588 5422 2687 5490 suo
2717 5422 3034 5494 referemus,
3061 5422 3252 5499 prioris
3279 5425 3578 5499 testamenti
3609 5422 4017 5499 note_c_hrono—

2436 5507 2619 5573 logica:
2646 5506 2712 5559 de
2741 5492 3076 5556 Theoderico
3095 5500 3171 5573 iV
3203 5497 3558 5573 intelligentiae
3586 5503 3725 5549 sunt.
3753 5492 3810 5573 _ld
3830 5501 4017 5573 autem

2434 5562 2601 5629 fusius
2624 5573 2934 5629 monstravit
2969 5570 3323 5632 Mabillouius,
3356 5562 3445 5621 ubi
3476 5580 3668 5634 supra;
3716 5571 3770 5617 et
3816 5562 4016 5634 Annal.

2433 5653 2473 5698 t.
2501 5645 2563 5709 ll,
2596 5659 2717 5713 pag.
2741 5643 2830 5705 64,
2865 5644 2951 5696 cui
2980 5641 3240 5700 Cointius,
3273 5631 3464 5713 Annal.
3593 5634 3682 5699 IV,
3714 5646 3836 5713 pag.
3879 5631 4016 5713 ἔξω.

2433 5701 2772 5784 suffragatur.
2803 5701 2892 5767 Sic
2921 5719 3102 5784 etiarn
3129 5717 3326 5784 censet
3368 5705 3826 5784 historiographns
3879 5701 4022 5755 Bur-

2433 5778 2662 5854 gundii),
2696 5795 2735 5838 t.
2766 5787 2817 5848 i,
2849 5797 2966 5852 pag.
3006 5781 3103 5833 107
3129 5820 3144 5842 ,
3177 5781 3228 5832 in
3261 5778 3513 5854 historia)
3565 5792 3674 5830 sua:
3721 5785 4022 5854 cuinextu;

2435 5849 2608 5913 cidem
2640 5865 2817 5912 tamen
2849 5849 3226 5919 instrumento,
3260 5849 3398 5905 inter
3428 5849 3663 5904 historiae
3692 5859 3801 5902 suae
3825 5851 4025 5914 proba-
