4206 6534
215 389 360 451 1269

974 389 1410 453 ιδοΝΑτιοΝΕε
1449 392 1538 451 AC
1574 392 2043 452 TESTAMENTA
2088 392 2331 462 EPISC.,
2376 394 2553 463 ABB.,
2599 395 2754 453 ETC.

3363 395 3506 454 1270

214 508 318 563 viri
342 505 556 563 inlustri
583 504 849 563 Corbonis
874 508 1176 579 quondam,
1205 523 1337 563 sana
1366 516 1551 564 mente
1577 508 1820 578 integro-
1844 515 1893 573 Α
1927 506 2135 577 reliquo
2158 523 2311 576 vero,
2336 507 2476 564 sicut
2501 524 2530 563 a
2562 525 2647 563 me
2678 516 2787 563 tam
2819 506 2976 563 alodo
3017 516 3299 580 parentum
3348 524 3513 581 quam

214 617 327 674 que
354 600 607 668 consilio,
648 608 895 656 metuens
920 600 1169 656 humana:
1192 600 1499 671 fragilitatis
1521 616 1702 665 casus,
1729 610 1819 656 te-

212 704 548 753 stamentum
578 709 781 765 meum,
799 692 1037 759 condidi,
1070 708 1233 764 quem
1282 682 1577 751 A‘ldofredo
1605 695 1819 751 notario

211 787 510 846 scribendo
539 787 819 852 commisi;
882 796 939 841 ut
984 786 1203 856 quando
1250 784 1368 841 dies
1392 785 1665 855 legitimus
1694 792 1821 857 post

210 882 503 936 transitum
534 896 715 936 meum
747 878 1052 945 advenerit,
1076 877 1368 948 recognitis
1409 878 1617 947 sigillis,
1647 877 1820 932 inciso

210 974 365 1049 ligno
391 984 438 1039 η,
471 983 528 1029 ut
555 974 686 1043 legis
715 972 955 1028 decrevit
982 972 1301 1041 auctoritas,
1330 986 1425 1041 per
1468 970 1695 1025 inluster
1741 969 1821 1024 vir

215 1068 562 1136 Amalsindo,
592 1082 752 1139 quem
780 1068 832 1123 in
879 1068 981 1123 hac
1027 1067 1225 1138 pagina
1282 1067 1591 1124 testamenti
1648 1066 1821 1123 nostri

216 1159 545 1233 legatarium
577 1159 803 1227 institui,
830 1161 997 1229 gestis
1039 1158 1351 1231 reipublicae
1403 1158 1821 1231 municipalibus

212 1252 412 1319 titulis,
442 1262 499 1308 ut
519 1253 587 1308 ab
618 1252 748 1324 ipsis
775 1252 891 1323 ejus
916 1254 1304 1325 prosecutione
1344 1252 1639 1317 muniatur,
1665 1261 1721 1308 et
1764 1252 1820 1309 in

210 1346 408 1403 charta
448 1347 469 1382 ι’
502 1347 736 1403 basilica:
767 1346 826 1403 8.
858 1346 1135 1417 Praejecti,
1164 1364 1326 1417 quem
1377 1362 1478 1417 ego
1529 1346 1816 1414 :ediiicavi,

214 1439 660 1498 conservandum
692 1438 932 1495 decrevi.
966 1440 1021 1495 In
1052 1440 1262 1510 reliquo
1306 1456 1436 1497 vero
1476 1440 1818 1511 qualescum-

210 1550 327 1605 que
356 1550 387 1588 a
418 1548 760 1603 quocumque
790 1544 812 1573 ε
844 1532 1083 1605 epistolae
1112 1542 1205 1589 aut
1237 1542 1561 1589 testamenta
1582 1532 1668 1588 vel
1690 1549 1819 1589 con-

207 1627 517 1699 scriptione
548 1623 573 1662 δ
603 1626 670 1681 de
702 1628 921 1682 nomine
951 1642 1075 1683 meo
1106 1627 1193 1682 vel
1222 1642 1384 1681 manu
1423 1644 1542 1681 mea
1597 1628 1820 1682 firmata:

221 1734 463 1781 ostensa:
491 1723 709 1790 fuerint,
740 1732 867 1779 ante
906 1724 1011 1780 hoc
1056 1733 1435 1780 testamentum
1484 1734 1816 1795 prcenotatm,

213 1834 358 1890 quas
384 1819 473 1875 hic
504 1834 613 1873 non
643 1834 1169 1887 connnemoravero,
1192 1820 1431 1889 exceptis
1463 1820 1813 1889 ingenuitati-

1924 616 2021 671 per
2052 601 2349 670 quemlibet
2378 601 2678 657 adtractum
2713 613 2943 668 lentum,
2970 601 3305 657 dominatum
3351 613 3516 674 atque

1924 710 2234 771 possessum
2266 706 2368 764 est,
2411 696 2593 752 omnia
2646 712 2713 753 ex
2767 696 3037 762 onmibus,
3070 712 3191 751 cum
3241 695 3514 761 domibus,

1923 788 2186 854 azditiciis,
2218 788 2393 857 terris,
2423 788 2648 860 campis,
2673 788 2830 845 cultis
2858 798 2914 844 et
2939 787 3175 854 incultis,
3207 787 3512 859 mancipiis,

1923 881 2243 949 accolabus,
2284 880 2523 949 libertis,
2569 880 2777 947 vineis,
2819 881 3002 947 silvis,
3035 881 3235 952 pratis,
3267 880 3513 951 pascuis,

1922 977 2078 1047 aquis
2107 992 2482 1046 aquarumque
2503 976 2838 1041 decursibus,
2864 991 3022 1031 omne
3049 990 3217 1046 genus
3246 974 3513 1047 pecudum

1922 1071 2132 1139 majore
2185 1080 2351 1140 atque
2404 1070 2633 1137 minore,
2668 1070 2958 1126 mobilibus
3002 1078 3058 1126 et
3122 1070 3512 1135 immobilibus,

1922 1179 2140 1221 omnem
2198 1181 2314 1222 rem
2370 1165 2786 1235 inexquisitam,
2822 1164 3083 1236 quidquid
3132 1165 3188 1221 in
3233 1165 3347 1237 ipsa
3396 1164 3516 1220 loca

1922 1255 2171 1327 superius
2198 1256 2469 1311 nominata
2502 1256 2703 1309 habere
2730 1255 2935 1320 videor,
2969 1263 3141 1310 totum
3170 1265 3225 1311 et
3255 1255 3322 1311 ad
3368 1254 3513 1312 inte-

1921 1364 2076 1421 grum
2099 1352 2168 1407 ad
2198 1352 2255 1408 S.
2284 1351 2549 1407 Andocbii
2576 1350 2855 1406 basilicam
2880 1351 3129 1422 proﬁciat
3154 1351 3206 1405 in
3257 1365 3515 1420 augmen-

1923 1454 2057 1499 tum.
2089 1442 2352 1500 Similiter
2373 1443 2637 1499 donamus
2662 1443 2729 1499 ad
2756 1443 3033 1500 basilicam
3062 1442 3121 1499 S.
3153 1443 3393 1515 Reginaa,
3422 1444 3517 1502 ubi

1920 1538 2037 1608 ipsa
2070 1538 2309 1609 pretiosa
2336 1536 2635 1606 requiescit
2661 1536 2714 1591 in
2745 1551 2996 1606 corpore,
3025 1537 3076 1591 in
3118 1550 3257 1609 pago
3307 1535 3516 1594 Terno-

1920 1630 2123 1700 drinse,
2160 1628 2427 1693 Vibelum,
2462 1628 2731 1693 Cicunias,
2766 1628 3085 1695 Anciacum,
3112 1628 3408 1695 Raharias;
3457 1630 3514 1687 in

1921 1738 2058 1793 pago
2105 1721 2491 1788 Leotincinse,
2524 1720 2707 1775 villam
2750 1720 3059 1787 Maurianae,
3112 1720 3514 1791 Altam-ripam,

1924 1818 2240 1882 Baniolum;
2274 1816 2327 1871 in
2357 1831 2496 1887 pago
2523 1813 2870 1882 Duismense,
2918 1813 3232 1881 Stafiacum,
3284 1813 3519 1870 Coluba-

212 1914 328 1970 bus
357 1929 494 1983 quas
517 1929 616 1984 pro
658 1914 851 1969 animae
909 1923 1108 1970 nostra:
1160 1916 1401 1971 remedio
1448 1918 1693 1985 fecimus,
1726 1926 1817 1973 aut
1846 1893 1893 1954 Β
1926 1911 2085 1972 rium.
2118 1909 2498 1975 Vilﬂoveium;
2553 1908 2605 1962 in
2639 1922 2779 1978 p880
2811 1907 3235 1975 AmmaViOI‘um,
3270 1906 3517 1963 (latinia-

216 2009 404 2065 adhuc
433 2009 611 2065 facere
637 2008 902 2076 volumus,
927 2026 1110 2066 vacum
1140 2021 1513 2082 permaneant.
1568 2013 1633 2066 Et
1674 2013 1817 2080 quod

214 2106 510 2176 unicuique
539 2122 635 2176 per
665 2106 768 2161 hoc
799 2115 1179 2163 testamentum
1213 2108 1414 2162 dedero
1444 2108 1681 2177 dareque
1708 2108 1819 2177 jus-

208 2216 364 2266 sero,
398 2200 447 2254 id
478 2209 535 2255 ut
569 2202 679 2264 tiat,
711 2201 888 2265 detur,
913 2212 1219 2272 prmstetur,
1253 2202 1563 2272 impleatur,
1594 2212 1664 2265 te,
1695 2209 1815 2256 Um-

206 2293 489 2363 nipotens,
516 2302 709 2348 testem
734 2296 1033 2350 committo.
1063 2294 1403 2365 QuaprOpter
1432 2296 1558 2349 dum
1592 2312 1697 2350 non
1722 2297 1818 2350 ha-

206 2386 378 2444 betur
403 2387 737 2457 incognitum
784 2390 1040 2459 qualiter,
1069 2390 1419 2461 dispensante
1452 2390 1593 2457 Deo,
1623 2390 1687 2443 ad
1720 2390 1814 2443 lia-

206 2478 449 2534 b6ndinn
480 2479 598 2534 loca
627 2488 939 2536 sanctorum
963 2524 976 2547 ,
1007 2479 1065 2537 S.
1111 2480 1378 2535 Audochii
1427 2480 1808 2542 Sedelocense,

207 2581 271 2627 et
302 2574 361 2627 S.
397 2574 615 2642 Regina:
637 2574 870 2639 Alsinse,
906 2582 979 2628 et.
1007 2574 1063 2629 S.
1100 2574 1363 2639 Ferreoli,
1396 2574 1486 2628 ubi
1535 2574 1635 2643 ipsi
1687 2588 1811 2642 pre—

211 2666 342 2721 tiosi
377 2667 729 2738 requiescunt
762 2669 813 2722 in
846 2684 1100 2739 corpore,
1135 2668 1188 2722 in
1218 2684 1338 2722 inea
1396 2684 1526 2723 cura
1578 2671 1811 2738 suscepi,

209 2759 441 2829 insuper
467 2759 629 2814 etiam
663 2769 718 2813 et
762 2761 813 2815 in
847 2761 968 2815 loco
999 2769 1350 2831 nuncupante
1398 2760 1726 2825 Flaviniaco,
1759 2762 1813 2816 in

207 2862 346 2917 agro
378 2850 732 2916 Burnacinse,
765 2851 816 2905 in
850 2866 989 2922 pago
1019 2851 1253 2917 Alsinse,
1282 2851 1335 2907 in
1368 2868 1426 2907 re
1450 2868 1565 2906 mea
1591 2853 1812 2923 propria

207 2957 340 2997 meo
362 2957 530 3012 opere
580 2944 879 3009 construxi,
910 2952 1074 3015 atque
1120 2944 1401 3013 Magoaldo
1450 2944 1633 2999 abbati
1692 2962 1813 3001 cum

208 3037 499 3092 monachis
528 3037 638 3091 suis
669 3037 915 3108 delegavi
966 3039 1285 3107 regulariter
1335 3040 1388 3095 in
1434 3050 1699 3111 perpetuo
1746 3040 1813 3094 ad

206 3134 622 3205 possidendum.
656 3133 810 3189 Dono
844 3134 1006 3203 igitur
1027 3134 1092 3188 ad
1118 3134 1397 3189 basilicam
1421 3151 1581 3205 supra
1606 3150 1812 3190 memo-

1923 2025 2044 2061 cum
2079 2016 2133 2062 et
2162 2006 2431 2072 Casellas;
2488 2005 2542 2060 in
2596 2020 2731 2075 pago
2772 2003 3045 2070 Portinse,
3089 2004 3398 2060 Aviciacum
3459 2012 3518 2060 et

1926 2101 2290 2165 l‘uscionem;
2354 2100 2406 2153 in
2452 2112 2589 2167 pago
2633 2099 3051 2165 Athoariormn,
3085 2096 3516 2154 Pnssessionem.

1926 2195 2049 2248 llaec
2079 2196 2259 2247 omnia
2297 2194 2543 2262 snperius
2573 2194 2982 2262 comprehensa,
3008 2193 3149 2247 sicut
3177 2203 3232 2248 et
3262 2192 3363 2246 alia
3397 2192 3517 2246 loca

1922 2290 1989 2345 ad
2016 2291 2070 2345 S.
2108 2287 2446 2343 Andocliium
2470 2286 2737 2352 dedimus,
2773 2286 2843 2340 ita
2876 2296 2930 2342 et
2958 2286 3057 2340 ista
3086 2284 3152 2340 ad
3190 2284 3248 2341 S.
3297 2284 3518 2353 Regina:

1922 2392 2247 2454 potestatem
2279 2397 2399 2437 cum
2431 2381 2681 2436 omnibus
2712 2380 3107 2450 integritatibus
3137 2395 3322 2435 earum
3363 2379 3518 2435 dele-

1923 2479 2185 2548 gavimus.
2220 2476 2480 2531 Similiter
2500 2476 2761 2530 donamus
2793 2483 2846 2529 et
2874 2474 2939 2527 ad
2972 2474 3251 2528 basilicam
3278 2473 3335 2528 8.
3380 2474 3517 2529 Fer-

1923 2572 2083 2636 reoli,
2116 2570 2204 2625 ubi
2237 2570 2351 2639 ipse
2373 2568 2601 2624 domnus
2626 2568 2917 2637 requiescit
2946 2567 2999 2621 in
3031 2582 3261 2637 corpore
3282 2608 3295 2630 ,
3330 2576 3386 2621 et
3419 2583 3518 2621 nos

1925 2665 1976 2717 in
2001 2663 2264 2730 regimine
2293 2662 2559 2716 habemus
2590 2681 2600 2714 :
2636 2661 2687 2715 in
2717 2674 2852 2730 pago
2878 2659 3233 2724 l’auliacinse,
3260 2659 3520 2712 Aciacum

1927 2776 2046 2814 eum
2082 2760 2332 2813 omnibus
2374 2757 2707 2828 appendiciis
2739 2757 2849 2811 suis
2880 2756 2945 2811 ad
2977 2756 3270 2824 integrum,
3302 2756 3438 2811 sicut
3468 2768 3524 2809 et

1924 2850 2013 2905 illa
2038 2850 2138 2903 alia
2170 2851 2285 2904 loca
2311 2849 2378 2903 ad
2411 2848 2467 2903 S.
2503 2849 2840 2904 Andocliium
2871 2858 2925 2903 et
2955 2848 3023 2903 ad
3047 2848 3103 2904 S.
3132 2848 3415 2919 Reginam,
3446 2850 3519 2904 ita

1922 2956 1975 3001 et
2001 2946 2066 3000 ad
2090 2946 2370 3001 basilicam
2402 2946 2458 3001 8.
2496 2946 2732 3000 Ferreoli
2760 2945 3040 3010 dedimus;
3097 2946 3150 3001 in
3174 2963 3238 3002 ea
3268 2962 3397 3003 vero
3429 2962 3520 3001 ra-

1922 3038 2087 3101 tione,
2122 3046 2202 3102 nt,
2226 3036 2352 3090 dum
2383 3052 2482 3091 nos
2513 3036 2841 3100 advivimus,
2872 3052 3033 3107 supra
3067 3046 3395 3092 memoratas
3425 3038 3522 3092 ab-

1919 3129 2106 3185 badias
2135 3127 2193 3183 S.
2224 3128 2490 3183 Andochii
2522 3138 2576 3185 et
2605 3129 2663 3185 8.
2696 3129 2934 3185 Ferreoli
2964 3130 3052 3186 vel
3081 3130 3140 3185 8.
3175 3131 3412 3200 Reginae,
3462 3140 3519 3189 et

207 3237 391 3283 ratam
444 3228 500 3283 8.
552 3226 817 3283 Andochii
863 3228 1137 3300 martyris,
1166 3230 1444 3298 portiones
1474 3244 1623 3285 meas
1648 3238 1812 3299 atque
1840 3218 1886 3282 C
1918 3238 2107 3278 omnes
2135 3237 2223 3278 res
2253 3222 2353 3277 sibi
2377 3223 2589 3281 debitas
2615 3222 2701 3278 vel
2731 3222 2798 3277 ad
2824 3238 2884 3278 se
2914 3224 3266 3294 pertinentes,
3302 3224 3353 3279 in
3376 3225 3517 3283 inte-

206 3320 336 3377 loca
360 3320 747 3385 denominata;
783 3319 903 3376 haec
930 3329 1057 3375 sunt
1090 3337 1102 3374 :
1140 3320 1194 3375 in
1230 3335 1369 3391 pago
1402 3322 1613 3376 Alsinse
1656 3330 1710 3375 et
1758 3322 1811 3375 iu

207 3413 593 3479 Pauliacense,
620 3414 997 3477 Mcseriacum,
1030 3413 1401 3480 Cccesiacum,
1437 3413 1705 3477 Vallinse;
1761 3414 1815 3468 in

203 3522 355 3580 pago
387 3507 690 3573 Avallinse,
724 3504 1188 3571 Passariniacum;
1238 3506 1291 3560 in
1321 3521 1461 3577 pago
1491 3509 1814 3561 tlommavo-

205 3616 357 3665 rum,
386 3599 665 3669 Stolingus
694 3607 747 3652 et
776 3598 1082 3666 Macereas;
1118 3600 1171 3653 in
1200 3614 1337 3670 pago
1371 3597 1645 3664 Portinse,
1675 3600 1815 3654 Crif-

207 3692 441 3747 fonvilla
465 3700 521 3745 et
546 3691 1157 3760 Vagomundi-curtem;
1212 3692 1264 3746 iu
1293 3706 1433 3761 pago
1462 3692 1815 3759 Neverninse,

208 3785 602 3841 Senseriacum
630 3793 687 3839 et
719 3785 997 3853 Ariacurn,
1022 3794 1221 3855 praeter
1271 3784 1389 3839 illas
1442 3785 1650 3851 vincas,
1678 3800 1816 3853 quo-

207 3877 379 3933 modo
405 3877 493 3931 ille
526 3876 734 3931 rivulus
756 3878 925 3931 currit
954 3877 1047 3947 qui
1070 3877 1243 3932 vineis
1282 3876 1561 3932 Aldeberti
1596 3879 1663 3935 ad
1692 3893 1817 3948 pra-

204 3980 328 4027 tum
352 3970 521 4037 vadit,
551 3977 723 4024 totum
749 3971 901 4025 illum
930 3971 1173 4027 clausum
1204 3986 1367 4040 quem
1414 3987 1515 4026 nos
1558 3970 1816 4040 jussimus

203 4063 481 4134 plantare,
516 4062 581 4117 ad
622 4062 893 4131 integrum
922 4080 1044 4117 cum
1076 4078 1208 4119 exso
1244 4074 1267 4099 θ
1300 4075 1355 4119 et
1410 4080 1677 4135 regresso,
1706 4083 1813 4122 una

203 4141 337 4209 cum
367 4168 557 4207 manso
590 4162 645 4207 et
672 4153 917 4209 colonica
948 4154 1038 4208 illa
1087 4170 1207 4224 quae
1257 4156 1355 4210 fuit
1406 4158 1729 4225 Anseberto,
1761 4168 1815 4213 et

205 4244 374 4301 modo
406 4253 556 4299 tenet
607 4244 754 4300 illam
810 4246 1111 4314 Sicbertus,
1155 4257 1210 4304 et
1263 4250 1435 4319 ipsum
1482 4250 1812 4318 Sicbertum,

205 4354 340 4394 cum
364 4353 537 4394 uxore
567 4353 665 4393 sua
688 4338 772 4393 vel
800 4339 1035 4393 infantes
1055 4341 1372 4410 eorum,qui
1397 4341 1569 4411 ipsam
1602 4343 1810 4397 vineam

202 4431 445 4487 debeant
474 4445 769 4501 procurare
797 4446 960 4501 quam
1002 4429 1060 4486 S.
1103 4429 1372 4502 Praejecto
1429 4433 1699 4490 dedimus.
1753 4433 1810 4489 In

1916 3316 2128 3385 gritate,
2163 3332 2259 3371 seu
2283 3324 2337 3371 et
2356 3315 2468 3385 jam
2497 3316 2638 3371 dicta
2671 3316 2789 3371 loca
2816 3326 2997 3374 nostra
3020 3333 3138 3389 quae
3161 3332 3257 3373 nos
3282 3317 3347 3373 ad
3368 3319 3516 3389 ipsas

1917 3410 2309 3485 delegavimus,
2333 3420 2521 3465 tenere
2544 3420 2598 3464 et
2646 3410 2924 3481 possidere
2973 3412 3157 3481 quieto
3200 3412 3387 3468 ordine
3436 3414 3515 3468 fa-

1917 3504 2162 3571 ciamus;
2204 3512 2327 3574 post
2359 3512 2602 3558 nostrum
2633 3518 2849 3572 quoque
2879 3502 3173 3559 discessum
3194 3520 3355 3576 supra
3406 3520 3517 3562 me-

1918 3606 2157 3651 moratas
2181 3596 2440 3651 ecclesias
2471 3604 2524 3651 et
2554 3596 2889 3665 supradictas
2921 3610 3011 3650 res
3038 3611 3360 3666 unaquaque
3390 3612 3517 3653 casa

1917 3704 2015 3759 per
2052 3698 2295 3744 rectores
2346 3704 2477 3743 suos
2523 3687 2726 3756 absque
2778 3687 2940 3742 ullius
2987 3687 3418 3743 contradictione
3461 3687 3515 3744 in

1919 3794 2072 3834 suam
2105 3778 2303 3834 faciant
2331 3793 2591 3835 revocare
2613 3778 3061 3845 dominationem,
3094 3779 3149 3834 in
3197 3796 3262 3836 ea
3305 3781 3518 3838 ratione

1918 3882 1977 3926 ut
1994 3870 2441 3927 monasteriolum
2460 3880 2703 3927 nostrum
2722 3872 3092 3927 Flaviniacum
3114 3874 3198 3928 vel
3215 3884 3519 3931 strumenta

1916 3964 2059 4033 quod
2094 3964 2163 4020 ad
2193 3965 2366 4035 ipsum
2396 3966 2573 4020 locum
2597 3966 2647 4019 in
2672 3965 2883 4021 honore
2908 3966 2963 4020 S.
2992 3965 3233 4036 Prmjecti
3266 3969 3515 4041 fecimus,

1917 4060 1972 4115 in
1995 4059 2248 4115 omnibus
2276 4059 2532 4114 studeant
2553 4074 2898 4115 conservare.
2928 4058 3014 4125 Et,
3046 4062 3091 4116 si
3139 4061 3252 4131 ipsa
3306 4063 3511 4118 instru-

1916 4161 2101 4208 menta
2129 4153 2465 4223 inrumpere,
2495 4160 2586 4205 aut
2605 4152 2781 4222 ipsum
2804 4153 3165 4209 cmnobiolum
3209 4155 3513 4226 inquietare

1919 4246 2378 4317 prmsumpserint,
2413 4253 2507 4300 aut
2533 4260 2621 4300 res
2646 4245 2763 4313 ejus
2801 4247 3046 4303 minuare
3094 4250 3381 4315 voluerint,
3407 4264 3510 4307 nec

1917 4337 2023 4394 hoc
2050 4340 2265 4393 valeant
2290 4337 2594 4401 vindicare;
2626 4336 2723 4393 sed
2747 4352 2833 4392 res
2854 4348 3087 4406 nostras,
3105 4354 3239 4409 quas
3259 4342 3325 4396 ad
3346 4357 3509 4412 supra

1916 4438 2244 4486 memoratas
2276 4429 2524 4486 basilicas
2557 4430 2613 4484 S.
2644 4429 2913 4486 Andochii
2944 4440 2998 4486 et
3034 4432 3093 4486 8.
3147 4434 3384 4489 Ferreoli
3424 4434 3510 4491 vel

202 4632 387 4687 tiones
437 4630 632 4692 relato,
684 4644 806 4705 pag.
834 4630 1097 4705 Lpannus
1142 4632 1426 4705 ascribitur
1474 4632 1612 4699 606,
1657 4634 1801 4705 quod
1840 4601 1886 4661 θ
1912 4631 2035 4687 549.
2064 4630 2164 4703 [Ad
2194 4628 2354 4699 hujus
2401 4631 3298 4705 testamenti_interpretationem,
3338 4651 3505 4705 quas-

202 4711 360 4774 certe
404 4702 751 4774 amanuensis
797 4703 1098 4774 OSCiltllllltB
1151 4704 1515 4759 tribuendum.
1577 4702 1802 4774 Inquirit

202 4773 796 4845 Mahillonius,§nnal.
854 4782 909 4845 ι.
946 4772 1007 4839 Il,
1060 4789 1181 4845 pag.
1237 4774 1325 4837 65,
1362 4793 1427 4829 an
1478 4772 1800 4833 Willeradus

202 4846 373 4917 fuerit
399 4844 565 4917 abbas
592 4842 979 4917 Flavinicnsis;
1010 4842 1073 4901 et
1095 4842 1286 4916 probat
1308 4846 1355 4900 id
1376 4846 1477 4901 dici
1503 4865 1607 4903 non
1642 4865 1801 4917 posse

203 4917 310 4970 nisi
336 4915 492 4969 simul
514 4930 634 4969 cum
659 4916 777 4983 ipso
797 4915 922 4970 huic
943 4915 1271 4971 monasterio
1297 4919 1572 4986 prtefuisse
1593 4915 1801 4975 dicatur

204 4986 546 5059 Magoaldus:
566 4986 1007 5059 verisimillinrum
1023 4996 1200 5041 autem
1214 4990 1801 5059 arbitraturutrumqoe

204 5074 397 5111 revera
426 5057 587 5110 fuisse
617 5057 867 5111 abbatem
901 5057 1391 5123 Flaviniacensem;
1451 5060 1666 5115 Widera
1690 5057 1794 5115 tum

204 5143 358 5190 vero,
384 5143 544 5196 quem
575 5128 822 5181 abbatem
846 5127 1009 5181 fuisse
1031 5130 1334 5183 ordinatum
1361 5139 1589 5185 testatur
1609 5142 1799 5187 auctor

207 5198 560 5253 Virdunensis
590 5198 855 5266 chronici,
878 5200 967 5253 ubi
989 5215 1175 5269 supra,
1192 5216 1297 5255 non
1324 5203 1422 5255 nisi
1447 5203 1796 5259 honorarium

204 5270 461 5324 abbatem
494 5270 677 5335 fuisse,
702 5271 792 5339 qui
824 5271 975 5339 plura
1008 5272 1335 5325 monasteria
1378 5274 1691 5327 condiderat
1743 5284 1799 5329 et

207 5342 259 5394 in
290 5358 385 5395 sua
412 5356 538 5395 cura
562 5352 904 5410 susceperat;
930 5351 1089 5410 atque
1114 5344 1165 5395 in
1190 5342 1329 5397 hanc
1356 5345 1679 5398 sententiam
1711 5346 1799 5401 de-

206 5414 479 5482 scendunt
530 5411 815 5477 Cointius,
864 5413 953 5466 ubi
1008 5429 1190 5482 supra.
1241 5424 1294 5466 et
1350 5424 1596 5468 auctores
1636 5415 1797 5470 Nova:

205 5480 396 5537 Callia:
427 5482 762 5547 Christianae,
798 5492 837 5537 t.
864 5482 953 5551 IV,
987 5480 1091 5539 col.
1128 5484 1213 5535 55.
1256 5484 1423 5552 Regni
1474 5485 1796 5543 Tlteodorici

208 5552 274 5609 IV
299 5555 454 5609 initio
479 5554 712 5623 repetito
742 5571 770 5607 a
793 5570 978 5609 mense
1010 5555 1289 5610 Decembri
1311 5556 1432 5609 anni
1455 5556 1791 5624 Christi720,

208 5627 409 5681 mensis
440 5624 763 5683 Februarius
793 5626 917 5679 anni
947 5628 1103 5696 primi
1146 5627 1437 5681 concordat
1481 5644 1600 5681 cum
1654 5646 1795 5683 anno

208 5698 407 5754 Christi
437 5696 562 5751 62L
598 5696 699 5749 Alii
732 5697 889 5750 aliam
923 5698 1179 5751 adhibent
1220 5714 1387 5750 annos
1419 5700 1567 5765 regni
1619 5701 1796 5754 'I‘lieo~

208 5771 379 5826 dorici
432 5768 780 5839 computandi
832 5770 1116 5823 rationem.
1181 5771 1463 5837 Sequimur
1517 5781 1795 5840 auctorem

207 5842 390 5897 eximii
418 5837 597 5909 operis
623 5840 696 5894 De
725 5841 967 5895 veritatis
1007 5850 1253 5894 notarum
1287 5837 1795 5909 chronologicarum

206 5913 262 5971 in
297 5914 577 5971 veteribus
611 5912 983 5969 instrumentis
1032 5913 1477 5982 investigatione,
1514 5922 1550 5967 t.
1587 5914 1637 5982 I,
1668 5928 1792 5986 pag.

1905 4702 2137 4773 damquc
2159 4710 2338 4756 textus
2361 4717 2523 4757 voces
2553 4702 2942 4769 emendandas,
2968 4705 3193 4758 multum
3226 4702 3369 4761 facit
3396 4707 3503 4762 for-

1906 4775 2048 4828 mula
2083 4774 2554 4849 Lindenbrogiana
2600 4790 2766 4849 t._x_xn,
2814 4790 2909 4849 seu
2966 4775 3254 4849 Baluziana
3302 4794 3489 4849 xxvrn,

1902 4862 2008 4972 gua
2038 4861 2108 4987 clx
2136 4859 2204 4899 eo
2235 4844 2559 4914 deprompta
2589 4845 2806 4900 videtur
2834 4845 2947 4901 fere
2978 4847 3047 4901 de
3078 4847 3242 4902 verbo
3272 4848 3338 4902 ad
3381 4844 3504 4906 ver-

1944 4933 2046 4971 um.

1944 4933 2046 4971 lllll.

1975 4997 2005 5063 “A
2044 4988 2163 5063 [llic
2185 4988 2469 5063 legendum
2500 4989 2813 5063 mallem,nt
2845 4989 2894 5043 in
2925 4987 3151 5045 formula
3170 4992 3500 5063 supradicta,

1902 5058 2065 5114 inciso
2088 5060 2218 5114 lino.
2246 5058 2375 5114 Post
2398 5067 2624 5112 mortem
2646 5062 2787 5114 enim
2814 5063 3085 5115 Ieslatoris
3110 5058 3498 5120 testamentum

1903 5131 2283 5199 aperiebatur,
2313 5130 2604 5196 recognitis
2643 5131 2856 5202 sigillis,
2896 5131 3174 5201 incisoque
3229 5134 3338 5187 lino
3389 5151 3498 5202 quo

1902 5209 2288 5256 testamentum
2320 5203 2583 5255 irretitum
2608 5201 2994 5267 claudebatur;
3032 5204 3347 5274 nullumque
3370 5201 3499 5260 senu

1900 5288 2017 5327 smn
2050 5274 2292 5340 prmbent
2314 5289 2399 5327 νο(
2418 5289 2474 5326 es
2504 5274 2667 5326 inciso
2694 5273 2885 5343 ligna}

1975 5345 1996 5379 ι’
2040 5344 2369 5411 ὶιρςριιᾱιιη]
2394 5360 2523 5397 sane
2573 5345 2627 5397 in
2658 5346 2936 5411 chartario,
2970 5353 3095 5412 aut,
3119 5354 3174 5400 ut
3203 5346 3360 5403 docet
3390 5347 3500 5403 for-

1900 5415 2145 5487 mulaLin
2178 5416 2357 5468 arclzia
2384 5415 2468 5468 vel
2496 5416 2733 5487 archiis.]

1974 5494 1994 5517 θ
2039 5486 2223 5559 [Error
2254 5487 2533 5553 irrepsisse
2554 5486 2800 5559 videtur;
2842 5488 3127 5558 legendum
3158 5488 3316 5559 foret,
3342 5500 3398 5545 ιιι
3437 5492 3494 5548 in

1901 5557 2149 5629 fortiiula,
2184 5567 2273 5610 aut
2301 5557 2670 5629 quwcumque.]

1974 5627 1997 5664 ἀ
2044 5628 2252 5701 LMelius
2276 5627 2696 5695 conscriptionei,
2732 5639 2791 5685 ut
2819 5631 3175 5701 in'formula.|

1977 5706 1997 5731 ε
2038 5701 2272 5766 Cangius
2304 5716 2419 5772 voc.
2467 5716 2642 5767 ersus,
2674 5702 2955 5771 legendum
2998 5703 3216 5772 conjicit
3249 5707 3389 5758 exin.
3432 5703 3496 5761 In

1901 5772 2369 5838 Lindenbrogiana
2398 5770 2648 5837 formula,
2676 5790 2793 5826 cum
2819 5776 2961 5827 exitu
3016 5785 3067 5827 et
3102 5770 3383 5843 regressu;
3438 5777 3498 5836 in

1899 5843 2189 5915 Baluziaua
2224 5858 2374 5907 vero,
2408 5859 2530 5897 cum
2562 5845 2680 5897 exio
2706 5856 2751 5897 et
2778 5862 3027 5915 regresso.
3088 5838 3287 5903 Charta
3337 5838 3497 5915 Eligit

1899 5914 2024 5969 anni
2054 5912 2180 5983 O51,
2206 5931 2318 5969 cum
2341 5916 2495 5970 ilibus
2517 5926 2565 5968 et
2589 5912 2880 5987 νειέὶιὶὺιιδζ]
