4206 6602
758 510 899 569 4271

1539 508 1810 572 διλΕΕΠΙι.
1853 514 1948 575 VII
1986 517 2077 577 ET
2115 517 2231 575 Vill
2271 517 2804 579 ECCLESIASTICA
2847 513 3297 580 MONUMENTA.

3917 525 4054 583 l272

756 638 818 693 S.
849 627 1070 705 Regina:
1088 625 1473 704 delegavimus,
1500 633 1783 702 amittant;
1816 642 1872 690 et
1910 649 2008 706 per
2049 637 2350 706 protectio-
2374 640 2424 701 Α
2454 636 2724 709 integrum
2747 646 2814 694 ad
2841 638 2957 710 jam
2983 639 3186 698 dictum
3231 641 3624 699 monasterium
3671 641 3858 701 Sancti
3914 645 4054 703 Prae-

755 746 882 788 nem
930 729 1164 801 regiam,
1195 743 1318 784 casa
1349 726 1408 781 S.
1463 725 1711 796 Pracjecti
1763 726 2186 786 Flaviuiaeensis
2230 744 2352 785 cum

755 825 906 881 omni
932 825 1242 895 integritate
1267 824 1412 894 ipsas
1435 822 1665 894 recipiat
1685 822 2077 895 perpetualiter
2119 823 2186 879 ad
2226 839 2355 895 pos-

755 917 1062 973 sidendum.
1089 915 1244 983 Quod
1268 917 1314 973 si
1341 916 1586 987 pontifex
1608 917 1695 973 vel
1717 917 1912 987 aliquis
1933 916 2207 988 quislibet,
2225 917 2354 974 dum

752 1012 1078 1076 advivimus,
1113 1010 1181 1066 de
1213 1011 1344 1081 ipsis
1367 1011 1610 1070 abbadiis
1632 1011 1718 1067 vel
1747 1011 1814 1067 de
1843 1012 2007 1069 rebus
2036 1027 2222 1068 earum
2253 1027 2354 1068 nos

753 1103 1064 1173 exspoliare
1113 1102 1381 1170 voluerit,
1409 1112 1503 1158 aut
1545 1103 1750 1173 aliquid
1801 1104 2047 1160 minuare
2092 1120 2354 1176 praesum-

750 1198 945 1268 pserit,
977 1204 1072 1250 aut
1099 1210 1200 1267 ego
1232 1197 1377 1268 ipsas
1406 1197 1669 1254 abbadias
1694 1199 1884 1253 vivens
1931 1199 2213 1268 dimisero,
2254 1214 2354 1255 nos

747 1306 841 1348 res
874 1300 1090 1348 nostras
1117 1307 1254 1361 quas
1281 1292 1354 1348 ibi
1401 1291 1769 1362 delegavimus
1825 1292 2098 1348 licentiam
2145 1293 2351 1349 habea-

749 1401 873 1440 mus
919 1386 989 1442 ad
1036 1395 1281 1441 nostrum
1319 1385 1621 1442 dominium
1669 1398 1949 1453 revocare,
1983 1394 2039 1442 et
2092 1385 2354 1458 quidquid

749 1479 946 1536 exinde
979 1480 1157 1537 facere
1195 1479 1566 1546 voluerimus,
1600 1481 1823 1537 liberam
1866 1482 1919 1536 in
1955 1483 2209 1539 omnibus
2256 1483 2353 1538 ha-

743 1573 976 1628 beamus
1007 1581 1351 1643 potcstatem.
1385 1573 1655 1628 Prmterea
1685 1572 1950 1628 donamus
1981 1573 2353 1644 donatumque

744 1665 802 1722 in
823 1674 1084 1736 perpetuo
1111 1681 1231 1722 esse
1253 1666 1502 1720 volumus
1519 1664 1586 1720 ad
1604 1665 1715 1734 jam
1736 1664 1938 1720 dictum
1963 1665 2351 1720 monasterium

743 1757 806 1815 S.
832 1757 1084 1828 Prtcjecli
1120 1759 1562 1823 Flaviniacensis,
1591 1759 1736 1828 quod
1767 1758 1818 1812 in
1850 1770 1978 1826 agro
2022 1757 2352 1812 Buruaeinse

745 1868 919 1924 Opere
950 1861 1138 1908 nostro
1187 1853 1608 1917 :cdilieavimus,
1652 1851 1706 1906 in
1755 1864 1894 1920 pago
1927 1849 2138 1905 Alsinse
2177 1850 2351 1920 ipsum

744 1945 1056 2002 Bornadnm
1087 1961 1207 1999 cum
1241 1945 1359 2014 ipso
1390 1953 1572 2000 castro
1603 1942 1914 1998 Flaviniaco
1947 1958 2067 1998 cum
2099 1943 2349 1998 omnibus

2451 726 2584 798 jeeti
2624 729 2991 786 Flaviniacum
3022 732 3107 788 vel
3156 743 3398 790 rectores
3438 734 3553 804 ejus
3582 735 3832 808 proficiat
3862 738 3916 793 in
3957 755 4054 797 au-

2456 831 2757 890 gmentum.
2787 822 3051 880 Similiter
3067 834 3123 881 et
3145 824 3263 882 illas
3285 827 3561 884 cessiones
3583 845 3720 900 quas
3739 829 3809 886 ad
3833 831 4055 891 libertos

2457 923 2675 970 nostros
2703 915 2994 972 Ghisberto
3021 925 3076 972 et
3132 915 3414 976 Gimberto
3457 921 3717 994 clericos,
3746 925 3815 982 ad
3865 943 4050 984 eorum

2457 1004 2822 1074 ingenuitates
2853 1009 3276 1079 confirmandos,
3311 1012 3648 1071 Daolonecas
3706 1016 3758 1072 in
3816 1018 4051 1075 Bornato

2455 1103 2512 1150 et
2543 1096 2594 1149 in
2635 1095 2855 1153 Ceresio
2883 1098 3132 1167 fecimus,
3160 1101 3377 1171 quando
3400 1117 3494 1158 eos
3521 1119 3618 1174 pro
3638 1106 3833 1162 animae
3858 1120 4052 1166 nostra:

2455 1189 2700 1244 remedio
2727 1189 2990 1260 ingenuos
3019 1193 3368 1262 dimissimus,
3400 1206 3460 1251 ut
3488 1197 3616 1252 dum
3643 1199 3905 1257 advivunt
3946 1203 4050 1261 hoc

2455 1290 2698 1349 teneant,
2734 1291 2788 1339 et
2815 1296 2937 1355 post
2970 1287 3210 1357 ipsorum
3241 1286 3540 1346 discessum
3583 1308 3705 1348 cum
3753 1310 3920 1352 omne
3961 1313 4056 1356 sn-

2453 1376 2736 1447 perposito
2766 1377 2834 1433 ad
2857 1377 2968 1449 jam
2990 1380 3188 1435 dictam
3221 1397 3402 1438 casam
3433 1383 3621 1442 Sancti
3663 1385 3935 1460 Prmjecti,
3961 1390 4048 1448 ubi

2454 1485 2646 1526 eorum
2679 1473 2983 1542 patrocinia
3029 1481 3084 1530 et
3126 1473 3498 1533 defensionem
3539 1481 3935 1551 constituimus,
3961 1500 4050 1541 re-

2453 1573 2669 1622 vertere
2724 1565 2946 1622 faciant.
2997 1567 3259 1626 Volumus
3306 1571 3471 1626 etiam
3525 1580 3586 1628 ut
3640 1574 3907 1645 ingenuos
3957 1595 4053 1635 eos

2456 1666 2480 1694 ⁸
2523 1660 2748 1717 fecimus
2779 1671 2873 1717 aut
2904 1664 3122 1720 inautea
3173 1665 3481 1735 fecerimus,
3517 1670 3945 1744 quanticumque
4001 1675 4054 1731 in

2454 1753 2571 1824 ipsa
2601 1753 2720 1809 loca
2753 1765 2992 1822 manent,
3027 1772 3147 1828 qum
3183 1758 3249 1812 ad
3301 1758 3564 1815 Sanctum
3610 1761 3952 1819 Andochium
4003 1775 4060 1822 et

2455 1844 2522 1900 ad
2551 1845 2806 1901 Sanctam
2841 1846 3103 1916 Reginam
3133 1858 3187 1904 ct
3219 1850 3476 1908 Sanctum
3512 1853 3828 1908 Ferreolum
3878 1856 3958 1911 vel
3990 1858 4056 1911 ad

2455 1939 2713 1994 Sanctum
2743 1941 3067 2010 Prmjeetum
3127 1943 3515 2013 delegavimus,
3543 1945 3817 2018 inspectas
3867 1965 4055 2004 eorum

744 2039 1068 2108 adjacenliis
1094 2038 1176 2092 vel
1208 2037 1542 2108 appendiciis
1572 2035 1684 2091 suis
1707 2035 1773 2089 ad
1816 2036 2115 2104 integrum;
2163 2042 2217 2089 et
2261 2034 2344 2089 lo-
2379 2025 2426 2084 Β
2456 2029 2735 2088 libertates
2757 2049 2918 2103 super
2967 2035 3112 2105 ipsas
3162 2044 3333 2093 terras
3370 2053 3469 2109 pro
3519 2038 3768 2108 ingenuis
3814 2056 4062 2096 comma~

742 2133 882 2188 cella
913 2149 1007 2188 seu
1052 2133 1332 2188 colonecis
1375 2132 1428 2186 in
1459 2130 1761 2197 Cadonato,
1787 2131 2068 2197 Dareiaeo,
2099 2130 2341 2198 Ceresio,

743 2226 1025 2297 Aguniaco
1046 2268 1059 2293 ,
1096 2225 1352 2282 Gessiaco
1379 2269 1392 2290 ,
1422 2225 1723 2281 Luveriaco
1748 2265 1761 2290 ,
1791 2224 2082 2280 Luviniaco
2103 2268 2118 2293 ,
2152 2223 2342 2279 l’ruvi-

741 2322 927 2384 niaco,
954 2320 1245 2385 Auderato,
1270 2319 1626 2384 Montecellis,
1647 2327 1702 2373 et
1721 2318 1770 2371 in
1796 2332 1934 2388 pago
1957 2317 2339 2381 Ternodrinse,

740 2409 1001 2475 Blavaco,
1020 2419 1074 2465 et
1096 2409 1490 2474 Marem-auia;
1525 2411 1578 2464 in
1611 2424 1748 2482 pago
1773 2409 2044 2474 Avalinse,
2070 2409 2343 2464 etNever~

741 2506 902 2562 ninse
921 2544 935 2568 ,
966 2505 1080 2561 sive
1107 2506 1422 2560 Ammonias
1450 2514 1657 2559 curtem
1689 2504 1779 2572 qui
1810 2512 2034 2558 vocatur
2062 2502 2342 2557 Corbinia-

738 2615 859 2666 cus,
883 2609 939 2656 et
964 2603 1235 2656 Antonnm
1266 2615 1386 2655 cum
1411 2599 1662 2654 omnibus
1684 2597 2001 2666 adjacentiis
2024 2597 2110 2650 vel
2137 2611 2342 2665 appen-

739 2695 899 2750 diciis
926 2709 1112 2750 earum
1138 2693 1189 2747 in
1219 2694 1522 2761 integrum;
1570 2699 1625 2746 et
1665 2690 1939 2747 colonicas
1980 2690 2034 2743 in
2065 2688 2338 2753 Lisconio,

741 2787 1023 2843 Dumsatio
1049 2831 1064 2854 ,
1099 2786 1313 2841 Viriaco
1335 2829 1348 2849 ,
1376 2785 1758 2853 Valentingos,
1791 2783 2187 2838 Vallecrovaria
2208 2822 2223 2847 ,
2246 2781 2339 2837 Ju-

738 2881 917 2941 liaco,
947 2880 1265 2948 Pagatiaco,
1305 2878 1644 2943 Cassaniola,
1685 2876 2024 2941 Wldonaco,
2067 2875 2335 2943 Carearo,

741 2973 984 3042 Cappas,
1015 2971 1371 3041 Degantiaco,
1404 2971 1666 3026 Casseaeo
1686 3013 1700 3038 ,
1733 2969 2032 3034 Rioscella,
2055 2967 2344 3034 Palatiola,

741 3063 1034 3125 Govilicis,
1071 3062 1338 3132 Sipiciaco
1383 3073 1438 3117 et
1482 3062 1771 3133 Sapiliaeo,
1805 3077 1905 3117 seu
1962 3069 2016 3117 et
2059 3061 2148 3115 illa
2196 3061 2345 3116 colo-

741 3157 865 3210 nica
892 3157 941 3210 in
968 3156 1179 3221 Ariaeo,
1205 3171 1325 3226 qua:
1353 3156 1453 3210 luit
1481 3155 1808 3223 Anseherto,
1832 3171 1954 3211 cum
1985 3155 2098 3225 ipso
2122 3154 2342 3210 homine

739 3250 836 3319 qui
865 3265 1025 3320 supra
1048 3259 1374 3317 cmnmanet,
1406 3251 1626 3306 nomine
1655 3251 1934 3319 Sigberto,
1964 3258 2020 3304 et
2049 3265 2219 3304 uxore
2243 3265 2339 3304 sua

739 3341 866 3398 leda
896 3350 1078 3398 nostra
1109 3344 1192 3399 vel
1224 3345 1459 3399 infantes
1507 3359 1716 3410 eorum,
1739 3345 1792 3398 in
1829 3344 2139 3412 integritate
2179 3344 2338 3412 quid-
2368 3356 2414 3420 ο

741 3435 873 3505 quid
897 3434 967 3489 ad
997 3436 1162 3506 ipsam
1195 3435 1496 3492 eolonicam
1519 3438 1763 3505 aspicere
1783 3436 2150 3502 videtur,eum
2179 3452 2342 3492 omne

741 3528 1133 3598 superposito;
1168 3536 1222 3582 et
1253 3528 1403 3582 illum
1430 3529 1669 3585 clausum
1703 3529 1756 3584 in
1797 3529 1915 3598 ipso
1965 3530 2181 3596 Ariaco,
2206 3544 2342 3599 quo-

741 3620 909 3674 modo
950 3619 1040 3674 ille
1089 3620 1260 3685 rivus,
1293 3619 1360 3674 de
1410 3620 1567 3675 vinea
1625 3619 1902 3676 Aldoberti
1955 3620 2235 3676 descendit
2274 3621 2343 3676 ad

741 3721 984 3782 pratum,
1020 3721 1190 3766 totum
1227 3712 1376 3767 illum
1431 3713 1674 3768 clausum
1708 3716 1888 3783 quem
1941 3729 2043 3768 nos
2097 3713 2343 3782 plantare

740 3804 1000 3875 iussimus
1029 3821 1150 3859 eum
1181 3820 1311 3859 exso
1342 3814 1397 3859 et
1426 3818 1672 3873 regresso
1722 3805 1777 3860 in
1822 3805 2127 3874 integrum;
2188 3814 2243 3860 ct
2290 3807 2342 3860 in

741 3909 888 3966 pago
910 3894 1179 3957 Barrinse,
1210 3895 1452 3952 Falciolo
1474 3904 1530 3951 et
1551 3896 1812 3961 Ulmodo;
1845 3906 1902 3951 et
1943 3899 1994 3951 in
2035 3912 2172 3968 pago
2204 3896 2344 3950 Pau-

741 3987 995 4053 liacinsc,
1024 3986 1210 4042 Balma
1243 3997 1298 4042 et
1327 3988 1677 4053 Corniciaco;
1711 3997 1767 4043 et
1801 3991 1851 4043 in
1880 4004 2021 4061 pago
2050 3990 2341 4044 Athoario-

743 4092 899 4143 rum,
943 4079 1095 4133 llieio
1140 4078 1196 4132 et
1242 4079 1609 4134 Blandoniaco
1657 4088 1714 4134 et
1751 4081 2030 4144 colonica;
2090 4083 2144 4136 in
2205 4096 2343 4151 pago

743 4174 1102 4240 Amavorum,
1134 4172 1390 4237 Fraxino,
1418 4181 1474 4228 et
1502 4189 1659 4229 areas
1684 4175 1737 4228 in
1769 4175 1954 4229 salinis
2000 4173 2242 4230 Crosone
2288 4185 2346 4230 et

745 4261 944 4330 Vigris.
975 4264 1234 4318 Similiter
1263 4273 1317 4318 et
1347 4280 1501 4319 areas
1525 4265 1577 4319 in
1611 4266 2055 4333 Augustodunum
2085 4267 2303 4322 civitate
2328 4283 2340 4321 :

745 4353 850 4409 ista
879 4355 1059 4409 omnia
1090 4371 1210 4424 qua:
1240 4357 1490 4426 superius
1513 4358 2066 4424 nominavimus,eum
2095 4360 2345 4414 omnibus

745 4445 1086 4515 appendiciis
1128 4447 1211 4501 vel
1252 4447 1572 4517 adjacentiis
1604 4465 1816 4517 earum,
1846 4459 2346 4520 quantumcumque

744 4535 948 4591 ibidem
981 4545 1167 4591 tenere
1196 4546 1251 4592 et
1277 4539 1558 4607 possidere
1601 4539 1879 4606 videmur,
1908 4555 2008 4610 per
2051 4540 2346 4609 quemlibet

747 4626 1052 4682 adtractum
1102 4628 1168 4681 ad
1214 4617 1311 4685 nos
1363 4631 1615 4698 pervenit
1661 4639 1754 4684 aut
1804 4631 2010 4700 legibus
2063 4633 2346 4701 pervenire

2453 2135 2642 2193 neant,
2674 2135 2731 2181 et
2759 2127 2925 2182 aliubi
2957 2132 3334 2185 commanendi
3374 2131 3575 2187 nullam
3618 2133 3855 2190 habeant
3900 2145 4058 2204 pote-

2453 2228 2678 2284 statem,
2707 2221 2802 2275 sed
2833 2222 2900 2275 ad
2933 2221 3046 2291 ipsa
3080 2222 3199 2277 loca
3231 2231 3418 2280 sancta
3463 2225 3698 2280 debeant
3741 2224 3961 2296 sperare
4002 2227 4055 2292 ιδ,

2452 2321 2508 2368 et
2535 2312 2710 2368 nullus
2731 2312 2800 2368 de
2831 2313 2960 2382 ipsis
3001 2313 3348 2369 lidemonium
3389 2318 3590 2374 nostris
3613 2317 3898 2372 heredibus
3927 2320 4054 2374 red-

2451 2402 2587 2457 dant
2611 2419 2624 2467 ;
2657 2411 2711 2456 et
2731 2401 2798 2458 de
2825 2403 2931 2459 hoc
2955 2403 3100 2473 quod
3125 2405 3204 2460 eis
3233 2419 3333 2476 per
3363 2415 3544 2464 cartas
3573 2406 3818 2464 dedimus
3855 2409 3920 2464 ad
3952 2411 4058 2466 ali-

2451 2508 2587 2562 quos
2618 2494 2782 2550 aliubi
2808 2496 3061 2561 vendere,
3088 2512 3187 2552 nec
3214 2497 3455 2554 alienare
3484 2499 3722 2555 habeant
3750 2500 4052 2559 licentiam.

2451 2583 2655 2640 Prmtcr
2682 2587 2782 2641 ista
2812 2588 3014 2653 omnia,
3047 2590 3442 2645 reservavimus
3470 2589 3757 2646 infaucidia
3785 2595 3804 2622 θ
3828 2593 4052 2650 heredi-

2449 2677 2551 2733 bus
2573 2680 2771 2734 nostris
2793 2678 3149 2747 Pag'aciacum
3173 2699 3186 2748 ;
3223 2683 3275 2737 in
3305 2697 3442 2752 pago
3474 2683 3803 2742 Neverninse
3830 2703 3922 2742 cur
3936 2695 4053 2744 tem

2448 2786 2612 2842 quam
2635 2772 2822 2828 dicunt
2853 2773 3428 2831 Montem-Porcionis.
3453 2777 3715 2834 Similiter
3744 2788 3798 2834 et
3826 2781 3876 2836 in
3906 2795 4054 2851 pago

2448 2864 2862 2930 Athoariorum,
2895 2864 3296 2933 Vedis-vineas,
3330 2869 3646 2938 Voguntias,
3679 2871 3840 2937 Luco,
3872 2873 4055 2944 Sago-

2448 2973 2623 3024 neco;
2677 2959 2731 3015 in
2779 2972 2920 3030 pago
2976 2958 3246 3028 Portinse,
3295 2960 3599 3031 Solvillare,
3651 2965 4051 3036 Monricovilla,

2447 3049 2829 3107 Ebrouvillare
2855 3095 2869 3118 ,
2902 3051 3241 3121 Saegalarias
3263 3095 3278 3120 ,
3313 3055 3365 3108 in
3416 3072 3480 3110 ea
3535 3058 3766 3126 ratione,
3797 3069 3855 3114 ut
3900 3061 4054 3117 facta

2446 3159 2567 3200 mea
2597 3146 2648 3198 in
2680 3146 2934 3200 omnibus
2955 3145 3210 3200 studeant
3241 3161 3566 3203 conservare
3593 3158 3758 3220 atque
3783 3149 4054 3209 defende-

2443 3250 2523 3291 re.
2556 3235 2711 3302 Quod
2762 3237 2807 3290 si
2850 3237 2953 3290 hoe
3009 3235 3192 3290 facere
3246 3237 3608 3306 neglexerint,
3657 3239 3912 3310 quidquid
3966 3243 4054 3298 eis

2443 3327 2826 3398 deputavimus
2855 3327 3103 3397 perdant,
3140 3335 3197 3382 et
3221 3329 3288 3382 de
3310 3330 3456 3383 omni
3500 3345 3735 3400 corpore
3774 3332 4056 3388 facultatis

2443 3440 2579 3480 mem
2609 3423 2905 3480 reddantur
2931 3423 3198 3480 extranei.
3233 3422 3318 3492 Et,
3347 3425 3394 3480 si
3423 3425 3629 3496 aliquid
3651 3442 4055 3498 comparavero

2443 3521 2530 3575 vel
2557 3519 2867 3587 adtraxero,
2905 3519 2988 3576 vel
3019 3535 3117 3590 pro
3144 3520 3390 3589 quolibet
3418 3521 3652 3590 ingenuo
3681 3521 3751 3577 ad
3775 3537 3872 3576 nos
3904 3536 4048 3591 per-

2443 3615 2591 3670 venit
2614 3624 2708 3670 aut
2731 3617 2946 3670 inautea
2975 3615 3308 3685 pervenerit,
3331 3615 3479 3685 quod
3508 3616 3561 3670 in
3591 3618 3696 3672 isto
3725 3624 4062 3673 testamento

2443 3719 2605 3775 supra
2627 3719 2734 3760 non
2749 3705 3312 3771 commemoravimus,
3339 3713 3461 3774 post
3484 3713 3728 3760 nostrum
3747 3705 4057 3760 discessum

2443 3811 2568 3853 casa
2591 3797 2776 3853 Sancti
2798 3796 3048 3867 Prmjecti
3077 3811 3176 3868 per
3208 3805 3451 3853 rectores
3481 3813 3610 3852 suos
3637 3797 3865 3866 recipiat
3912 3813 4027 3867 per
4053 3833 4060 3838 α

2442 3894 2732 3966 petualiter
2757 3894 2822 3948 ad
2853 3894 3260 3963 possidendum.
3286 3892 3391 3948 Per
3412 3909 3653 3964 praesens
3677 3894 3858 3963 itaque
3887 3902 4061 3949 testa-

2443 3993 2689 4039 mentum
2721 3984 3017 4041 basileeam
3048 3984 3232 4040 Sancti
3267 3983 3711 4055 Przejecti,quam
3735 4001 3902 4056 opere
3927 4002 4059 4040 meo

2443 4074 2756 4130 Flaviniaco
2781 4077 3083 4143 eonstruxi,
3107 4075 3363 4132 heredem
3393 4092 3567 4132 meam
3623 4078 3862 4143 instituo,
3880 4078 4060 4147 eique

2444 4175 2765 4238 praesentem
2796 4167 3103 4223 codicillum
3137 4167 3594 4237 eommendo,per
3619 4184 3778 4237 quem
3804 4169 3872 4222 ita
3908 4185 4056 4234 con-

2444 4263 2614 4317 stituo
2639 4304 2654 4330 ,
2687 4270 2748 4316 ut
2777 4262 2960 4317 nullus
3001 4262 3293 4332 episcopus
3322 4261 3481 4316 ullius
3524 4262 3776 4325 civitatis,
3808 4273 3898 4316 aut
3960 4279 4058 4317 ar-

2445 4356 2820 4423 chidiaconus,
2851 4355 2940 4410 vel
2982 4355 3208 4425 quilibet
3238 4370 3301 4410 ex
3331 4354 3500 4420 clero,
3530 4363 3623 4408 aut
3670 4364 3884 4410 actores
3940 4355 4057 4413 Ec-

2447 4449 2660 4512 clesize,
2714 4448 2825 4502 ullo
2869 4447 3032 4502 modo
3076 4448 3144 4502 de
3194 4447 3450 4517 prmdiclo
3490 4448 3817 4501 monasterio
3860 4448 4063 4505 Sancti

2448 4543 2694 4612 Prmjecti
2738 4543 2946 4598 nullum
2995 4551 3326 4611 pmsumant
3376 4557 3633 4598 exercere
3681 4541 4056 4614 dominatum,

2449 4649 2557 4688 non
2590 4633 2657 4687 ad
2679 4633 3104 4688 mansionaticos
3133 4643 3226 4686 aut
3257 4643 3508 4702 repastns
3539 4634 3822 4704 exigendo,
3843 4649 3964 4690 non
3990 4639 4062 4692 ad

747 4718 931 4782 debet,
966 4727 1134 4773 totum
1167 4728 1223 4774 et
1255 4719 1320 4774 ad
1351 4720 1642 4788 integrum,
1675 4735 1797 4776 eum
1829 4737 1989 4776 onme
2033 4723 2344 4791 superposi—
2374 4726 2428 4786 D
2450 4725 2747 4780 ministeria
2770 4725 3148 4789 describendo,
3181 4741 3287 4779 non
3338 4725 3404 4778 ad
3453 4725 3703 4780 abbatem
3751 4725 4060 4797 mittendo,

748 4819 828 4876 to,
863 4811 1001 4866 adie
1032 4824 1319 4881 prmsente,
1346 4813 1398 4868 in
1446 4815 1655 4869 honore
1701 4813 1828 4870 Jesu
1880 4816 2077 4870 Christi
2131 4816 2341 4870 Domini

750 4903 924 4957 nostri
954 4913 1008 4958 et
1031 4907 1205 4959 sancti
1239 4905 1483 4975 Pracjecti
1513 4907 1797 4980 martyris,
1832 4909 2113 4978 Magoaldo
2159 4909 2342 4965 abbati

750 4997 1144 5066 monachisque
1173 4999 1285 5053 suis
1321 4999 1638 5054 tradidimus
1663 5000 1731 5055 ad
1778 5002 2186 5071 possidendum,
2218 5018 2341 5057 cum

749 5085 1022 5152 domibus,
1045 5087 1310 5153 mdiﬁciis,
1337 5091 1638 5160 mancipiis,
1662 5091 1968 5158 accolabus,
1995 5093 2201 5149 libertis
2232 5103 2341 5148 tam

749 5175 950 5229 ibidem
982 5177 1241 5242 oriundis,
1266 5193 1428 5248 quam
1460 5180 1673 5236 aliunde
1697 5183 1969 5239 translatis
2016 5183 2103 5238 vel
2148 5185 2342 5240 ibidem

752 5271 1247 5334 commanentibus,
1276 5271 1650 5338 viueis,silvis,
1677 5276 1902 5345 campis,
1929 5277 2087 5332 terris
2107 5279 2266 5333 cultis
2287 5289 2344 5334 et

751 5359 988 5423 inenltis,
1011 5363 1198 5428 pratES,
1219 5364 1449 5431 pascuis,
1467 5366 1618 5431 aquis
1642 5381 1974 5434 aquarumve
2004 5369 2340 5438 decursibus,

753 5465 914 5502 omne
944 5462 1112 5516 genus
1147 5453 1432 5521 pecudum,
1469 5465 1574 5508 tam
1627 5458 1835 5526 majore
1891 5477 2052 5530 quam
2110 5463 2338 5530 minore,

752 5541 1043 5596 mobilibus
1074 5551 1128 5597 et
1158 5546 1536 5612 immobilibus,
1558 5565 1770 5605 omnem
1795 5568 1910 5607 rem
1940 5554 2337 5624 inexquisitam,

754 5645 809 5691 et
835 5637 1092 5707 quidquid
1122 5638 1228 5694 dici
1258 5647 1350 5691 aut
1399 5643 1664 5696 nominari
1721 5654 1918 5713 potest,
1951 5657 2119 5701 totum
2171 5658 2226 5703 et
2276 5649 2340 5703 ad

828 5802 852 5873 ξι
895 5794 1226 5873 [Legendum
1259 5796 1468 5852 videtur
1494 5816 1640 5871 quos,
1676 5812 1731 5856 ut
1773 5805 1822 5857 in
1857 5803 2127 5873 formula.)

828 5864 854 5904 ι)
897 5864 972 5943 {in
1001 5871 1247 5932 formula,
1272 5864 1528 5943 spectare}
1560 5864 1654 5927 sed
1685 5875 1993 5943 aliquando,
2030 5887 2085 5928 ut
2113 5864 2343 5930 testatur

757 5935 1010 6016 Cangius,
1038 5935 1409 6016 sperore‘idem
1442 5944 1578 6016 valet
1607 5959 1668 6016 ac
1699 5935 2016 6016 pertinere]

835 6017 854 6043 ε
896 6011 1010 6083 [δὶς
1040 6010 1092 6064 in
1125 6011 1464 6078 Mabillonio;
1496 6013 1602 6068 imo
1632 6010 2340 6090 D.VPlanc-her,'infancidy'a;

2447 4817 2545 4871 nisi
2571 4832 2694 4872 cum
2727 4831 2950 4871 necesse
2979 4815 3142 4870 fuerit
3167 4817 3402 4871 chrisma
3455 4825 3663 4886 petere,
3710 4817 3926 4872 tabulas
3961 4832 4064 4874 aut

2445 4909 2636 4962 altaria
2670 4923 3014 4973 consecrare,
3039 4923 3224 4962 sacros
3253 4907 3474 4963 ordines
3531 4908 3874 4972 benedicere,
3908 4912 4064 4966 sicut

2447 4998 2801 5055 Losodienses
2822 5008 2916 5053 aut
2939 4999 3262 5054 Lerinenses
3287 4999 3374 5054 vel
3401 5004 3744 5068 Agaunenses
3769 5003 4064 5069 monachi,

2445 5106 2475 5146 a
2496 5108 2892 5164 quemcumque
2919 5095 2986 5148 de
3015 5093 3220 5146 sanctis
3250 5093 3524 5162 episcopis
3545 5093 3643 5146 sibi
3668 5094 3946 5160 elegerint
3968 5098 4064 5165 qui

2445 5186 2548 5240 hoc
2577 5201 2738 5254 agere
2769 5186 2965 5240 debeat
2990 5185 3209 5240 licentia
3239 5185 3308 5238 sit
3332 5188 3410 5239 eis
3450 5193 3725 5255 expetere,
3750 5192 3808 5240 et
3834 5185 3918 5242 illi
3954 5189 4064 5245 hoc

2445 5277 2784 5333 benedicere.
2840 5277 2896 5330 Si
2951 5287 3155 5341 autem,
3188 5276 3422 5331 karitate
3472 5277 3736 5347 exigente,
3788 5281 4056 5346 pontifex

2443 5373 2669 5442 quilibet
2706 5374 2773 5427 ab
2804 5375 2997 5426 abbate
3026 5373 3111 5427 vel
3143 5371 3422 5426 monachis
3453 5371 3524 5424 ibi
3576 5370 3732 5425 fuerit
3764 5372 4062 5438 invitatus,

2444 5465 2758 5534 simpliciter
2798 5479 2917 5533 qua
2973 5465 3021 5517 ci
3075 5479 3104 5517 a
3157 5464 3411 5517 fratribus
3452 5462 3748 5517 olferuntur
3789 5465 4063 5535 accipiat,

2446 5559 2588 5612 nulla
2614 5557 2803 5612 exenia
2834 5557 2918 5612 vel
2965 5557 3287 5612 munuscula
3340 5556 3569 5625 amplius
3617 5564 3841 5624 quaerat.
3895 5559 4066 5626 Quod

2443 5652 2486 5706 si
2519 5651 2728 5716 fecerit,
2756 5665 2785 5703 a
2812 5650 3048 5719 glorioso
3074 5649 3280 5704 domno
3305 5663 3464 5718 quem
3490 5657 3618 5702 tunc
3647 5647 3789 5702 Deus
3815 5663 4063 5719 regnum

2442 5809 2535 5863 sed
2564 5807 2846 5878 legendum
2867 5811 2921 5862 in
2951 5809 3186 5880 falcidia,
3212 5817 3273 5863 ut
3306 5808 3356 5861 in
3388 5806 3638 5874 formula,
3668 5817 3763 5880 aut
3789 5809 3844 5861 in
3873 5811 4036 5879 {auri
4065 5844 4068 5845 ν

2442 5881 2566 5944 dia,
2619 5895 2722 5947 qua
2777 5878 2956 5944 voce,
2991 5896 3243 5934 sermone
3293 5887 3583 5946 corrupto.
3657 5878 4068 5946 designabatur

2443 5966 2566 6073 2a?
2591 5950 2892 6091 hJ;credibus
2914 5964 3147 6007 servata.
3167 5951 3361 6004 Charta
3380 5949 3505 6004 anni
3531 5947 3642 6003 680
3671 5948 3838 6004 habet
3872 5951 3937 6006 in
3973 5955 4069 6008 ’at-

2481 6039 2493 6071 Ι
2537 6039 2604 6074 ιο.

2481 6039 2604 6074 παιο.
