4206 6538
216 429 352 486 1273

967 426 1401 486 DONATIONES
1439 426 1528 484 AC
1566 425 2032 487 TESTAMENTA
2072 429 2322 500 El’lSC.,
2363 432 2544 502 ΑΒΕ,
2587 431 2744 491 ETC.

3366 433 3515 500 1274

211 547 540 618 Burgundiae
606 548 910 618 gubernare
974 548 1284 618 permiserit
1325 585 1339 612 ,
1401 548 1505 603 hoc
1569 550 1816 619 protinus
1841 551 1894 614 Α
1919 551 2086 621 deor,
2122 563 2178 610 et
2215 554 2346 610 mihi
2407 555 2730 624 redebetur,
2773 557 3019 630 inspecto
3069 559 3164 617 illo
3207 568 3512 622 strumento

211 644 552 702 emendetur.
608 645 743 700 Cum
808 658 937 698 vero
985 643 1154 699 abbas
1205 643 1348 698 illius
1402 643 1506 698 loci
1546 645 1815 714 acceperit

215 739 524 801 transitum,
553 749 950 807 quemcumque
979 734 1049 790 de
1076 735 1382 804 semetipsis
1431 734 1683 790 monachi
1714 735 1816 790 ibi-

208 832 334 887 dem
366 832 673 886 habitantes
723 831 1008 902 elegerint,
1039 831 1336 885 secundum
1379 829 1573 898 Deum,
1623 838 1717 884 aut
1767 829 1811 884 si

209 923 485 977 connuuni
518 922 743 977 consilio
792 921 1008 976 aliunde
1054 923 1254 990 eligere
1302 922 1594 986 voluerint,
1613 923 1716 977 hoc
1760 923 1810 976 in

211 1031 401 1068 eorum
433 1022 649 1068 maneat
671 1023 956 1082 potestate.
983 1013 1138 1080 Quod
1161 1030 1290 1069 vero
1321 1015 1462 1070 Deus
1493 1023 1722 1079 avertat,
1747 1028 1813 1069 ne

211 1109 416 1163 ibidem
449 1119 670 1163 sanctus
699 1107 832 1163 ordo
864 1115 1124 1177 tepescat,
1158 1115 1401 1177 potestas
1431 1115 1647 1161 maneat
1699 1121 1812 1160 mo-

207 1202 404 1258 nachis
433 1201 630 1256 ibidem
659 1199 1032 1254 habitantibus
1058 1199 1126 1254 ad
1154 1215 1317 1254 unum
1348 1199 1414 1254 de
1441 1199 1645 1254 sanctis
1694 1215 1812 1254 mo-

205 1295 463 1350 nasteriis
493 1294 770 1365 expedire,
800 1303 855 1348 et
882 1309 979 1364 per
1022 1308 1210 1348 eorum
1262 1293 1481 1349 salubre
1524 1293 1808 1348 consilium

205 1406 400 1447 corum
433 1390 674 1459 regulam
705 1388 1017 1444 emendare.
1052 1388 1129 1443 Te
1161 1389 1342 1456 igitur,
1376 1387 1570 1442 domna
1602 1395 1656 1442 et
1685 1403 1809 1442 san-

202 1490 500 1539 ctamatcr
546 1497 664 1534 mea
715 1480 946 1535 ecclesia
999 1478 1184 1533 Sancti
1243 1476 1506 1547 Praejecti,
1552 1478 1805 1534 heredem

205 1575 457 1644 instituo,
491 1572 745 1643 quidquid
778 1574 1066 1641 unicuique
1097 1573 1348 1643 dcputavi
1375 1573 1494 1626 fidei
1526 1582 1629 1626 tua:
1653 1588 1804 1628 com-

204 1669 389 1722 mitto.
416 1668 492 1720 Te
513 1680 728 1735 quoque
758 1664 1010 1720 heredem
1042 1680 1216 1720 meam
1249 1666 1301 1718 in
1345 1665 1513 1718 Deum
1563 1674 1616 1719 et
1666 1667 1806 1735 regis

202 1767 532 1831 potestatem
552 1760 894 1826 commendo,
910 1768 1176 1815 utcontra
1199 1776 1386 1815 omnes
1404 1761 1805 1828 inquietudines

198 1869 304 1907 sua
331 1863 381 1907 te
411 1861 533 1923 post
558 1855 726 1907 Deum
759 1852 1021 1908 fortitudo
1052 1853 1306 1908 defendat
1335 1872 1345 1908 :
1380 1854 1504 1922 quia
1535 1854 1636 1908 hoc
1658 1853 1800 1924 quod

1916 650 2062 719 quod
2098 661 2254 707 antea
2284 651 2348 707 ad
2381 652 2638 708 Sanctum
2683 653 3000 725 Prmjeetum
3038 657 3124 713 vel
3166 659 3232 712 ad
3265 660 3510 717 abbatem

1916 742 2256 811 Magoaldnm
2289 753 2343 800 et
2371 747 2669 802 monachos
2700 748 2816 817 ejus
2845 748 3090 816 fecimus,
3123 759 3246 819 post
3268 761 3512 808 nostrum

1916 833 2211 891 discessum
2241 839 2305 892 ad
2355 839 2527 908 ipsum
2587 842 2970 897 monasterium
3028 843 3210 899 Sancti
3265 842 3514 915 Pracjecti

1916 926 2282 984 Flaviniacum
2314 941 2692 998 revertantur;
2739 944 2793 987 ct
2825 935 2937 1004 ipse
2984 936 3148 991 abbas
3177 937 3509 1005 Magoaltlus,

1914 1035 2034 1074 cum
2064 1022 2343 1078 monachis
2373 1026 2504 1090 suis,
2531 1041 2629 1095 pro
2656 1025 2848 1080 anima:
2871 1035 3068 1082 nostrze
3095 1029 3270 1084 salute
3311 1045 3371 1084 ea
3426 1047 3514 1084 re-

1914 1111 2081 1182 cipiat
2109 1122 2163 1168 et
2202 1115 2591 1185 perpetualiter
2637 1117 2715 1173 eis
2764 1117 3013 1188 proficiat
3057 1120 3107 1173 in
3138 1129 3507 1188 augmentum,

1913 1202 1998 1258 vel
2021 1205 2283 1274 quidquid
2312 1207 2510 1262 exinde
2534 1207 2710 1265 facere
2737 1209 3029 1276 voluerint,
3055 1210 3276 1265 liberam
3308 1212 3360 1266 in
3392 1228 3509 1267 oru~

1911 1295 2070 1349 nibus
2091 1296 2328 1353 habeant
2350 1307 2678 1368 potestatem
2702 1300 3026 1356 faciendi.—
3042 1300 3330 1356 Widradus
3347 1302 3506 1357 abba.

1911 1385 2236 1444 Gerefredus
2284 1390 2555 1447 defensor.
2611 1391 2974 1449 Amalsindus.
3031 1392 3507 1450 Haldofredus.—

1910 1478 2104 1533 Actum
2133 1480 2432 1536 Sinemuro
2463 1491 2665 1549 castro,
2698 1484 2784 1538 die
2817 1484 2921 1540 kal.
2953 1485 3113 1541 Febr.
3162 1503 3249 1551 xv,
3283 1497 3336 1541 et
3376 1489 3508 1542 scri-

1909 1583 2060 1641 ptum
2095 1587 2190 1641 per
2247 1589 2466 1628 manum
2527 1575 2839 1631 llaldofredi
2891 1579 3104 1641 notarii,
3140 1579 3399 1634 suadente
3453 1587 3509 1635 et

1909 1663 2234 1732 deprecante
2258 1665 2448 1719 eodem
2480 1668 2772 1722 venerabili
2804 1667 3000 1724 abbate
3031 1669 3304 1732 Widrado,
3338 1685 3504 1726 nan

1909 1754 2199 1823 sigillante,
2219 1772 2314 1825 per
2340 1758 2551 1813 inlustri
2573 1760 2687 1813 viro
2719 1760 3104 1816 Amalsindone
3133 1763 3306 1831 sigillo
3328 1764 3500 1832 regio.

1911 1848 2066 1901 Auno
2096 1849 2279 1904 domui
2309 1850 2636 1906 'fheodorici
2681 1854 2822 1925 regis
2866 1855 3064 1923 primo,
3092 1865 3303 1910 astante
3334 1857 3506 1915 nobili

201 1946 301 2000 tibi
335 1945 608 2015 deputavi,
635 1945 776 2001 malo
823 1953 874 1999 te
923 1945 1126 2002 habere
1180 1962 1340 2015 quam
1387 1961 1494 2010 me,
1531 1955 1580 2000 te
1633 1948 1802 2017 magis
1835 1932 1879 1991 Β
1911 1953 1966 1996 et
1993 1943 2241 2009 firmante
2269 1945 2472 2012 vulgari
2498 1946 2718 2015 populo,
2744 1961 2847 2002 una
2880 1962 3000 2001 cum
3025 1947 3310 2004 defensore
3339 1948 3503 2008 Gere-

197 2053 365 2106 quam
393 2047 607 2092 ceteros
633 2038 860 2093 heredes
888 2054 951 2094 ac
998 2040 1327 2109 proheredes
1371 2056 1540 2096 meos.
1600 2040 1800 2097 Precor

200 2130 372 2198 igitur
396 2129 653 2183 domutnu
677 2129 969 2198 gloriosum
1002 2145 1207 2200 regem,
1234 2143 1341 2185 tam
1386 2141 1631 2202 tempore
1679 2150 1799 2189 mo-

197 2223 378 2276 derno
409 2234 751 2290 regnantem,
786 2238 948 2292 quam
980 2224 1160 2279 futuro
1189 2225 1589 2292 succedentem,
1620 2238 1673 2283 et
1704 2244 1800 2298 per

197 2311 298 2366 Dei
357 2312 696 2367 tremendum
751 2313 1013 2383 judicium
1077 2315 1330 2384 adjurare
1381 2332 1679 2386 prmsumo,
1741 2329 1798 2373 ut

193 2415 524 2479 praesentem
549 2407 852 2462 codicillum
871 2450 887 2476 ,
915 2410 998 2463 vel
1027 2408 1136 2478 jam
1183 2410 1386 2466 dictum
1432 2415 1794 2468 coenobiulnm

194 2515 381 2556 meum
406 2515 504 2554 sua
528 2500 843 2556 fortitudine
864 2501 1056 2570 jubeat
1079 2502 1361 2559 defensare
1383 2514 1545 2574 atque
1567 2506 1794 2561 solidum

193 2590 257 2649 in
285 2592 540 2647 omnibus
563 2591 857 2658 custodire,
890 2599 947 2646 ut
980 2593 1284 2648 nullatenus
1329 2596 1397 2650 ab
1449 2596 1796 2652 infestatione

192 2685 464 2741 malorum
513 2684 795 2738 hominum
851 2685 1022 2755 possit
1073 2685 1350 2756 inrumpi;
1419 2688 1512 2742 sed
1565 2689 1796 2744 delectet

192 2782 482 2837 monachis
537 2781 732 2835 ibidem
793 2782 1264 2846 conversantibus,
1295 2784 1380 2838 vel
1421 2784 1794 2840 sacerdotibus

191 2888 296 2943 per
324 2872 441 2927 loca
461 2882 649 2928 sancta
674 2888 792 2942 qum
819 2889 1054 2941 praesens
1092 2883 1278 2930 noster
1327 2876 1604 2933 codicillus
1651 2895 1797 2933 com-

189 2976 465 3022 memorat
488 2967 875 3037 habitantibu=,
901 2984 1000 3038 pro
1029 2985 1116 3023 me
1155 2979 1209 3024 et
1239 2971 1348 3024 vita
1381 2973 1524 3042 regis
1554 2981 1609 3027 et
1659 2974 1796 3028 filio-

193 3073 320 3114 rum
353 3058 470 3126 ejus
499 3057 785 3114 Dominum
815 3061 1143 3131 supplicare.
1191 3063 1246 3118 Si
1295 3064 1414 3131 quis
1461 3081 1616 3130 vero,
1649 3066 1797 3136 quod

192 3150 439 3207 futurum
471 3168 592 3208 esse
616 3169 718 3206 non
745 3153 924 3218 credo,
954 3155 999 3208 si
1036 3155 1229 3224 aliquis
1251 3156 1510 3212 heredum
1552 3173 1617 3213 ac
1663 3175 1796 3228 pro-

1907 2033 2083 2102 fredo,
2112 2035 2411 2091 clarissimo
2444 2037 2578 2092 viro.

2625 2171 2777 2227 LVll.

1910 2285 2103 2341 Charta
2133 2303 2233 2352 qua
2267 2285 2520 2340 Bertrada
2552 2287 2850 2343 Prumiensi
2887 2295 3204 2348 monasterio
3235 2311 3266 2347 α
3294 2310 3350 2350 sc
3378 2313 3499 2352 con-

2101 2359 2208 2411 dilo
2239 2358 2464 2427 plurima
2486 2358 2624 2413 dona
2652 2364 2853 2431 confert
2884 2372 2909 2399 ⁸
2944 2363 3103 2433 (αηη.
3135 2365 3229 2420 721
3255 2371 3293 2432 ).

1977 2490 2032 2545 lu
2063 2492 2282 2546 nomine
2305 2491 2532 2547 Deitatis
2553 2491 2762 2548 Sancta:
2786 2493 3082 2551 Trinitatis.
3108 2496 3219 2566 Ego
3242 2498 3497 2555 Bertrada

1901 2595 1997 2636 seu
2030 2581 2210 2644 Berta,
2235 2596 2329 2636 seu
2356 2590 2411 2636 et
2439 2581 2579 2638 filius
2602 2599 2756 2639 meus
2785 2585 3156 2653 Charibertus,
3192 2593 3502 2659 recogitans

1901 2674 2177 2728 molimina
2210 2677 2579 2744 peccaminum
2610 2686 2942 2744 nostrorum,
2978 2688 3035 2734 ut
3065 2696 3225 2750 parva
3258 2698 3355 2751 pro
3387 2701 3500 2738 ma-

1901 2766 2052 2836 gnis,
2085 2775 2299 2820 terrena
2333 2782 2432 2836 pro
2457 2767 2798 2834 caelestibus,
2829 2770 3032 2825 caduca
3062 2787 3158 2840 pro
3188 2773 3409 2839 futuris,
3446 2775 3499 2830 iu

1903 2874 1996 2914 ara
2037 2861 2231 2914 summi
2281 2859 2375 2915 Dei
2420 2861 2812 2931 omnipotentis
2853 2863 3048 2920 offerre
3079 2881 3406 2934 mereamur,
3443 2875 3501 2923 ut

1901 2952 1970 3007 ab
2012 2953 2142 3022 ipsis
2191 2953 2474 3008 sublevare
2521 2953 2884 3023 adipiscamur
2929 2957 3040 3025 jugi
3092 2959 3497 3014 miserationum

1902 3047 2163 3102 domicilii
2211 3047 2323 3101 Dei.
2377 3047 2584 3103 Idcirco
2633 3048 2906 3106 desiderio
2951 3051 3320 3110 desideramus
3350 3055 3493 3110 circa

1900 3140 2065 3196 fluvio
2096 3140 2310 3196 Prumia
2341 3143 2673 3197 monasterio
2705 3143 2971 3199 mdifieare
2997 3160 3011 3209 ;
3053 3146 3197 3213 quod
3231 3146 3300 3200 ita
3331 3155 3386 3201 et
3415 3148 3496 3203 fe-

192 3245 466 3300 heredum
519 3261 760 3300 meorum
790 3285 804 3310 ν
838 3246 925 3301 vel
972 3247 1225 3318 qumljbct
1275 3250 1521 3318 opposila
1560 3265 1792 3321 persona
1824 3259 1867 3322 C
1903 3235 2075 3292 cimus
2105 3236 2158 3290 in
2188 3236 2395 3291 honore
2512 3235 2722 3301 Marix,
2754 3245 2808 3290 Cl
2839 3236 2894 3290 S.
2931 3236 3102 3301 ΡΘΙΓῘ,
3138 3247 3192 3292 ει
3216 3237 3273 3293 S.
3311 3237 3497 3309 Pauli,

189 3353 438 3409 praesens
461 3338 563 3392 hoc
595 3346 979 3394 testamentum
1007 3356 1187 3395 meum
1213 3340 1518 3412 infrangere
1559 3359 1792 3400 conave-

196 3430 292 3493 rit,
329 3431 415 3483 vel
452 3439 660 3485 tentare
699 3432 1125 3501 praesumpserit,
1158 3432 1404 3501 inprimis
1445 3449 1616 3504 usque
1661 3436 1791 3491 dum

192 3521 264 3576 ad
288 3537 474 3575 veram
506 3521 939 3576 emendationem
994 3523 1224 3593 proinde
1274 3525 1594 3594 corrigatur.
1623 3525 1791 3580 Deum

194 3621 253 3668 et
283 3623 506 3668 sanctos
537 3628 666 3667 suos
695 3613 894 3668 habeat
920 3615 1226 3678 contrarios
1252 3623 1309 3670 et
1347 3630 1377 3668 a
1404 3616 1676 3672 liminibus
1705 3631 1794 3671 ec-

191 3705 486 3761 clesiarum
514 3704 801 3769 efficiatur,
827 3713 1141 3772 extraneus,
1165 3716 1220 3761 et
1240 3708 1462 3777 insuper
1490 3707 1684 3763 inferat
1707 3709 1792 3763 cui

189 3812 361 3868 quem
390 3797 710 3866 pulsaverit,
741 3812 846 3850 una
887 3812 1007 3852 cum
1055 3800 1206 3853 socio
1263 3799 1410 3865 fisco,
1464 3801 1579 3855 auri
1631 3801 1794 3857 libras

192 3891 442 3957 triginta,
470 3890 677 3958 argenti
695 3889 934 3960 pondera
954 3891 1246 3960 quingenta
1269 3901 1493 3947 coactus
1514 3894 1791 3959 exsolvat;

190 3979 551 4035 nihilominus
576 3995 814 4049 praesens
842 3981 1037 4052 pagina
1064 3982 1216 4036 firma
1265 3991 1581 4052 permaneat
1623 3985 1797 4053 stipu-

191 4071 403 4126 latione
434 4071 684 4126 subnixa.
719 4071 890 4138 Quam
951 4087 1116 4126 manu
1173 4087 1294 4127 mea
1344 4073 1561 4142 propria
1611 4073 1798 4128 subter

189 4165 427 4229 ﬁrmavi,
461 4174 517 4219 et
541 4167 805 4220 bonorum
837 4166 1118 4220 hominum
1147 4165 1315 4234 signis
1343 4166 1431 4221 vel
1472 4166 1796 4234 alligationi-

188 4257 301 4315 bus
330 4255 691 4310 roborandam
715 4254 953 4311 decrevi.
983 4255 1051 4310 Et
1077 4256 1218 4325 quod
1241 4258 1486 4328 superius
1508 4259 1792 4313 memorari

188 4349 579 4413 debueramus,
614 4356 720 4400 tam
750 4362 938 4402 aurum
962 4363 1121 4416 quam
1143 4357 1425 4416 argentum
1449 4349 1530 4404 vel
1561 4349 1794 4419 reliquas

191 4444 562 4500 fabricaturas
587 4457 683 4497 seu
726 4441 1022 4496 ministeria
1069 4441 1334 4508 ecclesiae,
1363 4442 1448 4495 vel
1492 4451 1792 4497 strumenta

191 4543 493 4594 cartarum,
515 4533 683 4586 libros
711 4531 797 4586 vel
836 4533 1158 4588 vestimenta
1191 4533 1454 4595 ecclesiae,
1488 4532 1574 4585 vel
1629 4547 1791 4587 omne

1900 3328 1960 3384 S.
1991 3327 2249 3383 Johannis
2279 3338 2333 3381 et
2359 3326 2418 3383 S.
2452 3327 2702 3396 Martini,
2730 3337 2783 3382 et
2811 3330 2910 3384 sub
2936 3331 3187 3385 cmuobio
3213 3333 3297 3386 vel
3339 3347 3497 3401 regu-

1896 3417 1993 3472 lari
2025 3417 2215 3472 ordine
2260 3417 2458 3471 ibidem
2497 3417 2733 3472 debeant
2777 3419 3031 3474 monachi
3062 3436 3405 3486 conversare,
3439 3431 3496 3478 et

1895 3527 1996 3582 pro
2027 3511 2270 3581 peccatis
2298 3510 2496 3564 nostris
2523 3509 2610 3566 die
2636 3519 2921 3579 noctuque
2950 3510 3160 3566 Domini
3187 3513 3494 3570 misericor-

1897 3605 1984 3661 dia
2015 3603 2291 3659 adtentius
2315 3619 2568 3667 exorare,
2600 3612 2658 3658 ut
2689 3618 2719 3658 a
2753 3605 2929 3660 noxiis
2971 3606 3267 3662 sceleribus
3299 3611 3497 3665 nostris

1897 3705 1954 3753 et
1976 3696 2098 3752 filiis
2123 3699 2259 3752 meis
2287 3697 2552 3753 defunctis
2581 3713 2888 3753 mereamur
2907 3700 3224 3756 emundare.
3248 3699 3496 3773 Propter-

1898 3807 1964 3847 ea
2021 3793 2293 3847 donamus
2325 3793 2389 3846 ad
2422 3793 2757 3848 monasterio
2788 3795 2878 3864 qui
2909 3804 3136 3850 vocatur
3165 3794 3398 3861 Prumia,
3429 3798 3498 3854 de

1901 3884 2102 3940 foreste
2133 3891 2317 3938 nostra
2363 3885 2430 3939 de
2463 3885 2580 3953 ipso
2611 3888 2944 3942 monasterio
2979 3888 3103 3956 juso
3133 3905 3269 3960 aqua
3299 3891 3494 3947 desue-

1901 3988 1989 4033 tus
2035 3978 2126 4033 illo
2155 3986 2342 4032 exarte
2389 3993 2558 4047 usque
2602 3979 2653 4032 in
2686 3979 2802 4048 ipso
2831 3983 2968 4034 vado
3000 3980 3053 4034 in
3086 3979 3319 4048 Prumia,
3350 3992 3404 4037 et
3427 3983 3497 4041 de

1901 4071 2017 4139 ipso
2053 4071 2190 4123 vado
2221 4069 2451 4123 iudricto
2493 4084 2661 4138 usque
2698 4071 2748 4123 in
2799 4070 2993 4124 Mezina
3043 4070 3258 4136 flumen,
3304 4075 3496 4131 deinde

1901 4179 1996 4235 per
2023 4163 2218 4218 Melina
2251 4163 2366 4216 fuso
2410 4178 2544 4231 aqua
2587 4178 2758 4232 usque
2788 4163 2874 4217 ubi
2909 4165 3065 4219 nobis
3095 4166 3327 4235 obtingit
3361 4167 3489 4236 legi-

1901 4257 2051 4319 timo,
2087 4271 2253 4325 usque
2286 4255 2350 4308 ad
2384 4255 2645 4309 Winardo
2673 4264 2847 4322 curte,
2882 4272 3051 4326 usque
3078 4258 3144 4311 ad
3178 4259 3264 4312 illa
3311 4275 3492 4317 marca

1898 4347 1989 4416 qui
2017 4347 2170 4400 nobis
2198 4345 2429 4415 obtingit
2453 4363 2465 4410 ;
2496 4355 2550 4400 et
2571 4346 2635 4400 ad
2658 4347 2921 4416 stipendia
2950 4349 3185 4417 ipsorum
3211 4366 3489 4406 servorum

1899 4441 1993 4495 Dei
2022 4441 2285 4496 donamus
2327 4442 2394 4495 de
2425 4442 2578 4495 villas
2611 4452 2844 4506 nostras,
2879 4445 2926 4497 id
2953 4456 3095 4507 sunt,
3139 4447 3205 4501 de.
3236 4447 3491 4504 Romairo

1897 4533 2042 4595 vilia,
2091 4533 2158 4585 de
2207 4541 2388 4586 nostra
2437 4532 2688 4601 portione
2735 4533 3049 4602 medietate,
3081 4545 3135 4590 et
3179 4537 3246 4592 de
3278 4537 3490 4594 Prumia

191 4627 507 4700 praesidium
548 4627 696 4696 quod
724 4626 855 4680 mihi
915 4626 1122 4696 legibus
1149 4626 1336 4680 vivens
1393 4626 1668 4695 possidere
1709 4626 1791 4681 vi-
1825 4631 1869 4689 ι)
1897 4624 2188 4680 medietate
2235 4625 2516 4691 similiter;
2556 4625 2623 4680 ad
2669 4625 2928 4696 Saaingas
2970 4626 3022 4682 in
3075 4628 3296 4695 Moslisi,
3329 4647 3492 4702 super

268 4815 291 4842 ο
327 4805 475 4859 Eruit
504 4804 828 4870 Martcnius,
861 4801 1114 4872 Ampliss.
1147 4801 1288 4872 coll:
1310 4809 1349 4854 t.
1383 4800 1425 4862 1,
1459 4800 1566 4858 eoi.
1601 4799 1690 4864 25,
1728 4818 1796 4857 ex

192 4879 469 4932 chartario
519 4875 850 4938 Prumiensi;
897 4871 1222 4927 recuderunt
1258 4871 1556 4936 Calmetus,
1593 4873 1792 4928 llistor.

195 4949 423 5003 Lothar.
460 4957 498 5001 t.
530 4945 601 5010 ll,
633 4947 845 5014 probat.
878 4945 982 4999 col.
1010 4943 1114 5014 9l_;
1158 4943 1534 5014 Dertholetus,
1588 4944 1791 5014 llistor.

196 5022 423 5074 lmxem.
457 5012 670 5086 probat.
703 5026 739 5068 t.
779 5014 841 5080 ll,
875 5030 998 5086 pag.
1028 5012 1128 5078 99;
1160 5013 1555 5077 Hontheimius,
1591 5013 1791 5086 llistor.

190 5091 406 5144 'l'revir.
437 5084 568 5156 dipl.
607 5099 644 5139 t.
675 5086 714 5148 l,
750 5101 869 5154 pag.
907 5085 1028 5148 M2,
1063 5095 1118 5156 et
1145 5086 1581 5156 auctorgsNovzn
1609 5084 1795 5141 Gallia:

191 5153 539 5223 Christiana},
573 5166 609 5211 t.
657 5157 802 5220 Xlll,
830 5153 1000 5209 ’instr.
1036 5155 1142 5208 col.
1170 5153 1294 5208 295.
1330 5153 1506 5208 Prima
1558 5157 1671 5209 haec
1715 5168 1796 5212 est

192 5231 530 5286 l’rumiensis
575 5227 884 5281 monasterii
920 5226 1182 5289 fundatio,
1227 5229 1277 5279 in
1311 5237 1469 5292 prato
1503 5227 1587 5281 ubi
1619 5237 1796 5281 exstat

192 5305 372 5356 adhuc
394 5342 408 5362 ,
444 5302 518 5353 ait
550 5299 860 5358 Martenius,
894 5297 1122 5352 ecclesia
1155 5312 1274 5359 qum
1304 5295 1361 5350 S.
1397 5297 1668 5351 Benedicti
1700 5314 1793 5352 ca-

193 5375 335 5443 pella
367 5373 583 5433 dicitur,
605 5387 710 5423 mon
728 5368 1787 5443 ientiummonachorumconditorium;

192 5437 355 5498 aliam
383 5452 563 5495 autem
583 5449 768 5510 postea
789 5437 1209 5510 splendidiorem
1228 5439 1503 5492 basilicam
1527 5441 1794 5510 exstruxit

197 5516 422 5582 l‘ipiuus
464 5509 862 5581 rex,’proximo
896 5511 946 5563 in
981 5509 1121 5582 loco,
1156 5509 1409 5562 hortante
1439 5509 1667 5577 conjuge
1697 5526 1790 5565 sua

190 5579 414 5640 Be'rtha.
451 5579 765 5637 lianc'cave
796 5595 864 5635 ne
889 5579 1188 5636 confundas
1227 5596 1346 5633 cum
1395 5582 1575 5648 priore
1611 5582 1788 5642 Berta,

189 5673 311 5725 qnze
363 5657 606 5708 chartam
654 5653 1038 5725 emisitque")
1089 5650 1427 5725 exhibemus,
1461 5663 1513 5705 et
1559 5666 1677 5725 qum
1706 5652 1792 5706 hic

187 5723 389 5796 triplici
443 5734 668 5796 vocatur
714 5723 963 5796 nomine,
1013 5723 1214 5796 Berta,_
1247 5723 1522 5787 Dertrada,
1575 5723 1789 5776 fiertra-

187 5791 356 5853 dana.
394 5797 518 5850 Hmc
550 5795 783 5848 habebat
823 5794 985 5847 filium
1035 5791 1412 5846 Charibertnm
1436 5835 1449 5856 ,
1483 5808 1619 5845 uxor
1664 5808 1790 5846 vero

187 5869 368 5938 Pipini
400 5868 707 5936 genitorem
741 5865 927 5938 habuit
957 5863 1320 5938 Heribertum,
1349 5878 1505 5938 quem
1537 5865 1787 5938 eumdem

181 5934 310 5998 cuiu
331 5934 656 5995 Ghariberto
675 5945 861 5992 censet
885 5934 1283 5998 Hontheimius,
1308 5935 1362 5990 in
1387 5935 1527 5990 notis
1544 5935 1608 5990 ad
1631 5936 1787 5990 char-

1899 4803 2330 4880 tam_Bertradae,
2357 4803 2443 4880 ubi
2469 4803 2836 4880 supra,_unde
2875 4805 3112 4880 priorem
3148 4808 3357 4880 Bertam
3393 4826 3490 4880 po-

1899 4876 2340 4950 sterioris‘aviam
2372 4873 2536 4928 fuisse
2581 4875 2893 4950 arbitratur.
2937 4876 3184 4950 Aliquam
3231 4879 3299 4932 de
3330 4873 3487 4950 hujus

1889 4946 2099 4999 chartze
2129 4945 2442 4999 sinceritate
2473 4945 2836 5012 suspicionem
2862 4957 3106 5001 moverat
3135 4945 3487 5008 invocationis

1898 5016 2130 5071 formula
2162 5031 2382 5085 prorsus
2423 5015 2660 5070 instilita.
2698 5016 2775 5070 [Sx
2805 5017 3049 5086 plurimis
3094 5021 3234 5073 enim
3283 5022 3485 5078 instru-

1897 5087 2093 5140 mentis
2114 5102 2234 5154 qua:
2257 5087 2361 5139 huc
2390 5101 2558 5154 usque
2582 5089 2970 5144 recensuimus.
2994 5105 3115 5144 cum
3145 5091 3484 5150 invocatione

1898 5157 1959 5211 S.
1993 5157 2295 5220 Trinitatis,
2329 5157 2534 5211 nullum
2566 5165 2648 5211 est
2682 5159 2823 5225 quod
2857 5176 2962 5214 nou
2995 5162 3192 5228 spnriis
3223 5178 3487 5220 annumeo

1898 5228 2162 5292 ravimus,
2195 5231 2238 5283 si
2269 5243 2598 5282 summorum
2631 5230 2944 5294 pontificum
2976 5231 3174 5285 bullam
3207 5249 3364 5287 unam
3395 5247 3489 5292 aut

1896 5299 2119 5353 alteram
2152 5300 2408 5367 excipias,
2444 5309 2497 5350 et
2527 5297 2736 5351 unicam
2772 5297 3085 5355 Gammonis
3114 5304 3354 5357 chartam
3389 5307 3486 5360 da-

1897 5378 2002 5423 tam
2028 5385 2171 5445 anno
2196 5370 2394 5445 _Cl_ir_is_ti
2415 5369 2520 5445 βθῖ
2553 5368 2686 5445 (Cof.
2717 5369 2876 5445 l255)
2901 5387 3060 5441 supra
3091 5389 3102 5426 :
3134 5375 3255 5428 huic.
3277 5387 3482 5445 autem,

1895 5456 2014 5494 cum
2047 5441 2164 5494 aliis
2194 5441 2310 5494 falsi
2339 5441 2549 5494 iudiciis
2582 5441 2785 5494 absolvi
2817 5445 2986 5510 possit
3025 5454 3080 5496 et
3109 5462 3175 5498 ex
3206 5441 3483 5502 chartula;

1895 5512 1976 5564 rio
2006 5514 2076 5566 sit
2103 5513 2453 5581 deprompta,
2489 5512 2773 5565 formulam
2809 5514 3076 5568 insolitam
3107 5531 3135 5568 a
3168 5517 3481 5574 ehartnlarii

1893 5584 2158 5651 scriptore
2185 5593 2389 5636 temere
2416 5582 2686 5654 prmfixam
2718 5583 2880 5639 fuisse
2913 5586 3036 5639 licet
3066 5589 3354 5654 conjicere.
3391 5592 3480 5644 Sic

1894 5655 2056 5706 etiam
2080 5669 2361 5708 censemus
2389 5655 2456 5706 de
2483 5652 2668 5705 charta
2700 5655 2995 5720 liertradzc,
3034 5652 3235 5724 pariter
3265 5678 3293 5714 e
3326 5661 3484 5715 char-

1897 5724 2089 5800 tulario
2128 5733 2300 5800 eruta.
2349 5733 2402 5778 et
2443 5738 2562 5793 qua:
2609 5724 2736 5779 nulli
2764 5741 2945 5800 qn_en_t
2969 5731 3201 5783 sciamus
3231 5743 3482 5800 suspecta

1894 5795 2004 5848 visa
2037 5804 2136 5849 est.
2175 5796 2246 5849 De
2277 5804 2454 5850 nostra
2497 5809 2668 5847 annos
2699 5798 2844 5862 regni
2889 5797 3207 5854 Theodorici
3242 5802 3304 5854 IV
3328 5795 3480 5859 com-

1895 5867 2114 5935 putandi
2141 5870 2350 5922 ratione
2375 5879 2536 5936 supra
2565 5865 2797 5923 diximus
2828 5868 2960 5938 (Col.
2995 5868 3164 5937 1268,
3191 5881 3298 5928 not.
3335 5877 3406 5945 ε).
