4206 6614
787 459 928 522 1275

1567 455 1840 518 SECUL.
1874 458 1967 516 VII
2009 458 2098 515 ET
2138 457 2252 514 VIII
2297 454 2831 514 ECCLESIASTICA
2876 457 3338 518 MONUMENTA.

3939 463 3960 518 I
3972 463 4065 522 276

787 579 952 638 ﬂuvio
967 575 1213 645 Mosella,
1234 581 1409 632 totum
1432 573 1500 630 de
1525 572 1706 630 Bursis
1725 572 1982 644 quicquid
2002 580 2084 628 est
2111 571 2176 627 de
2199 585 2382 626 nostra
2411 577 2460 636 Α
2489 577 2735 640 tempore
2766 567 2970 625 ﬁrmius
2995 582 3331 642 permaneat.
3367 574 3520 632 Unde
3549 583 3607 632 et
3636 591 3737 634 nos
3766 577 3934 650 ipsam
3955 595 4064 636 car-

788 681 943 746 parte
986 679 1156 727 totum
1178 710 1193 737 ,
1229 677 1285 726 et
1312 667 1379 724 de
1419 666 1638 723 Blancio
1667 666 1924 738 quicquid
1954 667 2109 722 nobis
2154 667 2384 736 obtingit

787 775 983 824 totum.
1019 763 1359 833 Bertelingas
1382 769 1569 819 nostra
1599 769 1757 838 parte
1787 770 1898 817 tota
1924 761 2184 817 donamus
2210 763 2382 817 dona-

788 869 1012 931 tumque
1043 859 1096 912 in
1128 867 1453 928 perpetuum
1490 870 1613 911 esse
1639 855 1908 910 volumus.
1944 854 2108 910 Villas
2137 856 2383 924 superius

787 953 1094 1011 nominatas
1137 949 1206 1005 ad
1233 948 1565 1006 monasterio
1610 947 1848 1014 Prumia,
1900 948 1955 1004 in
1983 949 2191 1004 honore
2219 965 2383 1022 pecu-

788 1044 936 1101 liaris
962 1041 1206 1115 patronis
1230 1041 1432 1098 nostris
1460 1039 1520 1097 S.
1545 1038 1751 1108 Mariae,
1783 1037 1929 1096 Petri
1957 1049 2013 1095 et
2041 1040 2211 1107 Pauli,
2242 1049 2296 1096 et
2321 1040 2380 1096 S.

788 1135 1006 1192 Martini
1036 1149 1134 1190 seu
1163 1141 1470 1190 ceterorum
1516 1139 1828 1188 sanctorum
1876 1146 2106 1204 quorum
2159 1132 2382 1202 pignora

788 1229 989 1286 ibidem
1019 1228 1073 1284 in
1102 1228 1220 1299 ipso
1243 1227 1363 1283 loco
1386 1241 1650 1284 venerare
1675 1233 1992 1292 noscuntur,
2015 1225 2106 1282 ubi
2129 1225 2384 1296 Angloal-

786 1321 889 1378 dus
932 1321 1148 1378 Christo
1193 1319 1410 1390 auspice
1447 1334 1680 1392 pmesse
1729 1319 2067 1376 dinoscitur:
2101 1321 2206 1376 hoc
2234 1330 2380 1389 sunt,

791 1416 946 1470 villas
976 1425 1186 1472 nostras
1232 1413 1483 1484 superius
1532 1414 1853 1482 nominatas,
1885 1430 2008 1470 cum
2050 1416 2198 1470 omni
2241 1415 2382 1470 inte-

789 1509 986 1580 gritate
1031 1507 1398 1564 eorumzboc
1443 1517 1602 1572 sunt,
1661 1505 1807 1563 Sessi
1858 1523 1983 1563 eum
2024 1508 2381 1578 widriscapis,

789 1602 951 1665 casis,
982 1601 1207 1671 campis,
1233 1600 1424 1672 pratis,
1447 1598 1685 1672 pascuis,
1718 1600 1874 1670 aquis
1903 1615 2271 1670 aquarumque
2290 1601 2384 1656 de-

788 1694 1055 1761 cursibus,
1087 1693 1258 1760 silvis,
1287 1690 1593 1762 mancipiis,
1625 1691 1912 1760 acolabus,
1939 1691 2199 1760 vestibus,
2231 1700 2386 1747 uten-

786 1789 1000 1856 silibus,
1028 1787 1223 1851 vineis,
1258 1786 1416 1842 cultis
1441 1795 1496 1842 et
1523 1785 1760 1851 incultis,
1791 1785 2178 1852 mansionibus,
2206 1785 2384 1842 mobi-

787 1881 929 1938 libus
975 1889 1030 1934 et
1070 1878 1455 1946 immobilibus,
1506 1877 1592 1934 vel
1643 1877 1897 1948 quicquid
1952 1878 2004 1932 in
2063 1878 2193 1948 ipsis
2248 1879 2384 1934 villis

2488 663 2652 718 tulam
2683 663 2994 720 donationis
3024 680 3054 720 a
3084 666 3171 721 die
3215 669 3462 737 prtesenti
3509 670 3624 726 ﬁeri
3670 673 3991 742 rogavimus,
4016 681 4066 730 et

2487 774 2675 812 manus
2704 768 2922 814 nostras
2956 761 3143 816 subter
3170 761 3508 819 decrevimus
3535 761 3844 832 affirmare,
3873 777 3926 822 et
3950 768 4067 824 viris

2484 851 2786 921 magniﬁcis
2812 851 3084 910 aflirmare
3113 856 3440 924 rogavimus.

2555 944 2716 1000 Facta
2747 946 2955 1002 cartula
2984 947 3292 1004 donationis
3322 948 3569 1019 publice,
3603 950 3654 1004 in
3687 950 3811 1006 villa
3842 953 4065 1019 Prumia,

2483 1037 2583 1092 sub
2623 1038 2711 1093 die
2754 1037 2900 1108 quod
2946 1039 3071 1094 fecit
3111 1039 3311 1094 mensis
3339 1038 3528 1096 Junius
3576 1041 3691 1097 dies
3739 1043 3920 1111 viginti
3947 1052 4063 1107 tres,

2485 1145 2629 1186 anno
2657 1131 2827 1201 primo
2857 1131 3009 1201 regni
3033 1131 3218 1187 domni
3247 1133 3419 1188 nostri
3453 1131 3776 1190 Theoderici
3803 1133 3980 1205 Regis.

2555 1223 2775 1293 Signum
2808 1223 2848 1295 σι-
2893 1223 3266 1290 Bertradanae,
3308 1239 3430 1294 qua:
3471 1225 3611 1281 hanc
3655 1227 3916 1282 cartolam
3957 1228 4068 1284 tieri

2484 1319 2712 1388 rogavit,
2737 1333 2900 1372 manu
2926 1333 3023 1373 sua
3045 1317 3212 1373 facto.
3238 1316 3353 1386 Ego
3383 1318 3735 1376 Cbaribertus
3760 1322 4064 1393 subscripsi.

2485 1408 2594 1478 Ego
2621 1410 2908 1466 Bernarius
2931 1409 3242 1480 subscripsi.
3263 1441 3334 1451 —
3354 1411 3576 1483 Signum
3601 1413 3637 1485 ᾔ-
3661 1411 4066 1471 Cltrodolandaz.

2487 1502 2596 1575 Ego
2627 1503 2994 1562 Theodericus
3018 1498 3338 1575 subseripsi.

3192 1638 3376 1695 LVIII.

2488 1758 2679 1812 Charta
2707 1759 3076 1840 recognitionis
3105 1775 3345 1840 censunm
3375 1759 3437 1814 de
3465 1776 3596 1840 pago
3627 1760 4075 1840 A_rduiio,_lferle-

2558 1832 2748 1972 τῖηὲιὶηὶίο
2778 1831 3152 1886 Cenomanensi
3191 1833 3426 1902 episcopo
3465 1833 3826 1887 solvendorum
3858 1837 3880 1864 °
3911 1836 4070 1902 (ann.

786 1984 1160 2029 antecessores
1206 1971 1376 2026 nostri
1424 1969 1623 2026 ibidem
1675 1979 1983 2037 tenuerunt,
2026 1979 2082 2025 et
2112 1987 2209 2024 nos
2240 1986 2267 2024 a
2294 1971 2380 2027 die
2414 1966 2456 2025 Β
2554 1966 2763 2054 Βοηίηο
2788 2000 3076 2055 ειερηίοιιε
3100 2007 3285 2056 nostra
3302 2001 3417 2055 vim
3439 2002 3739 2072 apostolico
3757 2003 4075 2059 llerlemun-

785 2071 1052 2135 praesente
1093 2071 1277 2117 tenere
1319 2061 1421 2116 visi
1463 2076 1672 2130 sumus,
1705 2068 1876 2116 totum
1908 2071 1961 2114 et
1990 2060 2055 2114 ad
2086 2061 2372 2129 integrum,

784 2158 926 2214 sicut
972 2156 1219 2226 superius
1263 2153 1396 2222 dixi,
1437 2153 1505 2208 ad
1530 2151 1643 2223 jam
1691 2153 1836 2208 dicto
1884 2156 2237 2221 monasterio,
2280 2172 2376 2224 pro

785 2251 978 2307 anima:
1005 2261 1203 2308 nostra:
1233 2252 1316 2307 vel
1347 2251 1468 2308 filiis
1495 2251 1632 2306 meis
1669 2251 1938 2306 defunctis
1968 2252 2261 2306 remedium
2292 2252 2377 2305 vel

782 2351 984 2398 aeterna
1026 2343 1404 2408 retributione,
1447 2343 1712 2398 donamus
1757 2351 1920 2412 atque
1955 2341 2376 2396 transfundimus

782 2437 851 2492 de
885 2437 1009 2506 jure
1039 2449 1224 2492 nostro
1257 2439 1306 2491 in
1333 2437 1456 2506 jure
1485 2445 1540 2491 et
1578 2436 1946 2490 dominatione
1993 2436 2229 2505 ipsorum
2260 2451 2376 2490 ser-

783 2545 972 2585 vorum
1002 2529 1118 2594 Dei,
1153 2537 1212 2582 ut
1260 2527 1458 2583 ibidem
1489 2527 1876 2608 perpetualiter
1907 2527 2154 2596 proficiat
2193 2527 2272 2580 eis
2321 2527 2374 2581 in

782 2623 1104 2692 augtneutis,
1132 2631 1186 2677 et
1210 2637 1239 2675 a
1263 2623 1349 2677 die
1374 2614 1626 2692 prresenli
1652 2620 1754 2690 ipsi
1779 2621 1919 2675 servi
1950 2621 2042 2675 Dei
2065 2620 2155 2688 qui
2182 2621 2234 2674 in
2257 2620 2375 2689 ipsa

783 2717 902 2770 loca
934 2715 1122 2770 ordine
1152 2723 1336 2770 sancta
1369 2713 1740 2782 contemplare
1768 2713 2037 2776 videntur,
2065 2713 2176 2781 jam
2205 2713 2376 2768 dictas

779 2813 936 2868 villas
984 2813 1238 2876 habeant,
1289 2818 1508 2866 teneant
1543 2819 1705 2880 atque
1744 2809 2074 2879 possideant,
2105 2814 2160 2859 et
2187 2821 2374 2860 eorum

781 2908 1014 2977 posteris
1060 2905 1392 2976 spiritalibus
1436 2904 1814 2972 derelinquant
1860 2901 1926 2955 ad
1973 2899 2375 2969 possidendum,

779 2998 867 3054 vel
895 2998 1152 3068 quicquid
1183 2997 1250 3051 de
1281 2998 1394 3066 ipsa
1427 2996 1606 3050 facere
1637 2994 1905 3050 voluerint
1934 2993 2155 3046 liberam
2201 3003 2254 3045 et
2286 2991 2378 3044 tir-

780 3091 1075 3150 missimant
1106 3092 1160 3146 in
1190 3091 1438 3146 omnibus
1477 3090 1713 3144 habeant
1753 3094 2078 3157 potestatem
2123 3085 2376 3140 faciendi.

780 3185 837 3241 Si
868 3186 988 3254 quis
1017 3200 1167 3249 vero,
1205 3199 1335 3248 nos,
1370 3191 1462 3236 aut
1494 3182 1633 3236 ullus
1677 3181 1746 3236 de
1802 3178 2088 3234 heredibus
2145 3177 2373 3243 nostris,

2485 2089 2572 2151 do,
2595 2090 2685 2158 qui
2709 2105 2889 2145 casam
2912 2090 3095 2145 Sancti
3111 2092 3352 2146 Gervasii
3378 2093 3428 2146 in
3451 2093 3688 2163 regimen
3713 2095 3906 2149 habere
3927 2096 4077 2149 vide-

2485 2186 2604 2244 tur;
2627 2195 2724 2236 nos
2750 2181 2894 2234 enim
2914 2181 2967 2236 in
2987 2181 3079 2234 Dei
3103 2182 3320 2236 nomine
3346 2183 3727 2248 Domnolenus,
3748 2185 4078 2254 Bodoartlus,

2486 2269 2842 2336 liogohertus,
2872 2272 3185 2338 Bosolenus,
3205 2273 3546 2337 Gembertus,
3567 2275 3923 2342 Audobertus,
3943 2277 4066 2333 Gun

2484 2363 2708 2418 doaldus
2721 2379 2815 2418 seu
2838 2365 3231 2430 etAdobertus,
3248 2364 3476 2434 junioris
3496 2365 3787 2422 Audranno
3809 2378 4000 2437 agente
4013 2371 4079 2425 de

2483 2455 2607 2510 villa
2625 2467 2800 2511 vestra
2828 2456 3010 2512 Sancti
3031 2458 3273 2512 Gervasii
3298 2469 3644 2530 nuncupante
3673 2461 3910 2516 Al‘tI'JﬂU.
3945 2464 4079 2517 lium

2481 2549 2750 2619 cognitum
2773 2557 2852 2603 est
2875 2550 3107 2619 qualiter
3128 2560 3181 2604 et
3203 2551 3485 2625 permissio
3507 2553 3672 2622 ipsius
3695 2553 3983 2608 Audranuo
4015 2557 4080 2609 ll-

2481 2639 2562 2694 Ias
2584 2641 2886 2696 inferendas
2908 2643 2992 2696 vel
3013 2643 3194 2697 omnia
3211 2651 3458 2699 exactum
3482 2646 3624 2714 quod
3646 2663 3708 2700 ex
3733 2647 3845 2716 ipsa
3869 2648 3990 2700 villa
4013 2650 4081 2703 ad

2481 2742 2690 2804 partem
2721 2735 2891 2788 sancti
2923 2734 3165 2791 Gervasii
3195 2737 3420 2792 reddere
3449 2739 3706 2804 debetur,
3739 2742 3803 2795 de
3831 2744 4082 2810 pagensis

2488 2826 2691 2881 nostris
2740 2827 3108 2896 unusquisque
3155 2844 3254 2898 per
3302 2844 3493 2883 manus
3533 2841 3745 2887 nostras
3787 2833 4082 2902 rei-ipimus

2490 2919 2573 2972 vel
2602 2919 2667 2973 ad
2697 2921 2940 2988 recipere
2964 2921 3244 2985 habemus,
3279 2922 3420 2976 unde
3449 2921 3590 2991 apud
3627 2923 3897 2991 llatlingan
3929 2927 4080 2980 vice-

2487 3010 2709 3066 domino
2741 3022 2922 3082 partes
2952 3013 3150 3069 exinde
3177 3014 3431 3079 fbcimus,
3473 3024 3526 3070 et
3571 3017 3725 3071 nobis
3769 3017 3836 3072 de
3878 3034 4083 3074 annun-

2488 3106 2627 3161 ciata
2658 3114 2823 3173 carta,
2870 3109 3012 3176 quod
3054 3108 3150 3162 fuit
3193 3118 3452 3177 regnante
3501 3113 3804 3181 Chilperico
3837 3129 3984 3184 rege,
4017 3117 4083 3169 de

2489 3197 2602 3268 ipsa
2633 3199 2874 3262 ferenda,
2920 3199 2973 3253 in
3007 3201 3270 3269 integrum
3321 3203 3477 3257 nobis
3507 3204 3759 3272 injunxit,
3790 3208 3931 3274 quod
3985 3209 4082 3278 ipsi

779 3287 872 3334 aut
903 3277 1249 3349 proheredes,
1282 3277 1365 3331 vel
1395 3276 1649 3346 quislibet
1676 3274 1926 3346 opposita
1955 3288 2210 3343 persona,
2239 3288 2372 3327 con-

2487 3304 2747 3358 pagenses
2795 3291 2962 3345 nostri
3005 3290 3111 3345 hoc
3151 3292 3468 3361 reddebant,
3505 3297 3589 3350 vel
3632 3312 3731 3352 nos
3773 3313 3890 3352 cum
3923 3274 4080 3368 ipsis,

781 3380 862 3430 tra
896 3372 1035 3426 hunc
1084 3377 1463 3425 testamentum
1496 3379 1520 3404 ³·
1554 3384 1583 3422 a
1610 3384 1710 3424 nos
1742 3368 1938 3422 factum
1970 3367 2155 3420 venire
2198 3375 2373 3420 tenta-

777 3464 917 3520 verit
944 3471 1038 3518 aut
1064 3463 1169 3518 hoc
1212 3463 1496 3515 immutare
1524 3461 1777 3521 voluerit,
1813 3458 1956 3526 quod
1984 3459 2222 3512 Iuturum
2256 3472 2375 3512 esse

773 3570 887 3613 non
915 3555 1203 3618 credimus,
1239 3553 1542 3622 inprimitus
1573 3553 1706 3607 iram
1752 3552 1843 3606 Dei
1874 3551 2262 3620 omnipotentis
2293 3551 2375 3604 in-

775 3659 982 3712 currat,
1015 3656 1070 3703 et
1098 3647 1155 3702 S.
1190 3645 1352 3702 Petro
1396 3647 1487 3717 qui
1520 3654 1665 3702 tenet
1699 3646 1879 3701 claves
1907 3645 2057 3713 regni
2087 3645 2370 3710 caelorum,

775 3748 834 3795 et
861 3739 919 3799 S.
957 3738 1121 3794 Paulo
1149 3755 1269 3794 cum
1312 3755 1419 3808 quo
1460 3739 1721 3808 apostolis
1749 3737 1960 3791 Domini
2008 3752 2104 3791 seu
2133 3744 2185 3790 et
2217 3744 2369 3791 cete-

775 3847 960 3888 rerum
991 3841 1335 3899 sanctorum,
1367 3831 1444 3886 sic
1474 3838 1773 3885 marcescat
1817 3829 1871 3882 in
1921 3829 2104 3883 radice
2153 3835 2212 3882 ut
2263 3843 2372 3883 non

776 3924 1032 3980 florescat
1061 3925 1113 3979 in
1143 3925 1326 3991 rantis,
1360 3934 1432 3990 et,
1465 3924 1510 3981 si
1541 3923 1589 3979 ei
1622 3923 1756 3978 rami
1783 3924 2084 3987 evenerint,
2115 3923 2180 3976 ad
2227 3923 2370 3976 nihi—

777 4018 887 4072 lum
917 4016 1226 4082 deveniant,
1257 4025 1530 4086 tamquam
1559 4016 1935 4070 anathematus
1965 4016 2016 4069 in
2049 4016 2256 4070 radium
2280 4030 2371 4069 so-

777 4109 860 4174 lis,
886 4117 940 4164 et
969 4109 1111 4178 quod
1157 4111 1352 4178 repetit
1380 4108 1578 4163 nullam
1611 4123 1864 4178 umquam
1894 4116 2137 4178 tempore
2163 4107 2370 4160 cvindi-

777 4211 907 4254 care
935 4215 1042 4255 non
1069 4200 1388 4264 valeat,~sed
1426 4200 1602 4254 inanis
1630 4208 1685 4252 et
1715 4214 1914 4254 vacuus
1944 4214 2065 4252 cum
2093 4199 2223 4267 ipsis
2251 4214 2368 4251 ma-

775 4288 1152 4347 ledictionibus
1195 4300 1542 4362 perseveret;
1577 4301 1631 4346 et
1661 4290 1834 4344 adhuc
1871 4305 1968 4360 pro
2009 4291 2172 4345 totius
2201 4291 2369 4342 tirmi-

774 4390 963 4449 tatem,
1011 4399 1075 4438 ac
1122 4384 1166 4439 si
1215 4399 1378 4452 parva
1429 4381 1742 4438 munuscula
1796 4390 1980 4436 nostra
2030 4397 2148 4450 qum
2202 4381 2368 4437 Deum

775 4473 1088 4538 obtulimus,
1137 4472 1319 4528 inlmsa
1349 4481 1701 4542 perseveret;
1751 4480 1805 4527 ct
1835 4473 2072 4539 insuper,
2100 4473 2254 4542 juxta
2288 4474 2367 4527 le-

776 4582 897 4638 gem
941 4569 1256 4635 conditoris,
1288 4569 1430 4638 quod
1457 4570 1730 4640 principes
1773 4578 2066 4624 sanxerunt
2093 4568 2144 4637 b,
2175 4569 2370 4626 inferat

2480 3384 2564 3439 vel
2595 3384 2741 3453 ipsos
2771 3398 3032 3454 pagenses
3059 3385 3255 3440 exinde
3277 3387 3555 3443 convictos
3581 3404 3699 3444 esse
3729 3391 3906 3446 iaciat.
3943 3391 4078 3447 Pro-

2476 3486 2664 3550 pterea
2695 3477 2839 3533 hanc
2889 3478 3176 3546 epistolam
3213 3481 3525 3536 cantionum
3555 3483 3709 3538 nobis
3745 3485 4078 3552 emittemus,

2478 3572 2562 3626 vel
2593 3587 2757 3626 manu
2782 3581 2964 3627 nostra
2994 3572 3383 3629 aflirmavimus
3412 3589 3513 3644 ego
3548 3576 3892 3645 Domolenus,
3925 3581 4082 3648 quod

2476 3665 2545 3719 de
2577 3664 2692 3734 ipsa
2717 3680 2934 3720 annona
2962 3666 3200 3722 redebeo
3239 3667 3340 3722 sol.
3373 3670 3716 3739 septuaginta
3748 3682 3800 3728 et
3832 3674 3941 3727 duo
3980 3691 3993 3728 :
4026 3685 4079 3728 et

2477 3771 2578 3827 ego
2607 3755 2944 3813 Bodoharius
2969 3759 3172 3814 solidos
3212 3763 3555 3831 septuaginta
3590 3772 3725 3826 tres;
3760 3775 3814 3819 et
3841 3781 3945 3835 ego
3976 3765 4080 3824 Ba.

2475 3852 2734 3920 gobertus
2753 3851 2856 3905 sol.
2881 3850 3101 3919 xxxiiij;
3124 3860 3180 3905 et
3199 3866 3300 3918 ego
3324 3854 3620 3910 Dosolenus
3642 3855 3745 3911 sol.
3776 3857 3828 3912 xl
3849 3867 3899 3912 et
3930 3867 4082 3928 tres;

2476 3951 2531 3998 et
2547 3957 2646 4012 ego
2669 3943 3013 3999 Audobertus
3033 3944 3134 3998 sol.
3156 3946 3377 4014 xxxviij.
3404 3946 3664 4003 Similiter
3685 3964 3787 4018 ego
3805 3947 4081 4008 Ge'mber-

2476 4045 2564 4091 tus
2584 4037 2685 4091 sol.
2710 4036 2876 4104 lxxxij
2896 4045 2948 4090 et
2962 4036 3043 4091 dr.
3063 4037 3130 4106 ij;
3155 4048 3210 4092 ct
3228 4052 3330 4106 ego
3346 4038 3697 4096 Gundoaldus
3719 4044 3819 4099 sol.
3836 4059 3943 4098 xxx
3956 4046 4010 4115 vj
4026 4054 4081 4102 et

2475 4127 2730 4192 dimidio;
2759 4136 2813 4180 et
2837 4142 2937 4196 ego
2969 4129 3275 4184 Adobertus
3305 4131 3404 4184 sol.
3433 4132 3520 4200 xxj
3552 4141 3600 4186 et
3638 4135 3906 4202 tremisso,
3931 4140 4081 4195 sicut

2475 4219 2728 4274 diximus.
2760 4217 2869 4273 Nos
2890 4220 3032 4274 enim
3055 4220 3302 4289 juniores
3331 4221 3642 4280 Aidoranno
3670 4226 3774 4281 hoc
3799 4229 3956 4282 vobis
3983 4247 4080 4298 per

2475 4312 2616 4366 hanc
2642 4313 2926 4382 epistolam
2956 4315 3225 4369 cautionis
3253 4316 3599 4385 spondemus,
3632 4327 3688 4372 ut
3719 4321 3892 4375 medio
3928 4322 4077 4380 Julio

2476 4404 2591 4474 ipsa
2622 4405 2917 4470 inferenda,
2951 4407 3093 4475 quod
3125 4408 3371 4476 superius
3417 4420 3501 4464 est
3547 4411 3878 4479 intimatum,
3919 4417 4075 4485 quod

2475 4497 2844 4567 unusquisque
2873 4498 2941 4553 de
2969 4513 3064 4553 sua
3097 4509 3250 4569 parte
3273 4500 3498 4557 reddere
3526 4504 3708 4569 debet,
3738 4506 3873 4561 sicut
3899 4523 4075 4578 supe~

2473 4592 2585 4644 rius
2631 4599 2714 4647 est
2762 4593 3022 4646 insertum
3070 4598 3126 4646 et
3172 4592 3311 4662 apud
3354 4609 3453 4650 nos
3480 4597 3752 4665 cognitum
3783 4607 3886 4667 est,
3921 4602 4074 4669 quod

774 4667 932 4721 nobis
965 4669 1080 4722 auri
1115 4669 1276 4722 libras
1324 4685 1354 4723 κ
1376 4708 1390 4734 ,
1439 4669 1648 4740 argenti
1696 4667 1933 4738 pondera
1981 4685 2077 4733 xx,
2111 4678 2166 4724 el
2195 4671 2236 4725 si
2266 4686 2367 4729 nec
2391 4674 2444 4734 D
2473 4683 2688 4750 exigere
2716 4684 2969 4753 petimus,
2998 4684 3136 4739 sicut
3179 4685 3428 4751 diximus,
3474 4688 3649 4743 medio
3697 4705 3883 4745 mense
3939 4667 4073 4748 .Iulii

773 4784 990 4840 quoque
1043 4770 1239 4825 factum
1284 4784 1527 4827 nostrum
1569 4773 1734 4826 ullum
1778 4781 2024 4841 tempore
2066 4774 2367 4845 irrumpere

768 4871 968 4937 valeat,
999 4871 1092 4927 sed
1123 4887 1357 4943 prmsens
1390 4879 1769 4928 testamentum
1801 4887 1829 4926 a
1858 4887 1958 4927 nos
1988 4873 2186 4929 factum
2219 4878 2363 4932 omni

844 5122 865 5147 δ
903 5109 1041 5182 [Vos
1072 5118 1431 5182 testamentum
1462 5112 1662 5177 vulgari
1694 5127 1854 5165 sensu
1894 5129 2000 5166 non
2042 5123 2128 5168 est
2160 5114 2358 5169 intellio

768 5181 971 5254 genita;
1005 5181 1259 5254 Bertrada
1293 5181 1433 5234 enim
1467 5185 1604 5235 bona
1639 5183 1799 5235 tradit
1831 5203 1861 5236 α
1892 5185 1976 5238 die
2003 5187 2272 5254 pz'wsenti,
2308 5195 2362 5240 et

772 5251 905 5305 infra
949 5253 1134 5304 scribit
1166 5253 1456 5306 chartulam
1498 5255 1815 5307 donationis.
1846 5251 2110 5308 Nonnulla
2146 5265 2362 5311 exstant

770 5323 822 5375 id
860 5337 1029 5389 genus
1061 5324 1414 5376 instnuuenta
1455 5323 1506 5376 in
1553 5323 1653 5377 hac
1683 5325 2006 5379 collectione
2037 5329 2230 5393 quibus
2259 5328 2356 5380 do-

771 5395 1014 5445 nationes
1047 5393 1186 5445 inter
1229 5393 1377 5447 vivos
1426 5403 1801 5462 nuncupantur
1839 5407 2162 5456 testamenta,
2196 5399 2244 5450 Ill
2278 5407 2356 5452 est

769 5465 998 5536 testatio,
1040 5463 1319 5515 decim-«tio
1349 5464 1625 5536 voluntatis
1658 5482 1673 5516 :
1702 5470 1777 5517 sic
1809 5466 1857 5518 in
1906 5467 2023 5531 lege
2075 5468 2208 5536 liipn
2250 5469 2358 5521 rio-

765 5547 911 5596 rum,
942 5535 1025 5586 tit.
1064 5550 1148 5586 ιιι
1180 5544 1233 5587 et
1261 5549 1416 5596 van,
1452 5536 1548 5588 ius:
1569 5535 1758 5588 ribitur
1783 5535 2152 5590 testamentmn
2182 5541 2355 5592 vendi-

767 5604 1742 5682 tto‘ni‘sLtraditionis._¥ide‘(Zanginnt
1773 5624 1896 5682 voc.
1929 5608 2021 5682 'l'ts
2037 5609 2354 5682 ‘untmitnnt.]

842 5673 868 5746 ιτ
903 5673 1020 5744 |llic
1052 5675 1237 5746 charta
1262 5675 1439 5746 obiter
1471 5676 1641 5729 innuit
1671 5687 1841 5730 const.
1871 5679 1922 5740 8,
1961 5681 2038 5731 tit.
2067 5696 2138 5740 ix,
2172 5682 2262 5733 lib.
2297 5673 2352 5746 n,

774 5745 974 5798 codicis
1001 5745 1360 5798 'I‘lieodosiani
1394 5762 1495 5814 qua
1522 5748 1834 5800 sanciuutur
1870 5765 2039 5812 paen-.13
2065 5752 2115 5803 iu
2147 5768 2239 5804 cus
2263 5745 2354 5815 qui

775 5826 929 5882 pacta
972 5825 1232 5867 conventa
1287 5817 1506 5885 implere
1546 5829 1813 5872 recusant.
1849 5819 1930 5873 Cf.
1963 5821 2354 5878 Gotliofredum

773 5887 840 5936 ad
877 5887 1012 5957 lianc
1048 5887 1532 5957 constitutionem]

849 5973 865 5992 ι·
901 5955 1038 6008 Nihil
1067 5965 1146 6010 cst
1178 5956 1226 6009 in
1255 5957 1354 6012 hoc
1385 5955 1738 6017 instrumento
1764 5961 1908 6030 quod
1938 5961 2129 6020 falsum
2157 5972 2348 6036 sapiat.

2469 4776 2582 4846 ipsa
2611 4775 2765 4831 vobis
2795 4776 2846 4830 in
2897 4777 3164 4844 integrum
3215 4778 3577 4834 transsolvere
3620 4782 3982 4849 spondemus,
4016 4793 4073 4840 ut

2467 4867 2692 4935 gratiam
2723 4875 2955 4923 vestram
2985 4867 3178 4924 exinde
3217 4867 3511 4938 adimplere
3541 4870 3816 4927 debemus.
3848 4873 4073 4931 Simili-

2464 5111 2581 5166 Ntzn
2613 5112 2834 5190 aliunde
2862 5120 3038 5165 tamen
3069 5120 3341 5190 cognitum
3371 5122 3454 5190 est
3476 5129 3733 5190 quamet;
3765 5117 3921 5174 Actis
3952 5123 4070 5190 epi-

2462 5199 2746 5251 scoporum
2797 5183 3324 5246 tienomanensium,
3370 5182 3509 5237 inter
3559 5184 3850 5242 Mabillonii
3918 5182 4069 5245 Aua—

2463 5253 2620 5314 lecta,
2667 5267 2788 5330 pag.
2840 5253 2966 5317 28$,
3013 5268 3150 5330 qua:
3176 5253 3404 5330 plurima
3452 5255 3623 5310 dubim
3663 5258 3784 5313 fidei
3815 5265 4068 5330 comple-

2462 5333 2678 5399 ctguntur
2707 5326 3079 5399 instrumenta.
3113 5324 3186 5399 Ex
3233 5324 3316 5380 lllS
3341 5342 3508 5399 unum
3551 5343 3734 5396 supra,
3767 5345 3894 5399 pag.
3940 5324 4064 5396 I56,

2461 5397 2724 5448 edidimus
2769 5396 2962 5462 quibus
3010 5394 3217 5448 ﬁscales
3261 5395 3465 5450 reditus
3497 5400 3545 5452 in
3578 5394 3807 5456 villa‘d‘e
3830 5394 4063 5459 Arduno

2460 5466 2849 5544 (Zenontanensi
2878 5464 3130 5544 Ecclesia:
3159 5467 3402 5544 concessi
3434 5477 3576 5544 sunt,
3619 5481 3673 5523 et
3700 5471 3827 5525 illud
3856 5477 4065 5544 Spuriis

2461 5538 2954 5591 annuvncratimus.
2994 5537 3070 5588 An
3114 5536 3181 5590 ad
3202 5537 3369 5606 hujus
3403 5536 4062 5601 conﬁrmationem-illud

2459 5610 2603 5677 quod
2632 5607 2952 5684 exhibemus
2978 5606 3159 5684 licuth
3192 5605 3394 5662 fuerit?
3425 5609 3634 5684 Deliae
3682 5615 4060 5684 suspicionem

2459 5694 2679 5757 movere
2708 5678 3074 5757 religionobis
3096 5679 3251 5757 foret,
3279 5696 3404 5757 cum
3436 5680 3578 5757 nulla
3597 5678 3904 5757 suppetant
3927 5703 4061 5757 sup-

2458 5751 2680 5827 posititii
2714 5751 2874 5803 foetus
2904 5751 3118 5804 indicta.
3165 5747 3561 5827 Herlenlundus
3586 5747 3697 5822 jam
3712 5747 3759 5810 ’τι
3804 5747 4061 5827 pluribus

2458 5824 2612 5902 annis
2635 5821 3096 5902 Cenomanensem
3120 5821 3657 5902 regebat'Ecclesiam
3679 5821 4060 5902 cum'regnnm

2458 5895 2765 5963 auspicatus
2791 5902 2874 5948 est
2905 5892 3270 5948 Theodericus
3296 5891 3384 5945 IV.
