4206 6536
226 439 374 495 1877

986 430 1431 489 DONATIONES
1476 427 1562 485 AC
1598 420 2070 484 TESTAMENTA
2111 418 2356 488 EPISC.,
2396 420 2575 491 ABB.,
2622 422 2775 478 ETC.

3377 422 3519 481 1278

221 558 313 607 ter
341 558 396 605 et
427 547 494 602 de
524 546 628 601 illis
654 544 918 604 ﬁdefactis
948 544 1093 613 quod
1120 545 1289 603 nostri
1315 558 1577 615 pagenses
1603 541 1695 613 qui
1720 540 1825 596 hoc
1852 538 1905 600 Α
1925 537 2063 608 juris
2091 536 2219 602 mei,
2254 541 2424 591 totum
2454 543 2509 591 et
2539 536 2605 591 ad
2628 510 2921 605 [integrum
2962 534 3131 592 dono.
3174 533 3283 591 Sed
3318 545 3373 591 et
3417 539 3519 595 lzoc

221 648 655 703 contemserunt,
687 647 741 694 et
769 638 919 692 vobis
949 636 1015 693 de
1054 637 1183 707 ipsis
1209 636 1344 691 vicis
1386 636 1491 690 hoc
1515 634 1669 690 vobis
1697 648 1828 704 spo-

222 735 535 806 pondimus,
564 740 621 787 ut
652 747 750 803 per
776 730 1170 800 unumquisque
1193 728 1467 783 hominem
1499 728 1566 782 de
1593 741 1692 781 suo
1715 739 1828 781 ser-

221 832 384 896 vitio,
432 827 585 897 juxta
639 824 782 895 quod
835 824 989 879 vobis
1016 821 1236 893 quidem
1285 820 1526 877 fecerunt
1567 828 1621 875 et
1650 827 1829 875 vester

218 920 408 976 brevis
455 918 712 988 loquitur,
756 916 874 987 ipso
923 915 1010 970 die
1058 914 1115 969 in
1162 913 1430 984 integrum
1461 910 1655 968 exinde
1684 910 1829 983 apud

218 1027 327 1065 nos
356 1009 678 1065 satisfacere
700 1006 997 1061 debeamus
1027 1013 1078 1060 ι.
1112 1004 1267 1070 Quod
1296 1003 1344 1059 si
1373 1002 1477 1057 hoc
1503 1016 1611 1057 non
1644 1000 1829 1057 feceri-

216 1117 348 1155 mus
378 1111 432 1155 et
468 1100 802 1155 voluntatem
832 1105 1069 1152 vestram
1114 1093 1316 1150 exinde
1346 1107 1454 1147 non
1501 1090 1829 1162 adimpleve-

218 1194 419 1260 rimus,
450 1209 549 1264 per
570 1194 713 1246 hanc
750 1190 1034 1260 epistolam
1064 1188 1319 1244 cautione
1352 1185 1501 1242 vobis
1530 1182 1827 1256 spopondi-

217 1302 349 1341 mus
380 1296 437 1341 ut
468 1288 734 1354 inpostea,
768 1291 892 1354 post
917 1282 1034 1353 ipso
1066 1280 1284 1351 placito,
1318 1288 1493 1335 totum
1522 1279 1576 1333 in
1606 1276 1829 1346 duplum

219 1378 385 1433 vobis
431 1376 794 1432 transsolvere
842 1373 1250 1444 spopondimus,
1294 1387 1454 1443 quam
1491 1379 1681 1442 postea
1711 1370 1829 1440 epi-

216 1469 426 1528 stolam
456 1470 709 1525 cautione
748 1482 869 1522 cum
911 1465 1333 1535 adstipulatione
1362 1462 1679 1527 subnixam,
1714 1478 1830 1516 ma-

222 1577 333 1618 nus
374 1569 591 1619 nostras
634 1560 822 1616 subter
849 1560 1183 1614 firmavimus
1213 1566 1268 1614 et
1296 1556 1584 1613 adfirmare
1614 1556 1829 1627 rogavi-

223 1668 374 1708 IDUS.

301 1748 501 1801 Actum
546 1742 913 1799 Cenomannis
952 1741 1207 1807 civitatis,
1256 1743 1309 1796 in
1350 1758 1537 1799 mense
1564 1741 1746 1806 Junio,
1777 1741 1831 1797 in

219 1854 374 1894 anno
404 1855 419 1893 ι
449 1850 675 1907 regnum
724 1836 931 1893 domini
978 1836 1147 1892 nostri
1179 1835 1500 1891 Theoderici
1549 1835 1710 1904 regis.
1743 1834 1829 1888 Si-

1929 629 2075 701 quod
2125 630 2253 684 tnihi
2301 629 2507 700 legibus
2552 629 2801 701 provenit
2842 630 2897 683 in
2946 629 3361 699 Dangaesbroch
3390 628 3517 702 μί..

1931 721 2292 793 Doensbrug],
2344 720 2692 777 medietatem
2742 721 2893 776 silva:
2938 720 3007 774 ad
3056 722 3287 776 eundem
3337 722 3524 778 locum

1930 815 2297 886 pertinentem
2327 814 2452 885 jure
2482 828 2624 879 meo,
2656 823 2713 869 et
2738 814 2791 869 in
2824 813 2949 869 villa
2983 821 3168 868 nostra
3197 812 3328 868 Meri
3367 828 3523 870 casa-

1934 917 2072 975 tum,
2103 923 2223 964 cum
2252 921 2428 963 uxore
2458 914 2514 961 et
2545 903 2840 961 infantibus
2868 914 2921 960 et
2950 905 3203 977 portione
3233 904 3360 977 [M.,
3398 922 3522 961 cum

1931 999 2090 1054 terris
2116 1008 2170 1055 et
2200 999 2458 1071 peculiari
2490 1014 2704 1064 eorum,
2751 1006 2807 1054 et
2850 996 3124 1070 portione]
3156 1000 3328 1068 silvae,
3375 1008 3431 1054 et
3462 1002 3518 1054 in

1932 1091 2054 1145 villa
2084 1100 2265 1147 nostra
2295 1089 2540 1158 Rinhari,
2574 1097 2790 1145 casatos
2818 1096 3072 1158 quatuor,
3107 1104 3229 1143 cum
3275 1105 3445 1146 uxore
3473 1097 3529 1145 ct

1933 1182 2243 1249 infantibus,
2277 1197 2398 1237 cum
2438 1183 2597 1236 terris
2628 1189 2683 1236 et
2711 1180 2970 1251 peculiari
3002 1194 3193 1234 eorum
3226 1188 3284 1235 et
3314 1181 3523 1250 portio-

1934 1291 2029 1331 nes
2072 1275 2140 1330 de
2169 1274 2343 1339 silva;
2378 1282 2431 1328 et
2482 1274 2533 1328 in
2564 1274 2690 1328 villa
2738 1280 2926 1328 nostra
2958 1271 3205 1340 Millingi,
3252 1271 3527 1327 basilicam

1932 1370 2143 1423 domnae
2193 1374 2393 1422 nostra:
2435 1367 2615 1420 Mariae
2658 1380 2779 1421 cum
2810 1366 2955 1419 omni
2995 1365 3330 1433 integritate,
3362 1380 3527 1434 quam

1936 1462 2134 1517 ibidem
2187 1460 2577 1527 ordinavimus,
2630 1457 2697 1512 ad
2744 1458 2974 1513 eundem
3005 1457 3266 1512 Sanctum
3311 1455 3530 1511 Petrum

1935 1553 2217 1622 subrogari
2243 1554 2491 1607 volumus
2511 1560 2566 1606 et
2591 1551 2953 1616 decrevimus,
2979 1559 3035 1605 et
3055 1565 3269 1605 servum
3288 1559 3531 1604 nostrum

1936 1645 2282 1700 Folcharium
2316 1645 2519 1702 ibidem
2551 1645 2879 1700 servientem
2912 1660 3033 1699 cum
3066 1659 3238 1699 uxore
3267 1652 3320 1697 et
3350 1642 3530 1697 infau-

1938 1736 2099 1803 tibus,
2130 1735 2348 1790 Eodfrid
2374 1736 2499 1808 [5].,
2533 1733 2908 1805 Godefridum]
2931 1751 3052 1790 cum
3075 1750 3247 1791 uxore
3272 1745 3327 1790 et
3357 1734 3533 1790 infan-

1939 1827 2081 1883 tibus
2112 1836 2169 1883 et
2212 1830 2372 1884 terris
2403 1830 2482 1901 [et
2515 1828 2675 1883 terris
2720 1829 2860 1882 deest
2909 1844 2997 1897 ap.
3031 1825 3172 1897 51.];
3222 1834 3274 1881 et
3320 1827 3371 1881 in
3413 1827 3532 1881 loco

220 1944 394 1999 gnum
425 1929 782 1984 Domnoleno.
812 1928 1037 1996 Signum
1071 1927 1386 1995 Riguberto.
1429 1925 1653 1994 Signum
1685 1924 1831 1979 llau-
1861 1908 1908 1969 Β
1938 1917 2212 1987 Meginun,
2240 1918 2554 1972 Walamunt
2582 1916 2709 1990 [M.,
2738 1915 2987 1985 Megrim,
3012 1915 3380 1986 Walamnum]
3409 1931 3528 1971 cum

222 2021 481 2078 dehario.
514 2022 737 2090 Signum
770 2020 1055 2075 l'iausleno.
1101 2019 1324 2088 Signum
1371 2019 1700 2074 Audoberto.
1754 2017 1834 2073 Si-

221 2132 396 2189 gnum
457 2116 773 2172 Gemberto.
839 2115 1064 2186 Signum
1116 2114 1483 2181 Gundoaldo,
1541 2115 1633 2183 qui
1690 2113 1833 2167 hanc

221 2211 519 2281 epistolam
563 2210 831 2267 cautionis
869 2208 1273 2265 afﬁrmaverunt
1307 2208 1665 2263 conscientes.
1709 2205 1835 2258 Ber-

224 2312 456 2356 trannus
521 2302 724 2372 rugitus
779 2301 1089 2371 subscripsi.
1157 2300 1459 2356 Teobaldus
1513 2298 1828 2369 subscripsi.

218 2392 537 2449 Adebertus
562 2391 875 2462 subscripsi.
903 2390 1087 2447 0dilus
1113 2392 1306 2462 scripsi
1336 2402 1393 2446 et
1422 2389 1734 2459 subscripsi.

972 2525 1109 2579 LIX.

218 2618 426 2675 Charta
477 2636 579 2689 qua
630 2616 892 2673 Ebro‘im
933 2633 1121 2689 comes,
1158 2617 1383 2689 plurimo
1427 2617 1578 2689 dona
1594 2616 1830 2689 _eouj’ert

310 2685 543 2755 basilica:
571 2689 635 2744 S.
672 2690 812 2743 l’elrt'
834 2688 1022 2743 inloco
1054 2685 1376 2741 Itin/tarian
1413 2688 1561 2756 (anu.
1593 2685 1740 2754 72f).

301 2824 361 2879 ιιι
407 2824 504 2878 Dei
536 2822 773 2878 nomine.
824 2821 939 2892 Ego
987 2821 1257 2877 Ebroinus
1283 2837 1486 2887 comes,
1534 2822 1675 2875 lilius
1714 2820 1830 2876 Oda

220 2911 362 2989 UL,
390 2911 530 2984 Odo]
559 2910 853 2980 quondam,
883 2910 1146 2976 donator;
1177 2910 1379 2978 aliquid
1409 2909 1478 2964 de
1504 2909 1666 2965 rebus
1695 2910 1829 2964 meis

220 3007 300 3063 ad
344 3006 466 3061 loca
515 3012 846 3067 sanctorum,
878 3017 979 3072 pro
1021 3001 1266 3057 remedio
1313 3002 1506 3056 animm
1534 3016 1689 3066 meze,
1731 3016 1830 3056 seu

221 3097 596 3153 dilectissimce
625 3093 871 3163 conjugis
894 3106 1031 3146 mea:
1059 3091 1464 3154 Theodelindae,
1491 3093 1619 3146 dare
1641 3092 1827 3162 dispo-

1937 2026 2109 2067 uxore
2159 2021 2215 2066 et
2264 2010 2585 2078 infantibus,
2637 2026 2759 2065 cum
2809 2010 2968 2064 terris
3010 2010 3220 2064 duabus
3266 2009 3532 2064 hobinnas

1938 2102 2066 2176 [Μ.,
2100 2106 2235 2158 duas
2274 2101 2605 2173 soburinas],
2638 2110 2694 2157 et
2723 2101 2775 2156 in
2809 2100 2939 2155 villa
2973 2101 3379 2170 Dagaerburge,
3419 2100 3534 2154 Oda

1936 2209 2059 2249 cum
2086 2208 2255 2248 uxore
2298 2202 2354 2247 et
2382 2192 2679 2248 infantibus
2719 2202 2767 2245 el
2802 2189 3065 2261 peculiari
3112 2204 3230 2245 suo.
3265 2190 3389 2244 Hanc
3420 2204 3535 2243 om-

1936 2285 2045 2350 nia,
2094 2300 2220 2339 cnm
2250 2285 2585 2353 integritate,
2619 2282 2673 2337 id
2702 2290 2806 2347 est,
2843 2290 2954 2335 tam
3001 2282 3143 2337 casis
3170 2296 3332 2350 quam
3362 2281 3534 2336 curti-

1938 2376 2057 2441 clis,
2087 2377 2313 2448 campis,
2350 2377 2544 2445 pratis,
2572 2377 2814 2447 pascuis,
2847 2375 3021 2440 silvis,
3064 2375 3219 2445 aquis
3246 2390 3531 2445 aquarum-

1936 2483 2043 2540 que
2070 2469 2409 2535 deeursibus,
2454 2483 2514 2523 re
2560 2468 2750 2524 mobili
2779 2475 2836 2522 et
2864 2467 3149 2533 immobili,
3178 2482 3238 2522 re
3266 2467 3534 2536 exquisita

1936 2570 1992 2618 et
2019 2563 2372 2633 inexquisita,
2405 2562 2491 2617 vel
2519 2562 2729 2630 reliqua
2761 2562 3140 2632 oportunitate
3163 2561 3362 2617 ibidem
3392 2561 3533 2631 aspi-

1936 2652 2139 2717 ciente,
2174 2650 2242 2705 ad
2270 2651 2638 2721 supradictum
2670 2652 2850 2706 locum
2895 2659 3145 2705 sanctum
3177 2650 3322 2706 dono
3364 2651 3534 2706 dona-

1936 2752 2165 2811 tumque
2193 2757 2313 2797 esse
2343 2742 2484 2813 [esse
2514 2744 2657 2797 deest
2684 2758 2772 2813 ap.
2802 2741 2905 2812 DL]
2932 2741 3239 2812 perhennis
3274 2743 3534 2813 tempori-

1938 2835 2038 2889 bus
2078 2834 2222 2899 volo,
2248 2848 2348 2902 pro
2370 2834 2678 2888 orationum
2700 2834 2877 2901 lucro,
2901 2835 2988 2889 vel
3008 2834 3296 2890 missarum
3336 2834 3535 2890 soletn-

1937 2925 2078 2996 pniis
2095 2924 2432 2980 celebrandis
2460 2926 2851 2996 perpetualiter
2869 2941 2971 2995 pro
2996 2941 3082 2981 me
3110 2934 3165 2982 et
3188 2942 3287 2997 pro
3309 2928 3464 2994 meis,
3479 2932 3537 2983 et

1937 3015 2055 3086 ipse
2083 3018 2236 3072 locus
2264 3026 2489 3073 sanctus
2520 3025 2577 3072 et
2607 3016 2866 3073 custodes
2898 3018 3016 3086 ejus
3039 3018 3145 3074 hoc
3164 3019 3427 3084 habeant,
3457 3026 3537 3074 te-

1936 3116 2105 3161 neant
2148 3116 2203 3162 et
2248 3108 2563 3177 possideant
2608 3121 2673 3163 ac
2720 3106 3037 3163 deflendam
3087 3109 3175 3179 [ac
3224 3107 3536 3165 deﬂendant

218 3191 360 3245 sui:
406 3189 512 3243 hoc
553 3194 655 3249 est,
690 3185 757 3239 ad
790 3184 1067 3239 basilicam
1098 3182 1251 3238 Beati
1281 3182 1425 3238 Petri
1456 3183 1829 3253 apostolorum
1860 3208 1907 3271 ο
1940 3200 2083 3253 dces:
2113 3216 2198 3268 ap.
2234 3191 2361 3269 #1.],
2395 3211 2450 3254 et
2485 3199 2743 3269 quicquid
2785 3200 2987 3255 exinde
3036 3200 3219 3256 facere
3263 3202 3533 3258 voluerint

216 3277 510 3351 principis,
542 3290 636 3330 seu
667 3274 926 3328 Johannis
958 3274 1210 3342 Baptistae
1238 3272 1325 3328 vel
1365 3281 1672 3328 ceterorum
1700 3289 1827 3328 san-

219 3382 467 3435 ctorum,
500 3383 622 3438 qua:
654 3374 964 3423 constructa
992 3373 1077 3422 est
1118 3367 1171 3421 in
1219 3366 1338 3422 loco
1376 3366 1657 3420 Rinharim
1700 3366 1826 3438 [M.,

220 3458 541 3532 Beynaren]
576 3460 630 3513 in
653 3471 793 3528 pago
823 3457 1088 3521 Dublinsi,
1120 3472 1282 3528 super
1306 3457 1471 3512 fluvio
1498 3457 1711 3525 Rheno,
1736 3460 1827 3514 ubi

217 3568 376 3609 nunc
421 3552 673 3607 dominus
703 3558 859 3620 pater
908 3560 963 3605 et
1010 3550 1253 3618 pontifex
1284 3550 1663 3607 Willibrordus
1695 3551 1822 3624 [Μ.,

220 3639 634 3712 Willebortius]
666 3641 953 3712 episcopus
974 3648 1158 3694 custos
1180 3654 1298 3695 esse
1323 3641 1568 3707 videtur;
1601 3640 1746 3695 dono
1770 3641 1826 3695 in

218 3736 359 3793 loco
388 3735 564 3801 Nitro,
597 3733 721 3787 villa
764 3741 971 3799 nostra,
1004 3741 1220 3788 casatos
1250 3743 1358 3788 tres
1402 3750 1526 3789 cum
1566 3734 1827 3792 uxoribus

216 3835 287 3883 et
310 3824 631 3891 infantibus,
656 3833 827 3880 terras
848 3840 974 3880 cum
997 3826 1110 3880 sala
1128 3834 1184 3880 et
1206 3827 1430 3881 curticle
1453 3825 1579 3899 [M.,
1609 3824 1826 3897 curtile]

218 3934 379 3985 meo,
424 3917 510 3972 vel
538 3915 848 3985 adjaceutia
887 3924 947 3973 et
973 3916 1042 3971 ad
1074 3917 1307 3973 etmdem
1338 3918 1517 3973 locum
1548 3920 1828 3988 pertinen-

224 4010 350 4078 tia;
394 4018 452 4065 et
496 4008 805 4078 portionem
838 4021 1017 4062 meam
1064 4008 1120 4061 in
1164 4008 1288 4063 loco
1334 4007 1603 4075 llaemmi,
1633 4011 1825 4066 silvam

302 4173 328 4198 ιι
360 4161 463 4233 [Εο
493 4159 752 4233 attentius
778 4157 1160 4233 perpendenda
1190 4172 1273 4215 est
1302 4162 1415 4217 haec
1440 4163 1647 4229 charta,
1680 4167 1825 4233 quod

225 4232 378 4293 nulla
427 4232 616 4285 similis
666 4232 966 4301 argumenti
1012 4233 1341 4301 reperiatur,
1395 4248 1502 4301 qua
1550 4232 1826 4291 debitores

224 4305 503 4363 redituum
555 4300 946 4368 recognoscunt
993 4300 1124 4369 quid
1175 4300 1542 4370 unusquiSque
1595 4322 1686 4365 iro
1726 4322 1823 4361 sua

222 4373 645 4448 parte__debeat,
680 4386 848 4448 seque
872 4385 998 4448 reos
1034 4373 1382 4448 promittendi
1410 4376 1821 4442 constituentes,

222 4440 428 4513 singuli
454 4458 553 4514 pro
593 4441 843 4514 omnibus
872 4440 1136 4514 integrum
1158 4444 1394 4514 reditum
1426 4458 1484 4499 se
1512 4440 1822 4514 persolutu¥

221 4510 339 4573 ros
374 4510 645 4585 spendent
680 4530 701 4585 :_
724 4511 814 4567 hic
862 4510 1315 4585 deprehendimus
1372 4510 1542 4581 prima
1584 4520 1819 4585 vestigia

220 4565 426 4658 usum—ii
457 4565 743 4658 sequioris
755 4565 948 4658 iactatis
1084 4582 1344 4658 solvendo
1375 4565 1541 4658 censu
1574 4565 1819 4658 feniljaiij
1844 4565 1901 4629 Ῑ)

304 4655 331 4693 δ
358 4653 507 4707 llaric
536 4653 701 4708 edidit
724 4651 1157 4725 Miraaus,_0pera
1187 4654 1316 4721 dipl.
1350 4662 1390 4708 t.
1423 4653 1504 4715 Ill.
1540 4671 1663 4725 pag.
1687 4651 1811 4723 SUO,

224 4744 300 4784 ex
347 4725 533 4777 charta
566 4723 928 4777 vetustissima
969 4723 1252 4847 [notatque
1282 4739 1399 4778 eam
1448 4723 1589 4780 inter
1618 4723 1814 4783 cmtera

224 4796 493 4847 comitum
541 4792 836 4846 Hollandia:
874 4793 961 4847 diu
990 4803 1170 4847 ornata
1219 4797 1642 4847 vetustissimam
1696 4799 1812 4847 exi.

221 4796 493 4854 comitum
541 4792 836 4846 Hollandia:
874 4792 1175 4861 diplomata
1219 4797 1642 4850 vetustissimam
1696 4799 1812 4852 exi-

222 4866 421 4935 stere].
447 4863 706 4935 Eamdem
725 4878 847 4916 cum
871 4863 1111 4935 plurimis
1134 4864 1508 4933 discrepantiis
1531 4869 1811 4923 nobiscum

221 4931 655 5005 communicavit
674 4931 905 4987 domnus
927 4932 1150 5005 Turpin,
1173 4931 1607 5002 congregationis
1631 4941 1812 4992 Sancti

223 5005 427 5080 Mauri,
471 5004 930 5080 depromptatna
970 5003 1054 5058 Ι).⁷
1079 5006 1241 5080 hliclt.
1269 5006 1477 5080 λωυμιιυρ,
1530 5009 1814 5080 subpriore

220 5080 285 5135 S.
322 5074 538 5144 πει·ίεί
573 5073 938 5148 \‘irdunensis,
972 5089 1040 5128 ex
1071 5076 1400 5131 chartulario
1428 5073 1813 5148 Epternacensi

222 5148 377 5218 quod
408 5159 634 5218 aureum
677 5144 873 5218 librum
918 5156 1130 5211 vocant,
1182 5148 1280 5201 sub
1330 5144 1492 5203 linem
1522 5165 1597 5203 xu
1628 5152 1811 5205 Steculi

223 5214 484 5275 exarata.
511 5214 658 5269 Cave
698 5230 766 5268 ne
801 5214 1094 5269 Ebroiuum
1124 5218 1378 5271 comitem
1410 5234 1530 5272 cum
1570 5220 1812 5274 Ebroino

223 5286 692 5359 majore-domus,
710 5292 766 5339 et
791 5285 1185 5359 Theudoricum
1208 5288 1306 5341 sub
1329 5290 1479 5353 cujus
1502 5305 1666 5359 regno
1688 5291 1812 5344 data

224 5354 534 5432 est—charta
580 5358 694 5432 haec
725 5354 1219 5432 eum_Tbe_odorico
1263 5359 1325 5411 Ill
1354 5354 1658 5432 perperam
1683 5376 1810 5414 con-

221 5431 444 5487 fundas.
471 5426 735 5482 Ebroinus
762 5426 1157 5495 major-domus
1177 5445 1319 5483 anno
1342 5426 1538 5484 Christi
1568 5430 1672 5483 682
1704 5432 1809 5486 vita

226 5508 493 5560 ccsyerat,
514 5568 525 5569 ί
549 5507 606 5551 ut
647 5499 843 5569 videre
865 5500 1137 5569 pst_apud
1169 5500 1331 5554 Gesta
1360 5499 1445 5554 Fr.
1481 5518 1601 5569 cap.
1633 5501 1722 5562 47,
1758 5512 1812 5556 et

229 5574 460 5638 l’redcg.
497 5568 653 5624 Cont.
677 5584 798 5638 cap.
823 5566 921 5632 98;
953 5566 1321 5625 Theodericus
1348 5570 1414 5624 ιιι
1440 5566 1582 5627 circa
1609 5588 1809 5627 annum

226 5642 357 5706 09l,
392 5651 452 5694 ut
479 5648 706 5693 testatur
736 5640 1005 5705 Longuer.
1040 5640 1233 5697 Annal.
1266 5642 1458 5697 Frauc.
1504 5644 1572 5696 ad
1611 5658 1809 5696 annum

228 5714 360 5775 690,
392 5714 444 5764 in
475 5711 612 5764 Coll.
645 5713 970 5784 scrip_t._r_er.
1002 5711 1091 5767 Fr.
1124 5723 1161 5764 ι.
1194 5712 1280 5779 ιιι,
1318 5727 1441 5784 pag.
1472 5712 1576 5768 69i
1598 5732 1611 5779 ;
1637 5711 1810 5768 Willi-

226 5785 465 5839 brordus
509 5796 658 5841 vero,
711 5782 803 5849 qui
846 5781 935 5834 hic
964 5784 1247 5851 episc0pus
1283 5781 1500 5850 dicitur,
1552 5801 1659 5838 non
1708 5785 1807 5839 nisi

226 5868 375 5911 anno
406 5851 513 5909 695
545 5854 892 5923 episcopatus
918 5852 1112 5909 infulas
1141 5856 1368 5925 adeptus
1396 5865 1497 5924 est,
1530 5864 1670 5912 teste
1698 5857 1804 5913 Ma-

1937 3288 2164 3342 liberam
2198 3303 2263 3344 ac
2305 3289 2671 3343 firmissimam
2702 3290 2756 3342 in
2788 3290 3040 3349 omnibus
3070 3300 3398 3361 potestatem
3439 3295 3533 3351 ha-

1935 3376 2122 3432 beant.
2156 3376 2213 3431 Si
2243 3379 2365 3447 quis
2395 3393 2549 3446 vero,
2583 3378 2729 3449 quod
2762 3378 3005 3437 futurum
3033 3394 3158 3436 esse
3203 3396 3314 3437 non
3344 3384 3533 3454 credo,

1936 3486 2058 3536 nos,
2093 3478 2189 3524 aut
2226 3471 2421 3538 aliquis
2467 3470 2535 3524 de
2581 3470 2871 3526 heredibus
2920 3470 3047 3544 [M.,
3099 3473 3394 3530 heredibus
3441 3484 3534 3531 aut

1934 3560 2356 3634 proheredibus]
2390 3563 2610 3627 nostris,
2643 3563 2730 3618 vel
2758 3565 2871 3619 ulla
2894 3567 3144 3635 opposita
3172 3583 3405 3637 persona
3431 3569 3533 3641 [lue

1934 3662 2080 3723 quat.
2111 3670 2260 3707 voces
2290 3653 2474 3707 desunt
2505 3670 2591 3721 ap.
2634 3652 2757 3725 31.],
2791 3664 2983 3710 contra
3011 3657 3117 3712 hoc
3150 3666 3532 3715 testamentum

1936 3744 2065 3816 |M.,
2106 3743 2246 3800 hanc
2274 3742 2584 3798 donationis
2624 3743 2915 3816 cartulam]
2960 3748 3151 3804 venire
3184 3752 3533 3819 temptaverit

1934 3845 2034 3892 aut
2084 3845 2330 3892 emutare
2374 3836 2630 3905 voluerit,
2678 3838 2925 3908 inprimis
2964 3856 2995 3893 a
3041 3852 3230 3898 sancto
3273 3841 3435 3897 Petro
3478 3853 3534 3901 et

1933 3934 2129 3983 sancto
2174 3926 2344 3982 Paulo
2389 3929 2765 3984 excommunis
2812 3929 2928 3999 ﬁat,
2977 3939 3031 3986 et
3076 3933 3298 4003 insuper
3336 3934 3534 3991 inferat

1934 4017 2067 4073 fisco
2090 4021 2113 4049 ο
2145 4018 2267 4073 auri
2297 4018 2465 4075 libras
2493 4019 2705 4085 decem,
2737 4022 2947 4091 argenti
2972 4023 3155 4095 pondo
3182 4025 3395 4094 viginti,
3425 4042 3532 4083 una

1932 4176 2048 4231 bill.
2079 4174 2275 4230 Annal.
2307 4183 2348 4230 t.
2373 4175 2415 4241 l,
2443 4191 2564 4246 pag.
2597 4176 2720 4230 610.
2750 4176 2892 4245 Ergo
2922 4178 3191 4236 Ebroiuus
3221 4196 3430 4244 comes,
3457 4181 3531 4241 de

1932 4261 2042 4315 quo
2070 4249 2263 4324 agitur,
2297 4247 2434 4324 alius
2462 4257 2545 4300 est
2586 4249 2659 4324 ab_
2686 4246 2938 4324 _Ebroiuo
2968 4251 3405 4324 majore-domus
3445 4252 3529 4324 [ut

1932 4325 2081 4371 recte
2112 4316 2326 4387 probat
2345 4315 2576 4387 Mittens,
2610 4316 2700 4372 ubi
2729 4334 2922 4387 supra;
2953 4320 3022 4374 de
3050 4315 3294 4377 Ebroiuo
3337 4315 3528 4380 ιιοεῖτο

1932 4385 3194 4474 ξςτβξιέεξίξίβμὲίμίίιξιξί,ίξ.ξίξτί²“.Ττείᾱεξειεηεῐν
3234 4407 3360 4473 988-
3406 4393 3523 4474 98]-

1933 4455 2309 4511 Theodoricus
2340 4472 2470 4512 vero
2513 4457 2892 4527 intelligendus
2923 4455 3006 4515 est
3031 4476 3128 4516 rex
3159 4455 3524 4525 huius'nomi-

1932 4528 2018 4599 nis
2048 4536 2294 4599 quartus,
2327 4528 2417 4597 qui
2462 4536 2590 4599 post
2638 4538 2870 4583 mortem
2902 4530 3192 4599 Chilperici
3223 4532 3287 4595 ll,
3336 4548 3523 4589 mense

1928 4597 2238 4672 Decembri,
2268 4596 2411 4652 anno
2462 4596 3117 4672 7%0,_reg-num_vi_detur
3166 4602 3519 4672 auspicatus;

1918 4665 2309 4741 Willibrordus
2341 4676 2524 4741 autem
2554 4667 2621 4741 ad
2643 4665 2847 4741 annum
2873 4668 2999 4737 758,
3026 4672 3136 4741 imo
3164 4665 3305 4728 forte
3326 4674 3393 4727 ad
3423 4665 3519 4729 an;

1920 4754 2048 4793 num
2079 4737 2180 4790 740
2202 4739 2364 4792 vitam
2385 4735 2662 4806 produxit,
2686 4736 2747 4794 ut
2770 4735 3000 4795 testatur
3024 4740 3161 4795 Hist.
3186 4742 3293 4796 litt.
3324 4744 3516 4799 Frauc.

1920 4816 1961 4862 t.
1991 4807 2078 4873 IV,
2104 4822 2223 4875 pag.
2252 4807 2341 4862 63.
2368 4807 2498 4873 Quis
2523 4818 2704 4865 autem
2737 4809 2898 4864 fuerit
2920 4810 3192 4866 Ebroinus
3217 4814 3305 4866 ille
3330 4829 3519 4870 comes

1919 4894 2029 4933 non
2078 4878 2279 4947 liquido
2322 4887 2560 4933 constat.
2608 4878 2912 4936 Ebroinum
2955 4883 3214 4937 comitem
3267 4884 3514 4940 novimus

1918 4951 2011 5018 qui
2042 4948 2314 5017 primariis
2355 4949 2560 5005 conditi
2589 4948 2919 5005 Carollensis
2964 4954 3285 5008 monasterii
3320 4953 3516 5009 tabulis

1917 5020 2424 5091 subscripsitanno
2455 5018 2654 5085 Christi
2704 5020 2826 5084 685,
2862 5018 3063 5077 Mabill.
3122 5023 3313 5076 Annal.
3354 5032 3391 5077 t.
3443 5024 3512 5091 Il,

1918 5106 2039 5160 pag.
2074 5088 2197 5163 271.
2233 5089 2509 5163 An_idem_
2528 5101 2611 5163 est
2634 5092 2956 5163 ‘quiauctor
2985 5093 3084 5147 fuit
3114 5094 3319 5148 charta:
3348 5088 3512 5163 quam

1916 5159 2302 5233 expendimus?
2325 5159 2382 5213 ω
2410 5160 2636 5233 delinire
2657 5159 2891 5233 arduum
2917 5159 3076 5217 foret.
3102 5159 3509 5219 Chartam—edi-

1916 5247 2035 5285 mus
2078 5231 2145 5302 ad
2193 5231 2352 5283 fidem
2391 5231 2629 5302 exempli
2663 5247 2691 5285 a
2723 5231 2925 5297 domno
2958 5232 3160 5302 Turpin
3207 5237 3511 5291 communi-

1914 5304 2017 5355 cati
2046 5318 2060 5365 ;
2092 5300 2356 5355 lectiones
2388 5300 2726 5356 Miran'inter
2756 5319 2927 5358 uncos
2957 5300 3301 5360 ascribimus.

1990 5372 2135 5446 {Sic
2165 5372 2307 5446 apud
2326 5370 2601 5446 Nicaeum:
2638 5392 2655 5424 ι
2686 5372 2756 5446 Et
2773 5388 2893 5446 eam
2926 5374 3224 5446 infringere
3251 5376 3507 5444 voluerit,

1914 5450 1971 5497 et
1998 5443 2155 5497 dictis
2188 5443 2345 5497 rebus
2375 5443 2579 5511 aliquid
2603 5443 2758 5512 quasi
2782 5443 3115 5499 hereditario
3136 5446 3261 5513 jure
3287 5443 3507 5503 auferre

1915 5514 2211 5578 conaverit,
2257 5512 2469 5582 penitus
2520 5513 2653 5567 iram
2704 5514 3097 5583 omnipotentis
3140 5512 3233 5570 Dei
3264 5517 3509 5573 incurrat

1913 5592 1969 5638 et
2013 5583 2108 5637 SS.
2158 5582 2493 5650 angelorum,
2526 5593 2581 5638 et
2610 5599 2641 5637 a
2672 5582 2944 5640 liminibus
2972 5584 3229 5643 Ecclesiae
3279 5588 3374 5642 Dei
3419 5590 3507 5644 vel

1912 5668 2117 5709 corona
2142 5652 2242 5709 SS.
2274 5662 2568 5726 extraneus
2598 5654 2885 5720 eﬂieiatur,
2911 5665 2966 5711 et
2994 5657 3198 5726 lepram
3225 5658 3394 5725 Giezi,
3418 5660 3504 5714 vei

1913 5726 2320 5798 percussionem
2352 5724 2933 5798 AuanimctASaphim
2960 5724 3345 5797 consequatur.
3381 5746 3505 5798 par—

1914 5802 2132 5868 temque
2182 5794 2381 5850 habeat
2411 5811 2533 5868 cum
2576 5794 2712 5851 Juda
2760 5794 3039 5863 lscariote,
3082 5794 3170 5868 qui
3219 5794 3505 5854 Dominum

1913 5866 2153 5934 tradidit,
2165 5873 2289 5935 post
2302 5867 2736 5924 maledictionem
2752 5876 2807 5926 et
2823 5866 3465 5929 excommunicationem.
3479 5890 3497 5924 ι
