4206 6530
210 358 341 416 I281

994 354 1430 415 DONATIONES
1474 357 1561 414 AC
1597 356 2061 418 TESTAIIENTA
2101 361 2342 431 EPISC.,
2384 364 2561 434 ABB.,
2603 364 2753 421 ETC.

3330 365 3354 423 ί
3365 366 3470 423 28!

207 470 383 525 omnia
414 468 722 539 supradicta
752 467 816 524 ad
840 468 1160 538 jamdictum
1187 469 1576 524 monasterium
1604 470 1691 525 vel
1718 468 1786 524 ad
1814 477 1867 537 Α
1891 481 1948 529 et
1974 489 2071 531 cor
2091 489 2258 530 unum
2289 481 2345 528 et
2389 476 2562 529 anima
2596 492 2700 531 una
2728 494 2742 530 :
2772 476 2914 531 unde
2962 476 3226 533 institutio
3280 490 3468 535 sancta

204 571 422 630 agentes
450 576 599 627 suos,
633 576 662 615 a
686 559 773 616 die
798 561 1057 630 presenti,
1081 560 1133 614 in
1159 568 1393 615 vestram
1421 560 1577 616 trado
1604 559 1785 615 domi-

204 656 476 711 nationem
514 654 916 727 possidendum,
950 662 1007 708 ut
1058 652 1318 723 quidquid
1352 652 1548 708 exinde
1596 651 1777 708 facere

207 747 509 813 volueritis,
535 748 758 803 liberam
789 761 852 802 ac
878 745 1236 800 ﬁrmissimam
1270 744 1515 798 habeatis
1532 745 1582 798 in
1607 744 1785 800 omni-

202 836 297 893 bus
327 837 543 894 Christo
572 837 808 908 propitio
838 844 1187 906 potestatem.
1218 836 1275 891 Si
1305 835 1426 905 quis
1454 850 1603 901 vero,
1637 834 1783 903 quod

202 930 242 982 si
270 942 373 997 ego
407 939 499 981 aut
549 927 743 997 aliquis
788 927 856 982 de
909 926 1199 981 heredibus
1252 926 1389 980 meis
1421 926 1502 980 vel
1544 925 1783 993 quelibet

204 1020 449 1088 opposita
480 1036 490 1085 ι
514 1033 707 1073 ersona
737 1028 927 1073 contra
952 1025 1263 1088 presentem
1286 1014 1570 1086 epistolam
1597 1014 1779 1069 venire

199 1117 289 1162 aut
318 1123 479 1176 agere
520 1118 615 1165 aut
662 1111 897 1179 aliquam
931 1110 1258 1165 columniam
1308 1122 1567 1177 generare
1596 1107 1777 1161 volueo

199 1204 284 1268 rit,
318 1202 513 1257 inferat
569 1203 634 1256 atl
682 1212 902 1272 agentes
953 1201 1247 1273 supradicti
1302 1200 1617 1255 monasterii
1664 1200 1779 1255 auri

198 1294 385 1347 uncias
438 1310 552 1358 sex,
587 1304 642 1349 et
698 1296 1077 1351 nichilominus
1128 1310 1352 1365 presens
1396 1292 1624 1362 epistola
1679 1294 1777 1348 ista

199 1382 352 1437 lirma
385 1393 439 1437 et
470 1383 678 1440 stabilis
706 1396 1043 1456 permaneat,
1077 1386 1427 1456 stipulatione
1450 1384 1703 1439 subnixa.

262 1475 457 1529 Actum
516 1477 569 1531 in
622 1478 745 1532 villa
785 1477 1118 1544 Ebrotheim,
1154 1480 1384 1548 publice.
1443 1479 1631 1532 Datum
1681 1478 1778 1533 sub

194 1564 279 1621 die
302 1567 353 1635 κ]
386 1567 493 1622 kal.
517 1566 664 1634 Julii,
697 1585 837 1626 anno
870 1571 921 1641 vj
955 1572 1104 1640 regni
1159 1572 1363 1626 domini
1396 1569 1564 1624 nostri
1597 1570 1775 1624 Theo-

193 1658 361 1715 dorici
390 1663 545 1730 regis.
592 1662 814 1731 Signum
865 1665 1084 1729 Boroni,
1113 1665 1202 1734 qui
1247 1666 1385 1719 hanc
1429 1665 1775 1722 donationem

192 1752 302 1807 licri
332 1752 560 1822 rogavit.
593 1752 651 1808 S.
681 1752 964 1809 Ratberthi
990 1757 1163 1809 testis.
1199 1756 1257 1811 S.
1292 1756 1547 1812 Alberici.
1581 1760 1635 1813 S.
1670 1757 1777 1812 Ila-

1886 581 1954 621 ex
1984 565 2088 619 hoc
2119 580 2147 619 a
2178 565 2377 619 sanctis
2408 568 2649 635 patribus
2680 566 3084 637 inpostmodum
3118 569 3185 622 ab
3216 569 3465 626 horiente

1885 656 1938 709 in
1968 654 2288 709 hoccidente
2316 663 2369 709 et
2397 654 2448 709 in
2495 655 2736 725 partibus
2775 655 3107 725 Callearum,
3138 659 3466 713 monasteria

1884 746 2055 801 multa
2085 746 2185 800 sub
2230 746 2417 815 regula
2471 758 2659 802 sancta
2709 748 2905 802 horum
2953 749 3205 818 exemplo
3262 747 3469 816 reIegio

1884 838 2029 892 clara
2060 837 2435 907 promulgavit,
2463 839 2716 908 precipue
2761 839 3093 893 monasteria
3146 837 3468 905 Lirinensis,

1884 929 2237 999 Agaunensis,
2267 929 2643 993 Luxoviensis,
2671 936 2726 984 et
2746 930 2800 983 in
2831 929 3085 984 universo
3116 929 3338 995 mundo,
3365 930 3467 985 sub

1882 1020 2095 1092 regulas
2123 1020 2220 1075 SS.
2256 1021 2501 1088 Patrum,
2527 1021 2765 1075 maxime
2791 1021 2932 1075 beati
2962 1020 3241 1076 Benedicti
3268 1028 3325 1076 et
3348 1036 3466 1077 san-

1882 1115 1955 1169 cti
1984 1112 2299 1167 Columbani
2330 1113 2634 1180 abbatibus,
2658 1114 2768 1167 vita
2798 1128 3085 1169 commune
3113 1115 3321 1184 optime
3350 1114 3467 1170 dis-

1881 1204 2076 1275 posite,
2106 1212 2162 1257 et
2206 1218 2303 1273 per
2345 1205 2668 1259 auctoritate
2697 1203 2991 1259 clementia
3040 1220 3250 1275 regum,
3282 1216 3340 1263 et
3368 1223 3470 1278 per

1880 1295 2159 1365 privilegia
2184 1296 2383 1350 sanctis
2411 1304 2575 1365 atque
2591 1297 2898 1352 cattholicis
2928 1296 3278 1368 pontiﬁcibus
3300 1300 3466 1354 ﬁrmi-

1881 1394 1964 1441 ter
1994 1386 2279 1452 roborata;
2311 1395 2366 1442 et
2386 1397 2607 1442 sanctae
2633 1403 2872 1444 canones
2904 1388 3005 1444 hoc
3035 1404 3141 1444 non
3173 1389 3461 1460 derogant,

1882 1478 1975 1533 sed
2001 1479 2183 1549 potius
2210 1479 2510 1533 luculenter
2558 1480 2836 1533 exobtant.
2874 1480 3022 1535 Unde
3058 1496 3158 1536 nos
3195 1483 3465 1552 comperti

1880 1574 2024 1643 quod
2078 1573 2159 1628 vir
2200 1573 2425 1628 inluster
2471 1572 2831 1640 Eborhardus,
2864 1578 3101 1643 quomis,
3134 1577 3184 1629 in
3242 1577 3465 1632 heremo

1880 1664 1971 1732 qui
2002 1672 2225 1718 vocatur
2270 1662 2532 1730 Vosagus,
2564 1664 2617 1717 in
2664 1678 2804 1733 pago
2862 1663 3163 1729 Alsacinse,
3199 1664 3335 1719 infra
3368 1684 3466 1720 uo-

1884 1764 1989 1810 stra
2012 1754 2279 1824 parrocia,
2315 1754 2367 1807 in
2392 1754 2512 1809 loco
2542 1754 2634 1824 qui
2663 1764 2824 1809 antea
2855 1756 3151 1810 vocabatur
3180 1756 3467 1813 Muorbac-

190 1842 429 1896 uubaldi.
482 1843 540 1898 S.
593 1842 869 1900 Gozberti.
902 1844 959 1899 S.
1010 1846 1218 1900 Balluni
1268 1849 1438 1903 testis.
1474 1848 1587 1916 Ego
1635 1848 1779 1903 Cun-
1811 1843 1857 1902 B
1883 1861 1997 1910 cus,
2022 1860 2165 1900 nunc
2201 1845 2898 1914 \ivarius-peregrinorum,
2933 1847 3065 1900 etin
3098 1847 3306 1902 honore
3335 1863 3462 1909 san-

193 1943 454 1999 tramnus,
486 1948 551 1990 ac
581 1936 625 1990 si
650 1936 897 2007 indignus
923 1939 1226 2009 presbyter,
1252 1949 1473 2009 rogatus
1503 1939 1639 1996 hanc
1666 1940 1778 2010 epi-

189 2025 383 2081 stolam
413 2026 733 2083 donacionis
762 2029 948 2098 scripsi
973 2039 1027 2083 et
1051 2029 1360 2099 subscripsi.

892 2165 1073 2220 LXIII.

192 2254 388 2329 Charta
433 2273 535 2326 qua
578 2255 948 2327 Widegernus,
996 2260 1265 2327 episcopus
1310 2260 1771 2329 Stradburgensis,

260 2327 624 2397 [aitdationem
670 2330 973 2397 monasterii
1025 2330 1412 2396 Morbacensis,
1466 2327 1662 2385 conditi
1707 2332 1771 2383 ab

258 2396 568 2471 Eberltardo
610 2396 827 2471 comite,
874 2401 1170 2469 conﬁrmat,
1218 2410 1266 2454 et
1314 2401 1443 2453 illud
1491 2402 1771 2471 privilegiis

255 2476 415 2521 ornat
444 2475 466 2499 υ
502 2469 652 2535 (ann.
688 2466 835 2536 728).

259 2582 502 2638 Dominis
528 2584 735 2638 sanctis
768 2584 943 2653 adque
988 2585 1196 2640 honore
1225 2586 1535 2654 dignissima
1561 2596 1776 2657 aposto-

186 2670 304 2729 licis
343 2673 589 2744 meisque
617 2673 670 2727 in
693 2666 910 2729 Christo
937 2677 1214 2744 patrebus,
1242 2675 1618 2746 Widegernus,
1652 2694 1775 2747 gra-

186 2761 261 2818 tia
288 2762 383 2818 Dei
405 2764 740 2832 ecclesieque
769 2773 957 2819 sancte
986 2766 1155 2820 Marie
1188 2767 1238 2820 in
1271 2766 1606 2838 Stradburgo
1638 2770 1772 2823 civi-

185 2860 299 2909 tate
321 2864 549 2909 vocatus
572 2855 879 2925 episcopus.
921 2856 1143 2911 Noverit
1182 2868 1367 2912 sancta
1403 2858 1660 2913 industria
1685 2875 1767 2914 ve-

186 2952 319 3008 stra,
352 2945 589 3014 qualiter
611 2955 861 3015 pastores
883 2945 1164 3003 Ecclesiae
1192 2950 1581 3005 solertissimae
1620 2966 1769 3016 cura,

186 3049 510 3104 summoque
532 3037 711 3091 studio
739 3037 941 3093 debent
969 3056 1287 3109 procurare,
1320 3050 1378 3095 ut
1408 3040 1643 3096 Ecclesia
1677 3042 1771 3096 Dei

1880 1946 2090 1994 ctorum
2123 1938 2492 2008 apostolorum
2522 1946 2577 1993 et
2606 1947 2828 1993 sanctae
2870 1938 3074 1993 Mariae
3104 1938 3197 1993 Dei
3242 1940 3468 2009 genitri-

1878 2032 1972 2098 cis,
2001 2040 2415 2101 ceterorumque
2453 2039 2792 2095 sanctorum,
2820 2045 2942 2085 cum
2975 2031 3065 2085 Dei
3097 2031 3371 2100 adjutorio
3403 2040 3458 2086 et

1880 2130 2066 2176 nostro
2098 2122 2344 2186 consilio,
2397 2122 2732 2192 monastyrio
2766 2122 2817 2176 in
2862 2138 2959 2177 suo
2992 2124 3212 2193 proprio
3240 2139 3270 2177 a
3320 2139 3461 2179 novo

1879 2214 2165 2269 aediﬁcare
2194 2223 2421 2269 conatus
2452 2223 2555 2268 est.
2586 2214 2652 2267 At
2692 2214 2839 2282 quod
2872 2226 3165 2269 evocantes
3196 2215 3462 2271 Permittis

1876 2307 2155 2376 episcopo,
2210 2322 2329 2361 cum
2385 2306 2494 2360 suis
2572 2306 2873 2375 peregrinis
2938 2307 3217 2362 monachis
3262 2307 3458 2362 ibidem

1876 2399 2130 2471 cynobio,
2181 2399 2267 2453 vel
2294 2406 2483 2453 sancto
2520 2398 2723 2452 ordene
2754 2398 2853 2451 sub
2896 2398 3077 2465 regula
3117 2398 3261 2452 beati
3290 2400 3460 2453 Bene-

1877 2490 2023 2555 dicti,
2058 2489 2153 2543 Dei
2176 2490 2349 2557 gratia
2380 2496 2433 2542 et
2458 2497 2642 2543 nostro
2668 2488 2960 2555 adjutorio,
2992 2490 3258 2557 perlicere
3290 2490 3456 2544 debe-

1882 2588 2027 2634 rent.
2073 2578 2228 2634 Unde
2284 2594 2382 2632 nos
2432 2578 2870 2647 congratulantes
2919 2578 3079 2646 hujus
3124 2581 3220 2634 viri
3269 2590 3459 2638 sancte

1880 2667 2169 2723 devotione
2207 2678 2262 2723 et
2310 2669 2546 2738 glorioso
2587 2670 2886 2739 proposito,
2934 2670 3183 2725 viscirale
3236 2673 3463 2728 caritate

1878 2760 2186 2830 pietateque
2215 2760 2493 2825 commoti,
2541 2760 2831 2815 devoﬁone
2883 2762 3304 2832 prumptissima,
3354 2778 3463 2821 una

1878 2866 2000 2905 cum
2029 2866 2295 2906 consensu
2328 2851 2554 2905 fratrum
2588 2862 2894 2907 nostrorum
2927 2854 3201 2918 abbatum,
3234 2852 3459 2921 presbe-

1880 2951 2139 3005 tororum,
2174 2944 2561 3013 archidiaconi,
2591 2946 2845 3014 omnique
2874 2946 3021 3000 clero
3076 2945 3338 3000 ecclesiae
3365 2946 3457 3001 ubi

1880 3049 1982 3102 ego
2003 3034 2251 3101 deservo,
2284 3035 2376 3088 sed
2418 3044 2471 3089 ct
2492 3035 2647 3089 ducis
2669 3050 2731 3090 ac
2757 3034 3015 3103 judicium
3048 3036 3460 3106 timentiumque

184 3123 348 3179 lucris
374 3127 675 3181 animarum
699 3128 1013 3197 proliceret,
1046 3138 1101 3183 et
1125 3146 1222 3199 per
1249 3146 1348 3185 nos
1380 3133 1598 3185 monitis
1627 3132 1772 3186 salu-
1798 3135 1842 3195 C
1876 3125 2042 3179 Deum
2072 3127 2270 3196 popqu
2311 3126 2470 3195 hujus
2499 3127 2813 3196 provinciae
2839 3127 3128 3192 catholico,
3163 3136 3221 3181 ut
3250 3129 3317 3183 ab
3342 3128 3458 3199 ipso

186 3214 412 3279 laribus,
438 3215 490 3268 in
538 3226 797 3285 quantum
832 3218 1092 3285 valemus,
1142 3220 1377 3275 vicorem
1412 3222 1675 3284 obtineat,
1707 3230 1763 3277 ut

181 3301 264 3357 his
291 3305 383 3372 qui
414 3311 605 3359 eterno
639 3308 876 3375 pastoris
906 3312 1232 3378 spontaniae
1270 3313 1477 3366 relictis
1518 3315 1770 3369 omnibus

181 3394 331 3461 sequi
362 3396 606 3463 cupiunt,
639 3406 800 3466 atque
822 3399 900 3454 sic
931 3400 1263 3471 abnegantes
1292 3405 1638 3472 semetipsos,
1674 3420 1771 3474 per

180 3493 413 3553 angusto
453 3486 589 3541 calle
618 3498 845 3557 artaque
886 3492 971 3544 via
1004 3493 1329 3561 gradientes,
1366 3510 1555 3549 vocem
1591 3503 1768 3551 aeter-

182 3590 282 3631 nae
312 3578 458 3647 regis
486 3579 587 3633 hac
612 3580 991 3651 Redemptoris
1021 3586 1191 3639 nostri
1215 3587 1531 3643 audientes:
1560 3588 1674 3644 Exe
1704 3590 1771 3645 de

180 3672 324 3720 terra
354 3676 445 3722 tua
474 3678 530 3723 et
551 3670 617 3725 de
638 3674 959 3741 cognatione
990 3684 1098 3740 tua,
1124 3686 1179 3730 et
1207 3677 1409 3732 vadein
1443 3689 1585 3735 terra
1608 3697 1767 3750 quem

178 3771 561 3818 munstravero
594 3764 719 3826 tibi;
761 3766 845 3820 vel
879 3766 1010 3821 illud
1044 3786 1054 3820 :
1087 3767 1188 3833 Qui
1220 3769 1503 3837 reliquerit
1532 3780 1764 3841 patrem,

179 3862 271 3909 aut
298 3864 553 3922 matrem,
583 3864 676 3911 aut
706 3857 867 3924 ﬁlius,
911 3867 1007 3913 aut
1037 3874 1195 3929 agros
1241 3868 1298 3914 et
1327 3870 1510 3915 cetera
1548 3870 1771 3933 propter

179 3959 378 4000 narnen
428 3960 629 4013 meum,
664 3949 974 4018 centuplum
1006 3951 1234 4021 recipiet
1257 3959 1312 4006 et
1333 3952 1499 4007 vitam
1524 3962 1767 4011 eteruam

178 4036 535 4105 possedebit;
568 4044 623 4093 et
654 4054 669 4091 :
697 4037 756 4093 Si
784 4040 906 4108 quis
931 4040 1050 4093 vult
1098 4050 1221 4109 post
1249 4056 1337 4095 me
1368 4043 1568 4107 venire,
1604 4045 1767 4099 abne-

177 4137 269 4196 get
305 4130 683 4199 semetipsum,
735 4131 889 4185 tollat
924 4146 1146 4186 crucem
1203 4148 1357 4186 suam
1414 4142 1469 4188 et
1511 4144 1767 4204 sequatur

179 4235 287 4274 me.
318 4220 551 4290 Oportet
588 4230 651 4276 ut
701 4237 801 4277 nos
854 4224 1159 4288 audiamus,
1192 4224 1285 4293 qui
1344 4224 1508 4278 dixit:
1557 4226 1765 4296 Hospes

177 4324 294 4364 sum
334 4318 394 4365 et
420 4313 739 4381 suscepistis
770 4328 892 4378 me;
923 4323 977 4368 et
1002 4331 1015 4367 :
1044 4315 1155 4381 Qui
1188 4330 1284 4369 vos
1313 4317 1541 4385 recepit,
1564 4333 1649 4371 mc
1675 4334 1761 4372 re-

178 4402 355 4471 cepit;
388 4412 483 4457 et:
515 4404 778 4468 Quamdiu
839 4404 1043 4460 fecistis
1074 4406 1164 4459 uni
1213 4420 1281 4460 ex
1335 4407 1573 4461 minimis
1604 4409 1759 4474 meis,

1879 3219 2212 3271 monasterio
2244 3233 2337 3273 seu
2381 3218 2613 3289 cynubio
2656 3219 3183 3290 congregationeque
3212 3220 3456 3291 peregri-

1874 3322 2066 3361 norum
2122 3308 2532 3373 monachorum,
2579 3324 2679 3378 per
2709 3316 2894 3363 nostra
2923 3318 2977 3363 Cl
3026 3324 3124 3378 [)(‘l'
3150 3318 3327 3364 νθειη
3356 3326 3457 3365 au-

1875 3397 2127 3452 ctoritate
2176 3398 2457 3467 privilegio
2510 3399 2949 3462 conscriberem,
2994 3399 3079 3453 vel
3130 3401 3456 3457 coolirmare

1875 3487 2157 3555 debemus,
2182 3490 2323 3559 quod
2373 3491 2447 3544 ita
2478 3498 2534 3544 et
2578 3486 2821 3555 fecimus,
2853 3500 2910 3543 ut
2957 3490 3075 3559 ipso
3120 3493 3456 3548 monasterio

1876 3582 2075 3646 omnia,
2110 3581 2363 3651 quidquid
2419 3582 2484 3634 ad
2540 3582 2656 3648 ejus
2686 3582 2921 3649 pertinet
2959 3579 3164 3635 ditione
3193 3580 3453 3649 tediliciis,

1872 3672 2125 3737 basilicis,
2156 3688 2277 3727 cum
2321 3672 2612 3726 ministeria
2641 3671 2729 3725 vel
2777 3682 3095 3727 ornamenta
3125 3673 3191 3727 de
3220 3688 3453 3743 quarum

1873 3763 2115 3818 omnium
2136 3778 2338 3828 rerum,
2372 3763 2651 3831 sacrisque
2699 3762 2975 3818 codicibus
2998 3772 3300 3820 strumenta
3338 3781 3456 3820 car-

1876 3860 2075 3915 tarum,
2124 3868 2335 3917 aurum,
2362 3860 2666 3921 argentum,
2698 3860 3079 3920 mrameutum,
3107 3853 3193 3908 vel
3230 3855 3458 3924 quibus-

1874 3944 2005 3999 libet
2048 3944 2209 3998 rebus
2242 3944 2406 4013 ipsius
2436 3943 2786 4008 monasterii,
2817 3957 2912 3997 seu
2940 3944 3180 4008 cellolas,
3224 3946 3306 4000 vel
3338 3946 3457 4015 ejus

1874 4034 2187 4104 apendiciis,
2212 4036 2373 4089 etiam
2406 4036 2563 4089 villas
2587 4050 2708 4089 cum
2740 4034 2905 4105 agris,
2936 4036 3205 4102 domibus,
3252 4040 3457 4093 manci-

1872 4128 1975 4198 piis
2005 4129 2287 4196 utriusque
2331 4142 2484 4193 sexu,
2540 4127 2819 4194 acolabus,
2868 4138 2924 4184 et
2956 4131 3100 4200 quod
3124 4130 3235 4199 jam
3282 4131 3458 4187 dictus

1871 4218 2098 4272 inluster
2130 4216 2497 4283 Eborhardus,
2536 4217 2618 4272 vel
2649 4217 2740 4272 alii
2767 4233 2867 4287 pro
2899 4219 3075 4274 salute
3111 4223 3326 4275 animae
3360 4236 3457 4290 per

1871 4306 2115 4375 qualibet
2150 4307 2311 4363 modo
2346 4306 2689 4361 donaverunt
2716 4307 2802 4361 vel
2837 4306 3243 4377 delegaverunt,
3273 4325 3369 4365 seu
3400 4319 3456 4366 et

1871 4396 2087 4451 inantea
2115 4405 2222 4449 tam
2256 4396 2368 4467 ipse
2400 4412 2559 4467 quam
2592 4406 2646 4451 et
2674 4398 3042 4454 munificentia
3066 4416 3279 4470 regum,
3311 4402 3460 4473 prin-

178 4492 304 4545 mihi
336 4492 582 4558 fecistis;
614 4501 675 4546 ut
715 4492 863 4562 quod
916 4508 947 4548 a
1004 4494 1247 4564 principe
1278 4497 1651 4565 apostulorum
1707 4498 1760 4551 in
1792 4490 2067 4561 Deipum,
2110 4490 2463 4559 ponleﬁcum,
2525 4490 2869 4558 Clericorum,
2904 4493 2987 4546 vel
3039 4508 3068 4546 a
3114 4509 3458 4563 quocumqne

178 4582 331 4635 initio
362 4582 638 4638 Ecclesiae
666 4584 971 4638 institutum
998 4594 1100 4651 est,
1122 4586 1245 4655 quia
1268 4588 1443 4640 omnis
1474 4588 1761 4643 multitudo

177 4673 513 4728 credentium
546 4682 663 4727 erat
684 4674 738 4728 in
770 4690 956 4740 unum,
989 4684 1045 4730 et
1092 4676 1271 4732 nullus
1299 4693 1457 4733 suum
1485 4680 1762 4749 proprium

178 4763 394 4821 dicebat
424 4766 616 4834 aliquit
643 4779 784 4831 esse,
811 4766 905 4821 sed
957 4776 1076 4821 erat
1103 4768 1211 4823 illis
1234 4770 1414 4823 omnia
1458 4770 1764 4825 communia

248 4973 270 5000 α
297 4964 526 5018 Edimus
551 4963 616 5017 ad
648 4962 806 5017 Iidem
836 4963 897 5017 D.
939 4961 1281 5030 Crandidier,
1310 4960 1515 5019 Histor.
1560 4963 1761 5021 Eccles.

174 5034 401 5104 Argent.
434 5042 473 5087 ι.
502 5033 541 5096 I,
571 5034 725 5102 prob.
746 5047 867 5104 pag.
893 5032 980 5099 65,
1007 5036 1096 5103 qui
1120 5034 1225 5090 hoc
1256 5036 1673 5089 instrumentum
1698 5053 1764 5091 ex

176 5104 517 5160 Morbacensi
549 5104 1260 5173 chartularinideprompsit,
1294 5114 1349 5159 et
1375 5106 1606 5160 contulit
1643 5123 1763 5161 cum

176 5177 277 5230 alia
304 5177 495 5247 charta
526 5173 834 5247 autlientica
864 5172 1157 5247 Heddonis,
1198 5175 1621 5247 Argentinensis
1655 5179 1767 5247 epi-

176 5248 343 5314 scopi,
370 5246 497 5297 data
512 5258 665 5314 anno
686 5242 809 5306 748,
833 5246 1233 5314 αρδιηροηῇίεἱι
1255 5242 1579 5314 descriptam
1606 5242 1769 5303 fuisse

176 5332 240 5369 ex
269 5312 462 5370 charta
511 5312 843 5381 Widegerni.
877 5312 952 5367 De
984 5312 1257 5368 Heddonis
1287 5312 1473 5369 charta
1504 5318 1623 5371 loco
1667 5334 1767 5371 suo

175 5386 445 5440 dicemus.
512 5384 769 5454 Chartam
836 5384 1138 5451 Widegerni
1206 5387 1352 5450 prius
1410 5386 1768 5454 vulgaverant

176 5454 475 5520 EccarJus,
498 5452 643 5522 Orig.
676 5452 976 5521 Habsburg.
1008 5470 1131 5523 pag.
1166 5454 1301 5521 HG;
1348 5452 1588 5522 Lagui'lle
1610 5499 1623 5518 ,
1678 5457 1767 5511 Ili-

177 5535 311 5580 stor.
362 5527 537 5577 Alsat.
587 5524 796 5595 prohat.
841 5523 1055 5595 pag.79;
1100 5525 1292 5590 Luuig,
1346 5526 1529 5595 apicii.
1567 5528 1764 5581 eccles.

178 5605 309 5650 touu.
344 5595 437 5660 IV,
470 5610 593 5665 pag.
628 5592 747 5658 174,
781 5602 835 5665 ct
878 5603 915 5646 t.
955 5594 1013 5659 V,
1050 5611 1169 5665 pag.
1213 5596 1353 5659 353;
1386 5592 1762 5661 vMabillonius,

180 5667 373 5720 Annal.
409 5675 449 5718 t.
482 5664 547 5727 Il,
578 5678 699 5735 pag.
732 5664 867 5727 702;
911 5678 974 5718 ac
1013 5666 1228 5720 demum
1261 5665 1643 5735 Schmpﬁinus,
1675 5667 1765 5720 Al-

180 5738 314 5791 satia
346 5736 479 5803 dipl.
519 5742 558 5787 t.
596 5733 634 5797 I,
658 5749 788 5806 pag.
821 5736 854 5789 9
889 5735 1022 5789 :sed
1067 5748 1321 5806 corrupte
1364 5733 1575 5793 omnes.
1599 5738 1767 5793 Notas

181 5806 596 5878 chronologicas
623 5803 843 5862 vitiosas
870 5806 1080 5862 censuit
1108 5803 1469 5877 Mabillonius,
1496 5810 1588 5879 qui
1608 5819 1767 5878 negat

1866 4582 2165 4649 hominum,
2217 4584 2432 4638 Christo
2463 4584 2783 4653 inspirante,
2834 4585 3082 4653 largitum
3116 4585 3301 4651 fuerit,
3329 4603 3451 4643 cum

1865 4674 2045 4729 omnia
2074 4684 2128 4729 et
2155 4689 2221 4728 ex
2260 4675 2528 4739 omnibus,
2562 4690 2658 4743 per
2688 4675 2827 4730 hanc
2868 4676 3207 4746 privilegium
3250 4677 3450 4732 conﬁr-

1866 4780 2097 4832 mamus,
2130 4774 2188 4821 ut
2214 4765 2279 4820 ad
2302 4766 2391 4821 die
2417 4775 2671 4837 presente
2698 4768 2799 4837 ipsi
2830 4769 3197 4838 monastyrius
3215 4770 3442 4839 pretati-

1872 4971 1986 5019 toto
2016 4961 2317 5033 principatu
2348 4960 2675 5019 Theodorici
2715 4961 2782 5017 IV
2814 4961 3197 5019 Ascensionem
3241 4964 3452 5020 Domini

1869 5049 2099 5103 unquam
2133 5033 2382 5103 incidisse
2438 5036 2491 5089 in
2540 5034 2681 5088 diem
2727 5034 2845 5086 Maii
2889 5034 3151 5087 decimam
3192 5035 3447 5089 tertiam:

1868 5102 2039 5161 sedin
2068 5119 2135 5158 eo
2163 5102 2396 5171 fallitur;
2430 5120 2570 5159 anno
2596 5106 2737 5159 enim
2769 5112 2964 5157 octavo
2996 5105 3139 5170 regni
3172 5103 3309 5171 ejus,
3340 5122 3448 5169 quo

1868 5176 1989 5228 data
2019 5174 2220 5245 dicitur:
2242 5176 2425 5229 charta
2457 5176 2525 5229 de
2553 5190 2655 5245 qua
2698 5174 2927 5245 agimus,
2971 5185 3024 5245 et
3052 5174 3141 5243 qui
3173 5178 3451 5229 concurrit

1869 5260 1987 5298 cmu
2017 5259 2160 5297 anno
2190 5243 2386 5301 Christi
2418 5245 2542 5309 728,
2570 5242 2703 5298 'dies
2736 5243 2954 5297 Paschrc
2986 5242 3084 5297 fuit
3110 5245 3225 5297 dies
3254 5253 3445 5311 quarta

1869 5315 2165 5383 Aprilis,ac
2192 5317 2418 5383 pro‘nde
2444 5317 2585 5369 diem
2612 5315 2953 5369 Ascensionis
2985 5314 3035 5365 iu
3066 5314 3207 5367 dicm
3238 5314 3303 5367 l3
3328 5316 3450 5371 Maii

1869 5385 2120 5439 incidisse
2160 5401 2379 5440 necesse
2426 5394 2539 5448 est;
2590 5400 2718 5453 ergo
2769 5386 2821 5437 in
2865 5384 3007 5437 uotis
3049 5386 3451 5451 chronologicis

1871 5455 2028 5523 hujus
2073 5456 2271 5510 charta:
2322 5457 2461 5511 bene
2509 5456 2840 5509 concordant
2886 5456 3085 5507 omnia.
3136 5454 3353 5521 Legitur
3396 5456 3448 5511 in

1869 5526 2217 5590 chartulario,
2254 5536 2309 5580 ut
2343 5535 2570 5581 testatur
2598 5524 2797 5578 Histor.
2845 5523 2991 5579 Eccl.
3038 5525 3258 5591 Argent.
3293 5526 3443 5584 prob.

1868 5612 1989 5664 pug.
2049 5597 2112 5648 67
2160 5604 2295 5661 not.,
2353 5596 2582 5663 sigillum
2635 5596 2756 5649 huic
2812 5594 3169 5648 instrumento
3226 5596 3445 5649 allirum

1871 5670 2052 5730 fuisse,
2084 5680 2204 5719 cum
2252 5666 2427 5735 clligic
2455 5665 2691 5737 episcopi
2732 5665 2946 5729 stantis,
2995 5666 3181 5737 deatra
3224 5669 3446 5733 pedum,

1869 5738 2083 5793 sinistra
2116 5737 2308 5791 librum
2338 5733 2617 5805 gestantis,
2648 5735 2750 5791 hac
2776 5733 3179 5801 circumscripta
3208 5736 3448 5804 perigra-

1869 5810 1975 5880 phe
2002 5827 2012 5862 :
2043 5806 2379 5877 Ii'idegernus
2408 5806 2504 5862 Dei
2529 5807 2701 5880 gratia
2735 5805 3125 5877 Argentinmsis
3155 5806 3445 5877 episconm.
