2103 3305
392 247 462 276 1Ξ85

768 242 902 275 ΞΔΕΩΙΙΙι.
922 245 966 273 Vll
987 243 1032 274 ΕΤ
1053 246 1110 274 Vlll
1130 241 1398 273 ECCLESIASTICA
1421 244 1648 275 MONUMENTA.

1961 252 2026 281 1234

391 314 444 340 qu».
458 303 594 339 peregrini
615 302 739 330 monachi
755 309 906 338 eorumque
930 309 1115 334 successores,
1131 301 1181 329 sub
1198 301 1221 331 Δ
1234 299 1324 331 fultus,
1340 300 1515 329 inconvulsus
1526 303 1692 336 permaneat,
1705 303 1823 338 qualiter
1834 304 1936 333 eisdem
1952 314 2026 341 pere.

393 353 484 387 regula
502 351 586 379 sancti
610 350 747 377 Benedicti
763 350 943 385 cynubialiter
958 349 1126 384 congregati,
1142 355 1185 375 se-

391 399 508 427 cundum
532 402 653 425 sanctum
679 396 861 431 propositum,
881 403 975 423 eorum
995 395 1066 430 jure,
1082 396 1184 429 absque

392 445 472 472 ullius
496 443 658 477 repetitione
683 441 821 469 trademus
835 440 924 476 adque
937 441 1086 468 trebuimus
1101 443 1180 474 pote-

391 494 469 517 state.
489 489 584 523 Neque
598 495 648 515 nos
659 487 720 522 ipsi,
737 495 826 522 neque
840 494 1012 515 successores
1025 486 1104 520 hujus
1115 486 1182 514 civi-

391 535 455 562 tatis
478 533 636 569 ponteﬁces,
654 541 743 568 neque
759 533 953 566 archidiaconi,
969 539 1056 567 neque
1070 536 1185 559 exacto-

391 588 455 612 res,
483 586 571 613 ncque
596 579 693 613 aliquis
708 579 742 606 de
767 582 843 613 parte
870 577 1022 611 Ecclesiae,
1046 577 1089 605 vel
1112 577 1184 613 quis-

391 625 457 653 libet
486 625 593 658 nullus,
620 625 720 659 aliquid
744 624 905 658 dominare,
932 624 976 652 vel
1002 625 1113 658 jubere,
1139 628 1185 651 aut

389 679 536 706 requercre
564 679 693 704 censum,
718 669 762 698 vel
788 670 879 703 dona,
909 674 956 697 aut
981 670 1099 705 qualibet
1127 677 1185 696 mu-

392 725 456 744 nera
474 718 655 751 nul‘l'imquam
671 720 793 751 tempore
807 716 929 751 cxpetire
943 723 995 743 non
1017 720 1183 750 presmnaut.

392 763 457 789 Cum
486 770 549 788 vero
577 769 689 789 necesse
716 761 799 789 fuerit
823 761 939 788 chrisma
966 761 1062 796 petire,
1091 762 1184 789 altaria

391 814 561 841 consecrare,
586 815 679 835 sacros
703 807 811 834 ordines
838 806 984 839 benedici,
1009 811 1056 834 aut
1082 807 1185 842 aliquos

390 855 595 882 benedictiones
623 855 780 890 expetire,
803 858 849 881 aut
877 854 996 881 oraturia
1029 854 1054 881 iu
1092 862 1185 881 eorum

390 900 450 928 loca
476 900 619 932 mditicare,
634 904 724 927 rector
737 899 819 934 ipsius
833 899 980 926 monastirii
995 899 1037 925 vel
1052 900 1183 934 peregrini

390 946 539 973 niouastirii
557 945 656 973 ibidem
671 945 860 978 consistentes,
878 949 924 972 aut
938 945 959 972 si
984 945 1018 972 de
1037 953 1065 972 se
1080 945 1185 980 episco—

1238 344 1320 379 grinis
1346 346 1484 373 monachis
1513 347 1539 373 in
1567 347 1624 381 ipso
1657 349 1821 377 monasterio
1850 351 2027 381 consistentes

1236 391 1333 418 clarius
1356 392 1464 420 dilectet
1480 400 1528 427 pro
1552 397 1650 421 statum
1671 393 1809 424 Ecclesiae
1822 401 1850 424 et
1868 398 2027 433 integretatc

1236 436 1416 470 sacerdotum,
1441 445 1489 473 pro
1504 438 1695 467 incolometate
1719 447 1852 476 regumet
1866 452 1933 478 pace
1954 446 2024 473 chris

1236 483 1395 517 stianorum,
1412 492 1461 518 pro
1476 485 1665 519 pmnitentium
1681 488 1840 516 remissione
1852 495 2024 524 peccatorum

1236 528 1278 555 vel
1289 528 1407 563 requiem
1420 529 1534 558 ﬁdelium
1547 530 1735 561 defunctorum
1751 533 1858 562 divinae
1873 530 2025 564 misericor-

1236 573 1296 601 diae
1315 575 1484 610 tranquillius
1504 584 1627 605 exorare.
1643 577 1728 607 Preco
1743 579 1825 613 igitur
1840 586 1867 607 et
1887 585 2026 610 contestor

1235 627 1348 654 quoram
1371 622 1426 649 Deo
1450 628 1476 650 et
1490 623 1576 651 beatis
1605 625 1708 659 angelis
1722 626 1780 660 ejus
1793 628 1952 662 cunctisque
1965 636 2026 656 sau-

1235 666 1297 700 ctis,
1313 667 1437 695 omnibus
1462 671 1670 698 successorebus
1687 672 1727 698 vel
1747 680 1840 700 omnes
1862 673 2024 708 christianis,

1235 716 1265 738 ut
1294 712 1366 740 hunc
1391 714 1571 749 privilegium,
1596 723 1674 750 quem
1698 725 1830 746 consenso
1855 720 2025 754 clericorurn,

1235 757 1365 785 laicorum
1391 760 1543 788 timentium
1568 761 1664 795 Deum,
1683 763 1759 798 plebs
1773 768 1801 791 et
1820 765 1954 793 ecclesiae
1976 773 2024 794 no-

1237 808 1308 830 strae
1320 805 1489 834 decrevimus
1503 807 1546 834 vel
1561 808 1755 844 condedemus,
1770 810 1795 837 in
1804 811 1879 838 nullo
1889 820 2028 847 erumpere

1236 855 1400 883 prcsumant,
1418 851 1464 878 sed
1487 860 1534 887 per
1560 852 1722 882 ineﬁabilem
1748 855 1909 884 Trinitatem
1926 859 2028 887 cunctis

1237 895 1420 929 eonjuramns,
1453 901 1481 923 ut
1503 898 1527 924 in
1553 906 1607 932 quo
1629 900 1822 934 prevaluerint,
1847 902 1872 929 in
1903 904 2027 931 omnibus

1237 948 1398 969 conservare
1414 948 1441 970 et
1456 944 1596 977 studeant;
1614 951 1640 973 et
1655 947 1677 973 si
1690 947 1768 974 aliter
1779 948 1916 976 obstinato
1927 950 2025 983 animo,

389 998 451 1025 pum
472 990 583 1024 habent,
599 994 646 1017 aut
661 998 677 1017 a
690 998 861 1025 quacumque
875 990 908 1017 de
932 990 1032 1018 sanctis
1047 991 1182 1025 episcopis
1199 984 1222 1015 Β
1236 987 1393 1015 veldiabulo
1403 989 1556 1024 instigante,
1570 991 1671 1019 invidia
1681 993 1878 1028 velcupiditate
1886 996 2026 1031 deceptus,

389 1036 440 1063 sibi
458 1036 600 1070 elegerint,
617 1037 662 1071 qui
679 1037 730 1064 hoc
743 1036 832 1063 facere
849 1036 957 1070 debeat,
974 1036 1082 1064 licentia
1094 1036 1129 1063 sit
1143 1038 1182 1064 eis

388 1083 509 1116 cxpetire
526 1086 553 1109 ct
564 1082 609 1109 ille
632 1082 684 1110 hoc
706 1082 823 1113 tradere,
840 1083 1012 1115 benedicere,
1029 1082 1071 1109 vel
1087 1090 1182 1110 conse-

389 1135 476 1154 crare.
492 1127 525 1154 lit
540 1127 629 1155 nullus
646 1128 673 1154 in
692 1127 750 1162 ipso
774 1128 940 1155 monasterio
968 1128 1072 1155 inlicito
1088 1128 1182 1156 ordine

390 1178 485 1201 contra
511 1174 646 1200 voluntate
673 1178 720 1199 aut
747 1178 838 1200 votum
868 1173 989 1208 ipsorutn
1013 1175 1181 1208 monastyrio

388 1228 483 1249 eorum
499 1221 572 1247 adire
586 1229 638 1247 non
651 1224 817 1255 prcsumant,
836 1228 885 1247 nec
900 1220 1032 1247 secretius
1047 1220 1181 1254 ingredire

388 1272 475 1302 septa.
493 1268 524 1293 Et
539 1267 560 1294 si
576 1266 721 1301 aliquando
734 1274 782 1301 pro
797 1266 989 1300 qualicumque
1004 1273 1085 1294 causa
1099 1274 1180 1300 cxpe-

389 1315 432 1346 tit,
449 1318 476 1340 ut
501 1313 583 1346 ipsius
597 1316 696 1344 rector,
712 1312 755 1338 vel
784 1312 849 1346 ipsis
870 1312 1018 1346 peregrinis
1040 1312 1181 1339 monachis

388 1366 506 1392 congrua
523 1358 602 1385 l'uerit
624 1357 758 1389 voluntas,
782 1361 810 1385 et
832 1357 977 1391 episcopus
1004 1356 1132 1384 invitatus
1148 1358 1181 1384 ad

389 1410 447 1439 ipso
460 1405 625 1432 monasterio
642 1404 759 1437 venerit,
773 1404 931 1431 coelebrato
953 1403 1056 1437 ofﬁcio,
1080 1404 1181 1437 absque

389 1452 444 1478 ullo
465 1458 576 1477 uumcre
591 1450 733 1484 requisito,
756 1458 818 1477 mox
844 1449 877 1476 ad
894 1449 1003 1484 propria
1019 1453 1181 1477 revertatur.

388 1497 454 1524 Cum
466 1505 528 1523 vero
538 1496 605 1523 abba
621 1496 672 1523 loci
685 1496 768 1530 ipsius
779 1496 908 1531 acciperit
919 1496 1073 1528 transitum,
1088 1503 1181 1530 quenti-

388 1551 502 1577 cmuque
531 1542 665 1577 pcrecrini
694 1543 816 1569 monachi
847 1541 946 1569 ibidem
974 1542 1127 1569 habitantes
1149 1541 1183 1569 de

389 1589 544 1622 semctip~is
560 1587 709 1614 secundum
727 1587 810 1613 Deum
825 1591 853 1614 et
869 1587 962 1620 regula
984 1587 1123 1614 meliorem
1140 1588 1181 1614 in-

388 1635 495 1665 vincrit,
510 1635 594 1667 ipsum
609 1633 658 1659 sibi
676 1633 843 1659 constituant
858 1632 994 1659 abbatem.
1009 1632 1087 1664 Quod
1105 1632 1128 1659 si
1144 1632 1179 1659 ibi
1195 1637 1219 1669 α

388 1680 423 1706 dc
436 1687 464 1706 se
482 1680 545 1713 ipsis
560 1679 639 1705 talem
653 1686 705 1704 non
720 1677 877 1710 iniiuerint,
892 1677 925 1704 de
941 1677 994 1704 alia
1014 1677 1179 1705 monasteria

387 1726 442 1759 jam
458 1725 520 1751 tilt'lt
537 1724 662 1750 Pet-minii
678 1723 798 1757 episcopi
824 1723 859 1749 de
875 1722 934 1749 illas
958 1723 1182 1757 congregationes

388 1771 604 1805 peregrinorum,
621 1777 702 1802 quem
719 1769 768 1795 sub
792 1776 846 1796 uno
869 1769 949 1795 modo
973 1768 1119 1803 petitiones
1137 1769 1182 1796 vel

388 1825 440 1844 una
454 1820 547 1841 saneta
569 1815 739 1841 institutione
750 1815 822 1841 beati
844 1813 982 1841 Benedicti
997 1814 1181 1848 quoadunavit

388 1862 445 1895 ipse
458 1862 507 1887 sibi
521 1860 721 1887 consentientes
734 1859 857 1885 abbatem
874 1858 1024 1892 regularem
1036 1859 1181 1893 expediant

388 1912 415 1934 ct
426 1907 603 1933 constituant.
617 1904 659 1937 Et,
674 1904 695 1930 si
709 1904 743 1930 ibi
756 1908 867 1930 sanctus
882 1903 949 1930 ordo
963 1904 1090 1937 tcpuerit,
1107 1903 1179 1938 quod

388 1953 466 1983 absit,
484 1952 525 1978 vel
541 1950 630 1985 a’iqua
656 1950 788 1977 discordia
809 1950 879 1976 inter
893 1949 957 1984 ipsis
972 1950 1110 1976 monachis
1121 1957 1179 1975 sur-

388 1999 501 2029 rexerit,
518 2001 545 2023 et
557 1997 606 2031 ipsi
622 1996 673 2023 hoc
688 2003 741 2023 non
753 1996 894 2029 prcvalent
916 1999 962 2021 aut
977 2002 1031 2021 non
1046 1995 1180 2022 voluerint

388 2044 545 2075 eirieudare,
561 2047 625 2069 tunc
635 2042 680 2076 qui
691 2049 725 2069 ex
737 2041 800 2075 ipsis
815 2044 906 2067 rector
917 2040 1017 2067 ordene
1031 2040 1178 2067 secundum

389 2089 482 2123 regula
498 2088 611 2115 voluerit
627 2086 726 2116 vivere,
748 2085 911 2118 ubicumque
933 2084 958 2111 in
973 2085 1024 2111 alia
1045 2089 1179 2120 monasty-

387 2135 438 2164 ria,
465 2134 508 2159 ubi
525 2131 659 2166 peregrini
675 2130 799 2157 monachi
815 2128 960 2164 supradicti
976 2129 1094 2164 episcopi
1114 2137 1180 2156 cou-

387 2180 483 2207 sistere
509 2178 643 2208 videntur,
668 2180 697 2204 et
723 2175 824 2202 rectius
848 2173 1007 2208 regulariter
1023 2173 1177 2206 invinerint,

388 2230 551 2261 potestatem
565 2224 682 2251 habeant
697 2222 833 2257 expetire;
849 2225 877 2248 et
889 2220 924 2248 illi
937 2228 986 2255 per
998 2228 1092 2248 eorum
1105 2220 1179 2247 salu-

389 2272 428 2298 bri
451 2270 574 2302 consilio,
598 2270 652 2296 Deo
672 2268 813 2302 largiente,
830 2267 888 2301 ipso
912 2272 1006 2294 sancto
1022 2267 1117 2294 ordine
1137 2266 1179 2293 vel

389 2317 454 2351 ipsis
477 2315 616 2343 monachis
636 2322 683 2349 per
703 2313 794 2348 regula
822 2312 996 2347 restringere,
1021 2312 1175 2344 emendare,

389 2369 528 2396 corregere
543 2365 623 2394 atque
642 2359 784 2395 paciﬁcare
799 2358 915 2389 faciant;
940 2362 967 2385 et
983 2359 1055 2385 nulla
1069 2358 1177 2385 occasio

389 2408 432 2439 sit,
447 2412 475 2433 ut
489 2407 557 2434 alius
580 2406 647 2432 abba
664 2413 712 2439 per
738 2404 929 2439 qualicumque
948 2404 1056 2438 ingenio
1084 2408 1176 2431 contra

390 2460 483 2479 eorum
500 2455 593 2478 sancto
607 2450 707 2477 ordene
722 2449 821 2476 ibidem
842 2453 969 2484 ponatur,
984 2454 1030 2476 aut
1042 2448 1075 2476 de
1098 2449 1178 2476 rebus

391 2500 573 2531 suprascripto
594 2495 758 2522 monasterio
776 2495 875 2528 aliquid
896 2495 1039 2521 menuitur.
1055 2495 1176 2529 Quapro-

394 2547 452 2577 pter
476 2545 569 2568 sancto
585 2544 612 2567 et
630 2539 781 2575 apostolico
802 2544 955 2575 compatres
979 2543 1007 2567 et
1030 2539 1178 2568 conl'ratres

394 2588 457 2619 mei,
478 2587 537 2613 ideo
561 2590 650 2613 vestra
669 2585 809 2612 catholeco
829 2585 1010 2618 authoretate,
1033 2592 1178 2621 nostraque

393 2633 498 2666 gemina
515 2631 659 2663 suciamus,
676 2635 705 2657 ut
722 2631 765 2658 hic
788 2631 943 2666 privilegius
962 2632 1035 2659 omni
1057 2637 1179 2667 tempore

395 2678 545 2704 ﬁrmissima
558 2677 655 2703 habeat
667 2676 830 2709 ﬁrmitatem,
846 2680 876 2703 ut
893 2676 981 2703 nullus
993 2676 1177 2711 nullumquam

395 2729 515 2757 tempore
540 2728 634 2749 contra
663 2729 743 2756 agere
767 2730 819 2749 non
840 2727 993 2756 presumat;
1009 2722 1055 2749 sed
1070 2730 1180 2756 presens

395 2770 487 2796 tuturis
505 2769 668 2804 temporibus
693 2768 835 2795 inviolatus
858 2773 1033 2803 permaneat;
1059 2773 1086 2795 et
1109 2776 1180 2796 nunc

394 2817 516 2843 omnibus
540 2814 674 2848 episcopis
690 2817 716 2840 et
742 2813 826 2839 Deum
850 2813 1005 2841 timentibus
1027 2814 1178 2841 hominibus

396 2870 485 2896 preco,
496 2860 624 2894 subplcco
636 2864 663 2886 et
674 2867 720 2893 per
734 2859 992 2893 caritateconjurare
1003 2867 1136 2893 prosumo,
1151 2864 1178 2887 ut

395 2908 488 2940 quibus
503 2906 544 2933 hie
556 2905 711 2940 privilegius
721 2905 880 2937 ostenditur,
894 2912 988 2932 manus
999 2909 1102 2933 vestras
1116 2906 1178 2932 sub-

396 2953 513 2979 scribere
528 2956 555 2979 et
566 2952 724 2979 continuare
738 2951 862 2986 dignetis,
877 2955 906 2979 ut
916 2955 1003 2980 vestra
1017 2951 1178 2980 auctoritate

1237 1032 1278 1058 vel
1299 1033 1421 1067 qualibet
1441 1036 1532 1070 modo,
1548 1038 1621 1071 quod
1638 1038 1708 1066 Deus
1727 1044 1841 1073 avertat,
1862 1042 1885 1068 si
1907 1050 1957 1070 nos
1977 1043 2028 1077 ipsi

1236 1082 1281 1104 aut
1295 1086 1467 1107 successores
1483 1082 1577 1114 nostri,
1594 1083 1634 1109 vel
1650 1084 1776 1118 quislibet
1788 1086 1820 1112 de
1832 1087 2027 1122 qualecumque

1235 1129 1322 1158 parte,
1339 1129 1433 1152 contra
1456 1126 1525 1153 hunc
1540 1128 1710 1162 privilegium
1726 1135 1860 1165 temptare
1875 1133 2026 1166 conaverit,

1234 1170 1276 1196 vel
1296 1169 1352 1203 jam
1376 1169 1456 1198 dictis
1479 1173 1626 1205 peregrinis
1641 1174 1781 1201 monachis
1795 1175 1836 1202 vel
1857 1183 2028 1205 successores

1234 1220 1326 1239 eorum
1342 1213 1504 1248 inquietare,
1518 1216 1559 1243 vel
1571 1217 1610 1244 eis
1619 1217 1713 1252 aliquit
1723 1219 1845 1246 minuare
1856 1227 2029 1256 presumpse—

1234 1257 1279 1288 rit,
1304 1257 1327 1285 si
1352 1265 1382 1285 se
1403 1261 1549 1287 emendare
1574 1262 1700 1295 noluerit,
1718 1268 1744 1290 et
1762 1271 1777 1290 a
1800 1265 1869 1291 mala
1890 1265 2028 1294 voluntate

1235 1303 1350 1331 celerius
1379 1304 1496 1331 noluerit
1524 1313 1668 1340 curregere
1685 1329 1693 1341 ,
1720 1316 1780 1335 cum
1807 1309 1852 1336 Dei
1881 1312 2028 1345 genetricis

1235 1356 1341 1383 semper
1363 1350 1477 1383 Virginis
1505 1351 1586 1378 Marie
1613 1352 1655 1379 vel
1679 1353 1819 1381 beatorum
1843 1356 2028 1389 apostolorum

1236 1400 1453 1430 cunctarumque
1485 1402 1640 1425 εεὶηειοτιιιιι
1666 1404 1728 1427 ante
1755 1406 1930 1435 conspectum
1957 1404 2028 1437 regis

1235 1441 1340 1467 oetcrni
1367 1441 1503 1469 Christqu
1530 1444 1636 1471 Domini
1660 1446 1756 1479 nostri,
1784 1447 1809 1473 in
1833 1448 1911 1482 cujus
1935 1457 2029 1478 amore

1234 1485 1305 1513 hunc
1321 1488 1490 1522 privilegium
1506 1491 1539 1516 ad
1550 1491 1606 1524 jam
1622 1492 1699 1519 dictis
1723 1494 1871 1528 peregrinis
1884 1496 1926 1522 vel
1941 1501 1966 1523 et
1983 1505 2029 1532 cy-

1235 1532 1315 1559 nubis
1340 1535 1527 1569 condcdimus,
1556 1544 1586 1563 se
1614 1537 1751 1565 conﬁdant
1780 1547 1828 1573 pro
1857 1542 2029 1575 nequi-simis

1235 1578 1353 1610 peccatis
1368 1587 1458 1605 eorum
1481 1581 1522 1607 vel
1545 1581 1713 1616 iniquissima
1730 1584 1836 1611 malicia
1855 1587 1974 1614 oeternis
1992 1588 2029 1614 in.

1234 1624 1336 1652 cendiis
1352 1631 1587 1659 concrematuros,
1611 1627 1661 1655 hac
1682 1629 1725 1655 illa
1741 1631 1875 1658 sententia
1896 1640 1925 1659 se
1941 1640 2028 1667 expe-

1234 1670 1353 1702 riendam
1370 1680 1421 1706 qui
1439 1671 1511 1699 falsis
1527 1674 1721 1703 sacerdotebus
1737 1677 1864 1705 Dominus
1884 1680 2022 1707 minatur:

1233 1716 1278 1743 Vae
1291 1718 1366 1743 vobis
1382 1718 1547 1753 hypocritae,
1564 1720 1609 1754 qui
1621 1721 1751 1749 claudetis
1766 1730 1876 1756 regnum
1889 1725 1947 1755 Dei,
1960 1726 2026 1759 quia

1233 1769 1283 1789 nec
1297 1771 1344 1789 vos
1357 1764 1483 1797 introitis,
1501 1773 1550 1793 nec
1565 1766 1633 1793 alius
1646 1767 1758 1795 introire
1774 1771 1954 1803 permittites;
1976 1776 2025 1801 ct:

1234 1808 1282 1839 Qui
1306 1809 1529 1837 scandalizaverit
1549 1819 1632 1838 unum
1656 1812 1689 1839 de
1710 1815 1814 1847 pusillis
1839 1816 1906 1847 istis.
1929 1818 2027 1846 melius

1233 1857 1291 1879 erat
1305 1853 1339 1879 illi
1354 1858 1382 1879 ιιι
1393 1854 1546 1887 alegaretur
1558 1857 1629 1883 mola
1642 1859 1764 1885 asenaria
1775 1860 1807 1887 ad
1821 1860 1916 1887 collam
1930 1862 2024 1897 ipsius,

1232 1903 1258 1925 et
1274 1900 1449 1933 projiccrctur
1471 1900 1497 1927 in
1513 1901 1676 1936 proﬁtndttm
1692 1905 1791 1938 utaris;
1806 1911 1833 1933 et
1849 1917 1854 1932 :
1871 1907 1922 1940 Qui
1939 1908 2024 1936 Deum

1232 1944 1329 1970 timore
1346 1945 1463 1972 ueclexit
1476 1946 1622 1980 judicantis
1637 1948 1801 1983 hominibus,
1819 1952 1914 1979 inferat
1930 1959 2024 1988 parte-

1231 1987 1281 2015 bus
1297 1989 1359 2022 ἰιμίε
1374 1991 1530 2017 monasterii
1546 1992 1586 2018 vel
1601 1994 1751 2027 peregrinis
1766 1997 1904 2025 monachis
1924 1987 2024 2028 ibidem

1232 2034 1396 2067 habitantes,
1411 2043 1471 2062 cum
1487 2038 1607 2064 sociante
1619 2038 1692 2072 ﬁsco,
1709 2040 1767 2067 auri
1784 2041 1881 2069 liberas
1893 2043 2021 2077 trigenta,

1230 2085 1343 2114 argento
1360 2081 1447 2115 ponda
1469 2082 1667 2117 quinquagenta
1684 2085 1766 2112 multa
1788 2091 1924 2115 susteneat
1938 2093 2023 2124 atque

1231 2125 1377 2159 dissolvat;
1393 2130 1421 2153 ct
1436 2127 1488 2154 hoc
1499 2128 1568 2162 quod
1583 2130 1681 2163 repetit
1696 2139 1748 2158 non
1764 2132 1893 2166 viudecet,
1909 2139 1937 2162 et
1949 2136 2024 2165 nihi-

1230 2170 1346 2198 lominus
1357 2179 1469 2206 presens
1480 2173 1634 2206 privilegius
1644 2176 1715 2202 omni
1729 2180 1849 2211 tempore
1860 2178 1949 2206 ﬁrmas
1956 2188 2023 2215 per-

1231 2219 1350 2243 maneat.
1368 2216 1411 2249 Et,
1427 2221 1456 2244 ut
1479 2217 1625 2245 ﬁrmiorem
1640 2220 1767 2247 obteneat
1783 2222 1910 2256 vicorem,
1925 2233 2022 2254 manos

1230 2265 1336 2289 nostras
1359 2262 1621 2298 subtcrscripsimus,
1641 2270 1668 2292 et
1683 2266 1728 2299 qui
1748 2267 1962 2303 subscripserent
1979 2272 2024 2300 vel

1192 2316 1218 2346 ι)
1231 2309 1403 2344 signeverent
1418 2312 1581 2345 rogavimus,
1597 2313 1773 2341 stibulacione
1788 2316 1916 2344 subnexa.

1266 2359 1361 2383 Actum
1373 2356 1533 2391 Stratburgo
1547 2358 1665 2391 civitate,
1681 2360 1793 2393 publice,
1805 2361 1848 2388 die
1870 2363 1951 2390 tercio
1970 2365 2023 2392 de-

1231 2402 1311 2434 cimo,
1325 2410 1417 2429 mense
1440 2402 1539 2436 Madio,
1560 2404 1586 2431 in
1612 2405 1776 2433 Ascensione
1799 2406 1923 2441 Domini,
1945 2417 2023 2438 anno

1230 2451 1326 2473 octavo
1338 2454 1452 2481 regnum
1471 2448 1572 2475 domini
1587 2450 1671 2476 nostri
1696 2449 1863 2479 Theoderico
1877 2461 1946 2487 rege.
1961 2454 2022 2488 Ego

1229 2493 1417 2526 Widegernus,
1433 2494 1484 2522 hac
1497 2495 1520 2522 si
1536 2495 1659 2530 indignus
1671 2498 1811 2532 episcopus
1822 2519 1829 2531 ,
1860 2500 2021 2535 subscripsi.

1229 2537 1283 2573 Ego
1291 2538 1463 2567 Wuolfradus
1473 2541 1677 2569 archidiaconus
1688 2545 1810 2571 consensi
1823 2550 1849 2572 et
1858 2546 2020 2581 subscripsi.

1229 2584 1285 2618 Ego
1299 2585 1418 2612 Libulfus
1441 2586 1581 2621 presbyter
1602 2587 1755 2622 subscripsi.
1787 2588 1842 2622 Ego
1868 2590 2022 2621 Haimnltus

1230 2630 1356 2657 diaconus
1384 2631 1538 2665 subscripsi.
1567 2631 1622 2666 Ego
1645 2633 1802 2661 Altmannus
1813 2635 2022 2665 diaconussuh-

1229 2675 1331 2709 scripsi.
1347 2675 1456 2710 Signum
1468 2676 1488 2712 τ
1503 2676 1644 2705 Fulcherio
1656 2679 1771 2712 tribuno,
1789 2681 1813 2707 in
1836 2680 1883 2709 Dei
1905 2690 2021 2713 nomen.

1229 2720 1284 2755 Ego
1299 2721 1458 2749 Hariboldus
1473 2723 1541 2749 abba
1553 2726 1674 2750 consensi
1687 2729 1713 2751 et
1724 2725 1876 2761 subscripsi.
1890 2726 1945 2761 Ego
1963 2728 2023 2758 Ha-

1230 2767 1346 2794 dalricus
1361 2768 1483 2795 consensi
1499 2773 1526 2796 et
1537 2770 1690 2804 subscripsi.
1714 2770 1769 2804 Ego
1787 2772 1812 2798 in
1835 2771 1882 2799 Dei
1906 2775 2023 2803 nomine

1230 2813 1372 2840 Ardolinus
1384 2818 1495 2841 vocatus
1510 2815 1651 2849 cpiscopus
1674 2817 1795 2843 consensi
1819 2822 1845 2843 et
1859 2818 2021 2853 subscripsi.

1231 2859 1339 2893 Signum
1354 2859 1373 2894 1-
1384 2859 1553 2887 Wuolfoaldo
1566 2861 1674 2887 comite.
1687 2862 1862 2895 Magobardus
1882 2864 2022 2893 archidia-

1229 2913 1312 2933 conos
1325 2905 1479 2940 subscripsi.
1500 2905 1553 2939 Ego
1567 2905 1718 2933 Ghrbuiuus
1737 2908 1876 2942 episcopus
1889 2912 2022 2939 consensi

1230 2956 1256 2980 et
1272 2952 1427 2987 subscripsi.
1444 2951 1497 2987 Ego
1513 2952 1679 2981 Willibertus
1705 2954 1846 2988 episcopus
1859 2955 2023 2992 subseripsi.
