4206 6584
196 422 339 482 1288

989 410 1425 473 DONATIONES
1464 411 1553 471 AC
1593 409 2056 472 TESTAMENTA
2097 406 2334 478 EPISC.,
2377 400 2556 482 ABB.,
2600 407 2752 468 ETC.

3322 410 3459 472 {286

195 541 314 610 Ego
359 535 668 607 llagoaldus
695 530 861 593 abbas
898 535 1213 606 subscripsi.
1246 534 1465 604 Signum
1495 535 1533 605 1-
1576 533 1785 589 Leodo-
1812 542 1861 604 Α
1887 528 2053 600 gavit.
2106 526 2147 598 1-
2197 526 2417 595 Signum
2474 527 2742 597 Sigranni.
2798 525 2839 598 1-
2893 524 3117 598 Signum
3165 522 3460 589 OdiIhardi.

195 629 350 685 fredo
390 628 546 685 duce.
593 626 704 697 Ego
752 626 1097 683 Ebrohardus
1137 627 1307 682 comis
1350 626 1660 697 subscripsi.
1693 624 1781 681 Si-

195 735 358 791 gnum
383 719 420 792 1-
465 719 779 774 Audachro.
828 718 1050 787 Signum
1081 718 1121 789 1-
1149 717 1444 774 Nordoldo.
1500 714 1719 787 Signum
1743 716 1784 788 1-

196 810 603 868 Cundoberlho.
658 810 883 880 Signum
923 810 962 881 1-
990 809 1275 865 Witbario.
1325 808 1545 877 Signum
1576 809 1615 881 1-
1664 808 1781 863 Wi-

192 917 351 974 grao.
379 901 493 972 Ego
519 903 729 972 Hagino
765 903 932 959 abbas
960 901 1279 971 subscripsi.
1308 900 1529 970 Signum
1569 901 1608 971 1-
1643 900 1783 955 Leo-

191 993 443 1049 doberto.
470 992 584 1063 Ego
606 993 659 1048 in
689 994 784 1049 Dei
812 993 1030 1048 nomine
1053 991 1434 1046 Willibrordus
1462 990 1774 1061 subscripsi.

192 1083 468 1139 Romanus
495 1082 725 1141 clericus
745 1082 888 1138 hunc
915 1081 1252 1152 privilegium
1296 1081 1476 1150 jussus
1521 1096 1551 1135 a
1586 1096 1779 1152 supra-

191 1174 396 1245 scripto
423 1174 638 1245 scripsi.
1060 1240 1062 1249 λ

878 1262 1061 1319 LXIV.

190 1357 389 1412 Charta
409 1374 511 1427 qua
534 1354 741 1411 Tlreodo
767 1357 936 1411 vendit
966 1358 1277 1427 monasterio
1313 1354 1635 1410 Horbacetm'
1658 1374 1778 1426 por-

261 1426 453 1484 tionem
482 1444 630 1481 suam
651 1429 704 1482 in
734 1444 912 1481 marca
935 1426 1306 1481 Hamarisstad
1337 1435 1361 1463 ⁸
1389 1430 1534 1493 (ann.
1556 1427 1704 1498 750).

263 1541 495 1597 Domino
518 1540 814 1596 venerabili
841 1549 895 1595 et
924 1539 979 1594 in
1008 1537 1222 1595 Christo
1253 1540 1390 1610 patri
1416 1539 1660 1595 Romano
1684 1539 1779 1594 ab-

188 1630 324 1697 bati,
354 1647 459 1686 una
488 1646 609 1686 cum
640 1640 826 1687 sancta
879 1631 1312 1700 congregacione
1341 1640 1524 1685 vestra
1548 1630 1616 1686 de
1657 1646 1776 1686 mo-

188 1721 427 1777 nasterio
450 1720 595 1791 quod
621 1731 847 1777 vocatur
877 1721 1297 1788 Maurobaccus;
1333 1735 1433 1791 ego
1460 1722 1513 1775 in
1535 1721 1631 1779 Dei
1681 1738 1779 1777 no-

187 1814 335 1869 mine
357 1811 595 1880 Theodo,
631 1812 850 1868 venditu
880 1819 1095 1867 constat
1134 1828 1223 1868 me
1252 1812 1405 1867 vobis
1425 1812 1731 1868 vendidisse
1756 1849 1774 1876 ,

1882 624 1920 693 1-
1940 621 2163 688 Signnm
2194 617 2469 688 Wiglull’o.
2521 620 2558 691 1-
2588 618 2811 689 Signum
2852 616 3116 673 Adalindi.
3167 618 3209 689 1-
3240 617 3463 688 Signum

1883 715 2147 772 Feumilli.
2174 716 2213 786 1-
2238 713 2466 785 Signum
2488 712 2785 789 Luntberti.
2816 712 2857 783 1-
2885 710 3103 782 Signum
3135 702 3462 782 Trodolaigi.

1882 806 1997 877 Ego
2021 808 2075 862 in
2105 806 2199 863 Dei
2230 807 2449 863 nomine
2476 805 2749 862 Jobannes
2797 807 2969 862 lector
3020 807 3160 863 hanc
3186 808 3464 864 vendicio-

1883 920 2007 962 nem
2036 905 2275 963 dictante
2303 904 2522 961 domino
2550 903 2794 960 Romano
2816 903 3031 959 abbate.

2596 1058 2756 1115 LXV.

1883 1150 2263 1206 Testamentum
2292 1150 2467 1207 Adda:
2491 1194 2506 1219 ,
2561 1153 2835 1221 abbatissa?
2866 1148 3117 1221 Palatioli
3150 1150 3309 1221 juxta
3336 1150 3466 1206 Tre-

2400 1224 2532 1277 viros
2564 1220 2590 1261 δ
2616 1222 2764 1293 (amt.
2790 1218 2943 1289 732).

1952 1353 2140 1420 Adela,
2166 1354 2218 1409 in
2248 1352 2464 1409 Christo
2486 1353 2713 1409 Domino
2736 1352 3266 1421 sacrataabbatissa,
3293 1353 3470 1424 Dago-

1882 1446 2020 1501 berti
2042 1447 2185 1514 regis
2208 1444 2479 1515 quondam
2508 1444 2637 1498 ﬁlia.
2668 1444 2801 1498 Cum
2844 1445 3212 1514 pervulgatum
3253 1452 3470 1500 notum-

1882 1554 1986 1609 que
2007 1539 2165 1595 bonis
2191 1538 2440 1594 omnibus
2471 1537 2542 1593 sit
2565 1535 3019 1607 quemadmodum
3069 1553 3168 1592 nos
3192 1544 3467 1591 monaste-

1884 1633 2020 1688 rium
2042 1631 2096 1687 in
2123 1630 2248 1687 villa
2292 1646 2413 1700 qum
2434 1630 2626 1685 dicitur
2652 1627 2970 1684 Palatiolum
3024 1639 3069 1695 ε,
3097 1629 3151 1683 in
3177 1628 3293 1698 ripa
3322 1627 3469 1699 posi-

1885 1732 1993 1778 tum
2023 1722 2258 1779 ﬂuminis
2286 1722 2537 1787 Mosellae,
2553 1722 2697 1790 quod
2724 1722 2896 1792 ipsum
2926 1738 2956 1777 a
2974 1719 3202 1793 Pippino
3229 1721 3465 1791 majore-

1882 1814 2091 1880 domus,
2124 1812 2360 1868 Treviris
2382 1812 2781 1881 permutatione
2809 1813 3152 1882 quaesivimus
3176 1854 3192 1878 ,
3238 1812 3465 1869 honori-

187 1903 339 1960 etita
362 1904 599 1967 vendidi.
629 1917 848 1959 omnem
904 1904 1221 1974 porcionem
1264 1920 1440 1959 meam
1489 1904 1543 1958 in
1594 1918 1775 1958 marca
1804 1904 1853 1968 B
1882 1922 1985 1976 quc
2016 1907 2074 1962 S.
2119 1906 2297 1961 Maria:
2326 1905 2556 1973 Virginis
2584 1904 2860 1974 genitricis
2890 1904 3102 1960 Domini
3145 1906 3314 1961 nostri
3340 1904 3467 1961 Jesu

186 1996 576 2062 llamarisstad,
604 1998 708 2052 hoc
733 2004 835 2061 est,
868 1997 1132 2066 quinium,
1165 2012 1393 2066 cumque
1418 1995 1613 2051 ibidem
1655 2012 1775 2051 mea

186 2088 403 2145 videtur
431 2104 550 2145 esse
582 2089 850 2158 possessio
880 2088 934 2143 in
962 2089 1139 2155 terris,
1167 2088 1338 2154 silvis,
1366 2086 1507 2142 sicut
1527 2089 1776 2158 superius

184 2181 440 2245 diximus,
473 2189 733 2248 quantum
787 2180 841 2234 in
893 2180 1013 2250 ipso
1046 2180 1151 2237 line
1195 2190 1297 2249 est,
1343 2180 1483 2234 unde
1512 2179 1698 2249 accepi
1744 2194 1774 2233 a

185 2270 345 2326 vobis
372 2270 512 2325 sicut
536 2271 677 2325 inter
700 2285 800 2326 nos
821 2270 1021 2340 placuit
1066 2280 1229 2340 atque
1273 2270 1547 2337 convenit,
1578 2270 1631 2324 in
1679 2286 1777 2324 an—

185 2376 334 2416 nona
365 2361 450 2415 vel
473 2360 578 2417 alio
600 2362 804 2431 precio,
838 2361 1052 2417 valente
1074 2362 1277 2419 solidos
1308 2362 1525 2430 triginta
1550 2403 1565 2430 ,
1614 2362 1669 2418 in
1710 2376 1775 2417 ea

184 2454 397 2509 ratione
419 2464 478 2508 ut
507 2456 572 2509 ab
601 2455 701 2510 hac
723 2455 810 2510 die
841 2456 1084 2510 habeatis
1133 2456 1275 2524 ipsas
1298 2464 1490 2519 terras,
1521 2466 1575 2511 et
1615 2455 1779 2511 silvas

185 2546 549 2616 possideatis,
590 2546 674 2601 vel
716 2545 973 2615 quicquid
1004 2546 1199 2601 exinde
1238 2548 1417 2602 facere
1458 2546 1736 2601 volueritis
1764 2586 1780 2613 ,

184 2638 413 2693 liberam
441 2654 503 2693 ac
530 2638 891 2694 ﬁrmissimam
918 2640 970 2693 in
997 2640 1247 2695 omnibus
1267 2639 1511 2695 habeatis
1543 2649 1785 2708 potesta-

185 2738 321 2785 tem.
353 2730 409 2783 Si
442 2731 560 2798 quis
587 2745 743 2797 vero,
768 2731 909 2801 quod
941 2730 1179 2784 futurum
1201 2746 1320 2787 esse
1363 2747 1471 2785 non
1492 2732 1655 2787 credo
1681 2775 1695 2799 ,
1735 2734 1782 2788 si

187 2834 294 2891 ego
325 2820 463 2890 ipse,
493 2828 586 2875 aut
617 2820 843 2876 heredes
870 2822 975 2876 mei
997 2836 1093 2876 seu
1118 2821 1370 2890 qumlibet
1401 2836 1630 2891 persona
1660 2837 1779 2891 qua:

185 2924 381 2968 contra
412 2913 553 2967 hanc
582 2912 955 2967 vendicionem
1003 2927 1164 2981 quam
1212 2925 1312 2979 ego
1358 2921 1655 2981 spontanea
1686 2929 1780 2967 vo-

186 3003 547 3061 luntateﬁeri
577 3004 786 3073 rogavi,
808 3005 995 3059 venire
1018 3006 1361 3072 temptaverit
1381 3013 1475 3058 aut
1490 3002 1781 3073 infringere

186 3094 441 3155 voluerit.
472 3100 528 3147 et
557 3109 586 3146 a
614 3093 748 3148 meis
776 3093 1065 3148 heredibus
1087 3092 1425 3148 defensatum
1457 3108 1563 3147 non
1595 3092 1776 3161 fuerit,

1884 2000 2081 2054 Christi
2110 2007 2164 2054 et
2199 1999 2479 2054 beatorum
2513 1996 2657 2051 Petri
2708 2003 2764 2051 et
2792 1994 2944 2050 Pauli
2972 2035 2989 2062 ,
3039 2004 3469 2065 ceterorumque

1884 2102 2194 2149 sanctorum
2217 2090 2531 2159 jamdudum
2554 2090 2620 2143 ad
2644 2089 2850 2158 proprii
2870 2088 3183 2143 monasterii
3205 2104 3359 2143 usum
3372 2103 3468 2143 ex-

1884 2183 2171 2247 truximus,
2204 2182 2257 2235 in
2283 2194 2459 2250 eoque
2487 2179 2877 2234 monacbarum
2905 2187 3102 2235 coetum
3125 2221 3138 2244 ,
3192 2178 3471 2248 disciplina

1884 2284 1940 2330 et
1968 2272 2148 2343 regula
2174 2272 2233 2327 S.
2269 2270 2542 2326 Benedicti
2572 2269 2889 2337 viventium,
2915 2268 3349 2339 aggregavimus;
3381 2266 3464 2323 fa—

1883 2365 2131 2420 ciendum
2154 2363 2387 2433 denique
2415 2361 2571 2415 nobis
2600 2362 2773 2415 visum
2806 2368 2925 2425 est,
2976 2369 3035 2414 ut
3063 2362 3160 2416 has
3203 2361 3327 2415 vita:
3373 2361 3468 2417 de-

1882 2456 2071 2526 genda:
2095 2454 2426 2510 necessarias
2464 2467 2614 2523 opes,
2646 2466 2781 2521 quas
2814 2452 2882 2506 de
2934 2452 3164 2522 propriis
3208 2452 3469 2507 hactenus

1886 2549 2090 2617 largitae
2144 2561 2365 2612 sumus,
2406 2546 2714 2601 testamenti
2760 2545 2923 2599 etiam
2971 2545 3220 2615 praesenti
3275 2546 3467 2616 pagina

1886 2640 2352 2695 c0nlirmaremus.
2378 2636 2643 2707 Legamus
2688 2637 2872 2707 itaque
2923 2645 2979 2692 et
3029 2637 3290 2694 donamus
3343 2640 3467 2694 huic

1882 2732 2033 2801 quod
2055 2732 2285 2789 diximus
2298 2731 2648 2797 monasterio,
2669 2730 2848 2785 villam
2871 2738 3109 2785 nostram
3138 2746 3255 2801 quae
3274 2731 3469 2787 dicitur

1890 2824 2233 2889 Palatiolutn,
2263 2826 2318 2879 in
2344 2840 2450 2896 qua
2489 2822 2794 2879 coenobium
2826 2837 2945 2878 esse
2968 2831 3338 2879 constructum
3388 2824 3470 2880 vi-

1888 2920 2063 2985 detur,
2095 2918 2258 2988 idque
2303 2933 2427 2972 cum
2458 2916 2602 2971 omni
2632 2914 2939 2984 integritate
2964 2955 2980 2981 ,
3021 2924 3128 2969 tam
3177 2913 3427 2970 domibus
3450 2954 3470 2982 ,

1888 3009 2147 3076 aediliciis,
2180 3007 2580 3073 additamentis,
2598 3007 2754 3072 casis,
2778 3006 3039 3071 curtibus,
3070 3003 3289 3072 mansis,
3320 3020 3472 3059 man-

1890 3102 2064 3171 cipiis,
2094 3114 2252 3170 quam
2282 3098 2471 3163 vineis,
2502 3097 2726 3166 campis,
2755 3096 2941 3165 pratis,
2974 3096 3145 3163 silvis,
3173 3094 3470 3166 adjacenti—

188 3185 440 3255 inprimis
471 3184 855 3254 omnipotentis
884 3183 979 3240 Dei
1009 3184 1095 3239 vel
1122 3184 1435 3253 angelorum
1464 3184 1581 3253 ejus
1603 3184 1776 3240 oll‘en-
1808 3222 1853 3285 Ο
1888 3193 2009 3257 δας,
2034 3190 2320 3255 farinariis,
2352 3190 2503 3258 aquis
2527 3202 2890 3257 aquarumque
2912 3187 3245 3254 decursibus,
3273 3198 3329 3245 ει
3343 3204 3467 3244 om-

189 3293 309 3333 sam
340 3292 399 3332 se
430 3277 866 3347 perincursurum
914 3277 1313 3333 contremiscat.
1348 3275 1409 3330 Et
1435 3277 1650 3347 insuper
1676 3276 1776 3332 du-

186 3370 339 3440 plum
375 3376 581 3423 tantum
621 3377 882 3439 quantum
914 3386 944 3423 a
990 3370 1143 3424 vobis
1195 3369 1380 3437 accepi
1435 3379 1652 3425 coactus
1684 3384 1782 3424 ex-

188 3463 383 3525 solvat,
418 3470 472 3515 et
502 3462 743 3531 partibus
792 3461 909 3514 auri
938 3460 1071 3515 libra
1103 3475 1208 3514 una
1242 3468 1583 3529 argento.....
1617 3461 1779 3529 quin-

187 3569 299 3624 que
325 3569 386 3609 se
413 3553 772 3608 damnabilem
796 3554 971 3618 sciat,
1023 3552 1245 3620 etquod
1292 3554 1424 3621 petit
1462 3553 1782 3607 evendicare

188 3651 448 3711 nequeat,
482 3640 580 3696 sed
608 3642 708 3697 hec
749 3642 987 3698 vindicio
1019 3642 1166 3698 omni
1192 3651 1431 3713 tempore
1481 3646 1629 3696 lirma
1659 3658 1781 3711 per-

187 3744 415 3791 maneat
438 3736 791 3805 stipulacione
812 3737 1060 3791 subnixa.

263 3830 459 3883 Actum
506 3827 754 3882 Marbach
785 3828 1112 3883 monasterio
1146 3827 1371 3897 publice,
1402 3843 1544 3883 anno
1573 3828 1780 3883 decimo

184 3929 457 3989 regnante
488 3919 825 3975 Theoderico
861 3934 1017 3989 rege,
1060 3920 1159 3975 sub
1209 3920 1300 3976 die
1321 3920 1373 3989 χ]
1402 3920 1507 3976 kal.
1551 3920 1775 3976 Madias.

192 4014 227 4091 Ι-
253 4015 479 4083 Signum
508 4013 839 4080 Theodonis,
864 4014 954 4084 qui
984 4014 1123 4069 hanc
1152 4015 1521 4069 vendicionem
1547 4014 1660 4069 ﬁeri
1692 4030 1779 4069 ro-

268 4180 292 4210 ⁸
337 4171 497 4226 Solus
527 4171 805 4237 hucusque
835 4170 972 4223 hanc
997 4168 1241 4239 chartam
1290 4168 1528 4237 vulgavit
1558 4167 1781 4239 Sehrep-

182 4244 375 4306 ﬂinus,
407 4240 575 4295 Alsat.
602 4241 829 4308 diplom.
864 4247 902 4293 t.
934 4241 974 4303 l,
1010 4255 1130 4309 pag.
1158 4238 1225 4292 l5
1248 4280 1263 4303 ,
1318 4240 1384 4293 ad
1415 4241 1565 4307 cujus
1624 4238 1778 4295 tidem

181 4315 519 4370 recudintus.
554 4312 598 4364 is
626 4312 867 4364 chartam
912 4311 1047 4363 hanc
1076 4325 1139 4362 ex
1196 4310 1526 4363 Morbacensi
1558 4310 1778 4363 chartu-

182 4386 330 4440 lario
355 4396 414 4435 se
436 4381 833 4449 deprompsisse
857 4380 1032 4434 docet.
1057 4378 1240 4433 Monet
1265 4389 1467 4445 autem,
1486 4382 1570 4434 ubi
1594 4396 1776 4449 supra,

182 4469 315 4525 pag.
353 4451 475 4525 725,
502 4453 677 4525 locum
711 4450 762 4503 in
788 4450 892 4525 hoc
923 4452 1279 4503 instrumento
1305 4459 1562 4525 vocatum
1586 4450 1781 4525 Hama-

182 4521 407 4585 risstad,
443 4523 659 4575 nomine
697 4521 968 4590 paululum
1015 4528 1219 4572 mutato
1248 4562 1262 4585 ,
1307 4521 1565 4587 appellari
1618 4522 1775 4575 hodie

184 4590 767 4653 ilarnmcrstater-bof,
798 4590 972 4644 vicum
1003 4598 1194 4659 quarto
1238 4591 1412 4658 lapide
1434 4591 1593 4643 situm
1615 4606 1774 4659 super

180 4662 732 4721 Novum-Brisacum.

262 4734 289 4772 ἓν
335 4733 636 4795 Browerus,
660 4730 853 4784 Annal.
887 4728 1092 4784 Trevir.
1120 4728 1216 4790 t.i,
1244 4743 1364 4798 pag.
1393 4728 1519 4795 557,
1552 4730 1653 4784 hoc
1682 4731 1775 4786 de-

182 4806 461 4875 prompsit
486 4820 549 4875 ex
584 4804 803 4855 vetustis
826 4799 1160 4875 Trevirensjs
1176 4798 1427 4875 Ecclesia:
1455 4817 1774 4875 monumen-

183 4871 281 4930 tis.
316 4872 657 4925 Ret-tulerunt
687 4872 1074 4933 Ilenschcnius,
1105 4871 1176 4923 De
1200 4872 1321 4923 trib.
1376 4873 1683 4938 Dagob.lib.
1708 4872 1770 4937 ll,

181 4961 318 5017 pag.
347 4942 477 5007 127;
518 4941 987 5017 Coitttiusénnal.
1024 4939 1182 5017 t._l_V,
1210 4941 1772 5017 pag._j§l0;biahillo-

184 5010 337 5075 ilius.
366 5016 494 5066 Acta
518 5012 615 5066 SS.
641 5014 758 5066 ord.
786 5011 984 5065 Bened.
1011 5018 1049 5064 t.
1073 5010 1156 5076 lV,
1178 5025 1297 5079 pag.
1321 5012 1447 5078 499;
1480 5012 1770 5077 Caltnetus,

183 5086 334 5139 liist.
365 5082 584 5135 Lothar.
631 5091 668 5135 t.
728 5081 800 5145 ll,
856 5081 1008 5149 prob.
1070 5082 1175 5136 col.
1222 5080 1332 5145 94;
1378 5082 1772 5150 llontheimius,

180 5157 335 5210 Hist.
374 5153 577 5206 Trevir.
611 5152 829 5219 diplom.
867 5160 905 5204 t.
952 5150 971 5203 ι
1005 5194 1018 5215 ,
1070 5166 1192 5220 pag.
1241 5152 1344 5213 88;
1397 5154 1771 5218 Berthuletus,

180 5227 333 5279 llist.
358 5224 616 5277 Luxemb.
646 5232 681 5274 t.
706 5221 764 5283 II,
794 5222 972 5291 prob.,
991 5236 1109 5289 pag.
1135 5222 1232 5287 55;
1260 5224 1326 5276 ad
1355 5222 1510 5277 ﬁdem
1540 5225 1774 5279 ltrovveri

179 5309 405 5361 omnes,
433 5292 711 5361 expunctis
740 5294 808 5346 ab
836 5293 939 5345 hoc
977 5294 1332 5346 instrumento
1365 5293 1572 5349 mendis
1599 5296 1774 5351 omnis

179 5366 406 5436 gs-neris
452 5378 569 5436 qua:
600 5364 652 5416 in
692 5362 846 5431 hujus
884 5363 1057 5415 aetatis
1105 5363 1471 5436 instrumentis
1525 5373 1733 5418 scatent
1758 5408 1772 5427 ,

179 5432 237 5489 id
272 5436 421 5489 enim
461 5433 717 5487 Browero
740 5440 1054 5487 consuetum
1096 5432 1193 5487 fuit
1223 5440 1281 5486 ut
1310 5434 1376 5486 ab
1398 5432 1662 5498 ejusmodi
1693 5436 1773 5487 vi-

180 5507 277 5559 tiis
309 5512 587 5574 purgaret,
612 5510 877 5571 quotquot
903 5517 971 5556 ex
1010 5503 1371 5574 autographis
1421 5506 1775 5574 instrumenta

179 5572 441 5629 eruebat.
474 5573 778 5639 Scriptores
804 5574 962 5627 Novae
994 5572 1176 5627 Calliae
1204 5572 1540 5637 Christiana),
1564 5582 1604 5627 t.
1635 5573 1771 5639 Xlll,

180 5647 348 5699 instr.
381 5646 484 5699 col.
519 5643 646 5708 294,
675 5644 775 5698 hoc
806 5644 945 5697 idem
980 5651 1354 5698 testamentum
1386 5643 1691 5707 ediderunt,
1722 5654 1776 5698 ut

178 5717 426 5779 videtur,
460 5731 526 5770 ex
562 5715 815 5769 Drowero
844 5712 1205 5781 desumptum.
1262 5713 1334 5768 lbi
1386 5712 1553 5767 Adela
1579 5731 1639 5770 se
1671 5715 1775 5767 Da-

177 5787 402 5855 goberti
427 5786 572 5853 regis
603 5784 762 5865 tiliam
794 5783 1094 5864 proﬁtetur,
1125 5799 1287 5865 quem
1337 5784 1651 5849 Brovverus,

176 5854 375 5930 Supra,
409 5870 596 5928 regem
624 5854 782 5925 hujus
806 5854 1035 5913 nominis
1077 5854 1310 5925 primum
1359 5865 1547 5911 censet
1577 5894 1589 5919 ,
1630 5862 1684 5911 et
1722 5855 1772 5911 id

1883 3281 2040 3335 nibus
2089 3280 2151 3333 iis
2186 3293 2304 3348 qua:
2364 3278 2429 3332 ad
2458 3278 2627 3347 ipsam
2672 3279 2945 3347 pertinere
3002 3277 3179 3332 villam
3232 3289 3468 3335 constat.

1882 3376 2022 3430 Addi
2048 3374 2292 3429 volumus
2317 3374 2398 3427 his
2418 3372 2675 3442 prtedium
2699 3370 3091 3440 Scripnasium,
3110 3371 3164 3426 in
3194 3386 3331 3443 pago
3351 3370 3469 3429 Mo-

1882 3482 1980 3522 sao
2008 3465 2189 3529 situm,
2217 3464 2286 3518 ad
2315 3464 2483 3533 ipsius
2509 3462 2670 3518 Mosae
2695 3460 2928 3519 ﬂuminis
2946 3464 3143 3533 ripam,
3169 3479 3467 3533 omnesque

1883 3558 2254 3630 possessiones
2282 3556 2399 3625 ejus
2448 3556 2608 3623 villae,
2640 3572 2748 3613 uno
2778 3556 3056 3615 dumtaxat
3111 3557 3467 3628 quadraginta

1878 3647 2125 3717 jugerum
2154 3659 2282 3714 agro
2311 3654 2560 3714 excepto,
2590 3660 2746 3716 quem
2796 3645 2986 3702 Insulae
3015 3647 3234 3704 nomine
3281 3649 3469 3719 appel-

1882 3740 2070 3804 latum,
2096 3738 2204 3807 jam
2233 3747 2362 3792 ante
2376 3736 2689 3791 dulcissimo
2714 3737 2824 3792 lilio
2845 3737 3097 3793 Aiberico
3125 3738 3466 3796 donavimus.

1882 3829 2146 3884 Similiter
2166 3844 2195 3883 a
2217 3827 2464 3898 Deiparze
2492 3827 2679 3883 matris
2708 3828 2814 3883 hoc
2848 3830 3176 3886 monasterio
3206 3831 3470 3901 possideri

1884 3920 2077 3991 przedia
2108 3935 2171 3973 ea
2201 3920 2381 3973 omnia
2404 3918 2547 3983 volo,
2570 3933 2689 3987 qua:
2717 3918 2773 3973 in
2801 3917 3126 3989 Bietbergis,
3158 3920 3467 3978 Beslancio-

1881 4029 1985 4082 que
2014 4014 2139 4079 sita,
2168 4026 2395 4081 qumque
2417 4027 2451 4067 a
2499 4011 2808 4068 dulcissima
2833 4026 3089 4082 germana
3116 4029 3236 4070 mea
3258 4013 3469 4086 Regen-

1883 4177 2061 4223 tuetur
2104 4180 2299 4233 magno
2342 4166 2626 4221 mnamine
2668 4167 2932 4223 Masen'ms
2984 4168 3051 4222 ad
3084 4169 3259 4224 Brow.
3316 4171 3462 4227 Ann.

1883 4250 1924 4293 ι.
1951 4241 1989 4301 Ι,
2024 4252 2143 4307 pag.
2191 4237 2315 4292 610.
2352 4236 2690 4292 Fort‘oribus
2737 4239 3070 4298 argumentis
3124 4240 3227 4294 hac
3271 4244 3467 4297 evertit

1882 4306 2144 4373 Cointius,
2171 4308 2375 4379 Annal.
2396 4307 2553 4379 μιν,
2590 4321 2707 4379 pag.
2750 4306 2855 4361 580
2884 4316 2939 4360 et
2962 4323 3076 4375 seq.
3107 4319 3161 4363 et
3192 4310 3463 4379 Dagober-

1884 4390 1994 4433 tum
2029 4381 2086 4439 Il,
2117 4378 2379 4446 Sigeberti
2412 4377 2573 4430 lilium
2618 4376 2796 4446 Adela:
2826 4386 3029 4446 patrem
3060 4376 3295 4434 asseritf
3329 4381 3463 4436 llinc

1882 4450 2122 4518 sequitur
2182 4442 2386 4502 annum
2448 4448 2597 4510 regni
2668 4442 2991 4518 Theudorici
3044 4449 3465 4517 duodecimum,

1921 4517 1989 4574 uo
2019 4520 2182 4573 Adela
2226 4526 2604 4571 testamentum
2663 4517 2939 4581 condidit,
2982 4518 3048 4572 de
3087 4534 3251 4587 regno
3283 4520 3465 4575 Theo-

1880 4537 1989 4587 (ιυο
2019 4537 2182 4573 aucta
2226 4537 2604 4571 testamentum
2663 4537 2901 4573 corturutt
2926 4559 2939 4581 ,
2982 4537 3048 4572 ue
3087 4537 3251 4587 regno
3290 4537 3465 4575 tneo-

1804 4566 1855 4626 D
1878 4590 2047 4644 dorici
2083 4589 2145 4642 IV
2170 4587 2571 4655 intelligendum
2602 4603 2751 4651 esse,
2785 4600 2840 4641 ut
2887 4589 3077 4656 probat
3102 4588 3346 4645 Cuintius
3375 4606 3465 4643 ar-

1878 4660 2145 4727 gumentis
2173 4658 2413 4728 pluribus
2442 4673 2560 4725 qua:
2591 4658 2677 4712 hic
2723 4667 2967 4728 attexere
3017 4672 3122 4713 non
3152 4659 3335 4715 sinunt
3364 4675 3465 4715 no-

1879 4732 1946 4784 tis
1975 4727 2491 4797 nostris‘prat-cripti
2547 4728 2760 4781 limites.
2796 4727 3002 4782 Dixisse
3030 4729 3160 4784 satis
3209 4732 3277 4784 sit
3305 4730 3458 4784 Ade-

1876 4801 2004 4864 lam,
2037 4802 2186 4870 juxta
2215 4799 2484 4870 quntium
2507 4797 2975 4870 etp-grt-abillonium,
3013 4800 3141 4854 Acta
3190 4800 3286 4855 SS.
3335 4798 3458 4855 ard.

1876 4872 1932 4925 S.
1972 4866 2166 4926 Bened.
2204 4878 2242 4923 t.
2276 4868 2364 4929 IV.
2401 4882 2519 4990 pag).
2549 4866 2653 4921 698
2682 4908 2715 4949 ,.
2759 4868 2892 4924 locis
2932 4884 3145 4950 usuram
3189 4871 3461 4940 accepisse

1876 4942 2018 4990 circa
2046 4955 2243 4990 annum
2276 4938 2408 4990 668:
2514 4939 2719 4990 alatioh
2772 4947 3155 4990 monasterium
3210 4951 3461 4990 constru-

1876 4942 2018 4996 circa
2046 4955 2243 4996 annum
2276 4938 2408 5004 668;
2472 4938 2719 4993 Palatioli
2772 4941 3155 4994 monasterium
3210 4938 3461 4996 constru-

1876 5014 2019 5068 xisse
2047 5013 2185 5067 circa
2217 5026 2412 5064 annum
2446 5007 2572 5077 700,
2599 5025 2721 5063 cunt
2765 5008 2876 5075 jam
2920 5018 3092 5065 mater
3119 5018 3262 5064 esset
3290 5018 3347 5066 et
3377 5011 3457 5065 vi-

1875 5083 2019 5149 dua;
2063 5089 2442 5136 testamentum
2498 5079 2802 5135 condidisse
2876 5094 3019 5134 anno
3068 5080 3260 5134 Christi
3312 5080 3453 5147 732,

1874 5155 2045 5208 aetatis
2070 5168 2180 5206 suae
2202 5167 2343 5205 anno
2360 5151 2461 5213 64;
2496 5165 2559 5204 ac
2586 5150 2821 5215 demum,
2846 5149 3000 5217 juxta
3020 5161 3266 5206 auctores
3295 5150 3457 5206 Novae

1876 5224 2059 5278 Gallia:
2087 5223 2422 5283 Christianae,
2456 5220 2547 5276 ubi
2576 5235 2759 5288 supra,
2816 5221 3017 5276 obiisse
3062 5236 3205 5275 anno
3256 5218 3455 5275 Christi

1876 5293 1998 5349 755.
2025 5295 2279 5347 Miramur
2302 5300 2480 5345 autem
2520 5291 2758 5352 eosdem.
2790 5290 2899 5345 imo
2927 5301 2982 5345 et
3011 5290 3408 5345 Hontheimium
3434 5330 3453 5357 ,

1876 5366 1963 5418 ubi
2015 5379 2208 5433 supra,
2250 5362 2430 5416 Adelae
2460 5369 2842 5433 testamentum
2875 5362 3005 5433 subA
3023 5360 3363 5433 Theoderico
3389 5360 3455 5433 l‘ll

1872 5428 2176 5489 confectum
2194 5428 2494 5495 censuisse,
2524 5444 2667 5485 anno
2720 5431 2914 5487 Christi
2944 5428 3077 5497 690,
3124 5446 3243 5486 cum
3286 5430 3459 5488 Adela

1874 5504 1959 5558 vis
1988 5521 2183 5558 annum
2206 5503 2515 5571 vigesimum
2533 5504 2823 5556 secundum
2836 5508 3041 5571 ageret,
3057 5503 3281 5557 necdum
3298 5499 3455 5557 Pala-

1877 5576 1989 5629 tioli
2023 5574 2409 5641 parthenonem
2437 5574 2716 5626 erexisset.

1949 5656 1969 5683 ο
2014 5643 2328 5698 l’ulatiulttm
2353 5643 2502 5696 locus
2535 5649 2652 5696 erat
2678 5657 2707 5711 a
2736 5643 2907 5699 veteri
2935 5642 3135 5708 palatio
3160 5642 3205 5697 si
3234 5641 3417 5711 dictus
3436 5681 3457 5711 ,

1876 5724 1953 5783 ut,
1982 5716 2111 5767 dicit
2136 5712 2336 5767 Mabill.
2361 5712 2554 5784 Annal.
2589 5719 2628 5765 t.
2662 5709 2733 5780 II,
2781 5727 2905 5784 pag.
2935 5712 2970 5784 ὃ
2996 5722 3050 5767 et
3078 5712 3173 5778 96;
3229 5709 3455 5784 virgini;

1875 5782 1973 5842 bus
2004 5800 2130 5911 verp
2160 5784 2233 5837 ibi
2265 5782 2543 5841 substituti
2585 5791 2712 5842 sunt
2749 5782 2995 5843 canonici
3023 5785 3170 5841 circa
3214 5782 3456 5841 mediam

1876 5873 1927 5911 χι
1951 5869 2091 5911 szecu
2118 5870 2225 5911 um.

1876 5873 1927 5911 XI
1951 5869 2225 5914 szecutum.
