4206 6546
221 416 370 473 1289

912 522 1113 577 LXVII.

221 616 423 672 Charta
459 632 557 687 qua
588 614 794 668 Bilehilt
824 615 1118 687 Vorenobium
1150 617 1378 685 puellare
1424 617 1492 668 ad
1522 615 1809 687 Maguntia:

496 702 669 739 muros
700 686 871 739 condit
902 696 950 738 et
977 686 1121 739 dotat
1156 697 1177 721 ⁸
1212 689 1358 757 (amt.
1393 688 1539 753 754).

292 800 354 854 1η
387 801 602 854 nomine
634 799 827 868 Patris,
858 809 912 854 et
936 800 1074 865 Filii,
1108 809 1159 855 et
1190 802 1423 869 Spiritus
1452 801 1661 856 Sancti.
1698 802 1810 871 Ego

216 890 446 946 Bilehilt
474 900 659 945 notum
685 906 804 945 esse
832 892 992 960 cupio
1023 899 1129 944 tam
1182 892 1538 959 praesentibus
1566 908 1727 960 quam
1757 902 1813 947 ct

216 982 439 1046 futuris,
468 982 700 1049 qualiter
726 994 827 1049 ego
854 988 1076 1050 propter
1103 982 1197 1034 Dei
1220 997 1459 1036 amorem
1485 990 1813 1051 propterque

208 1088 377 1143 spem
406 1072 1007 1139 retributionisfuturaa,
1037 1073 1294 1141 quasdam
1318 1089 1405 1127 res
1423 1074 1769 1142 proprietatis
1797 1092 1809 1126 :

213 1163 331 1219 hoc
357 1170 459 1224 est.
490 1177 670 1216 aream
692 1177 875 1226 unam,
907 1176 1076 1229 prope
1107 1177 1318 1215 murum
1358 1162 1647 1229 Moguntiae
1677 1164 1811 1217 civi-

212 1255 389 1321 tatis,
444 1252 497 1306 in
554 1252 774 1305 australi
826 1260 999 1319 parte,
1036 1266 1064 1303 a
1096 1252 1377 1319 Sigeberto
1408 1253 1811 1321 archiepiscopo

210 1344 487 1399 avunculo
527 1359 648 1397 meo
702 1344 980 1411 acquisivi,
1012 1358 1133 1397 cum
1164 1345 1349 1397 rubeis
1410 1346 1577 1397 scutis
1610 1345 1811 1397 duode-

209 1438 353 1502 cim,
388 1451 519 1489 auro
550 1434 770 1503 paratis,
814 1442 868 1487 et
900 1434 1123 1487 totidem
1156 1437 1307 1502 equis
1346 1434 1545 1501 nigris.
1594 1445 1649 1489 et
1680 1451 1810 1487 con-

209 1526 393 1581 struxi
414 1527 463 1579 in
492 1540 551 1578 ea
579 1526 797 1579 domum
826 1525 1036 1577 Domini
1064 1526 1341 1578 etSanctm
1363 1524 1541 1580 Maria:
1562 1526 1808 1596 Virginis.

207 1617 415 1685 Ibique
443 1616 761 1683 congregavi
809 1623 1051 1668 sanctam
1101 1618 1576 1683 congregationem
1626 1621 1813 1674 mulie-

208 1724 357 1770 rum,
392 1723 453 1761 ac
483 1706 671 1760 tradidi
704 1707 781 1759 eis
812 1706 861 1758 in
894 1708 1292 1774 eleemosynam
1326 1724 1500 1760 meam
1528 1717 1582 1761 et
1614 1725 1811 1777 paren-

205 1810 333 1855 tum
366 1814 609 1854 meorum
665 1798 921 1866 quicquid
956 1800 1299 1867 proprietatis
1340 1801 1540 1854 habere
1594 1802 1704 1857 visa
1740 1787 1811 1857 fui

983 412 1410 468 DONATIONES
1453 413 1536 465 AC
1578 410 2035 466 TESTAMENTA
2078 410 2309 477 EPISC.,
2353 414 2524 481 ΑΒΒ.,
2565 416 2713 472 E'fC.

3352 421 3491 477 I290

1838 528 1885 583 Λ
1916 540 2045 579 vero
2073 527 2354 583 abbatissa:
2379 530 2519 583 inter
2557 546 2617 586 se
2672 532 2924 585 habeant.
2981 531 3186 586 Nullam
3241 534 3480 606 viduam,

1916 623 2011 666 aut
2044 616 2207 670 aliam
2231 620 2525 686 quamlibet
2554 631 2886 686 exlraneam,
2921 622 3019 678 nisi
3053 624 3192 677 inter
3226 641 3287 680 se
3318 630 3487 683 nutri-

1916 714 2026 759 tam
2062 709 2343 777 accipiant.
2379 709 2464 773 Et,
2511 711 2553 764 si
2582 713 2716 766 ullus
2762 714 3047 783 episcopus
3076 723 3299 783 propter
3335 731 3486 773 suam

1916 797 2277 852 temeritatem
2310 800 2468 868 hujus
2507 802 2831 857 conditionis
2862 805 3159 859 chartulam
3192 806 3485 878 infringere

1915 890 2169 955 voluerit,
2202 894 2333 947 iram
2376 894 2469 950 Dei
2514 897 2898 965 omnipotentis
2930 908 2983 953 et
3030 910 3338 956 sanctorum
3369 918 3485 956 om-

1916 982 2063 1035 nium
2095 988 2310 1049 sentiat,
2342 995 2395 1039 et
2424 994 2598 1041 tamen
2628 988 2770 1055 quod
2816 989 2926 1042 vult
2957 1006 3293 1061 nequaquam
3324 993 3487 1065 perﬁ-

1917 1072 2042 1139 ciat,
2077 1074 2170 1127 sed
2203 1090 2435 1142 praesens
2479 1078 2721 1132 chartula
2771 1079 2928 1147 hujus
2984 1082 3282 1139 traditionis
3333 1088 3482 1140 omni

1919 1173 2161 1234 tempore
2216 1167 2364 1220 firma
2405 1178 2465 1223 et
2513 1169 2719 1225 stabilis
2783 1182 3094 1241 permaneat
3145 1176 3493 1245 stipulatione

1915 1255 2158 1309 subnixa.
2194 1255 2415 1326 Insuper
2443 1259 2625 1321 etiam,
2670 1262 2712 1315 si
2746 1262 2852 1317 ulla
2888 1262 3043 1317 \‘idua
3099 1266 3181 1319 vel
3218 1277 3480 1323 extranea

1924 1346 2007 1398 his
2032 1348 2529 1402 sanctimonialibus
2556 1352 2765 1405 feminis
2801 1362 2952 1407 extra
2986 1370 3305 1411 consensum
3336 1376 3490 1414 suum

1918 1448 2286 1505 praeponatur,
2322 1441 2372 1493 in
2402 1443 2689 1508 pessimum
2740 1459 2904 1511 genus
2952 1448 3113 1516 lepra":
3144 1450 3383 1519 incidat,
3437 1463 3492 1508 et

1918 1538 2103 1596 postea
2139 1532 2445 1598 turpissima
2468 1543 2639 1587 morte
2670 1534 2919 1589 damnata
2954 1547 3156 1605 pereat,
3191 1550 3244 1594 et
3269 1541 3363 1597 hic
3383 1558 3489 1598 non

1917 1620 2113 1673 habeat
2140 1622 2316 1675 locum
2349 1632 2678 1691 putrescere.
2729 1632 2918 1681 Actum
2965 1630 3014 1682 in
3052 1633 3301 1699 przedicta
3332 1635 3482 1698 urbe,

1916 1722 2176 1779 regnante
2206 1714 2524 1769 Cleodovmo
2544 1732 2667 1785 rege
2688 1721 3051 1783 serenissimo,
3066 1737 3205 1777 anno
3223 1741 3329 1789 xiv,
3345 1741 3487 1782 anno

1922 1805 2209 1860 Dominicae
2262 1806 2649 1863 Incarnationis
2701 1814 3153 1881 setingentesimo
3218 1818 3493 1873 tricesimo

205 1893 302 1945 vel
359 1890 710 1953 htereditatis,
770 1898 878 1942 tam
911 1890 963 1942 in
996 1890 1133 1943 arcis
1186 1898 1243 1943 et
1296 1890 1553 1954 a-diftciis,
1612 1894 1795 1961 pratis,
1835 1886 1879 1945 B
1908 1898 2115 1965 quinto,
2144 1898 2436 1953 indictione
2460 1918 2513 1963 x,
2548 1900 2769 1954 Kalend.
2803 1902 2924 1955 Maii
2959 1904 3268 1974 [Eckardus,
3315 1924 3342 1961 ι
3379 1907 3488 1963 kal.

204 1981 449 2052 pascuis,
480 1981 661 2051 SylVls,
684 1980 859 2043 terris,
896 1982 1047 2047 aquis
1068 1996 1437 2049 aquarumque
1463 1984 1796 2050 decursibus,

205 2073 500 2126 mobilibus
522 2080 576 2126 et
600 2072 980 2134 immobilibus,
1016 2074 1174 2125 cultis
1200 2082 1253 2126 et
1279 2074 1520 2137 incultis,
1559 2084 1613 2127 et
1643 2092 1799 2129 man-

201 2164 390 2232 cipiis,
425 2163 496 2216 ita
530 2171 587 2216 ut
636 2164 871 2217 habeant
926 2170 1089 2231 atque
1145 2165 1458 2231 possideant
1516 2182 1683 2234 usque
1734 2170 1801 2222 ad

202 2257 732 2310 consummationem
792 2253 949 2321 hujus
995 2254 1182 2307 seculi.
1236 2253 1594 2310 Possessores
1669 2272 1799 2313 vero

201 2346 453 2413 ejusdem
484 2344 677 2399 areolae
726 2344 869 2397 urbis
918 2346 1148 2412 prmfatze
1191 2346 1400 2413 vigilias
1447 2364 1555 2401 non
1587 2358 1795 2413 curent,

202 2450 555 2491 nummorum
585 2435 1011 2499 collectionibus,
1037 2437 1201 2491 modo
1229 2439 1506 2506 episcopo,
1541 2441 1701 2494 modo
1744 2442 1796 2495 in

196 2526 544 2596 reparandos
590 2540 773 2579 muros
825 2524 1035 2592 dandis,
1092 2526 1224 2580 nihil
1282 2528 1502 2594 addant,
1560 2532 1798 2601 aliasque

204 2618 449 2672 urbanas
478 2615 901 2671 consuetudines
954 2632 1062 2670 non
1110 2619 1429 2683 observent;
1466 2628 1673 2674 tantum
1705 2625 1797 2677 ab-

205 2709 427 2762 batism
449 2717 506 2761 et
532 2707 962 2775 congregationis
994 2708 1133 2770 usui,
1151 2709 1436 2778 obsequio,
1456 2712 1708 2779 imperio,
1737 2731 1794 2769 se

199 2814 404 2872 parere
452 2806 801 2867 cognoscant.
853 2797 909 2851 Si
957 2800 1075 2866 quis
1123 2799 1336 2854 illorum
1394 2803 1794 2871 homicidium,

204 2896 436 2953 furtum.
472 2893 715 2962 rapinam
744 2900 838 2946 aut
865 2893 1096 2961 aliquam
1128 2894 1287 2947 aliam
1316 2896 1531 2965 culpam
1563 2901 1793 2953 commi-

203 2988 368 3048 serit,
409 2986 495 3041 vel
526 2985 717 3053 aliquis
746 2985 815 3039 de
844 2987 1115 3040 extraneis
1158 2988 1506 3055 malefactor,
1547 2993 1636 3059 qui
1672 2994 1796 3046 talia

205 3080 422 3143 fecerit,
476 3093 657 3132 aream
704 3078 758 3130 in
812 3077 960 3131 illam
986 3078 1193 3145 fugiens
1244 3095 1303 3134 se
1350 3084 1639 3148 receperit,
1692 3101 1798 3139 non

206 3172 457 3242 iudicum
485 3178 575 3225 aut
605 3170 905 3240 principum
929 3171 1298 3236 urbanorum,
1335 3188 1521 3227 verum
1554 3176 1797 3244 ejusdem

204 3265 317 3319 toci
347 3270 617 3319 rectorum
642 3260 843 3329 judicio
865 3262 1166 3317 censendus
1196 3265 1433 3320 aSsistat.
1481 3266 1802 3323 Mundibur-

202 3355 357 3409 diam
387 3361 443 3409 et
472 3352 839 3407 defensionem
869 3355 937 3407 ab
966 3354 1371 3425 archiepiscopo
1419 3356 1803 3425 Moguntinen-

204 3447 291 3502 sis
339 3445 597 3500 Ecclesia:
643 3444 883 3499 habeant
933 3445 987 3498 in
1050 3455 1404 3517 perpetuum;
1480 3450 1803 3507 electionem

282 3614 308 3640 ⁸
338 3599 514 3674 Edidit
538 3599 834 3674 Serrarius,
870 3600 1068 3655 Rerum
1096 3601 1532 3674 Moguntinarum
1586 3606 1677 3659 lib.
1734 3624 1796 3674 ll,

205 3670 600 3746 pag._£84,_ex
632 3671 814 3746 tabida
840 3686 960 3746 qua:
988 3672 1188 3746 pepdet
1217 3674 1282 3726 ad
1309 3689 1457 3746 aram
1488 3675 1544 3730 S.
1578 3670 1799 3731 Bilehill

205 3740 313 3799 Elis.
346 3740 689 3815 Becuderunt
716 3740 1014 3815 Eckardus,
1049 3742 1242 3815 Eranc.
1273 3745 1470 3815 orient.
1522 3754 1559 3799 t.
1598 3749 1635 3809 Ι,
1669 3763 1793 3815 pag.

198 3815 337 3875 ait,
369 3812 712 3872 etCointius,
746 3810 940 3863 Annal.
976 3821 1015 3864 t.
1048 3812 1134 3874 IV,
1164 3827 1281 3881 pag.
1316 3814 1566 3871 827.Has
1589 3810 1796 3872 litteras

207 3882 657 3941 mendosissimas
678 3896 739 3933 ac
762 3882 882 3933 lidei
912 3892 1165 3949 expertes
1195 3888 1510 3949 pronuntiat
1551 3886 1797 3941 Mabillo-

204 3957 352 4019 nius,
380 3952 575 4006 Annal.
602 3960 640 4003 ι.
666 3950 730 4007 Il.
764 3964 883 4017 pag.
916 3950 1005 4005 97.
1043 3953 1116 4004 De
1145 3954 1401 4009 ltileltilde
1431 3956 1589 4008 vidua
1614 3966 1667 4009 ct
1698 3961 1796 4010 ab-

206 4026 413 4080 batissa
437 4021 589 4090 plura
620 4022 917 4075 recitantur
945 4022 996 4075 in
1028 4022 1295 4077 breviario
1343 4022 1679 4090 Moguntino,
1740 4036 1795 4079 et

208 4097 413 4149 inserta
443 4089 570 4146 sunt
600 4092 651 4143 in
670 4089 790 4157 ejus
816 4091 929 4144 Vita
962 4106 991 4143 a
1029 4093 1275 4146 Serrario
1324 4103 1380 4147 et
1424 4089 1582 4148 Surio
1628 4096 1792 4160 edita,

206 4168 349 4219 Acta
377 4162 472 4215 SS.
504 4160 572 4213 ad
616 4160 844 4231 diem?!
879 4161 1165 4225 Novenib.,
1199 4165 1292 4217 sed
1320 4179 1441 4231 qua:
1487 4166 1795 4219 Mabillonio

209 4237 465 4288 videntur
515 4246 621 4303 non
672 4230 861 4303 majori
896 4232 925 4281 li
948 4235 995 4284 le
1025 4232 1203 4303 digna,
1236 4230 1395 4300 quam
1420 4234 1612 4288 litterm
1668 4237 1795 4303 ipsa:

208 4320 347 4372 quas
373 4300 744 4372 expendimus.
780 4301 991 4355 Sancte
1038 4302 1316 4357 Bdehildis
1346 4300 1794 4359 commemoratio

209 4370 269 4428 ﬁt
302 4376 695 4443 inpervetusto
725 4370 875 4443 libro
905 4374 1306 4443 sacramentali,
1354 4376 1455 4427 sth
1489 4375 1575 4443 die
1606 4376 1795 4443 quinta

212 4444 325 4499 kal.
356 4442 685 4504 Decembris,
718 4450 773 4492 ut
796 4440 975 4495 videre
1004 4450 1087 4494 est
1117 4443 1167 4494 in
1194 4442 1327 4496 Nov.
1362 4440 1715 4498 Gall.Chvist.
1750 4454 1787 4498 t.

212 4514 280 4575 V,
310 4529 426 4581 pag.
477 4510 611 4573 589;
669 4512 975 4581 coenobium
1024 4514 1170 4579 quod
1219 4513 1523 4569 condidisse
1570 4516 1785 4578 dicitur,

1910 1987 2076 2059 Maii],
2113 1988 2242 2043 feria
2280 2006 2328 2054 v,
2376 2006 2559 2045 coram
2617 1994 2840 2046 testibus
2886 1994 3213 2050 subnotatis.
3258 1997 3487 2065 Signum

1911 2076 2186 2132 Bilehilda:
2238 2094 2356 2146 quae
2406 2080 2544 2134 hanc
2586 2084 2932 2137 traditionem
2992 2086 3237 2149 perfecit.
3270 2087 3491 2156 Signum

1908 2169 2125 2223 Geroldi
2152 2172 2410 2239 episcopi.
2437 2171 2657 2239 Signum
2686 2173 2981 2228 Ruodberti
3016 2176 3249 2231 diaconi.
3271 2177 3493 2247 Signum

1909 2260 2193 2315 Recholfli.
2221 2260 2441 2329 Signum
2473 2263 2771 2317 Adelbelmi
2816 2266 3049 2319 comitis.
3108 2268 3327 2334 Signum
3358 2270 3486 2324 Gri-

1909 2353 2095 2408 molfft.
2152 2355 2375 2425 Signum
2428 2357 2756 2424 Haganonis.
2800 2358 3019 2425 Signum
3071 2360 3365 2416 llildimini.
3397 2362 3488 2417 Si-

1902 2462 2071 2517 gnum
2102 2447 2366 2502 Mimiliilt.
2398 2449 2617 2515 Signum
2653 2448 2945 2517 Reginhilt.
2979 2450 3199 2519 Signum
3230 2452 3485 2511 Hobolfll.

1903 2542 2126 2609 Signum
2159 2540 2429 2595 Gumollli.
2458 2540 2574 2607 Ego
2619 2542 2801 2610 itajue
2843 2543 3168 2607 Asmondus,
3197 2544 3351 2614 jussu
3385 2546 3483 2603 do-

1904 2636 2033 2688 mini
2086 2635 2192 2688 mei
2247 2633 2501 2701 Sigiberti
2557 2634 2966 2703 archiepicopi,
3034 2636 3247 2706 scripsi,
3306 2640 3489 2695 notavi

1904 2726 2045 2780 diem
2080 2736 2399 2795 tempusque
2429 2735 2488 2779 ut
2516 2742 2698 2794 supra.

2456 2878 2659 2931 LXVIII
2691 2909 2715 2917 -
2746 2878 2929 2934 LXIX.

1908 2986 2287 3040 Testamentum
2342 2987 2588 3051 Abbonis,
2630 3005 2731 3057 quo
2773 2989 3121 3045 Navaliciensi
3152 2993 3336 3048 Sancti
3393 2996 3489 3052 Pc-

1976 3059 2412 3198 tryig)monasterio
2469 3061 2793 3127 amplissima
2840 3062 2977 3114 dona
3026 3066 3224 3133 confert
3266 3066 3290 3104 ι)
3335 3067 3486 3136 (ann.

1985 3148 2042 3179 to)
2110 3167 2122 3180 .

1985 3148 2122 3180 IOUI.

1983 3262 2037 3316 In
2069 3264 2285 3318 nomine
2324 3262 2515 3328 Patris,
2548 3273 2600 3317 et
2631 3265 2768 3329 Filii,
2801 3273 2853 3320 et
2881 3266 3346 3336 SpiritusoSancti.
3370 3273 3480 3330 Suo

1906 3354 1995 3410 die
2025 3356 2184 3411 tertio
2208 3371 2375 3411 nonas
2403 3356 2590 3423 Maias,
2621 3373 2763 3412 anno
2786 3360 3043 3427 vigesimo
3080 3364 3253 3431 primo
3296 3367 3491 3433 guber-

1906 3457 2067 3501 nante
2092 3446 2467 3503 inlustrissimo
2489 3456 2677 3504 nostro
2688 3447 2887 3505 Karolo
2904 3466 3066 3521 regna
3089 3451 3415 3511 Francorum
3442 3470 3487 3526 ο,

1908 3610 2090 3669 pante,
2119 3604 2209 3671 qui
2232 3602 2496 3668 Sigiberto
2526 3609 2883 3665 successerat,
2936 3610 2991 3657 et
3019 3604 3219 3658 chartae
3245 3606 3484 3662 subscri-

1905 3671 2017 3726 bit:
2064 3675 2203 3726 unde
2241 3674 2483 3739 sequitur
2533 3672 2888 3731 Asmundum.
2941 3674 3006 3726 ad
3054 3674 3257 3728 calcem
3283 3676 3489 3731 instru-

1902 3744 2092 3813 menti,
2116 3742 2365 3813 debuisse
2395 3744 2575 3797 testari
2599 3758 2679 3803 se,
2710 3757 2817 3795 non
2848 3742 3095 3811 Sigiberti
3110 3744 3285 3813 jussu,
3310 3754 3369 3799 nt
3387 3748 3483 3813 ait,

1903 3812 2161 3885 sedju‘sit
2194 3812 2683 3885 Ceroldi,chartam
2714 3812 2986 3868 Bilehildis
3008 3812 3308 3881 scripsisse.
3344 3812 3485 3885 Ergo

1904 3882 2140 3951 undique
2180 3892 2393 3937 scatent
2419 3885 2471 3935 in
2504 3886 2623 3954 hoc
2660 3884 3023 3954 instrumento
3051 3884 3202 3945 vitia,
3256 3882 3482 3954 propter

1901 3965 2019 4019 qua:
2072 3954 2242 4020 ipsum
2291 3954 2486 4021 spuriis
2540 3952 2950 4020 adjudiiandum
3000 3952 3300 4009 censemus.
3347 3952 3483 4009 Cum

1904 4030 2080 4076 autem
2111 4024 2157 4074 ei
2186 4024 2334 4077 locus
2363 4024 2433 4076 sit
2463 4022 2835 4087 assigttandus,
2870 4022 3003 4078 illud
3050 4024 3149 4080 sub
3180 4040 3325 4080 anno
3357 4025 3480 4092 755,

1903 4105 2020 4144 cum
2052 4092 2283 4156 Cointio,
2315 4093 2582 4146 collocare
2614 4092 2692 4147 fas
2720 4094 2806 4147 sit.

1974 4161 1999 4199 δ
2042 4161 2138 4214 Diu
2172 4163 2431 4216 ineditum
2464 4164 2667 4231 primus
2710 4163 2949 4229 vulgavit
2982 4162 3245 4227 Cointius,
3282 4167 3482 4221 Annal.

1902 4238 1940 4284 t.
1970 4231 2056 4292 Vl,
2088 4248 2206 4300 pag.
2242 4230 2363 4295 422,
2395 4230 2679 4286 εῑεοάἰοθ
2706 4243 2835 4286 ante
2888 4249 3059 4289 annos
3087 4236 3304 4290 circiter
3360 4252 3488 4292 sex-

1900 4312 2105 4374 centos,
2140 4312 2196 4355 ut
2224 4304 2318 4367 ait,
2342 4311 2586 4374 exarato,
2617 4303 2711 4357 sed
2745 4304 2941 4357 veteris
2967 4308 3247 4374 scriptum
3276 4307 3486 4362 mendis

1899 4372 2142 4443 sublatis.
2171 4375 2361 4426 lterum
2386 4372 2573 4434 edidit,
2601 4382 2812 4443 servata
2841 4374 2965 4443 styli
2988 4372 3257 4437 barbarie,
3284 4377 3483 4429 Mabil—

1900 4440 2105 4515 Ionius,
2124 4444 2191 4496 de
2214 4443 2709 4515 Beidiplomypag.
2760 4440 3171 4515 507,'insertum
3204 4446 3256 4499 in
3306 4447 3482 4515 diplo-

1899 4521 2041 4565 mate
2068 4512 2245 4566 Caroli
2282 4512 2606 4580 Magni,quo
2647 4522 3024 4567 testamentum
3068 4514 3306 4569 Abbonis
3351 4512 3485 4570 con-

211 4566 405 4655 ipsum”
423 4566 629 4655 videtur
651 4566 1224 4655 Altomonaste'rium,
1239 4598 1331 4636 seu
1356 4566 1587 4639 vetus-78.7
1608 4566 1791 4638 hilaria:
1820 4566 1873 4627 Ῑ)
1900 4579 2298 4655 lirmatumfuit
2316 4566 2683 4655 circa'a'nnnm
2714 4582 2837 4635 805.
2857 4566 3479 4655 ΔΜιὼίιιοῖᾖόλῖέάἱὶίιῆι

210 4652 625 4716 monasterium,
661 4654 711 4704 in
750 4652 1040 4717 Moguntia.
1072 4652 1323 4721 Spurium
1370 4654 1789 4708 instrumentum

209 4724 351 4797 prod
376 4732 454 4797 :n_t_
482 4722 1042 4797 niutal._c_lt_ronologic;n
1068 4722 1166 4775 hac
1189 4730 1347 4797 aetate
1366 4724 1790 4797 insolitmrAdde

204 4790 358 4851 anno
400 4794 596 4847 Christi
627 4790 731 4844 655
761 4792 987 4844 necdum
1021 4802 1203 4844 natam
1254 4793 1418 4849 fuisse
1453 4796 1787 4859 Bilehiidem,

202 4882 333 4936 qum
364 4866 504 4916 circa
536 4860 1227 4936 annum_7I‘Z‘Moguntiatn
1256 4878 1315 4916 se
1345 4865 1550 4932 recepit
1603 4868 1791 4919 orbata

201 4932 333 4991 viro
362 4942 417 4987 et
444 4934 679 5000 gravida.
716 4932 997 4999 Moguntina
1040 4934 1381 5000 praesulatum
1424 4944 1555 4989 tunc
1582 4936 1793 4989 obtine-

203 5008 309 5061 bat
334 5004 656 5071 Sigibertus,
679 5003 979 5055 avunculus
1000 5004 1132 5073 ejus,
1158 5004 1249 5069 qui
1283 5004 1369 5057 hic
1395 5019 1678 5073 perperam
1702 5021 1793 5058 ar-

204 5074 588 5142 chiepiscopus
617 5072 847 5134 dicitur;
882 5072 1115 5124 nondum
1138 5073 1282 5125 enim
1335 5072 1437 5127 hoc
1468 5076 1620 5129 titulo
1664 5090 1793 5142 gau-

204 5146 417 5201 debant
443 5143 698 5211 praesules
730 5142 1193 5205 Mogunciatenses
1223 5161 1235 5197 :
1269 5152 1325 5195 et
1360 5146 1461 5197 hoc
1492 5160 1686 5197 novum
1713 5156 1794 5198 est

207 5215 467 5269 falsitatis
495 5212 769 5265 indicium.
797 5211 1061 5283 Printerea
1090 5226 1235 5265 anno
1266 5211 1371 5266 655
1408 5228 1505 5267 nec
1534 5216 1795 5283 regnabat

207 5284 590 5340 Clilodoveus,
624 5297 723 5335 nec
756 5282 980 5335 indictio
1008 5283 1264 5334 currebat
1294 5283 1499 5338 decima
1521 5325 1535 5347 ,
1570 5300 1669 5338 nec
1699 5301 1795 5337 ca-

207 5354 390 5410 lendzn
418 5355 563 5406 Maia:
585 5352 637 5405 in
670 5352 855 5405 feriam
882 5353 1121 5420 quintam
1153 5352 1483 5406 incidebant.
1522 5355 1795 5407 Bilebildis

207 5434 343 5479 nata
391 5422 488 5476 fuit
537 5431 794 5489 regnante
825 5421 1135 5474 Chlodovco
1165 5420 1227 5473 III
1255 5460 1267 5482 ,
1303 5423 1347 5475 si
1399 5426 1633 5490 antiquis
1676 5425 1794 5491 ejus

206 5496 349 5550 Vitae
369 5494 718 5560 scriptoribus
741 5491 1042 5552 credimus;
1068 5506 1165 5545 nec
1189 5491 1331 5544 nllus
1354 5508 1421 5546 ex
1454 5496 1611 5562 hujus
1642 5497 1794 5548 Chlo-

206 5566 369 5621 dovei
399 5564 798 5618 successoribus
820 5576 1015 5614 annum
1046 5563 1195 5625 regni
1224 5576 1309 5615 inv
1331 5564 1526 5628 attigit,
1550 5564 1595 5618 si
1619 5566 1793 5618 Theo-

208 5637 458 5691 doricum
486 5633 549 5687 IV
582 5634 846 5701 excipias;
880 5631 1036 5698 hujus
1061 5640 1243 5685 autem
1281 5634 1599 5697 'I‘heodorici
1624 5649 1794 5688 annus

208 5708 363 5773 regni
415 5720 504 5759 xw
548 5702 843 5773 concordat
886 5716 1009 5756 cum
1058 5717 1199 5755 anno
1251 5701 1447 5757 Christi
1478 5704 1598 5756 754.
1662 5705 1794 5759 Hinc

210 5772 459 5831 Cdintius
497 5777 739 5829 chartam
772 5772 838 5826 de
888 5786 992 5838 qua
1044 5773 1252 5839 agimus
1283 5775 1349 5825 ad
1406 5776 1548 5829 bunc
1594 5790 1793 5829 annum

212 5847 401 5915 refert,
444 5843 680 5903 Geroldo
715 5842 1001 5910 Moguntina
1029 5844 1209 5895 sedem
1242 5844 1600 5914 episcopalem
1626 5860 1790 5902 occu-

550 5940 819 5999 PA'rnOL.
865 5936 1266 5995 LXXXVIII.

1895 4650 2069 4705 fuerat
2102 4652 2257 4720 hujus
2287 4653 2628 4705 instrumenti
2659 4651 2963 4719 exemplum
2995 4655 3063 4707 ab
3110 4654 3479 4717 Herouvallio,

1892 4723 1987 4789 qui
2038 4722 2167 4776 illud
2215 4721 2430 4789 propria
2480 4737 2642 4776 manu
2691 4724 3050 4791 descripserat
3095 4738 3162 4778 ex
3212 4726 3485 4779 chartario

1892 4793 2391 4861 Gratianopolitano
2418 4791 2582 4862 [nunc
2612 4793 2664 4846 in
2697 4790 2830 4845 Bibl.
2863 4790 3030 4860 regia,
3058 4794 3115 4848 ιθ,
3141 4794 3301 4860 Sang.
3330 4793 3479 4847 Harl.

1895 4862 2021 4932 487]
2054 4872 2177 4916 ante
2204 4863 2617 4932 annosrcir‘citer
2645 4864 2971 4929 quingentos
2999 4864 3223 4929 scripto.
3246 4863 3482 4931 Hujusce

1896 4930 2203 4988 testamenti
2237 4931 2439 4984 mentio
2470 4930 2526 4983 Iit
2556 4932 2608 4983 in
2632 4932 2891 5001 chronico
2921 4932 3300 4995 Novaliciensi,
3328 4930 3483 5001 cujus

1895 5003 2251 5070 fragmentum
2274 5001 2473 5055 videsis
2506 5002 2644 5069 apud
2680 5000 2991 5067 Cbesnium,
3030 5003 3226 5063 Rerum
3286 5000 3479 5057 Franr.

1895 5078 2079 5141 script.
2106 5079 2144 5123 t.
2178 5072 2248 5135 ll;
2280 5071 2371 5126 sed
2390 5071 2993 5141 fallitur_Novaliciensis
3017 5074 3481 5141 chronographus,

1897 5139 2018 5196 cuni
2044 5144 2342 5205 Abbonem,
2374 5156 2533 5210 quem
2582 5139 2871 5195 Patricium
2902 5144 3160 5211 appellat,
3190 5139 3484 5196 test-tmen-

1900 5221 2009 5265 tum
2042 5212 2348 5265 condidisse
2377 5212 2671 5264 arbitratur
2703 5221 2945 5279 tempore
2976 5212 3340 5278 v'fheodorici,
3374 5214 3481 5265 lio-

1898 5284 2112 5335 thorum
2141 5282 2305 5348 regis,
2338 5283 2429 5347 qui
2453 5289 2606 5335 sexto
2636 5282 2835 5335 saeculo
2865 5284 3128 5350 regnavit.
3162 5283 3482 5336 Testamen-

1898 5361 2008 5405 tum
2040 5353 2277 5405 condidit
2306 5352 2457 5421 Abbo
2486 5367 2623 5404 anno
2652 5350 2749 5419 ,τίτί
2778 5352 3089 5421 gubernante
3130 5353 3484 5406 illustrissimo

1902 5422 2097 5475 Κανοιο
2142 5438 2303 5491 regna
2343 5420 2709 5492 Francorum,
2746 5420 3027 5475 indictione
3072 5422 3171 5492 vij,
3200 5430 3257 5475 ut
3282 5422 3335 5475 in
3366 5422 3483 5490 ipso

1899 5490 2257 5545 instrumento
2289 5491 2500 5557 legitur.
2534 5490 2881 5561 [Chartularii
2914 5490 3481 5557 textum’admisimol-

1898 5562 2064 5615 latum
2112 5563 2257 5615 curis
2308 5561 2507 5627 egregii
2559 5561 2656 5613 viri
2708 5561 2945 5627 Claudii;
3006 5562 3268 5630 quasdam
3301 5572 3481 5615 tamen

1902 5630 2191 5703 Mabillonii
2223 5631 2483 5703 lectiones
2500 5630 2762 5703 indicabo
2792 5632 2934 5703 inter
2963 5630 3180 5703 uncos.]

1974 5716 1994 5741 ε
2037 5702 2160 5754 Ilaec
2190 5701 2469 5755 manifeste
2497 5700 2838 5767 intelligenda
2869 5710 3025 5768 sunt,
3054 5700 3258 5758 non—de
3286 5700 3486 5755 Karolo

1899 5786 2027 5841 rege
2055 5778 2149 5825 aut
2176 5772 2521 5840 imperatore,
2550 5772 2644 5841 sed
2674 5773 2741 5825 de
2770 5771 2967 5826 Karolo
2996 5788 3155 5841 quem
3186 5772 3484 5828 Marte-llum

1900 5840 2118 5906 vocant,
2150 5843 2261 5910 qui,
2287 5842 2557 5897 exstincto
2602 5840 2943 5898 Tlieodorico
2972 5840 3098 5912 rege
3145 5842 3211 5898 IV
3231 5884 3246 5911 ,
3277 5844 3384 5899 imo
3432 5851 3487 5895 ct

3088 5934 3161 5993 Μ
