4206 6612
812 429 941 486 ηθι

1556 424 1818 479 δῶρα.
1868 421 1950 475 VII
1993 421 2075 474 ET
2120 419 2226 472 VIII
2270 417 2797 472 I'I(.ZC|.E$|:\STIC.\
2841 413 3285 468 NIUNUIIEN'I'A.

3929 409 4059 465 I292

812 543 1103 602 indictione
1130 542 1220 610 vij,
1251 540 1474 595 feliciter
1507 548 1552 592 ³.
1584 537 1698 607 Ego
1725 538 1776 592 in
1809 537 1901 590 Dei
1948 535 2162 590 nomine
2190 533 2342 586 Abbo
2365 572 2380 594 ,
2413 535 2458 590 Λ
2488 528 2570 581 vel
2595 535 2948 595 conquestum
2971 526 3021 580 in
3051 526 3162 594 ipsa
3186 525 3304 578 loca
3327 524 3526 577 habere
3571 521 3838 586 videmur,
3875 529 3929 576 te
3967 521 4059 576 he-

813 635 952 690 lllius
981 633 1142 690 Felici
1165 639 1218 686 et
1246 630 1476 684 Rustica:
1503 629 1720 683 nomine
1747 625 2036 697 quondam,
2055 638 2185 678 sana
2208 630 2388 677 mente

817 736 980 800 atque
1009 725 1234 781 consilio
1293 724 1537 791 cogitans
1588 735 1744 776 casus
1791 717 2009 774 humani
2063 714 2382 785 fragilitatis,

813 826 1192 875 testamentum
1216 813 1570 880 condidi,quo
1591 809 1882 864 venerabili
1909 807 2171 878 llytberto
2192 805 2387 858 clerico

809 905 1092 962 scribendo
1122 903 1326 974 rogavi,
1357 900 1500 971 quod
1538 907 1916 954 testamentum
1950 910 2130 950 meum
2181 895 2223 948 si
2280 909 2387 961 quo

806 1011 1016 1059 casum,
1046 1002 1101 1048 et
1123 993 1242 1061 jure
1271 989 1543 1061 praetorio,
1567 989 1651 1042 vel
1677 987 1837 1056 quale
1865 985 2019 1054 cujus
2065 985 2183 1052 lege
2236 983 2387 1036 adin-

809 1085 1082 1142 ventionis
1118 1099 1236 1154 qua:
1255 1080 1528 1151 quomodo
1573 1077 1753 1132 valere
1789 1076 2113 1144 nequiverit,
2146 1089 2211 1128 ac
2238 1073 2282 1126 si
2321 1074 2387 1126 ab

807 1181 1080 1241 intestato,
1105 1175 1169 1229 ad
1195 1175 1366 1229 vicem
1392 1169 1772 1226 codicellorum
1803 1183 1924 1222 eum
1957 1166 2138 1220 valere
2169 1164 2290 1218 volo
2320 1177 2384 1216 ac

790 1268 1002 1340 'juheo;
1058 1282 1213 1335 quos,
1242 1278 1376 1334 quas
1404 1261 1670 1316 liberosve
1711 1259 1834 1330 [5].,
1867 1258 2068 1312 liberos
2098 1252 2382 1324 liberasve]

805 1376 929 1420 esse
957 1361 1266 1421 decrevere,
1293 1355 1442 1410 liberi
1470 1353 1714 1407 libeneve
1741 1351 1847 1403 sint
1886 1349 2097 1410 omnis;
2141 1358 2196 1401 et
2237 1362 2384 1415 (μιξε-

784 1467 912 1523 ηυθ
941 1465 1037 1520 per
1076 1450 1179 1503 hoc
1217 1451 1596 1500 testamentum
1627 1456 1801 1495 meum
1844 1439 2074 1498 dedero,
2103 1439 2381 1505 legavcro,

806 1543 939 1595 dare
963 1541 1195 1608 iussero,
1217 1537 1264 1589 id
1294 1547 1352 1588 ut
1380 1534 1487 1592 ﬁat.
1506 1531 2000 1602 delun-praestetur,
2027 1529 2147 1582 lidei
2177 1527 2387 1581 heredis

807 1631 912 1686 mei
961 1629 1260 1684 committo.
1305 1624 1420 1694 Ego
1465 1625 1518 1678 in
1568 1623 1662 1676 Dei
1693 1622 1905 1676 nomine
1929 1621 2248 1686 Abbo,cum
2303 1633 2387 1671 mc

805 1719 1135 1789 dispensatio
1171 1717 1348 1772 divina
1395 1715 1464 1770 de
1508 1714 1608 1767 hac
1639 1713 1756 1766 luce
1787 1712 2013 1776 migrare
2053 1709 2384 1778 preceperit,

805 1812 1044 1866 dibitove
1089 1817 1280 1863 nature
1326 1805 1690 1875 complevere,
1725 1814 1848 1856 tunc
1900 1811 1991 1864 tu,
2041 1808 2386 1854 sacrosancta

2488 617 2670 672 redem
2698 631 2874 671 meam
2897 616 3096 670 habere
3118 615 3238 668 volo
3260 629 3323 668 ac
3345 614 3510 682 jubeo
3537 631 3548 664 :
3569 621 3622 668 et
3642 609 3898 680 quicquid
3925 611 4060 665 circa

2487 707 2704 760 civitate
2745 706 2963 773 Segusia
2983 744 3000 771 ,
3030 704 3114 758 vel
3144 705 3196 758 in
3227 704 3339 773 ipsa
3371 703 3508 758 valle
3550 703 3751 757 habere
3800 700 4059 764 videmur,

2487 800 2589 854 hoc
2617 808 2720 865 est,
2743 800 2795 853 in
2821 799 3058 865 Orbano,
3088 798 3401 863 Cicimiano,
3433 797 3696 862 Voroxio,
3720 796 4060 852 Raudenovi-

2489 893 2630 946 liano
2661 900 2740 957 tu,
2764 891 2926 945 heres
2953 905 3093 955 mea,
3119 889 3319 944 habere
3344 889 3466 963 volo
3487 903 3551 944 ac
3569 888 3755 958 jubeo.

2559 982 2623 1036 Et
2664 983 2716 1036 in
2761 982 3009 1037 Valaucis
3061 982 3309 1051 portione
3359 995 3520 1051 quem
3569 995 3600 1034 a
3640 979 3837 1034 liberto
3885 987 4063 1033 nostro

2488 1073 2801 1127 Theudaldo
2817 1073 3210 1140 dedimus,volo
3237 1080 3298 1126 ut
3322 1071 3536 1134 habeat,
3555 1079 3611 1125 et
3629 1071 3742 1140 ipse
3763 1080 3816 1123 et
3841 1068 4064 1123 infantes

2487 1168 2570 1220 sui
2587 1167 2651 1220 ad
2674 1167 2930 1220 heredem
2952 1180 3124 1220 meam
3151 1165 3392 1234 aspicere
3411 1163 3644 1218 debeant
3661 1161 3785 1216 volo
3807 1176 3873 1214 ac
3884 1162 4060 1227 jubeo.

2487 1256 2745 1312 Similiter
2769 1255 3031 1311 Cammite
3058 1255 3334 1326 superiore
3363 1266 3416 1310 et
3441 1253 3704 1310 Cammite
3740 1253 4064 1318 subteriore,

2490 1347 2766 1412 Brosiolis,
2789 1363 2892 1401 una
2922 1363 3042 1402 cum
3068 1346 3309 1414 ingenuis
3339 1346 3655 1416 Rogationis
3681 1345 4065 1412 Tannoborgo-

2489 1442 2589 1504 nis,
2620 1456 2722 1492 una
2746 1455 2865 1494 cum
2897 1439 3194 1493 ministrale
3221 1447 3406 1493 nostro
3439 1435 3682 1492 Iohanne
3730 1445 3786 1490 et
3841 1435 4069 1490 infantes

2486 1545 2633 1595 suos,
2659 1530 2933 1585 Libertato
2976 1543 3097 1585 cum
3127 1528 3356 1584 infantes
3383 1544 3531 1596 suos,
3560 1528 3812 1591 Crivotis,
3835 1524 4067 1590 Orbana,

2488 1619 2794 1684 Bieorasco,
2808 1634 2910 1673 una
2924 1633 3043 1673 cum
3060 1627 3283 1688 nepotes
3298 1617 3553 1680 Vualane,
3570 1617 3674 1672 hoc
3692 1625 3795 1680 est,
3816 1614 4068 1670 llarioldo

2489 1723 2543 1766 et
2571 1728 2823 1781 germana
2863 1727 2958 1766 sua
2985 1726 3147 1780 quem
3191 1709 3471 1766 Dunimius
3492 1709 3674 1776 habet,
3697 1707 3990 1774 Galisiaca,
4019 1715 4068 1760 et

2489 1805 2637 1872 alpes
2668 1803 2722 1857 in
2748 1803 2973 1868 Cinisio,
3001 1818 3160 1870 quem
3190 1802 3257 1858 de
3284 1802 3512 1857 ecclesia
3540 1799 3741 1854 Sancto
3793 1797 3958 1853 Petro
4006 1798 4068 1852 de

805 1900 1036 1956 ecclesia
1063 1899 1116 1953 in
1143 1897 1350 1952 honore
1373 1896 1514 1949 beati
1546 1893 1688 1948 Petri
1717 1892 1968 1961 apostoli,
2003 1905 2096 1944 seu
2137 1897 2191 1943 et
2234 1897 2381 1942 cete-
2417 1901 2460 1960 Β
2494 1891 2607 1961 ipsa
2664 1900 2973 1947 constructa
3029 1891 3386 1961 Lugdunense
3439 1889 3931 1946 commutavimus:
3974 1887 4066 1941 ista

805 2007 989 2048 rorum
1018 1998 1329 2046 sanctorum
1359 1987 1644 2042 Novaliciis
1669 1983 1977 2038 monasterii
2009 1982 2058 2035 in
2115 1981 2250 2035 valle
2296 1980 2383 2035 δίη

794 2084 1014 2152 ηευείηιι,
1045 2096 1204 2150 quem
1234 2096 1300 2134 ex
1332 2093 1558 2147 operere
1604 2085 1793 2132 nostro
1824 2076 1872 2129 in
1898 2090 2013 2128 rem
2044 2073 2387 2143 pr0prietatis

811 2185 1008 2229 nostra:
1036 2172 1452 2228 construximus,
1478 2169 1564 2221 ubi
1610 2182 1796 2221 norma
1847 2166 2235 2219 monachorum
2288 2164 2386 2216 sub

811 2267 1086 2333 religionis
1113 2264 1300 2317 ordine
1321 2261 1561 2329 Spiritale
1588 2268 1641 2313 et
1670 2259 1852 2325 regula
1893 2258 2062 2311 sancti
2112 2255 2388 2310 Benedicti

809 2357 1178 2416 custodiendis
1235 2358 1324 2411 lio:
1353 2372 1457 2409 uno
1509 2354 1814 2422 adjuvante,
1847 2349 2276 2414 conlocavimus,
2301 2349 2389 2402 ubi

805 2467 1062 2522 apresens
1085 2451 1167 2503 vir
1198 2449 1349 2503 Abbo
1372 2460 1602 2517 praeesse
1629 2445 1864 2506 videtur,
1895 2441 2054 2495 heres
2083 2441 2213 2494 mihi
2244 2454 2303 2493 es
2335 2446 2391 2492 tu

804 2539 932 2615 [1,
960 2539 1119 2610 esto],
1150 2537 1400 2594 heredem
1431 2549 1604 2589 meam
1651 2544 1706 2587 te
1751 2546 1871 2586 esse
1915 2530 2064 2592 volo.
2096 2544 2160 2586 ac
2201 2528 2388 2597 jubeo,

804 2632 1006 2696 ueteri,
1036 2639 1245 2686 cetera:
1297 2625 1582 2682 exheredis
1625 2624 1734 2678 sint
1764 2629 1896 2676 tote.
1926 2621 2003 2674 Te
2023 2634 2176 2685 vero,
2203 2626 2389 2673 sancta

804 2722 1043 2776 :ecclesia
1069 2719 1212 2774 beati
1238 2717 1382 2772 Petri
1413 2714 1646 2784 apostoli
1672 2711 2025 2782 suprascripti
2072 2707 2390 2764 monasterii

807 2813 861 2866 in
893 2811 1032 2865 valle
1059 2809 1330 2878 Sigusina,
1365 2815 1473 2860 lam
1521 2804 1655 2859 inl'ra
1710 2817 1896 2857 muros
1945 2801 2114 2872 ipsius
2159 2799 2390 2854 civitatis

808 2917 971 2970 quam
1021 2910 1072 2954 et
1105 2900 1156 2953 in
1203 2899 1318 2968 ipso
1348 2913 1507 2968 pago,
1535 2912 1602 2952 ex
1630 2897 1787 2952 alode
1813 2903 2098 2965 parentum
2146 2908 2388 2948 meorum

807 2991 892 3046 vel
921 2991 1293 3058 undecumque
1319 2989 1477 3043 michi
1521 2987 1814 3057 justissime
1862 2986 2060 3041 ibidem
2084 3000 2154 3040 ex
2184 2984 2389 3053 legibus

809 3083 1055 3146 obvenit,
1085 3083 1186 3136 hoc
1216 3092 1318 3144 est,
1348 3081 1600 3150 quicquid
1633 3081 1684 3135 in
1734 3081 1848 3149 ipsa
1889 3079 2031 3132 valle
2077 3077 2385 3141 Novaliciis,

805 3174 966 3229 etiam
989 3182 1044 3228 et
1069 3173 1120 3226 in
1147 3173 1332 3234 Barro,
1352 3188 1446 3227 seu
1468 3181 1524 3226 et
1552 3173 1602 3225 in
1630 3172 1911 3233 Albanato,
1932 3179 1986 3224 et
2012 3171 2150 3224 ultra
2177 3169 2386 3224 Cinisca

808 3263 998 3317 subtus
1026 3262 1312 3327 Cravasca,
1341 3269 1396 3315 et
1433 3261 1486 3315 in
1520 3259 1705 3322 Faido,
1734 3261 1818 3315 vel
1864 3271 2046 3315 cetera
2088 3259 2225 3327 loca,
2247 3258 2390 3327 quod

802 3362 1073 3423 praesente
1096 3361 1345 3420 tempore
1364 3351 1430 3406 ad
1459 3352 1631 3421 ipsum
1663 3351 2045 3406 monasterium
2073 3349 2283 3419 adjacet
2307 3349 2393 3404 vel

811 3443 1055 3514 aspicere
1093 3442 1332 3507 videtur,
1358 3457 1480 3496 cum
1521 3442 1700 3506 silvis,
1733 3442 1902 3510 pratis
1923 3480 1938 3503 ,
1971 3431 2178 3510 alpibus
2199 3483 2213 3505 ,
2243 3440 2393 3508 aquis

807 3548 1140 3605 aquarumve
1167 3533 1499 3595 decursibus,
1532 3533 1785 3600 quicquid
1829 3541 2094 3601 pnnsente
2149 3540 2392 3599 tempore

813 3624 885 3680 ad
905 3627 1075 3694 ipsum
1104 3631 1349 3678 sanctum
1373 3623 1552 3677 locum
1595 3623 1839 3691 aspicere
1885 3623 2130 3687 videtur,
2166 3631 2272 3674 tam
2322 3620 2392 3675 de

811 3716 1031 3788 proprio
1056 3729 1217 3783 quam
1246 3713 1312 3768 de
1333 3715 1638 3783 conquisto,
1670 3729 1766 3768 seu
1796 3721 1851 3767 et
1897 3712 1964 3768 de
2012 3712 2392 3767 commutatio-

809 3807 894 3862 nis
920 3821 1104 3870 causa,
1125 3803 1478 3859 Promaciano
1509 3804 1563 3858 in
1592 3803 1734 3859 valle
1779 3803 2140 3870 Maurigenica
2189 3802 2394 3871 recepi-

810 3912 949 3958 mus,
978 3911 1083 3950 una
1131 3911 1252 3950 cum
1299 3895 1602 3964 mancipiis,
1633 3896 1814 3959 terris,
1840 3896 2032 3962 vineis,
2063 3895 2233 3961 silvis,
2265 3910 2388 3948 cum

815 3987 964 4042 omni
993 3985 1301 4054 integritate
1325 3992 1386 4040 ut
1410 3984 1608 4039 habeas
1635 3985 1758 4039 volo
1807 4000 1870 4038 ac
1894 3985 2081 4052 jnbeo.
2135 3984 2393 4038 Similiter

811 4077 1064 4147 quicquid
1096 4076 1148 4131 in
1177 4075 1412 4144 Balmas,
1444 4076 1533 4130 ubi
1568 4076 1836 4131 oratorius
1866 4077 1919 4130 in
1965 4077 2174 4131 honore
2219 4077 2390 4134 sancti

812 4167 1015 4223 Verani
1063 4175 1146 4221 est
1189 4174 1550 4233 constructus,
1578 4167 1678 4221 visi
1720 4182 1904 4222 sumus
1951 4167 2189 4231 habere,
2229 4176 2285 4222 et
2337 4168 2389 4222 in

813 4258 1085 4323 Lastadio,
1114 4254 1396 4325 Gallionis,
1416 4257 2023 4326 Grummo,(lamundis,
2053 4258 2387 4323 Luxomone,

811 4349 1143 4411 Corvallico,
1171 4347 1490 4413 Petracava,
1514 4348 1772 4404 Trebocis
1791 4389 1807 4415 ,
1835 4349 1920 4404 vel
1972 4351 2111 4405 circa
2169 4350 2388 4405 civitate

811 4449 1301 4512 quantumcumque
1321 4454 1387 4495 ex
1410 4440 1736 4510 proprietate
1761 4449 2045 4512 parentum
2077 4450 2385 4496 nostrorum

813 4572 930 4639 ipso
977 4569 1150 4624 adhuc
1196 4577 1478 4639 regnante,
1507 4586 1667 4639 regna
1699 4569 2016 4624 Francorum
2047 4569 2377 4637 gubernabat,
2412 4552 2462 4610 θ

814 4638 869 4696 et
900 4642 966 4694 ab
995 4639 1150 4708 annis
1175 4638 1263 4704 ις]
1292 4654 1496 4692 summa
1525 4638 1848 4694 auctoritate
1887 4641 2191 4708 potiebatur
2239 4655 2381 4694 anno

812 4713 941 4766 Chr.
974 4709 1092 4762 759.
1116 4707 1164 4762 Is
1186 4717 1362 4761 autem
1384 4723 1556 4762 annus
1572 4713 1842 4762 concurrit
1859 4707 2268 4764 cumindictione
2292 4711 2336 4761 vi
2335 4711 2380 4778 j,

815 4796 935 4848 qua:
961 4779 1046 4833 hic
1075 4778 1479 4850 adhibeturpro
1525 4777 1964 4850 synchronismg.“
2003 4777 2385 4850 [Compertum

814 4846 918 4912 est,
949 4856 1162 4901 mortuo
1191 4850 1217 4898 't
1236 4847 1525 4900 heodorico
1567 4846 1667 4910 IV,
1697 4862 1837 4901 anno
1864 4846 2384 4913 657,‘interregnum

815 4918 1084 4973 exstitisse
1108 4917 1160 4969 in
1189 4915 1597 4985 Franco-(iallia
1647 4930 1908 4971 annorum
1939 4916 2030 4985 vij,
2059 4919 2104 4971 si
2134 4916 2264 4971 lides
2286 4919 2386 4970 ad-

815 4987 1065 5042 hibeatur
1090 4985 1360 5039 chronicis
1374 4984 1708 5048 quibusdam.
1733 5000 1963 5053 quorum
1993 4984 2246 5039 nonnulla
2274 4988 2388 5039 vul-

819 5058 965 5126 gavit
995 5056 1056 5126 Ι).
1088 5053 1354 5121 Bouquet,
1387 5053 1511 5107 lter.
1543 5053 1679 5108 Gall.
1705 5064 1760 5110 et
1789 5056 1976 5109 Franc.
1998 5055 2197 5126 Script.
2234 5065 2272 5108 t.
2299 5055 2384 5117 Ill,

821 5123 946 5195 pag.
973 5123 1066 5195 G9l
1090 5141 1104 5190 ;
1132 5137 1396 5176 annorum
1427 5132 1630 5176 tantum
1659 5139 1714 5188 v,
1734 5135 1792 5178 ut
1818 5123 2389 5195 conjiciunt’meliores

821 5194 1014 5257 critici,
1045 5203 1100 5246 et
1129 5202 1186 5245 ut
1228 5201 1450 5260 apparet
1485 5206 1550 5245 ex
1591 5195 1913 5248 documento
1952 5195 2076 5248 anni
2123 5194 2215 5247 741
2254 5195 2390 5248 ἱιιΙήι

823 5265 960 5331 (Col.
984 5261 1526 5331 1302).Nonsilenlio
1553 5265 2059 5330 pnelermittendum
2091 5274 2171 5318 est
2200 5264 2394 5318 Eccar-

824 5330 974 5400 dum,
999 5333 1090 5409 qui
1119 5330 1406 5409 chronicon
1435 5331 1596 5409 hujus
1646 5335 1857 5409 generis
1884 5333 2076 5409 _edidit
2121 5335 2184 5386 ad
2209 5335 2390 5409 _tinem

825 5411 1004 5456 textus
1019 5400 1164 5472 flegis
1180 5400 1352 5452 salicze
1372 5415 1436 5452 ex
1458 5403 1642 5456 codice
1665 5400 2102 5472 Guelferbytano,
2119 5405 2395 5470 scripsisse

823 5471 1052 5541 regnavit
1079 5485 1176 5537 pro
1205 5484 1305 5541 _non
1336 5473 1595 5538 regnavit;
1651 5473 1792 5538 quod
1821 5471 2029 5526 ueteris
2057 5474 2392 5528 documentis

821 5538 960 5616 foret
983 5538 1335 5616 contrarium.
1362 5547 1450 5606 At,
1470 5541 1709 5616 inspecto
1739 5542 1942 5616 codice,
1969 5557 2180 5616 mecum
2210 5542 2394 5616 huma-

822 5611 962 5663 niter
988 5609 1379 5662 communicato
1399 5622 1428 5660 a
1452 5609 1760 5665 doctissimo
1781 5611 2114 5666 bibliothecae
2145 5611 2393 5666 Guelfer-

823 5679 1033 5739 hvtanze
1091 5677 1347 5739 custode,
1405 5680 1604 5732 certior
1659 5679 1827 5734 laetus
1874 5696 1989 5734 sum
2052 5696 2235 5734 vocem
2291 5699 2391 5735 non

925 5743 1228 5886 in'slcriptam
1258 5738 1393 5812 esse,
1422 5746 1820 5818 Eccardumque
1871 5751 1922 5804 in
1970 5765 2206 5805 errorem
2257 5752 2390 5806 inci-

866 5833 982 5869 ιδεν.

866 5833 982 5869 ιεεθ.

2491 1985 2669 2038 omnia
2695 1986 2940 2054 superius
2987 1985 3371 2052 comprehensa
3399 2021 3414 2042 .
3446 1998 3552 2037 una
3597 1999 3716 2038 cum
3771 1981 4070 2049 mancipiis,

2494 2077 2732 2142 libertis,
2768 2077 2956 2142 terris,
2997 2076 3276 2140 domibus,
3308 2074 3573 2140 aediliciis,
3606 2075 3805 2138 vineis,
3833 2074 4069 2142 campis,

2494 2170 2680 2238 pratis,
2715 2171 2947 2237 pascuis,
2978 2169 3142 2229 silvis,
3176 2167 3405 2236 alpihus,
3431 2167 3516 2221 vel
3544 2168 3718 2221 omnis
3748 2166 4072 2234 adjacentias

2496 2260 2562 2314 ad
2590 2275 2648 2314 se
2675 2261 3025 2329 pertinentes,
3057 2269 3126 2324 te,
3152 2260 3350 2314 herede
3399 2275 3546 2320 mea,
3579 2259 3779 2311 habere
3832 2258 3960 2310 volo
4012 2270 4070 2307 ac

2493 2353 2678 2421 jubeo.
2712 2352 2780 2406 Et
2817 2353 2952 2408 cella
3001 2354 3134 2407 intra
3178 2367 3399 2420 regnum
3447 2349 3944 2418 Langobardorum,
3985 2347 4069 2416 qui

2497 2454 2723 2498 vocatur
2768 2442 3072 2497 Tollatecus
3099 2443 3352 2512 quidquid
3380 2457 3445 2495 ex
3475 2440 3632 2495 alode
3669 2448 3951 2509 parentum
3981 2454 4072 2491 no-

2497 2545 2726 2590 strorum
2757 2536 2918 2590 michi
2949 2536 3144 2590 ibidem
3167 2534 3402 2598 obvenit,
3429 2549 3532 2588 una
3558 2548 3678 2587 cum
3696 2531 3979 2600 mancipiis
4005 2531 4069 2584 ibi

2498 2627 2936 2692 consistentibus,
2962 2625 3046 2679 vd
3101 2640 3262 2681 omne.
3302 2625 3424 2693 jure
3464 2640 3584 2689 suo,
3629 2634 3686 2676 ut
3723 2623 3925 2678 habeas
3956 2622 4071 2674 volo

2498 2731 2561 2771 ac
2583 2716 2767 2784 jubeo.
2793 2715 2966 2770 Etiam
2995 2726 3048 2771 et
3077 2715 3320 2770 colonica
3347 2715 3398 2768 in
3433 2714 3572 2766 valle
3608 2713 3910 2773 Diubiasca,
3943 2713 4070 2764 iulia

2494 2807 2626 2861 lines
2649 2807 3124 2875 Langobardorum
3160 2807 3248 2859 ubi
3279 2805 3471 2859 dicitur
3501 2805 3766 2868 Biceiatis,
3796 2817 3961 2870 quem
3987 2817 4072 2870 pa-

2494 2909 2676 2954 rentes
2725 2900 2917 2965 nostri,
2948 2908 3003 2952 et
3057 2913 3155 2952 nos
3200 2898 3394 2951 ibi.!em
3444 2895 3756 2956 habuimus,
3789 2902 3850 2946 ut
3878 2893 4073 2946 habeas

2492 2991 2616 3046 volo
2637 3000 2797 3061 atque
2820 2991 3090 3060 prmcipio.
3117 2988 3301 3042 Simile
3326 3001 3558 3055 namque
3579 2984 3739 3039 modo
3755 2992 3810 3038 et
3826 2981 4071 3053 quicquid

2494 3083 2545 3136 in
2569 3083 2708 3136 valle
2735 3082 3073 3148 Maurigennia
3094 3096 3123 3132 a
3154 3096 3218 3133 ex
3250 3079 3406 3132 alode
3438 3087 3720 3147 parentum
3745 3087 4069 3138 nostrorum,

2497 3174 2582 3228 vel
2622 3189 2718 3244 per
2744 3173 3021 3242 quodlibet
3053 3171 3206 3225 titulo
3239 3171 3380 3238 juste
3411 3178 3467 3224 et
3497 3167 3890 3222 rationabiliter
3920 3166 4070 3219 nobis

2497 3267 2694 3322 ibidem
2739 3265 2988 3330 obvenit,
3026 3272 3081 3318 et
3110 3263 3343 3331 legitima
3389 3261 3630 3330 subpetit
3657 3258 3938 3322 redebere,
3972 3257 4069 3310 hoc

2495 3366 2597 3421 est,
2627 3356 2678 3409 in
2709 3355 2824 3426 ipsa
2856 3355 3219 3422 Maurogenna
3254 3354 3445 3407 domus
3471 3366 3629 3420 quem
3661 3350 3801 3419 apud
3833 3350 4073 3405 ecclesia:

2494 3449 2892 3518 Maurigennica
2933 3446 3398 3509 commutavimns,
3431 3460 3552 3498 cum
3582 3441 3824 3501 ediliciis.
3855 3442 4068 3494 cortife-

2495 3539 2600 3600 ris,
2633 3540 2844 3598 exavis,
2877 3537 3042 3599 ortis,
3084 3535 3284 3599 vineis,
3324 3534 3555 3601 campis,
3591 3549 3683 3585 seu
3724 3532 3929 3598 imglis,
3970 3546 4066 3583 una

2495 3643 2620 3683 cum
2663 3629 2891 3682 ecclesia
2941 3628 3142 3680 Sancto
3182 3623 3360 3689 Petro,
3393 3639 3551 3693 quem
3606 3632 3856 3692 parentes
3904 3623 4065 3674 nostri

2496 3719 2693 3773 ibidem
2724 3727 3172 3781 construxerunt,
3196 3731 3314 3769 cum
3346 3714 3489 3768 omni
3521 3713 3826 3780 integritate
3859 3713 3942 3765 vel
3981 3712 4066 3764 ad-

2489 3811 2753 3880 jacentias
2774 3809 2840 3864 ad
2866 3825 2924 3864 se
2947 3809 3295 3879 pertinentes,
3317 3807 3587 3874 immoque
3618 3805 3844 3860 ecclesia
3868 3805 4066 3858 Sancto

2496 3900 2785 3954 Pancrasio
2814 3899 3161 3970 proprietatis
3189 3906 3401 3961 nostim,
3435 3911 3541 3949 una
3582 3910 3701 3948 cum
3745 3895 3988 3949 colonica
4018 3896 4064 3947 in

2496 3990 2718 4055 llirisco,
2742 4005 2864 4043 cum
2894 3988 3070 4042 omnis
3093 3987 3410 4054 adjacentiis
3433 3984 3501 4038 ad
3528 3999 3586 4039 se
3616 3984 3971 4054 pertinentes,
3995 3993 4063 4048 te,

2494 4081 2691 4134 herede
2720 4094 2861 4145 mea,
2888 4079 3088 4134 habere
3110 4080 3253 4132 volo.
3287 4076 3354 4131 Et
3382 4077 3431 4130 in
3461 4077 3574 4146 ipsa
3603 4075 3739 4129 valle
3764 4076 4061 4142 Maurigeno

2493 4171 2634 4235 nica,
2658 4172 2778 4223 loco
2799 4177 3142 4239 nuncupante
3165 4168 3422 4231 Fontana,
3441 4165 3694 4234 quicquid
3720 4165 3917 4220 ibidem
3950 4179 4066 4234 pre-

2491 4267 2644 4313 sente
2661 4266 2901 4326 tempore
2923 4257 2989 4310 de
3009 4265 3258 4326 parentes
3281 4255 3476 4310 nostris
3505 4255 3603 4308 visi
3631 4270 3818 4310 sumus
3846 4255 4063 4322 habere,

2490 4363 2586 4404 seu
2615 4355 2668 4401 et
2699 4347 2751 4400 in
2779 4346 3069 4406 Nanosces,
3101 4361 3203 4398 una
3235 4360 3354 4398 cum
3387 4345 3505 4398 illos
3531 4344 3790 4412 ingenuos
3817 4344 3885 4398 de
3932 4346 4057 4398 Am-

2489 4437 2664 4501 herto,
2691 4447 2746 4491 et
2768 4437 2959 4491 liberto
2997 4443 3184 4491 nostro
3229 4435 3296 4490 de
3341 4435 3533 4490 Alsede
3562 4436 3777 4489 nomine
3825 4432 4060 4502 O.bano,

2559 4575 2584 4606 ⁸
2625 4568 2804 4638 Neque
2830 4567 3134 4623 indictionis
3163 4576 3343 4621 notam
3375 4567 3523 4638 quasi
3555 4567 3656 4620 hac
3681 4574 3850 4638 Arelate
3879 4567 4058 4622 insoli-

2487 4635 2760 4703 tam,cum
2792 4638 3032 4697 Cointio.
3071 4638 3259 4691 Annal.
3300 4646 3338 4690 t.
3378 4637 3476 4701 IV,
3503 4651 3622 4704 pag.
3667 4635 3790 4699 ΗΞ.
3844 4649 3957 4690 not.
3999 4640 4059 4691 ad

2487 4724 2678 4777 ηιξκιε..
2713 4708 3116 4776 expungendam
3139 4723 3399 4777 censeas;
3434 4716 3614 4760 monet
3640 4708 3780 4760 enim
3812 4706 4060 4761 Mabillo-

2490 4776 2626 4843 nius,
2657 4779 2846 4831 Annal.
2875 4787 2912 4831 t.
2946 4777 3006 4841 Il,
3039 4791 3157 4846 pag.
3210 4776 3338 4839 109,
3372 4778 3636 4831 insolitam
3664 4777 3877 4844 quidem
3940 4788 4059 4830 tunc

2491 4848 2654 4901 fuisse
2689 4849 2824 4900 hanc
2872 4857 3053 4902 notam
3107 4849 3537 4914 chronologieam
3590 4846 3642 4898 in
3688 4847 4061 4912 diplomatibus

2489 4919 2666 4985 regiis.
2689 4922 2739 4970 in
2769 4918 2987 4986 privatis
3008 4932 3134 4970 vero
3161 4917 3524 4970 instrumentis
3540 4930 3899 4985 nequaquam.
3927 4921 4059 4983 Quin

2490 4997 2545 5042 et
2568 4990 2768 5055 optime
2799 4986 3258 5054 concordatquod
3311 4988 3505 5039 di‘citur
3550 4987 3618 5055 in
3655 4986 3845 5039 eodem
3902 4997 4058 5040 testa—

2492 5054 2672 5111 mento
2697 5057 2764 5110 de
2795 5057 3068 5109 invasione
3097 5057 3485 5110 Saracenorum
3534 5054 3624 5123 qui
3677 5055 3795 5108 loca
3847 5055 4059 5111 Novali—

2491 5127 2756 5179 ciensibus
2785 5127 2851 5178 ab
2881 5127 3101 5179 Abbone
3138 5127 3331 5178 donata
3365 5127 3522 5194 paulo
3552 5133 3674 5178 ante
3703 5135 4057 5188 vastaverant,

2492 5197 2694 5250 scilicet
2714 5196 2852 5248 circa
2883 5210 3082 5247 annum
3111 5194 3232 5258 757,
3268 5193 3373 5248 vid.
3404 5193 3594 5247 Annal.
3625 5195 3810 5247 Nazir.
3848 5197 4059 5256 TiIIuni,

2493 5265 2677 5318 Petav.
2704 5275 2811 5319 etc.
2841 5273 2896 5317 et
2921 5264 3186 5334 Longurer.
3215 5265 3323 5319 int.
3348 5263 3411 5316 Ill
3432 5264 3654 5317 Collect.
3679 5266 3860 5334 script.
3888 5283 4057 5318 rerum

2495 5335 2758 5392 Francia.
2793 5347 2912 5401 pag.
2941 5332 3062 5385 709..
3098 5333 3238 5402 Ergo
3265 5334 3500 5387 Abbonis
3545 5332 3917 5388 testamentum
3967 5337 4059 5387 sub

2493 5420 2635 5458 anno
2657 5402 2760 5456 7'59
2789 5405 3039 5456 collocari
3070 5419 3228 5470 posse
3249 5403 3548 5471 judicamns
3584 5417 3705 5455 cum
3736 5405 4056 5468 Mabillonio,

2494 5477 2576 5528 cui
2608 5472 2960 5539 astipulamur
3007 5483 3253 5527 auctores
3283 5472 3444 5527 Novas
3494 5472 3677 5526 Gallia:
3724 5473 4055 5537 Chrisu'anae,

2496 5553 2533 5596 ι.
2567 5543 2608 5607 I,
2638 5543 2741 5596 col.
2793 5541 2916 5595 457.
2965 5539 3221 5596 Omnibus
3267 5555 3444 5595 autem
3495 5544 3595 5596 hoc
3653 5543 4056 5598 instrumentum

2494 5613 2702 5666 videtur
2727 5611 2942 5680 optima:
2972 5621 3130 5664 noue.
3161 5612 3418 5680 Pleraque
3459 5613 3670 5680 nomina
3717 5612 3952 5666 Ini-orum
3993 5614 4058 5668 ibi

2496 5679 2908 5752 memoraturum
2956 5679 3345 5748 interpreatus
3383 5690 3464 5734 est
3514 5679 3861 5752 Lancelotus,
3916 5685 4061 5752 cujus

2496 5751 2900 5821 explanationes
2930 5752 3082 5821 edite
3103 5763 3222 5805 sunt
3246 5755 3308 5802 ad
3332 5752 3529 5806 calcem
3570 5752 3746 5821 operis
3777 5751 4058 5810 Mabillouii

2501 5823 2565 5873 de
2597 5819 2674 5874 Ile
2703 5819 3056 5889 diplomatica,
3087 5835 3204 5890 pag.
3235 5821 3356 5875 647.
