4206 6534
210 417 356 474 19.Θῦ

980 412 1415 471 DONATIONES
1462 413 1547 470 AC
1582 410 2055 472 TESTAMENTA
2095 409 2335 475 EPISC.,
2380 411 2557 480 ABE,
2602 411 2755 466 ETC.

3376 411 3516 471 ηθι

205 540 266 583 et
298 530 527 599 ingenua
564 536 749 584 nostra
781 536 805 563 ⁸
840 542 1038 583 nomen
1087 526 1354 597 Rigovera
1386 526 1454 581 de
1503 526 1808 590 Bonnosco,
1842 526 1889 586 Α
1918 522 2128 578 ratione
2150 521 2706 593 Viundegundi,quod
2732 522 2798 577 ad
2823 538 2920 579 nos
2944 533 3328 596 pervenerunt,
3348 538 3513 596 quem

208 621 301 675 vel
330 620 584 691 quicquid
616 622 667 675 in
700 620 883 689 Bregis
910 620 978 675 de
1007 620 1165 674 alode
1192 626 1473 688 parentum
1502 625 1809 673 nostrorum

205 728 377 783 quem
401 714 755 769 Austrualdus
774 714 825 768 in
850 712 1114 768 beneﬁcio
1142 711 1323 775 habet,
1350 720 1421 773 te,
1445 712 1808 780 suprascripta

203 806 443 861 ecclesia
476 806 679 861 Sancto
727 806 912 872 Petro,
941 804 1099 858 heres
1154 816 1293 865 mea,
1325 800 1524 855 habere
1578 799 1703 853 volo
1746 814 1810 855 ac

198 899 395 967 jubeo.
418 896 521 953 Pro
543 897 706 952 modo
732 895 926 961 simile,
944 893 1199 964 quicquid
1216 894 1283 948 de
1304 893 1498 947 domna
1523 891 1733 960 Siagria
1755 892 1807 944 in

203 990 325 1057 ipsa
368 988 510 1044 valle
555 987 957 1056 Maurigennica
988 984 1447 1054 conquesivimus,
1476 982 1805 1048 lllisiottano,

201 1079 520 1144 Obliciacis,
556 1080 708 1147 Mago
730 1120 743 1142 ,
773 1078 1019 1132 colonica
1062 1076 1115 1130 in
1155 1076 1413 1140 Albiadis,
1447 1075 1499 1129 in
1542 1075 1803 1138 Bausetis,

201 1177 264 1225 et
284 1170 532 1226 colonica
564 1185 728 1240 super
759 1169 1040 1235 Bricoscis,
1072 1177 1129 1223 et
1156 1166 1493 1222 Amalieione
1527 1166 1615 1220 ubi
1647 1168 1806 1219 Blan-

198 1263 380 1318 ευιιυε
409 1263 754 1319 Verbicarius
803 1271 1007 1326 manet,
1041 1269 1095 1315 et
1143 1259 1515 1321 Gratavinnia,
1542 1259 1704 1313 etiam
1753 1267 1807 1312 et

200 1364 406 1410 caetera
452 1355 714 1410 vocabula
756 1370 878 1409 cum
925 1353 1244 1422 adjacentiis
1294 1359 1805 1417 earum,te,sacru-

201 1456 399 1502 sancta
450 1448 698 1511 ecclesia,
744 1446 943 1500 habere
991 1446 1116 1500 volo
1158 1459 1221 1499 ac
1263 1444 1449 1512 jubeo.
1490 1442 1803 1510 immoque,

201 1535 469 1607 quicquid
499 1537 552 1591 in
583 1536 724 1590 valle
750 1534 1165 1590 Darentasiense
1184 1575 1199 1600 ,
1225 1548 1291 1588 ex
1321 1533 1478 1587 alode
1524 1541 1804 1602 parentum

201 1638 545 1693 nostrorum,
575 1628 661 1683 vel
688 1628 831 1699 quod
857 1629 925 1683 de
949 1628 1179 1698 Syagria
1206 1628 1403 1681 ibidem
1427 1625 1495 1680 ad
1540 1641 1638 1680 nos
1684 1639 1805 1695 per-

200 1722 378 1787 venit,
407 1736 509 1775 una
543 1736 665 1776 cum
688 1721 992 1789 mancipiis,
1018 1719 1245 1782 libertis,
1276 1718 1502 1782 colonis,
1536 1716 1805 1785 inquilinis

198 1817 265 1868 et
288 1811 482 1874 servis,
508 1819 561 1866 te
596 1811 855 1866 heredem
888 1809 1091 1864 habere
1112 1809 1236 1863 volo
1264 1817 1427 1876 atque
1457 1808 1728 1876 puecipio.

1919 615 2202 684 Sigualdus
2224 615 2450 670 libertus
2472 624 2657 671 noster
2680 616 2731 669 in
2768 616 3027 671 henelitio
3054 616 3234 671 habet.
3254 618 3515 675 Golonica

1918 722 2079 776 quem
2122 706 2190 761 de
2220 707 2445 761 muliere
2476 706 2799 770 Gismundo,
2834 706 3053 761 nomine
3105 704 3368 761 Pannutia
3395 749 3411 772 ,
3459 709 3514 764 iu

1916 800 2030 870 ipsa
2063 800 2224 867 valle,
2260 802 2312 854 in
2359 801 2525 855 tercia
2576 800 2901 869 recepimus,
2938 800 3028 855 ubi
3085 800 3283 855 Marius
3328 810 3516 856 noster

1918 891 2272 947 Verbecarius
2300 893 2351 946 in
2383 892 2497 962 ipsa
2527 892 2771 946 colonica
2803 901 3005 947 manet.

1986 983 2247 1037 Similiter
2268 992 2421 1038 curte
2444 998 2561 1038 mea
2595 982 2858 1047 Salliaris,
2874 983 3043 1053 alpes,
3062 992 3236 1052 prata,
3256 984 3512 1052 ingenua.

1916 1076 2255 1137 Vendanum,
2290 1075 2673 1142 Mullinaricus,
2702 1074 2908 1141 Vuilla,
2938 1072 3117 1129 Jutole
3149 1095 3161 1129 :
3198 1079 3298 1130 ista
3328 1078 3511 1131 omnia

1912 1169 2305 1237 suprascripta,
2331 1184 2578 1223 una-cum
2607 1168 2815 1223 libertis
2844 1183 2907 1223 ac
2951 1166 3179 1235 colonis,
3204 1169 3377 1224 servis
3420 1167 3514 1224 vei

1913 1276 2105 1316 omnes
2131 1260 2462 1329 adjacentias
2486 1276 2671 1316 earum
2719 1262 2785 1315 ad
2817 1261 2931 1331 ipsa
2990 1261 3113 1316 loca
3160 1262 3510 1331 aspicientes.

1914 1361 1991 1411 tu,
2017 1352 2172 1408 heres
2202 1369 2340 1415 mea,
2370 1365 2427 1408 ut
2453 1354 2654 1410 habeas
2681 1355 2807 1409 volo
2834 1369 2899 1409 ac
2926 1355 3114 1424 jubeo.
3146 1353 3513 1412 Eteolonlcas

1914 1444 1968 1497 in
2008 1443 2149 1498 valle
2176 1444 2539 1501 Gerentenica
2568 1457 2623 1500 et
2670 1446 2724 1499 in
2768 1447 2934 1513 Ralis,
2961 1460 3122 1515 quem
3173 1448 3239 1501 ad
3289 1448 3512 1503 libertos

1913 1548 2084 1599 meos,
2115 1549 2278 1603 quem
2302 1535 2654 1592 Theudoaldo
2687 1546 2743 1592 et
2778 1539 3021 1593 llonorio
3064 1538 3210 1602 dedi,
3240 1548 3297 1593 ut
3326 1541 3427 1610 ipsi
3456 1549 3515 1595 et

1912 1625 2145 1681 infantes
2166 1626 2408 1696 ipsorum
2431 1626 2690 1695 habeant,
2721 1636 2776 1684 et
2804 1630 2872 1684 ad
2900 1630 3154 1687 heredem
3195 1647 3372 1687 meam
3423 1647 3512 1687 sa-

1910 1727 2197 1774 crosancta
2226 1720 2459 1775 ecclesia
2490 1720 2822 1790 aspiciant_:
2885 1724 2985 1777 ista
3032 1724 3214 1778 omnia
3263 1724 3510 1795 superius

1910 1812 2329 1881 comprehensa,
2352 1828 2459 1868 una
2483 1828 2607 1869 cum
2633 1815 2897 1884 adjunctis
2925 1815 3352 1887 adjacentiisque
3374 1818 3509 1883 suis,

281 1901 365 1959 De
391 1903 905 1972 ‘Gmtianopolilano
949 1916 1088 1972 pago
1123 1900 1337 1972 [omissa
1359 1901 1413 1953 in
1440 1898 1566 1969 51.].
1600 1898 1802 1953 Simili-
1842 1891 1883 1949 Β
1911 1903 2150 1973 campis,
2201 1905 2369 1974 pratis
2392 1944 2408 1971 ,
2452 1906 2705 1976 pascuis,
2744 1907 2918 1975 silvis,
2948 1909 3177 1978 alpibus,
3211 1909 3507 1979 montibus,

200 2001 296 2053 ιθι·
322 1997 375 2050 in
397 2009 537 2065 pago
556 1994 1081 2064 Gratianopolitano,
1100 1993 1326 2059 Olonna,
1344 2007 1503 2061 quem
1526 1992 1592 2045 ad
1617 1992 1803 2045 Iiberta

198 2104 334 2143 mea
359 2104 555 2146 nomen
586 2089 906 2144 Sendebcrti
937 2088 1079 2153 dedi,
1106 2088 1229 2141 volo
1263 2095 1321 2141 ut
1362 2086 1576 2141 habeat.
1619 2086 1804 2139 Misso-

195 2183 365 2237 riauo
387 2198 547 2252 quem
576 2183 643 2236 de
669 2182 873 2249 Singria
908 2181 1245 2251 conquesivi,
1269 2178 1488 2233 Piniaco
1517 2187 1572 2232 et
1600 2176 1791 2232 Coren-

200 2291 362 2340 num,
394 2290 553 2343 quem
585 2290 613 2327 a
682 2275 872 2328 Iiberta
928 2289 1046 2327 mea
1094 2288 1287 2327 nomen
1338 2270 1609 2326 Auriliana
1657 2270 1800 2333 dedi,

198 2369 354 2436 ipsas
384 2367 603 2420 libertas
633 2382 801 2431 meas,
824 2380 945 2419 cum
974 2366 1115 2433 ipsas
1144 2379 1248 2425 res,
1269 2362 1397 2416 voln
1427 2369 1485 2415 ut
1509 2361 1707 2414 habeas
1736 2375 1798 2411 ac

194 2458 406 2525 jubeo;
439 2472 535 2511 seu
562 2458 613 2511 iu
645 2458 941 2517 Aravardo,
977 2470 1081 2508 una
1133 2468 1256 2507 cum
1303 2453 1527 2507 libertos
1555 2460 1795 2515 nostros,

202 2550 633 2618 Magnebertum,
670 2565 772 2602 una
802 2564 922 2601 cum
954 2562 1212 2614 germano
1239 2561 1338 2600 suo
1378 2545 1672 2609 Columbo,
1705 2543 1799 2597 Mi-

202 2643 498 2704 sicasiaua,
534 2642 807 2706 Mesaticn,
838 2640 1058 2704 (lambe,
1090 2639 1394 2705 Quintiano,
1434 2638 1747 2691 Viennatico
1782 2654 1794 2688 :

203 2733 315 2787 ista
366 2734 547 2787 omnia
593 2730 982 2800 suprascripta,
1013 2745 1115 2783 una
1169 2744 1287 2783 cum
1316 2727 1522 2782 libertis
1551 2743 1613 2781 ac
1658 2728 1800 2781 colo-

202 2825 296 2880 nis
326 2832 381 2878 et
409 2822 706 2891 servi<,vel
743 2837 931 2876 omnes
962 2822 1292 2889 adjacentias
1311 2836 1435 2875 suas
1457 2822 1522 2873 ad
1542 2822 1653 2890 ipsa
1684 2820 1803 2875 loca

202 2912 579 2984 pertinentes,
612 2913 665 2966 in
716 2911 1082 2980 suprascripto
1107 2925 1245 2980 pago
1276 2910 1799 2980 Gratianopolitano,

200 3012 291 3072 tu,
316 3003 473 3058 heres
494 3018 632 3067 mea,
662 3012 721 3057 ut
739 3004 939 3057 habeas
969 3002 1092 3056 volo
1136 3012 1298 3071 atque
1343 3001 1611 3057 discerno.
1672 3004 1798 3056 Item

199 3111 371 3166 quam
400 3097 451 3150 in
482 3110 621 3165 pago
650 3096 951 3150 Viennense
982 3095 1317 3159 Maconiano,
1351 3110 1511 3163 quem
1539 3095 1605 3149 de
1639 3095 1799 3150 alode

1914 1994 2043 2049 rivis
2063 2009 2396 2064 aquarumve
2423 1996 2765 2063 decursibus,
2796 1999 3049 2069 accisque
3078 2000 3349 2063 omnibus,
3381 2016 3509 2056 cum

1912 2098 2131 2139 omnem
2181 2085 2308 2154 jure
2364 2087 2451 2141 vel
2499 2089 2788 2142 terminum
2814 2104 3026 2156 earum,
3058 2098 3135 2154 tu,
3161 2099 3511 2146 sacrosancta

1910 2176 2161 2241 ecclesia,
2187 2176 2348 2232 heres
2371 2192 2511 2244 mea,
2542 2187 2602 2233 ut
2630 2179 2832 2234 habeas
2856 2181 2977 2235 volo
3005 2180 3273 2249 acjubeo.

1981 2268 2242 2324 Similiter
2286 2271 2512 2325 libertus
2561 2280 2778 2327 nostros
2832 2272 2885 2327 in
2916 2272 3055 2327 valle
3076 2273 3389 2343 Aquisiana,
3416 2275 3512 2342 qui

1908 2362 1975 2416 ad
2007 2372 2258 2429 parentes
2289 2373 2503 2417 nostros
2542 2374 2892 2432 aspexerunt,
2947 2381 3046 2419 seu
3088 2375 3147 2420 et
3203 2366 3322 2435 ipso
3371 2380 3510 2435 pago

1911 2453 2222 2520 Brigantino
2255 2469 2600 2508 commanere
2630 2455 2915 2523 videntur,
2948 2457 3090 2512 unde
3121 2457 3315 2512 Vitalis
3358 2459 3509 2526 capi-

1910 2545 2141 2598 tularius
2171 2554 2273 2607 est,
2302 2547 2368 2600 ad
2399 2557 2699 2602 memorata
2748 2550 2978 2604 ecclesia
3028 2550 3280 2605 heredem
3333 2565 3509 2605 meam

1907 2643 1967 2689 ut
1997 2636 2263 2705 aspiciant
2291 2645 2345 2691 et
2375 2638 2749 2707 inpensionem
2780 2641 2982 2694 l’aciaut
3028 2641 3153 2696 volo
3203 2657 3265 2697 ac
3314 2641 3501 2711 jubeo.

1908 2728 2099 2784 Emmo
2126 2746 2285 2800 quem
2334 2732 2385 2785 in
2416 2747 2553 2803 pago
2585 2733 2963 2790 Ebredunense
2993 2742 3049 2790 et
3094 2736 3234 2792 valle
3262 2735 3503 2794 Occense

1911 2821 2148 2877 Bruitico
2169 2823 2444 2891 portiones
2468 2833 2678 2879 nostras
2698 2840 2859 2895 quem
2877 2825 3261 2881 Vualdelberto
3280 2831 3502 2902 presby-

1908 2922 2027 2971 tero
2057 2916 2204 2971 etde
2234 2917 2535 2985 Rigaberga
2574 2920 3028 2986 eonquisivimus,
3064 2928 3119 2974 et
3168 2920 3237 2975 de
3281 2922 3505 2990 proprio

1908 3010 2065 3065 alode
2090 3026 2231 3075 meo,
2257 3012 2473 3081 etquod
2502 3011 2570 3065 de
2600 3019 2826 3080 parente
2867 3027 2985 3067 mea
3034 3012 3257 3069 Godane
3301 3014 3367 3067 ad
3415 3029 3503 3070 me

1908 3104 2175 3171 pervenit,
2201 3110 2259 3155 et
2289 3102 2341 3154 in
2366 3102 2477 3171 ipsa
2502 3102 2640 3157 valle
2672 3101 2976 3168 Mocceuse,
3009 3118 3165 3173 quem
3196 3106 3263 3159 de
3292 3106 3502 3175 Siagria

200 3190 492 3259 parentum
518 3203 760 3242 meorum
790 3188 945 3241 nolis
974 3185 1197 3241 obvenit
1230 3194 1285 3240 et
1310 3185 1456 3255 quod
1492 3186 1559 3241 de
1597 3188 1799 3255 Siagria
1828 3199 1878 3263 ο
1909 3192 2351 3260 conquisivimus,
2380 3209 2484 3247 una
2510 3209 2630 3247 cum
2672 3196 2840 3263 alpes,
2869 3203 2923 3249 et
2952 3211 3114 3265 quem
3170 3197 3237 3252 de
3284 3198 3505 3253 Dodone

190 3280 651 3350 conquisivimus,
680 3287 733 3333 et
763 3278 1003 3333 colonica
1034 3278 1085 3331 in
1116 3278 1233 3346 ipso
1281 3292 1419 3348 pago
1464 3278 1790 3342 Viennense,

204 3372 536 3426 Baccoriaeo
565 3386 727 3441 super
754 3368 973 3423 ﬂuvium
999 3368 1299 3431 Carusium,
1320 3370 1407 3422 ubi
1441 3368 1592 3424 faber
1614 3378 1799 3424 noster

200 3458 535 3529 Majozianus
557 3461 774 3527 mansit,
798 3468 854 3515 et
880 3459 1022 3514 ﬁlius
1050 3461 1165 3527 ejus
1193 3458 1515 3517 Bamnulfus
1555 3461 1625 3515 de
1679 3462 1792 3514 Bla-

202 3557 383 3619 ciaco,
411 3569 574 3622 quem
602 3554 850 3608 incontra
881 3552 1102 3608 Ardulfo
1133 3568 1232 3623 per
1274 3552 1479 3620 judicio
1528 3554 1796 3623 Agnarico

206 3646 451 3700 Patricio
472 3645 912 3699 evindicavimus.

276 3738 545 3795 Similiter
570 3739 699 3793 etin
726 3752 866 3808 pago
896 3736 1166 3793 Vianense
1190 3744 1245 3792 et
1274 3736 1650 3805 Leudunense,
1668 3740 1800 3794 Bor-

203 3846 375 3898 naco,
394 3831 702 3895 Bascjasco,
729 3829 1092 3894 Amblariaco,
1121 3829 1395 3898 Blaciaco,
1419 3830 1662 3886 colonica
1699 3832 1798 3885 Se-

198 3926 369 3981 vorio
396 3940 412 3979 :
444 3923 548 3977 ista
570 3923 760 3977 omnia
776 3921 1162 3991 suprascripta,
1196 3936 1300 3976 una
1333 3937 1454 3977 cum
1487 3923 1664 3987 terris,
1697 3921 1797 3975 do-

205 4018 411 4083 mibus,
429 4014 624 4081 vineis,
664 4014 891 4084 eampis,
933 4014 1118 4083 pratis,
1148 4013 1235 4068 vel
1293 4029 1414 4068 cum
1467 4029 1628 4068 omne
1680 4014 1799 4082 jure

199 4129 419 4177 earum,
451 4127 515 4166 ac
547 4111 779 4173 colonis,
811 4110 983 4165 servis
1034 4117 1092 4164 et
1139 4109 1349 4164 libertis
1401 4108 1470 4162 ad
1518 4110 1632 4179 ipsa
1679 4109 1794 4164 loca

202 4205 554 4275 aspicientes,
580 4211 660 4269 tu,
694 4202 854 4258 heres
896 4216 1036 4266 mea,
1063 4208 1121 4255 ut
1168 4200 1371 4257 habeas
1420 4200 1585 4272 [volo]
1635 4210 1797 4269 atque

199 4294 470 4366 precipio.

274 4386 415 4441 Item
470 4383 523 4439 in
577 4397 718 4454 pago
765 4381 1390 4447 Iatascense,Carnaco
1439 4382 1790 4446 Aebasciaeo,

200 4489 370 4547 quem
398 4474 472 4531 de
500 4474 711 4542 Siagria
734 4474 1204 4542 conquesivimus,
1236 4489 1340 4527 una
1370 4488 1491 4527 cum
1521 4474 1789 4541 ingenuis,

200 4570 417 4627 libertis
444 4582 510 4623 ac
530 4566 738 4623 colonis
756 4574 815 4622 et
838 4565 1129 4631 servis,vel
1158 4580 1347 4619 omnes
1372 4565 1690 4634 adjacentiis
1719 4566 1785 4619 ad
1825 4570 1870 4627 ι)
1893 4572 1951 4618 et
1980 4578 2240 4634 germano
2266 4579 2370 4619 suo
2398 4565 2683 4619 'ltodbaldo
2727 4566 2793 4618 ad
2828 4581 2923 4620 nos
2952 4568 3197 4635 pervenit
3242 4585 3258 4621 :

200 4660 324 4733 ipsa
350 4660 469 4715 loca
495 4657 843 4728 aspicientes,
873 4668 936 4712 ut
963 4657 1166 4711 habeas
1194 4656 1319 4710 volo
1348 4672 1412 4710 ac
1436 4656 1623 4725 jubeo.

274 4748 541 4805 Similiter
578 4753 634 4801 et
687 4746 742 4801 in
791 4759 931 4816 pago
986 4744 1285 4813 Briantino,
1315 4754 1370 4800 et
1401 4746 1713 4812 Aquisiana,
1738 4754 1794 4800 et

200 4842 545 4901 Annevasca,
578 4839 630 4892 in
679 4837 796 4894 loca
840 4845 1213 4907 nuncupantes
1242 4837 1578 4905 Briancione
1631 4839 1789 4904 valle,

203 4949 310 4991 una
333 4946 457 4988 eum
487 4930 694 4987 libertis
722 4944 788 4985 ac
815 4929 1023 4986 colonis
1050 4936 1107 4983 et
1137 4930 1340 4994 servis;
1398 4929 1633 4984 Anneda:
1688 4946 1793 4984 una

199 5044 333 5087 uim
352 5026 622 5097 inguinis,
645 5025 856 5080 libertis
879 5034 936 5079 et
960 5025 1163 5090 servis;
1211 5024 1525 5094 Agracianis
1542 5066 1555 5088 ,
1587 5023 1793 5078 Exora-

201 5123 379 5184 tiana,
408 5118 725 5188 Aquislevas
747 5131 870 5171 cum
897 5116 1103 5171 libertis
1142 5124 1200 5170 et
1244 5117 1414 5170 servis
1466 5116 1551 5169 vel
1604 5131 1795 5172 omnes

203 5207 548 5279 adjacentias
569 5204 638 5260 ad
658 5221 720 5262 se
740 5206 1098 5277 pertinentes,
1127 5217 1201 5271 te,
1231 5214 1577 5261 sacrosancta
1618 5207 1794 5261 eccle-

203 5301 307 5363 sia,
329 5306 388 5352 ut
409 5295 611 5352 habeas
627 5296 755 5353 volo
780 5305 945 5367 atque
971 5297 1252 5366 praecipio;
1285 5304 1340 5352 et
1362 5296 1634 5351 colonicas
1658 5296 1793 5351 infra

206 5392 326 5460 ipsa
358 5390 499 5446 valle
538 5390 814 5447 Briantina
852 5398 909 5444 et
951 5388 1278 5459 Aquisiana,
1304 5403 1463 5459 quem
1495 5389 1563 5443 de
1594 5389 1791 5444 Vuide«

203 5483 390 5554 gunde
435 5482 908 5552 conquesivimus,
955 5480 1097 5536 unde
1145 5480 1405 5535 Bardinus
1446 5481 1797 5551 capito?arius

205 5584 314 5630 est.

279 5664 543 5722 Similiter
593 5674 649 5720 et
692 5665 745 5719 in
791 5662 1190 5731 Gerentonnis,
1241 5660 1517 5717 colonicas
1563 5661 1631 5716 de
1680 5662 1796 5732 ipsa

277 5806 305 5834 ι
344 5791 425 5851 Ex
444 5795 529 5851 his
550 5803 607 5848 et
631 5794 893 5850 similibus
922 5793 1099 5847 verbis
1133 5794 1435 5848 testamenti
1472 5792 1792 5855 Widerardi,

204 5882 368 5939 supra
390 5865 524 5939 (Coi.
542 5864 722 5937 1268),
743 5863 920 5922 evadit
945 5863 1296 5923 differentiam
1329 5863 1611 5933 quamdam
1630 5864 1794 5920 fuisse

1904 3294 1960 3338 et
2006 3285 2228 3339 (indane
2285 3286 2349 3338 ad
2409 3301 2509 3340 nos
2562 3289 2824 3355 pervenit,
2857 3304 2951 3341 seu
3005 3298 3061 3343 et
3104 3290 3247 3357 quod
3301 3291 3503 3347 domno

1906 3376 2255 3432 Waldeberto
2277 3378 2534 3449 episcopo
2556 3387 2612 3433 et
2640 3379 2706 3433 de
2730 3379 3030 3448 Riguberga
3058 3381 3255 3436 ibidem
3273 3382 3503 3452 conqui-

1905 3469 2160 3534 sivimus;
2206 3478 2261 3523 et
2316 3469 2565 3523 colonica
2622 3468 2713 3523 ubi
2739 3468 2938 3523 dicitur
2965 3470 3306 3538 Alhariosco,
3335 3487 3497 3542 quem

1906 3558 2211 3614 Marcianus
2241 3574 2429 3614 servos
2482 3567 2669 3615 noster
2710 3560 2902 3629 habet,
2943 3576 3105 3632 quem
3159 3563 3227 3619 de
3276 3564 3502 3620 Dodone

1906 3660 2130 3720 parente
2158 3665 2278 3705 meo
2307 3652 2360 3704 in
2392 3651 2507 3720 ipso
2540 3665 2677 3721 pago
2705 3650 3096 3708 Ebredunense
3125 3654 3193 3707 ad
3242 3670 3330 3710 me
3374 3670 3500 3726 per-

1902 3741 2077 3805 venit;
2118 3756 2219 3796 nec
2250 3756 2357 3795 non
2381 3749 2437 3794 et
2461 3741 2736 3796 colonicas
2762 3749 2974 3797 nostras
3003 3743 3055 3796 in
3075 3757 3213 3812 pago
3244 3744 3500 3812 Rigoma-

1901 3848 2087 3901 gense,
2113 3847 2273 3901 quem
2318 3832 2551 3886 Baronta
2582 3832 2805 3887 libertus
2837 3841 3021 3886 noster
3068 3834 3122 3887 in
3172 3833 3495 3890 beneﬁcium

1903 3925 2096 3990 habet;
2129 3932 2183 3977 et
2212 3922 2408 3978 liberto
2435 3938 2559 3977 meo
2614 3923 2788 3992 ipsum
2837 3925 3141 3979 Barontane
3195 3940 3299 3979 uua
3351 3928 3495 3997 apud

1905 4016 2049 4070 Solia
2096 4029 2256 4083 quem
2303 4014 2354 4068 ei
2384 4014 2651 4079 dedimus,
2680 4024 2740 4068 ut
2762 4015 2829 4069 ad
2858 4022 2935 4077 te,
2962 4014 3122 4071 heres
3146 4031 3345 4081 meam,
3380 4018 3494 4085 ipse

1902 4107 2135 4159 Baronta
2159 4105 2406 4174 aspicere
2419 4105 2621 4159 debeat
2642 4106 2764 4161 volo
2786 4121 2849 4160 ac
2868 4105 3053 4174 jubeo.
3079 4106 3211 4162 Item
3240 4108 3291 4162 in
3317 4109 3489 4178 ipsum

1900 4212 2040 4267 pago
2070 4196 2482 4263 Ebredunense,
2510 4198 2786 4252 colonicas
2816 4199 2869 4252 in
2900 4198 3146 4267 Boresio,
3168 4216 3331 4269 quem
3358 4200 3496 4256 Sau-

1900 4305 1988 4342 ma
2012 4290 2064 4343 in
2096 4288 2351 4343 henetitio
2375 4289 2562 4354 habet,
2594 4289 2778 4355 Rodis,
2804 4290 2897 4344 ubi
2925 4291 3258 4347 verbicarius
3305 4303 3495 4349 noster

1899 4384 2121 4437 nomine
2150 4382 2476 4437 Laurentius
2527 4392 2742 4449 manet;
2795 4384 3072 4440 colonicas
3116 4386 3172 4440 in
3220 4385 3489 4452 Velentin,

1902 4488 2063 4543 quem
2088 4489 2185 4542 per
2213 4475 2629 4543 praeceptionem
2654 4474 2924 4529 dominica
2952 4476 3019 4529 de
3046 4478 3259 4531 ratione
3283 4478 3493 4533 Hicult‘u

3306 4571 3490 4625 omnia

1898 4662 1953 4709 et
1978 4669 2043 4708 ex
2068 4654 2317 4708 omnibus
2342 4655 2598 4723 quicquid
2629 4656 2682 4709 in
2714 4657 2888 4724 ipsum
2916 4671 3054 4727 pago
3077 4656 3490 4732 Ebredunense,

1896 4761 1991 4800 seu
2036 4754 2095 4799 et
2144 4746 2195 4799 in
2246 4746 2709 4800 valleMoceense
2751 4756 2809 4801 et
2852 4748 3262 4816 ltigomagense,
3281 4758 3389 4804 tam
3417 4752 3491 4808 de

1895 4842 2227 4905 conquestu,
2270 4850 2431 4904 quam
2474 4834 2542 4889 de
2585 4836 2744 4889 alode
2792 4846 3075 4905 parentum
3135 4848 3442 4893 nostrorum
3467 4882 3486 4909 ,

1896 4927 2050 4981 nobis
2080 4927 2131 4980 in
2162 4927 2310 4994 ipsus
2340 4940 2507 4996 pagos
2553 4928 2791 4992 obvenit,
2821 4928 2887 4982 ad
2918 4929 3206 4998 integrum,
3230 4946 3336 4985 una
3360 4948 3483 4986 cum

1894 5016 2074 5086 alpes,
2120 5016 2244 5081 tibi,
2289 5017 2654 5086 suprascripta
2696 5016 2854 5073 heres
2892 5034 3102 5087 meam,
3141 5033 3487 5078 sacrosancta

1894 5107 2147 5172 ecclesia,
2176 5108 2375 5163 habere
2405 5109 2527 5163 volo
2553 5124 2615 5163 ac
2638 5110 2822 5176 jubeo.

1967 5196 2155 5252 Simile
2184 5212 2414 5266 namque
2440 5199 2600 5253 modo
2626 5200 2677 5252 in
2711 5215 2851 5271 pago
2877 5200 3292 5270 Vuapencense,
3324 5212 3482 5259 corte

1896 5304 2017 5346 mea
2065 5291 2322 5357 Talaruo,
2372 5307 2476 5345 una
2520 5308 2643 5346 cum
2673 5293 2896 5348 libertus
2944 5303 3160 5351 nostros
3204 5294 3481 5364 Sicualdo,

1897 5398 2020 5438 cum
2048 5397 2266 5438 sorores
2310 5398 2434 5439 suas
2463 5391 2520 5438 et
2558 5385 2789 5441 infantes
2814 5401 3000 5442 earum
3027 5404 3042 5454 ;
3074 5387 3308 5445 Maximo
3355 5406 3485 5448 cum

1898 5491 1992 5530 sua
2039 5484 2096 5530 et
2141 5475 2374 5531 infantes
2404 5493 2627 5543 eorum;
2656 5479 2893 5546 Calaico,
2944 5496 3048 5535 una
3103 5498 3225 5537 cum
3258 5483 3485 5543 libertus

1897 5572 2132 5630 nostros,
2163 5575 2219 5619 et
2260 5566 2553 5621 Alliouicos
2589 5582 2750 5635 quem
2779 5570 2848 5623 de
2882 5571 3228 5639 Vuidegunde
3252 5576 3482 5646 conqui-

1896 5656 2135 5723 sivimus,
2156 5665 2212 5712 et
2239 5656 2413 5713 liberti
2439 5660 2607 5716 nostri
2636 5660 2691 5715 in
2722 5662 2894 5732 ipsum
2922 5664 3219 5722 Allionieus
3243 5682 3485 5723 comma-

1900 5794 2040 5868 inter
2067 5806 2273 5868 servos,
2297 5794 2633 5868 ingenuitate,
2669 5812 2965 5868 servosque
2988 5802 3209 5868 simplici
3249 5803 3485 5857 libertate

1897 5864 2163 5920 donatos:
2194 5863 2249 5919 bi
2278 5863 2466 5927 liberti.
2501 5866 2574 5923 illi
2599 5868 2810 5939 ingenui
2836 5863 3305 5943 nuncupabantur.
