4206 6590
732 418 870 477 nas

1517 406 1784 463 SrECliL.
1830 403 1914 457 \‘Il
1960 401 2044 455 ΕΤ
2086 397 2195 451 Vlll
2244 388 2778 449 [CCCLESIASTICA
2830 385 3276 442 MUNLMENTA.

3862 385 3883 438 l
3896 382 4005 443 196

634 536 639 543 ’
717 552 847 592 nere
878 532 1158 595 videntur;
1193 525 1390 581 Marius
1420 538 1539 577 cum
1566 534 1855 591 germanos
1877 531 2029 582 suos,
2061 522 2116 568 ct
2147 512 2306 567 liber-
2343 524 2380 577 Α
2413 505 2580 559 Terra
2606 509 2663 559 et
2693 499 2958 571 mancipia
2988 499 3041 553 in
3067 495 3278 553 Sevelis
3299 508 3459 567 quem
3485 495 3554 553 de
3579 496 3754 554 Avolo
3778 498 4007 571 presby-

717 636 804 684 tus
850 633 1067 682 nostros
1112 622 1166 676 in
1219 614 1528 679 Venavella,
1562 612 1912 669 llidcbertum
1960 620 2081 664 cum
2133 617 2304 658 uxore

716 737 813 778 sua
844 729 900 776 et
929 717 1162 774 infantes
1186 705 1376 768 eorum
1398 748 1414 776 ,
1442 722 1603 779 quem
1631 706 1702 761 de
1734 699 2080 770 Vuidegunde
2109 697 2174 752 ad
2206 710 2306 750 nos

716 816 1107 885 pervenerunt;
1136 803 1360 859 Kalares
1379 814 1540 870 quem
1571 798 1638 854 de
1666 799 1781 868 ipsa
1806 790 2152 861 Vuidegunnle
2175 804 2307 843 con-

715 883 1034 974 quisivimus
1063 895 1200 971 [ubi]
1231 894 1539 949 Matarellos
1566 892 1789 946 libertus
1806 894 1988 942 noster
2005 892 2180 938 manet
2204 901 2220 949 ;
2253 883 2304 936 in

717 994 960 1051 colonica
992 988 1315 1046 dominicele
1342 996 1398 1042 et
1438 994 1590 1040 extra
1630 990 1756 1038 sunt
1799 990 1971 1034 terras
2020 986 2077 1032 et
2123 980 2307 1029 vineas

719 1080 1075 1140 dominicales
1109 1098 1123 1135 :
1154 1079 1255 1133 ista
1299 1075 1481 1132 omnia
1522 1071 1920 1142 suprascripta,
1953 1082 2056 1121 una
2085 1080 2207 1121 cum
2240 1064 2305 1118 li-

715 1175 887 1233 bertis
914 1189 981 1229 ac
1007 1172 1215 1229 colonis
1241 1176 1299 1224 et
1326 1166 1529 1229 servis,
1564 1179 1671 1219 una
1700 1178 1822 1218 cum
1854 1158 2121 1230 adjunciis
2160 1155 2307 1224 adja-

716 1269 1019 1336 centiisque
1058 1264 1169 1320 suis
1213 1262 1282 1316 ad
1326 1261 1441 1330 ipsa
1469 1258 1588 1315 loca
1617 1255 1971 1328 pertinentes,
2006 1260 2092 1315 te,
2122 1265 2308 1305 sacro-

718 1369 908 1417 sancta
937 1356 1190 1421 ecclesia,
1225 1363 1285 1409 ut
1309 1353 1513 1408 habeas
1546 1351 1668 1406 volo
1710 1364 1773 1403 ac
1814 1347 2001 1416 jubeo.
2051 1347 2115 1399 Et
2162 1344 2307 1398 dono

721 1454 917 1508 liberto
947 1464 1069 1505 meo
1096 1448 1163 1503 ad
1190 1448 1304 1517 ipsa
1335 1446 1586 1509 ecclesia,
1612 1443 1829 1497 nomine
1852 1440 2190 1504 Amalberto,
2217 1438 2308 1507 qui

720 1547 888 1602 habet
915 1558 1087 1599 uxore
1119 1541 1225 1595 lilia
1255 1540 1425 1609 ipsius
1465 1534 1765 1590 Mattarello
1792 1548 1954 1603 quem
1987 1546 2088 1601 ego
2117 1546 2309 1584 manu-

720 1635 868 1698 misi,
897 1645 949 1688 et
990 1632 1165 1701 ipsum
1195 1629 1301 1685 dua
1331 1627 1598 1696 mancipia
1639 1625 1763 1680 dedi
1809 1623 1876 1679 ad
1904 1636 2029 1677 casa
2063 1621 2313 1689 Vuapen-

722 1742 909 1791 cense,
934 1724 1018 1779 his
1047 1721 1374 1785 nominibus,
1399 1718 1645 1773 Rusticiu
1673 1724 1727 1770 et
1755 1713 2016 1783 Lupolina
2037 1730 2051 1778 ;
2075 1714 2314 1779 itemque

725 1829 785 1875 et
826 1819 881 1875 in
929 1817 1105 1888 ipsum
1145 1829 1283 1885 pago
1327 1810 1735 1882 Vuapenicense
1767 1807 1991 1869 Altana,
2043 1819 2205 1874 quem
2247 1803 2314 1857 de

726 1910 887 1968 alode
934 1917 1217 1980 parentum
1263 1920 1508 1960 meorum
1550 1903 1747 1967 habeo,

726 2001 945 2065 ancilla,
971 1996 1370 2068 quem-genitor
1398 2009 1549 2049 meus
1578 1992 1646 2047 de
1674 1991 1837 2046 Persa
1866 1986 2189 2056 conquisivit
2214 2004 2229 2051 ;
2262 1992 2316 2038 et

724 2092 850 2150 illas
878 2099 1052 2146 terras
1081 2088 1279 2143 ibidem
1310 2086 1365 2140 in
1393 2082 1707 2152 Campania,
1741 2094 1863 2134 cum
1913 2077 2001 2131 illa
2032 2077 2155 2145 alpe
2183 2073 2314 2128 Cas-

727 2183 921 2246 sauda,
948 2194 1109 2251 quem
1139 2178 1207 2232 de
1237 2176 1578 2231 Lavarnosco
1610 2171 1807 2227 ibidem
1837 2170 2139 2231 trahemus;
2173 2166 2317 2235 ipsas

728 2284 904 2330 terras
952 2284 1123 2340 usque
1171 2268 1238 2322 ad
1284 2281 1495 2321 summa
1541 2264 1842 2332 mancipia,
1896 2275 2058 2330 quem
2108 2258 2313 2324 Siagria

724 2364 1152 2434 conquisivinius
1183 2374 1197 2413 :
1230 2360 1329 2414 ista
1383 2357 1565 2412 omnia
1609 2353 1995 2424 suprascripta,
2043 2366 2147 2407 una
2192 2365 2315 2405 cum

724 2454 962 2524 campis,
994 2450 1198 2522 pratis,
1230 2448 1406 2513 silvis,
1445 2446 1688 2517 pascuis,
1730 2443 1977 2514 alpibus,
2020 2440 2316 2509 adjacenti-

727 2546 937 2614 busque
960 2543 1072 2599 suis
1099 2541 1165 2595 ad
1196 2540 1310 2608 ipsa
1340 2538 1457 2593 loca
1486 2535 1826 2606 pertinentis,
1857 2541 1936 2601 tu,
1966 2538 2314 2587 sacrosancta

728 2633 979 2699 ecclesia,
1011 2631 1216 2687 habeas
1246 2628 1370 2684 volo
1399 2643 1463 2684 ac
1486 2626 1673 2696 jubeo.

804 2725 992 2782 Simile
1010 2736 1251 2790 namque
1276 2720 1436 2775 modo
1465 2719 1519 2773 in
1550 2718 1667 2788 ipso
1697 2729 1835 2788 pago
1867 2713 2278 2784 Vuaponicense
2298 2750 2312 2773 ,

728 2826 887 2876 corte
918 2830 1038 2870 mea
1064 2811 1246 2884 Opaga
1277 2826 1401 2867 cum
1431 2811 1606 2866 omnis
1646 2806 1971 2880 appenditiis
1999 2820 2125 2860 suas
2164 2803 2233 2857 ad
2261 2818 2320 2857 se

727 2909 1083 2983 pertinentes,
1115 2920 1278 2976 quem
1324 2902 1483 2957 alode
1527 2908 1811 2971 parentum
1858 2912 2104 2952 meorum
2145 2894 2320 2949 habeo

730 2999 876 3073 apud
904 2999 1172 3061 colonica,
1197 3012 1357 3067 quem
1402 2994 1471 3050 de
1505 2993 1778 3049 Venatore
1826 2988 2123 3045 avunculus
2168 3000 2322 3041 meus

730 3095 961 3149 domnos
988 3089 1359 3147 Semforianus
1389 3095 1412 3123 ⁸
1444 3086 1731 3157 episcopus
1760 3080 2081 3152 conquisivi,
2114 3089 2189 3143 tu,
2223 3079 2316 3133 he-

730 3200 820 3242 res
850 3200 988 3251 mea,
1023 3192 1082 3240 ut
1109 3183 1311 3239 habeas
1348 3181 1473 3235 volo
1504 3194 1569 3234 ac
1601 3176 1801 3247 jubeo;
1850 3174 2097 3230 colonica
2136 3173 2322 3228 subtus
2352 3204 2398 3267 Ο

731 3279 899 3348 ripas,
928 3291 1090 3347 quem
1119 3274 1186 3329 ad
1216 3274 1468 3329 libertum
1508 3285 1688 3325 meum
1720 3269 1940 3324 nomine
1968 3265 2191 3322 Bertarii
2218 3265 2323 3320 de-

734 3368 932 3434 dimus,
964 3366 1195 3422 infantes
1217 3365 1300 3420 sui
1330 3365 1565 3419 habeant
1592 3362 1716 3417 volo
1743 3376 1807 3416 ac
1830 3359 2023 3429 jubeo,
2049 3368 2104 3414 et
2133 3357 2231 3428 ipsi
2260 3356 2327 3411 ad

733 3460 936 3518 herede
962 3474 1082 3515 mea
1124 3458 1369 3528 aspicere
1403 3455 1638 3511 debeant
1680 3454 1864 3518 Bonis,
1894 3452 2211 3515 Graviosco,
2244 3460 2325 3515 tu,

735 3553 896 3607 heres
934 3564 1058 3604 mea
1102 3554 1449 3604 sacrosancta
1477 3545 1704 3601 ecclesia
1748 3544 1935 3599 Sancti
1966 3540 2111 3596 Petri
2141 3555 2329 3595 mona-

740 3642 892 3698 sterii
939 3638 1267 3702 Novalieins,
1304 3644 1362 3691 ut
1402 3637 1605 3691 habeas
1658 3634 1785 3689 volo
1831 3648 1895 3689 ac
1944 3630 2130 3700 jubeo.
2171 3629 2330 3684 Simi-

740 3736 866 3789 liter
922 3739 1077 3788 eorte
1140 3744 1259 3786 mea
1310 3727 1694 3795 Valerignaca,
1747 3739 1853 3780 una
1906 3739 2029 3780 cum
2080 3722 2330 3777 libertum

739 3838 921 3882 meum
985 3822 1227 3887 Saviuo,
1293 3834 1417 3876 cum
1475 3817 1615 3873 lilins
1667 3832 1798 3872 suos
1861 3823 1918 3870 et
1976 3813 2098 3867 tiliis
2152 3809 2332 3865 liberti

739 3913 852 3971 mei
875 3912 1179 3981 Siseberga,
1208 3909 1750 3979 Magnibertum-cnm
1788 3918 2076 3974 germanus
2110 3916 2240 3958 suos
2277 3907 2335 3956 et

745 4005 889 4060 illius
916 4018 1046 4060 suos
1073 4002 1161 4059 vel
1188 4001 1327 4057 alius
1348 4001 1572 4056 libertus
1593 4008 1808 4055 nostros
1832 3997 1926 4066 qui
1951 3995 2019 4051 ad
2045 3996 2159 4065 ipsa
2181 4000 2334 4049 curte

738 4096 1027 4168 aspiciunt,
1075 4094 1275 4151 habere
1323 4092 1448 4149 volo
1493 4106 1559 4147 ac
1587 4090 1753 4160 jubeo
1785 4105 1800 4143 :
1831 4087 2004 4142 Roma
2059 4100 2166 4140 una
2210 4098 2332 4139 cum

741 4186 1075 4259 adpendiciis
1102 4200 1289 4242 earum
1315 4194 1371 4239 et
1397 4184 1568 4254 alpes,
1598 4190 1797 4252 praeter
1826 4193 1988 4250 quem
2015 4177 2084 4231 ad
2112 4176 2336 4230 libertus

740 4298 895 4339 meos
923 4281 1155 4337 infantes
1183 4277 1473 4335 Aldelredo
1513 4285 1570 4333 et
1604 4275 1903 4332 Godoberti
1932 4275 1986 4330 in
2016 4274 2131 4344 ipsa
2164 4271 2335 4326 Roma

742 4373 1013 4439 dedimus,
1040 4372 1165 4427 volo
1192 4380 1252 4426 ut
1296 4368 1536 4426 habeant
1563 4376 1618 4424 et
1646 4366 1748 4439 ipsi
1776 4365 1845 4421 ad
1872 4364 2129 4421 heredem
2159 4375 2336 4417 meam

743 4464 1026 4536 aspiciant.
1067 4462 1362 4532 Laquatico
1394 4476 1499 4516 una
1545 4475 1667 4516 cum
1712 4456 2046 4529 appendiciis
2086 4470 2235 4522 suas,
2266 4454 2337 4508 ad

2413 606 2530 653 tero
2570 603 2628 651 et
2667 594 2734 650 de
2762 593 3031 663 Freberga
3077 591 3274 647 femina
3303 591 3601 648 avunculos
3630 601 3816 649 noster
3840 593 4005 649 doni-

2407 703 2509 744 nus
2559 687 2912 744 Senforianus
2959 686 3301 757 conquisivit,
3345 694 3400 741 et
3437 686 3663 742 libertos
3706 694 3920 744 nostros
3943 690 4007 743 in

2408 780 2714 835 Artonosco
2741 778 2881 834 lilius
2908 766 3125 832 Victore
3165 786 3220 831 et
3251 777 3390 833 Vere
3414 778 3695 845 Johannis,
3726 777 4009 837 Justeber-

2411 884 2517 938 tus,
2546 874 2762 938 Paulos,
2796 880 2851 926 et
2878 872 3222 936 Verissimus,
3245 870 3476 935 Justina,
3500 880 3555 925 et
3581 870 3859 936 Bertililes,
3885 872 4008 942 ipsa

2412 976 2555 1023 terra
2584 975 2640 1020 et
2668 965 2934 1035 mancipia
2968 965 3022 1018 in
3050 963 3255 1019 Schlis
3284 964 3336 1016 in
3367 961 3630 1018 beneﬁcio
3662 963 3880 1029 habent,
3912 972 4004 1029 tu,

2412 1056 2573 1113 heres
2602 1070 2721 1111 mea
2751 1062 3102 1109 sacrosancta
3130 1053 3356 1108 ecclesia
3394 1052 3579 1109 Sancti
3612 1052 3755 1108 Petri
3785 1054 4009 1109 Novati-

2411 1147 2519 1201 tius
2546 1145 2863 1201 monasterii
2884 1185 2897 1202 .
2930 1152 2989 1199 ut
3012 1144 3214 1198 habeas
3244 1143 3367 1198 volo
3387 1158 3450 1198 ac
3472 1143 3660 1213 jubeo.
3694 1141 4005 1214 Capaunas,

2409 1251 2572 1307 quem
2603 1234 2672 1290 ad
2719 1234 2912 1290 liberta
2942 1248 3092 1300 mea,
3127 1233 3344 1288 nomine
3370 1234 3737 1304 suprascripte
3770 1235 4012 1289 lterteldi

2410 1328 2557 1396 dedi,
2589 1326 2714 1382 volo
2757 1334 2818 1380 ut
2845 1324 3041 1379 habeat
3085 1332 3141 1378 et
3168 1323 3236 1378 ad
3280 1324 3532 1379 heredem
3583 1339 3702 1380 mea
3738 1325 4010 1395 aspiciat;

2415 1416 2672 1472 Vobridio
2698 1431 2858 1485 quem
2877 1416 2944 1469 de
2968 1414 3155 1469 Mauro
3179 1415 3480 1482 conquisivi
3503 1426 3557 1470 et
3579 1416 3646 1471 ad
3673 1417 3862 1471 liberta
3886 1432 4013 1471 mea

2412 1507 2794 1577 suprascripta:
2822 1522 3019 1562 nomen
3047 1505 3243 1561 Justini
3270 1505 3424 1572 dedi,
3457 1521 3617 1577 quem
3649 1507 3881 1562 Dadinus
3909 1509 4015 1563 ha-

2414 1598 2526 1665 bet,
2556 1599 2679 1653 volo
2707 1606 2765 1652 ut
2794 1598 3011 1661 habeat,
3042 1604 3097 1652 et
3123 1597 3190 1652 ad
3235 1596 3490 1653 heredem
3533 1614 3710 1653 meam
3755 1599 4013 1669 aspiciat.

2413 1686 2672 1743 Coloniea
2707 1688 2950 1744 Utronno
2979 1702 3045 1743 ex
3075 1687 3233 1743 alode
3262 1698 3544 1758 parentum
3575 1705 3841 1755 meorum,
3875 1690 4014 1746 Gla-

2417 1778 2520 1843 sia,
2547 1779 2768 1842 Pontus,
2803 1780 3083 1844 Bullonne,
3120 1778 3469 1842 Muccunava,
3504 1780 3773 1845 Dladnnis,
3801 1790 3882 1849 tu,
3909 1782 4017 1837 hc-

1794 1870 2076 1962 Curenno;
2099 1896 2315 1950 αδηερε)
2354 1887 2392 1943 Β
2421 1886 2508 1924 res
2536 1886 2678 1936 mea,
2714 1878 2770 1925 ut
2801 1871 2999 1925 habeas
3050 1871 3174 1924 volo
3215 1885 3278 1925 ac
3313 1870 3499 1939 jubeo.
3528 1870 3785 1926 Similiter
3825 1881 3880 1927 ct
3925 1888 4022 1929 res

2424 1963 2542 2015 illas
2569 1963 2861 2017 Maurovéla
2883 2002 2898 2028 ,
2932 1962 3247 2023 Rodanone.
3284 1977 3389 2016 una
3419 1978 3540 2017 cum
3568 1963 3899 2032 adjacentias
3920 1980 4021 2018 ca-

2424 2068 2563 2119 rum,
2596 2053 2681 2106 vel
2722 2052 2975 2122 quicquid
3021 2054 3087 2106 de
3120 2061 3370 2122 parentes
3431 2061 3644 2107 nostros
3692 2052 3915 2108 Dodone
3960 2063 4024 2110 et

2424 2142 2645 2198 Godane
2692 2144 2847 2198 nobis
2889 2144 3083 2197 ibidem
3114 2144 3367 2208 obvenit;
3396 2154 3451 2197 et
3492 2160 3577 2197 res
3605 2143 3725 2199 illas
3756 2160 3918 2214 quem
3946 2145 4025 2202 tie

2426 2233 2775 2289 Gondobcrto
2801 2236 3223 2304 conquisivimus
3245 2278 3260 2302 ,
3292 2251 3451 2305 quem
3480 2237 3811 2291 blarabcrtns
3839 2239 3892 2292 in
3920 2241 4025 2294 be-

2426 2327 2619 2381 netieio
2648 2326 2811 2380 habet
2835 2344 2849 2392 ;
2878 2336 2933 2381 et
2961 2326 3082 2380 illas
3112 2341 3197 2381 res
3225 2340 3385 2394 quem
3428 2325 3495 2380 de
3523 2324 3838 2382 Escussario
3876 2342 4024 2383 can-

2426 2419 2764 2486 quisivimUs,
2811 2435 2915 2472 una
2957 2434 3079 2473 cum
3127 2417 3437 2488 mancipiis,
3482 2420 3672 2484 terris,
3708 2420 3796 2474 vel
3824 2435 4023 2475 omnes

2426 2512 2755 2579 adjacentias
2785 2511 2849 2565 ad
2882 2514 2992 2581 ipsa
3025 2512 3143 2566 loca
3184 2512 3537 2581 aspicientes,
3577 2512 3678 2566 ista
3707 2515 3890 2568 omnia
3918 2530 4020 2568 su-

2426 2605 2741 2673 prascripta,
2777 2613 2847 2669 te,
2880 2613 3227 2657 sacrosancta
3258 2604 3481 2658 ecclesia
3510 2604 3691 2658 domui
3721 2603 3888 2669 Petri,
3915 2605 4021 2661 hc-

2428 2700 2611 2752 i'edem
2643 2713 2839 2762 meam,
2868 2696 3067 2751 habere
3099 2697 3217 2751 volo
3249 2707 3411 2765 atque
3440 2698 3697 2766 precipio.

2494 2789 2551 2843 ln
2584 2791 2797 2843 tironno
2828 2787 3103 2854 Luciano,
3135 2803 3201 2842 ex
3230 2788 3387 2842 alode
3416 2799 3697 2857 parentqu
3727 2805 3979 2846 meorum
4002 2833 4021 2859 ,

2426 2883 2553 2934 etin
2580 2879 2908 2944 Latiomans,
2940 2880 3007 2933 ibi
3042 2881 3186 2934 Mora
3217 2882 3408 2934 ancilla
3433 2891 3613 2936 nostra
3642 2891 3844 2947 manet,
3869 2885 4024 2952 quod

2426 2971 2493 3026 de
2522 2972 2785 3040 genitrice
2817 2981 2997 3026 nostra
3027 2970 3246 3025 Rustica
3276 2972 3434 3027 michi
3464 2972 3716 3039 obvenit;
3743 2974 4025 3030 colonicas

2428 3061 2482 3114 in
2509 3059 2751 3115 Gradosa
2781 3076 2942 3129 quem
2970 3060 3338 3116 ministerialis
3366 3070 3551 3117 noster
3578 3064 3704 3117 Baio
3732 3063 3786 3119 in
3812 3063 4027 3120 beneﬁ-

2431 3159 2518 3212 cio
2549 3157 2753 3221 habuit,
2783 3167 2858 3224 tu,
2885 3156 3042 3210 heres
3071 3170 3268 3223 meam,
3294 3164 3352 3211 ut
3378 3157 3579 3213 habeas
3600 3159 3724 3214 volo
3746 3176 3810 3215 ac
3831 3160 4023 3229 jubeo.

2428 3249 2727 3314 Quonaone
2752 3248 2804 3302 in
2835 3260 2970 3317 pago
3006 3246 3259 3314 Vasense,
3291 3264 3396 3303 una
3425 3265 3551 3304 cum
3585 3251 3832 3320 ingenuis
3857 3267 4027 3322 quem

2429 3341 2495 3396 de
2522 3342 2875 3409 Vuidegunde
2891 3342 3318 3411 conquisivimus
3342 3361 3356 3407 ;
3385 3344 3608 3399 Doliana
3637 3346 3690 3400 in
3714 3360 3855 3417 pago
3877 3347 4033 3404 Ven-

2429 3436 2647 3489 dascino
2677 3450 2836 3503 quem
2864 3435 2931 3489 de
2962 3436 3076 3503 ipsa
3107 3435 3458 3503 Vuidegunde
3500 3438 3566 3491 ad
3606 3454 3705 3492 nos
3750 3441 4026 3508 pervenit,

2433 3534 2489 3580 et
2512 3526 2860 3596 suprascripti
2886 3526 3061 3580 liberti
3086 3527 3191 3581 mei
3211 3528 3405 3582 Justiui
3432 3536 3487 3583 et
3515 3528 3721 3585 Dadino
3749 3531 4028 3597 dedimus,

2434 3619 2555 3672 vnio
2587 3627 2643 3671 ut
2675 3618 2906 3671 habeant
2935 3628 2991 3672 et
3030 3617 3099 3671 ad
3132 3617 3384 3673 heredem
3418 3634 3592 3674 meam
3617 3632 4030 3677 sacrosanctam

2434 3712 2719 3765 ecclesiam
2765 3710 3048 3780 aSpiciant.
3094 3710 3153 3766 ln
3194 3726 3335 3781 pago
3377 3709 3706 3780 Sigesterico
3749 3713 3937 3767 vineas
3973 3723 4032 3767 ct

2434 3813 2607 3859 terras
2635 3804 2689 3858 in
2722 3804 3042 3870 Planciano,
3073 3819 3232 3873 quem
3272 3804 3340 3859 de
3378 3814 3605 3875 parente
3642 3814 3831 3861 nostro
3858 3805 4034 3859 Wan-

2434 3894 2683 3950 dalberto
2724 3896 2921 3950 abbate
2965 3895 3404 3964 conquisivimus.
3458 3905 3514 3950 et
3565 3896 3621 3950 in
3662 3896 3899 3952 Massilia
3942 3911 4036 3951 res

2435 3996 2651 4043 nostras
2673 3988 2938 4058 proprias,
2967 4004 3119 4044 casas
3149 3997 3205 4045 et
3236 3989 3445 4058 ortiles,
3473 4005 3635 4059 quem
3661 3990 3731 4044 de
3759 3991 4034 4045 avunculo

2436 4096 2558 4134 meo
2581 4078 2802 4134 Dndone
2823 4079 2982 4133 michi
3005 4080 3241 4146 obvenit,
3266 4089 3322 4135 et
3341 4079 3409 4135 de
3436 4081 3556 4135 avia
3582 4087 3768 4135 nostra
3797 4080 4031 4136 Dodina.

2437 4171 2700 4227 Similiter
2729 4170 2798 4226 ad
2836 4169 3003 4236 Pero,
3036 4186 3189 4227 casas
3217 4180 3273 4228 et
3297 4172 3483 4228 ortiles
3512 4171 3604 4242 qui
3640 4171 3806 4227 michi
3835 4172 3905 4228 de
3933 4188 4035 4242 pa-

2438 4271 2592 4318 rente
2615 4278 2733 4318 mea
2756 4262 2981 4318 Godane
3008 4263 3246 4329 obvenit,
3270 4273 3326 4318 et
3347 4278 3568 4333 campos
3592 4272 3649 4318 et
3674 4263 3868 4319 vineas
3892 4262 4036 4319 infra

2440 4354 2659 4411 civitate
2688 4363 2743 4408 et
2770 4355 3021 4425 portione
3042 4364 3226 4411 nostra
3258 4355 3311 4410 in
3339 4355 3623 4411 Centronis
3649 4365 3705 4412 et
3732 4356 3799 4411 ad
3827 4356 4038 4411 fontem

2441 4443 2640 4511 Lisola,
2671 4454 2842 4501 terras
2870 4454 2925 4501 et
2954 4445 3207 4517 pascuis;
3242 4449 3295 4502 in
3318 4461 3456 4517 pago
3480 4447 3724 4504 Arlatino
3748 4449 4040 4517 Anglarias

751 4560 866 4629 ipsa
894 4556 1015 4613 loca
1041 4556 1394 4626 pertinentes,
1419 4562 1476 4608 et
1498 4550 1644 4622 quod
1672 4565 1702 4605 a
1725 4549 1917 4605 Iiberta
1948 4562 2069 4602 mea
2099 4547 2337 4602 Dumnu~
2360 4563 2414 4622 D
2441 4544 2498 4592 et
2544 4536 2763 4593 Vivario
2810 4539 3064 4608 portione
3093 4547 3299 4606 nostra,
3330 4548 3384 4595 et
3414 4538 3504 4594 illa
3532 4540 3636 4594 alia
3665 4554 3832 4608 quem
3861 4555 4039 4595 avun-

744 4650 879 4713 lina,
928 4661 1088 4716 quem
1137 4644 1485 4709 commutavi,
1526 4641 1650 4698 dedi
1701 4640 1753 4695 in
1794 4640 1967 4711 ipsum
2016 4638 2336 4708 Laquatico,

746 4741 876 4796 volo
905 4747 964 4795 ut
991 4740 1206 4804 habeat,
1248 4746 1304 4793 et
1353 4737 1421 4792 ad
1469 4734 1725 4791 heredem
1772 4745 1948 4787 meam
1993 4738 2342 4786 sacrosancta

747 4831 976 4889 ecclesia
1005 4828 1250 4899 aspiciat.
1282 4826 1351 4880 Et
1392 4834 1564 4881 terras
1594 4824 1647 4879 in
1683 4821 2050 4884 Esturbatina,
2082 4833 2244 4887 quem
2275 4816 2343 4872 de

753 4920 1026 4980 Bonevalo
1063 4918 1367 4989 conquisivi
1408 4925 1464 4972 et
1506 4916 1574 4971 ad
1604 4913 1969 4984 suprascripta
1998 4910 2191 4966 liberta
2222 4924 2342 4964 mea

754 5012 973 5071 nomine
1000 5009 1322 5066 Sendeberti
1350 5007 1491 5071 dedi,
1524 5006 1650 5062 volo
1678 5016 1734 5059 ut
1761 5004 1978 5065 habeat,
2011 5010 2067 5057 et
2095 5001 2160 5055 ad
2186 5002 2343 5056 here-

753 5103 877 5158 dem
906 5115 1078 5155 meam
1109 5098 1353 5168 aspiciat.
1383 5097 1666 5154 Colonicas
1691 5095 1745 5149 in
1775 5093 2023 5148 Taraone
2043 5132 2059 5156 ,
2087 5106 2248 5160 quem
2277 5091 2345 5144 de

761 5192 1062 5259 llicuberga
1106 5189 1550 5261 conquisivimus,
1579 5194 1635 5243 et
1673 5196 1845 5242 terras
1874 5185 1927 5239 in
1964 5183 2165 5239 Crat-iis
2191 5190 2247 5237 et
2276 5182 2342 5236 li-

758 5285 945 5341 bertus
970 5288 1184 5339 nostros
1206 5278 1485 5338 Moroaldo
1508 5288 1564 5333 et
1585 5292 1756 5334 uxore
1783 5291 1880 5330 sua
1907 5275 1990 5329 vel
2016 5274 2136 5328 tiliis
2157 5288 2343 5328 eorum

762 5391 923 5445 quem
950 5373 1183 5445 genitrix
1214 5387 1334 5427 mea
1362 5371 1584 5427 Rustica
1612 5370 1680 5425 de
1707 5383 1845 5441 pago
1876 5368 2191 5423 Genevense
2220 5364 2347 5419 fecit

760 5466 950 5526 venire
1000 5475 1058 5522 et
1104 5479 1267 5537 super
1314 5463 1427 5535 ipsa
1476 5471 1621 5518 terra
1674 5463 1823 5532 ipsus
1864 5473 2149 5514 mansurus
2195 5456 2342 5512 fecit.

835 5646 862 5676 ⁸
892 5640 1314 5706 Semforianum,
1343 5654 1454 5695 non
1485 5635 1705 5693 aliunde
1733 5642 1919 5691 notum
1941 5633 2075 5706 ,‘hic
2103 5636 2346 5706 avuncu-

768 5714 875 5771 lum
897 5729 1076 5779 suum,
1099 5711 1236 5767 infra
1258 5704 1437 5765 autem
1464 5717 1713 5780 patruum
1736 5721 1890 5780 suum
1914 5704 2067 5758 Ahbo
2089 5704 2344 5780 appellat,

784 5786 912 5845 Inde
962 5773 1130 5852 liquet
1181 5773 1481 5852 utramque
1516 5793 1706 5852 vocem
1760 5777 1878 5831 hae-
1908 5782 2066 5852 {etate
2112 5773 2347 5852 habitam

779 5843 934 5912 luisse
959 5843 1057 5926 prb
1085 5843 1399 5925 synonyma.
1427 5848 1688 5905 Eumdem
1718 5854 1877 5903 vocat
1899 5844 2208 5915 episcopum
2240 5843 2344 5899 Va-

2442 4631 2568 4686 culo
2598 4646 2722 4687 meo
2749 4631 2974 4687 Dodona
3003 4632 3167 4688 michi
3194 4631 3441 4698 obvenit,
3473 4642 3548 4696 tu,
3577 4632 3737 4687 heres
3766 4647 3908 4698 mea,
3938 4631 4042 4686 ha-

2441 4724 2572 4779 beas
2610 4724 2734 4779 volo
2779 4738 2844 4779 ac
2866 4724 3056 4793 jubeo.
3086 4724 3287 4780 Cronia
3313 4723 3366 4778 in
3398 4738 3536 4793 pago
3566 4723 3897 4789 Tolonense,
3929 4740 4040 4779 una

2442 4829 2566 4869 cum
2586 4813 2791 4869 libertis
2815 4829 2880 4868 ac
2906 4813 3113 4870 colonis
3140 4822 3196 4869 et
3219 4815 3409 4880 servis,
3436 4813 3615 4880 terris,
3637 4812 3838 4879 vineis,
3867 4813 4043 4868 olive-

2446 4904 2532 4969 tis,
2564 4919 2661 4959 seu
2689 4912 2747 4959 et
2785 4904 3118 4974 adjacentias
3168 4904 3239 4960 ad
3293 4904 3705 4975 seaspicientis,
3738 4912 3815 4968 te,
3841 4904 4044 4961 herede

2444 5013 2563 5053 mea
2611 5005 2957 5072 sacrosancta
3004 4998 3235 5054 ecclesia
3278 4998 3464 5054 Sancti
3508 4997 3657 5054 Petri
3704 4998 4045 5055 monasterio

2444 5090 2731 5155 Novalicis,
2764 5091 2963 5146 habere
2990 5091 3114 5146 volo
3144 5100 3306 5160 atque
3330 5092 3599 5146 discerno.

2517 5182 2573 5236 ln
2605 5196 2743 5252 pago
2789 5181 3037 5249 Regense
3068 5180 3433 5246 Vuardacelis,
3463 5182 3555 5236 illo
3586 5182 3809 5250 proprio
3840 5191 4035 5238 nostro

2446 5283 2503 5329 et
2527 5274 2613 5327 illa
2644 5273 2893 5342 portione
2918 5286 3082 5341 quem
3109 5270 3177 5326 de
3201 5271 3423 5326 Godane
3446 5272 3896 5341 conquisivimns;
3932 5290 4045 5327 una

2446 5379 2568 5418 cum
2597 5362 2839 5417 colonica
2872 5362 2924 5415 in
2954 5360 3232 5416 Cumbolis
3261 5368 3316 5415 et
3345 5360 3638 5417 Pratalioni
3667 5362 3761 5432 qui
3787 5363 3857 5417 ad
3897 5362 4046 5419 νυτ-

2448 5455 2664 5512 dacmlis
2706 5454 2926 5525 aspicit,
2957 5454 3047 5509 ubi
3081 5453 3363 5510 Siricarius
3404 5460 3587 5509 noster
3628 5453 3791 5510 Peter
3818 5457 4044 5519 mansit,

2453 5632 2796 5702 piiicensem;
2831 5644 2930 5684 nec
2970 5628 3073 5681 alia
3104 5625 3573 5702 auctoritatfjnlti
3604 5627 4047 5702 au_ctores__Nova2

2449 5695 2634 5756 Callia:
2663 5701 3006 5759 Christianm,
3039 5707 3075 5750 t.
3109 5696 3179 5760 ll,
3210 5698 3313 5751 cnl.
3346 5695 3479 5760 457,
3511 5698 3813 5752 huncinler
3840 5696 4050 5765 Vapin-

2451 5787 2640 5829 censes
2668 5774 2952 5839 episcopos
2980 5773 3085 5839 sub
3104 5768 3320 5824 nomine
3344 5768 3724 5838 S_\'-inphnriani
3751 5782 4049 5823 recensue-

2453 5851 2577 5897 runt
2601 5838 2740 5898 circa
2766 5857 2964 5896 annum
2993 5838 3117 5892 750.
