4206 6534
175 430 312 488 5297

928 427 1360 486 DON’ATIONES
1398 427 1486 484 AC
1528 427 1986 483 TliS'l‘MlEhTA
2026 428 2265 493 EPiSC.,
2310 429 2485 497 ΑΒΚ,
2531 430 2680 488 ETC.

3294 428 3439 485 1299

172 554 251 613 tu,
283 547 441 600 heres
479 558 621 611 mea,
651 552 711 598 ut
738 543 939 599 habeas
979 544 1103 600 volo
1143 559 1207 600 ac
1231 543 1415 615 iubeo.
1448 543 1660 598 Salines
1701 543 1754 596 in
1783 549 1829 603 Α
1859 553 2001 597 stros
2030 553 2085 597 et
2115 544 2269 598 nobis
2292 543 2445 612 juxta
2474 545 2607 616 legis
2636 545 2825 600 ordine
2849 544 3074 600 debetur
3104 545 3438 615 itttpettdet‘e,

172 636 299 703 Vin,
328 638 382 692 in
411 649 548 705 pago
585 634 902 691 Arelatense
948 650 1109 704 quem
1152 635 1220 690 de
1267 633 1492 690 Godane
1528 641 1753 704 parente

170 738 358 784 nostra
413 727 480 781 ad
536 741 635 782 nos
681 736 1075 796 pervenerunt,
1107 733 1164 781 et
1218 725 1309 781 illa
1344 724 1590 795 portione
1632 724 1755 779 Sia-

170 821 303 889 grite
343 834 502 888 quem
554 819 622 873 de
659 819 773 888 ipsa
825 817 1263 887 conquisivimus,
1294 831 1400 872 una
1443 831 1565 872 cum
1612 814 1755 870 arias

170 922 225 967 et
271 928 515 982 campos,
561 912 734 966 vineis
782 919 837 966 et
878 910 1113 979 olivetis,
1160 909 1462 979 mancipiis,
1513 908 1752 977 pascuis,

169 1004 370 1059 ibidem
419 1013 475 1059 et
519 1003 573 1057 in
621 1017 835 1071 campo,
866 1010 922 1056 et
962 1000 1082 1056 illas
1124 999 1331 1055 Salines
1368 1000 1420 1053 in
1452 1000 1751 1065 Alterneto,

169 1100 497 1154 Cattorosco
523 1107 579 1153 et
606 1098 658 1151 in
706 1096 928 1160 Leonio,
965 1105 1071 1149 tam
1099 1102 1283 1149 nostra
1314 1095 1564 1163 portione
1593 1106 1753 1160 quam

168 1198 227 1244 et.
253 1188 403 1257 quod
440 1187 508 1241 de
536 1186 804 1240 avunculo
834 1194 1019 1240 nostro
1046 1184 1267 1238 Dodoue
1315 1182 1510 1238 ibidem
1540 1182 1756 1250 conqui-

166 1279 413 1335 sivimus.
447 1278 502 1332 in
551 1290 687 1347 pago
732 1275 925 1330 Diense
970 1275 1176 1329 Cassies
1204 1274 1306 1329 sibi
1349 1274 1526 1344 teptis,
1552 1282 1607 1327 et
1631 1288 1757 1341 por-

169 1372 321 1425 tione
362 1377 545 1424 nostra
576 1369 627 1423 in
661 1366 972 1434 Bosedone,
999 1382 1159 1435 quem
1189 1366 1255 1420 de
1282 1365 1488 1433 Siagria
1533 1365 1756 1432 conqui-

168 1462 415 1526 sivimus,
448 1476 554 1515 una
600 1476 721 1514 cum
754 1459 958 1513 libertis
986 1465 1042 1512 et
1085 1458 1254 1512 servis
1305 1456 1387 1511 vel
1433 1454 1758 1523 adpendices

169 1570 322 1621 suas,
351 1562 406 1607 et
433 1553 682 1608 libertum
712 1560 895 1605 nostro
945 1548 1290 1610 Uuebertum,
1334 1556 1388 1601 et
1429 1546 1565 1600 iilius
1608 1561 1753 1611 suos,

168 1659 337 1713 quem
384 1659 450 1697 ex
499 1644 657 1697 alode
695 1641 760 1695 de
785 1641 1030 1710 genitore
1068 1654 1189 1694 meo
1230 1639 1424 1703 habeo,
1456 1645 1513 1690 ut
1538 1636 1754 1702 habeas,

171 1736 303 1791 volo
325 1751 389 1789 ac
414 1735 599 1804 jubeo.

241 1821 301 1876 In
332 1822 578 1877 Anibillis
609 1822 699 1876 ubi
741 1821 1065 1877 Gavioaldus
1092 1837 1278 1877 servos
1322 1829 1507 1876 noster
1537 1829 1752 1886 manet,

169 1928 278 1969 una
308 1929 432 1968 cum
463 1914 671 1968 cultura
697 1928 856 1981 quem
882 1913 949 1968 de
969 1912 1165 1967 domna
1192 1912 1398 1981 Siagria
1426 1912 1491 1965 ad
1520 1926 1619 1965 nos
1640 1926 1756 1980 per-
1785 1899 1831 1956 Β

168 2007 340 2069 venit,
373 2020 533 2074 quem
572 2006 686 2075 ipse
730 2003 1029 2059 Unebertus
1068 2005 1124 2058 in
1175 2004 1442 2059 beneﬁcio
1486 2003 1667 2068 habet,
1701 2011 1756 2057 et

170 2096 259 2149 illa
292 2096 537 2151 colonica
567 2096 633 2150 de
658 2096 867 2150 ratione
896 2096 1103 2164 parenti
1126 2096 1231 2149 mei
1253 2095 1478 2149 Goda-ze
1503 2109 1666 2163 super
1688 2094 1754 2147 de

171 2189 435 2251 Derauso,
468 2186 520 2240 in
552 2200 688 2255 pago
720 2186 931 2250 Diense,
960 2186 1049 2240 ubi
1080 2186 1400 2240 Urbicianus
1425 2199 1608 2239 servos
1638 2199 1752 2238 ma-

168 2289 283 2343 net,
319 2280 408 2333 ubi
436 2279 630 2333 dicitur
654 2278 958 2344 Riaciosco,
992 2286 1067 2339 te.
1098 2278 1349 2333 heredem
1373 2293 1546 2332 meam
1570 2293 1752 2333 sacro-

163 2380 356 2425 sancta
387 2372 630 2434 ecclesia,
663 2372 862 2425 habere
894 2372 1015 2426 volo
1051 2386 1114 2425 ac
1154 2372 1341 2440 jubeo.
1383 2372 1666 2425 Colonicas
1696 2371 1748 2424 in

164 2476 311 2531 pago
332 2462 554 2516 Attense
578 2464 631 2516 in
657 2462 924 2528 Variates,
951 2471 1003 2514 et
1025 2462 1301 2516 colonicas
1326 2463 1377 2514 in
1405 2476 1541 2531 pago
1563 2461 1747 2515 Cavel-

165 2553 299 2617 lico,
328 2552 627 2613 Attanisca,
657 2551 906 2619 Quossis,
937 2551 1219 2615 Pecciano,
1251 2551 1497 2615 Torrido,
1530 2552 1620 2619 qui
1653 2551 1753 2604 iiii-

164 2644 256 2697 ehi
288 2658 358 2698 ex
382 2642 539 2697 alode
568 2642 812 2709 genitrlci
850 2643 956 2696 mei
988 2641 1219 2695 Rustieac
1253 2650 1307 2695 et
1334 2642 1598 2695 avunculo
1628 2656 1750 2697 meo

167 2732 399 2787 Dodone
436 2733 653 2787 obvenit
680 2749 694 2787 :
725 2734 824 2787 ista
856 2734 1035 2787 omnia
1064 2733 1425 2802 suprascripta
1446 2772 1460 2797 ,
1493 2748 1595 2785 una
1625 2748 1748 2787 cum

164 2823 461 2891 adjunctis,
495 2823 863 2891 adjacentibus
891 2824 1000 2877 suis
1028 2823 1092 2877 ad
1123 2824 1237 2889 ipsa
1266 2823 1380 2877 loca
1421 2824 1749 2893 aspicientis,

164 2924 240 2977 te,
281 2922 624 2969 sacrosancta
662 2915 887 2970 ecclesia
933 2915 1076 2968 Beati
1109 2911 1252 2968 Petri
1284 2916 1511 2983 apostoli
1539 2914 1753 2969 Novali-

163 3005 246 3058 cis
278 3004 612 3071 monasterii,
642 3014 693 3060 te
719 3005 971 3061 heredem
1003 3021 1180 3061 meam
1209 3005 1410 3060 habere
1439 3006 1561 3061 volo
1590 3017 1753 3075 atque

162 3095 445 3164 praecipio.

1855 635 1928 689 ita
1957 643 2012 689 et
2041 636 2263 701 inantia,
2293 635 2358 690 ad
2401 636 2515 705 ipsa
2566 638 2766 692 herede
2812 652 2988 691 meam
3031 637 3228 692 Sancto
3277 637 3436 693 Petro

1854 727 2122 782 Novalieis
2143 728 2457 782 monasterii
2477 737 2783 783 constructa
2807 728 2986 783 facere
3005 728 3255 783 debeant.
3282 728 3439 795 Quod

1854 820 1897 874 si
1924 820 2257 874 contumacis
2286 820 2600 887 aut’ingrati
2629 822 2696 874 ad
2726 820 2980 875 heredem
3024 835 3200 875 meam
3247 835 3438 890 supra-

1855 909 2052 979 scripta
2081 911 2323 965 :ccelesia
2353 909 2601 965 steterint
2624 920 2680 965 et
2700 912 2961 966 revellare
2982 911 3284 976 voluerint;
3310 919 3439 965 tunc

1857 1000 2017 1055 liceat
2045 1010 2267 1069 agentes
2294 1000 2493 1056 herede
2522 1016 2698 1056 meam
2727 1016 2822 1057 eos
2851 1018 2971 1057 cum
3004 1004 3220 1073 pietatis
3247 1004 3439 1059 ordine

1854 1090 2168 1152 cohercere,
2198 1098 2254 1143 ut
2281 1090 2382 1159 ipsi
2410 1091 2797 1160 impensionem
2828 1091 3049 1159 iaciant,
3076 1094 3215 1148 sicut
3240 1094 3307 1147 ad
3338 1110 3437 1164 pa-

1858 1186 2037 1231 rentes
2066 1186 2283 1234 nostros
2325 1187 2380 1232 et
2422 1195 2521 1234 nos
2564 1180 2824 1235 fecerunt.
2858 1181 3015 1248 Quod
3059 1183 3101 1237 si
3150 1184 3343 1251 ingrati
3385 1192 3442 1239 et

1857 1269 2042 1324 rebelli
2069 1271 2422 1341 perstiterint,
2455 1280 2584 1326 tunc
2609 1272 2751 1341 quod
2781 1272 2868 1326 lex
2896 1272 2962 1326 de
2986 1274 3282 1343 ingratiset
3308 1290 3439 1331 cou-

1857 1359 2085 1414 tumacis
2112 1360 2317 1416 libertis
2354 1362 2613 1427 continet,
2644 1377 2764 1417 cum
2786 1362 2969 1431 judice
3005 1365 3440 1434 interpellatione

1858 1458 1913 1503 et
1940 1450 2291 1507 distractione
2319 1452 2386 1507 ad
2415 1453 2615 1509 herede
2651 1469 2769 1509 mea
2811 1456 3115 1523 exsolvant,
3146 1466 3201 1513 et
3226 1459 3293 1514 ad
3322 1459 3440 1531 ipsa

1858 1553 2133 1598 revertant
2160 1545 2283 1601 volo
2312 1561 2375 1600 ac
2399 1547 2587 1616 jubeo.

1928 1640 1994 1694 Et
2024 1642 2166 1697 dono
2212 1643 2577 1712 suprascripto
2627 1657 2765 1712 pago
2808 1641 3329 1715 Gratianopolitano,
3377 1647 3444 1704 li-

1858 1732 2007 1786 berta
2055 1748 2171 1787 mea
2201 1733 2520 1789 Sanctitilde
2549 1736 2635 1803 qui
2670 1745 2851 1791 manet
2876 1738 2927 1791 in
2961 1737 3114 1802 Pino,
3149 1755 3270 1793 cum
3303 1740 3444 1797 lilius

1860 1838 1987 1879 suos
2023 1823 2302 1881 Sicufredo
2331 1833 2387 1879 et
2434 1824 2685 1893 Sigirico,
2732 1826 3010 1883 Sicumare
3058 1838 3115 1884 et
3158 1843 3445 1898 germanos

1862 1930 2049 1972 eorum
2082 1917 2280 1973 llelene
2306 1926 2362 1973 et
2392 1918 2658 1988 Sigilinaz;
2691 1927 2744 1973 et
2774 1920 2825 1974 in
2858 1920 3031 1989 ipsum
3068 1937 3206 1992 pago
3233 1922 3447 1979 Gratia-

1863 2008 2176 2077 ncpolitano
2222 2008 2485 2088 donamus
2530 2009 2725 2063 liberto
2753 2018 2942 2064 nostro
2984 2026 3180 2065 nomen
3227 2013 3445 2068 Condu-

1860 2099 2014 2153 berto
2044 2098 2276 2164 eunuch,
2299 2108 2351 2154 et
2371 2090 2653 2169 germanas
2676 2115 2802 2155 suas
2826 2116 2947 2156 cum
2979 2103 3124 2157 omni
3149 2118 3261 2156 rem
3284 2119 3443 2172 quem

1864 2186 2237 2256 Vuidegundas
2288 2188 2354 2241 ad
2403 2197 2655 2258 parentes
2705 2205 2832 2243 suos
2884 2189 2936 2243 in
2992 2204 3295 2259 pagnanum
3351 2207 3445 2262 per

1860 2278 2103 2334 cessione
2133 2278 2301 2344 dedit,
2337 2280 2459 2333 volo
2492 2287 2549 2333 ut
2578 2280 2813 2335 habeant
2853 2288 2909 2335 ct
2963 2280 3029 2333 ad
3082 2281 3278 2335 herede
3327 2298 3443 2334 mea

1860 2368 2142 2436 aspiciant.
2179 2367 2449 2421 Donamus
2480 2369 2668 2422 liberta
2713 2380 2896 2423 nostra
2931 2369 3292 2423 Droctesenda
3322 2385 3441 2423 eum

1858 2458 2000 2514 [ilius
2028 2474 2177 2523 suos,
2208 2468 2263 2513 et
2307 2460 2471 2513 habet
2501 2460 2615 2528 ipsa
2655 2460 2846 2514 liberta
2876 2470 3058 2514 nostra
3093 2463 3257 2516 homo
3299 2462 3444 2529 inge-

1861 2568 1996 2607 nuus
2025 2552 2241 2606 nomine
2286 2550 2618 2616 Radbertus;
2664 2551 2909 2606 dedimus
2946 2552 3256 2609 Celscberto
3297 2553 3445 2606 colo-

1858 2644 1977 2698 nica
2009 2644 2058 2697 in
2085 2641 2344 2707 Glisione,
2389 2657 2558 2712 prope
2586 2643 2655 2699 de
2684 2644 2862 2707 Arcia,
2897 2646 3020 2699 volo
3052 2654 3109 2699 ut
3139 2644 3356 2711 haheat,
3387 2653 3446 2700 et

1859 2735 1925 2789 ad
1954 2734 2152 2788 herede
2182 2749 2299 2787 mea
2348 2734 2591 2803 aspiciat.
2621 2733 2906 2790 Colonicas
2951 2744 3120 2790 terras
3165 2746 3220 2790 et
3260 2738 3446 2794 vineas

1860 2826 2229 2891 dominicales,
2264 2842 2421 2894 quem
2450 2826 2610 2882 Jocos
2637 2827 2836 2884 lerator
2867 2838 3051 2882 noster
3081 2830 3133 2883 in
3173 2831 3440 2896 cessione.

1859 2928 1914 2975 et
1938 2921 2253 2988 Opilonicus
2275 2935 2443 2986 usque
2466 2937 2609 2974 nunc
2641 2921 2692 2974 in
2718 2921 3027 2975 beneﬁtium
3052 2922 3255 2984 habuit,
3279 2937 3438 2992 quem

1860 3011 1928 3065 de
1956 3010 2253 3078 Siguberga
2281 3011 2721 3080 conquisivimus,
2756 3012 2878 3065 volo
2910 3020 2968 3065 ut
2998 3013 3112 3081 ipse
3138 3029 3232 3081 per
3272 3022 3405 3067 testa
3426 3044 3439 3053 -

1861 3110 2044 3153 mento
2082 3108 2325 3153 nostrum
2376 3101 2600 3155 libertus
2639 3098 2748 3166 liat,
2784 3110 2837 3155 et
2873 3101 3014 3170 ipsas
3042 3103 3314 3159 colonicas
3342 3106 3442 3159 sub

234 3186 521 3241 Colonieas
549 3188 600 3241 in
629 3203 765 3258 pago
796 3189 1007 3253 Diense,
1037 3191 1124 3244 ubi
1148 3190 1342 3245 dicitur
1368 3190 1612 3253 Macitha,
1646 3203 1748 3243 una
1782 3204 1825 3265 ρ
1862 3193 2078 3247 nomine
2122 3192 2505 3248 libertinitatis.
2527 3194 2741 3260 habeat,
2773 3202 2827 3248 et
2868 3195 2933 3247 ad
2983 3195 3237 3250 heredem
3267 3213 3439 3253 meam

159 3292 287 3329 eum
335 3278 533 3332 salines
577 3279 643 3332 ad
695 3279 956 3345 Verdone,
1014 3284 1099 3349 qui
1155 3281 1219 3335 ad
1254 3281 1575 3335 Lavaeiosco
1604 3291 1755 3334 cortc

158 3377 353 3421 nostra
385 3376 743 3438 aspcxerunt,
773 3385 934 3439 quam
964 3371 1030 3426 de
1066 3370 1260 3425 domna
1294 3372 1497 3438 Siagria
1531 3369 1756 3438 conqui-

158 3458 413 3523 sivimus,
447 3466 501 3512 te
545 3458 801 3513 heredem
844 3476 1016 3515 meam
1066 3462 1267 3516 habere
1310 3462 1433 3516 volo
1462 3476 1526 3514 ac
1565 3460 1751 3528 jubeo.

159 3547 377 3600 tiasalis
407 3547 460 3599 in
489 3546 832 3615 Tenegaudia
855 3590 868 3613 ,
901 3565 1001 3602 una
1033 3564 1155 3604 cum
1186 3550 1342 3601 terris
1383 3557 1437 3603 ct
1480 3564 1671 3617 pascos
1705 3549 1755 3601 in

154 3639 280 3708 ipso
330 3648 534 3703 monte,
585 3654 744 3707 quem
785 3640 852 3695 de
886 3640 1170 3695 Valeriano
1202 3639 1414 3707 genitor
1441 3655 1593 3694 meus
1624 3654 1755 3695 con-

151 3732 422 3801 quisivit,
473 3743 527 3785 te
567 3731 819 3786 heredem
869 3747 1082 3799 meam,
1132 3738 1477 3786 sacrosancta
1527 3731 1756 3788 ecclesia

159 3822 348 3877 domui
383 3821 529 3876 Petri
560 3824 892 3887 monasterii,
924 3824 1125 3877 habere
1150 3822 1276 3877 volo
1306 3823 1577 3890 acjubeo.

226 3910 297 3965 Et
328 3912 532 3981 placuit
563 3913 723 3966 michi
755 3913 805 3966 in
841 3913 979 3967 hanc
1023 3914 1215 3981 pagina
1259 3920 1603 3969 testamentis
1649 3917 1755 3971 mei

154 4002 380 4061 adnecti
430 4002 499 4057 dc
545 4002 701 4057 alode
748 4016 1095 4072 parentorum
1144 4018 1412 4069 meorum,
1443 4006 1576 4061 aviis
1621 4008 1757 4062 meis

152 4091 413 4153 Maurico
442 4106 497 4152 et
524 4096 601 4152 Do
624 4098 762 4161 time,
796 4112 954 4166 quem
980 4096 1120 4165 apud
1152 4098 1477 4153 consubrina
1504 4114 1621 4155 mea
1649 4101 1754 4155 llo-

148 4198 374 4254 norata,
408 4186 516 4241 lilia
542 4188 816 4257 Eptolenze
842 4191 1020 4244 amita:
1051 4191 1174 4254 mei,
1207 4206 1305 4260 pro
1335 4191 1595 4259 pectiunis
1628 4190 1755 4244 tituo

150 4281 267 4337 lum
303 4282 447 4333 inter
494 4293 594 4334 nos
639 4278 936 4343 divisimus,
992 4282 1233 4335 DOSt'lllIl'
1284 4282 1650 4344 convenisset,
1696 4291 1756 4335 ut

146 4372 270 4442 ipsa
317 4384 536 4424 onmem
565 4370 869 4438 portionem
900 4386 1053 4426 suam
1083 4370 1150 4425 dc
1189 4374 1301 4440 ipsa
1331 4371 1584 4426 facultate
1612 4387 1750 4441 prm-

146 4464 464 4520 sentialiter
489 4463 681 4531 recipit
707 4481 720 4529 ;
753 4472 807 4517 et
831 4464 896 4517 dc
919 4464 1251 4532 prOprietate
1276 4472 1457 4516 nostre
1483 4462 1624 4530 quod
1655 4479 1750 4530 pro

1860 3283 1999 3338 sicut
2027 3283 2202 3337 liberti
2235 3284 2404 3336 nostri
2439 3283 2722 3352 aspiciunt,
2757 3284 2827 3337 ita
2876 3292 2931 3337 et
2977 3285 3089 3350 i,se
3138 3286 3218 3339 sic
3263 3287 3443 3342 facere

1859 3375 2081 3439 debeat;
2126 3385 2212 3441 et,
2244 3376 2286 3429 si
2318 3375 2431 3444 ipse
2460 3376 2528 3430 de
2554 3376 2669 3444 ipso
2698 3377 3024 3430 monasterio
3054 3377 3195 3432 sicut
3221 3378 3444 3435 libertus

1860 3482 1918 3519 se
1947 3466 2257 3521 abstrahere
2288 3466 2531 3533 voluerit,
2563 3466 2615 3520 in
2661 3467 2888 3535 pristiuu
2937 3469 3164 3523 servitio
3206 3480 3443 3526 reverta-

1862 3566 1976 3624 tur;
2005 3567 2059 3612 et
2079 3557 2227 3630 ipsas
2255 3558 2528 3614 colonicas
2566 3565 2621 3613 et
2649 3557 2748 3628 ipsi
2781 3561 3027 3614 monachi
3072 3561 3137 3616 ad
3168 3571 3321 3629 parte
3344 3563 3441 3616 he-

1860 3649 1989 3704 rede
2017 3665 2189 3705 meam
2220 3650 2402 3705 Sancti
2432 3648 2573 3703 Petri
2604 3650 2916 3704 monasterii
2946 3650 3225 3717 recipiant.

1931 3738 1998 3792 Et
2025 3739 2154 3794 illud
2192 3741 2353 3793 michi
2385 3740 2435 3793 in
2468 3740 2610 3794 hunc
2659 3748 2981 3795 testamento
3027 3756 3204 3794 meum
3246 3756 3276 3793 a
3300 3740 3441 3796 'dere

1864 3830 2079 3900 placuit,
2107 3840 2163 3885 ut
2192 3831 2315 3885 dum
2340 3839 2396 3885 et
2422 3833 2652 3886 domuos
2683 3840 2941 3899 pati-unus
2972 3847 3122 3884 meus
3150 3830 3441 3885 Sentioria-

1861 3938 1960 3977 nus
2004 3922 2230 3976 condam
2254 3922 2620 3990 epis-cupatum
2660 3921 3048 3990 Vuapencense
3078 3922 3129 3975 in
3160 3936 3311 3975 suam
3341 3922 3435 3976 ha-

1859 4015 1975 4068 buit
2007 4015 2400 4082 gubernatione
2447 4023 2503 4067 et
2547 4014 2834 4069 devotione
2879 4029 3007 4077 suae,
3059 4013 3441 4071 utmedietate

1860 4105 2237 4172 derogationes
2263 4105 2525 4172 portionis
2548 4104 2711 4172 ipsius
2742 4104 2792 4156 in
2818 4103 2953 4156 valle
2973 4102 3200 4171 Segucia
3229 4103 3295 4157 ad
3324 4104 3439 4172 ipsa

1858 4193 2083 4247 ecclesia
2116 4208 2209 4261 per
2237 4208 2331 4246 sua
2377 4202 2708 4247 esturmenta
2739 4192 2991 4260 delegare
3033 4191 3217 4256 voluit,
3246 4201 3303 4247 et
3317 4193 3438 4249 .die-

1858 4286 1956 4338 bus
1984 4287 2107 4339 vitm
2137 4300 2244 4339 sine
2276 4286 2504 4338 tutillam
2543 4299 2716 4338 meam
2749 4284 2800 4336 in
2828 4299 2979 4339 suam
3010 4283 3197 4338 habuit
3221 4293 3437 4353 recepta

1856 4387 2145 4449 potestate,
2176 4387 2232 4431 et
2277 4376 2418 4446 apud
2450 4391 2549 4431 nos
2595 4376 2794 4430 nullam
2836 4374 3061 4430 deduxit
3104 4375 3314 4429 ratione
3343 4395 3354 4429 :
3383 4386 3438 4430 et

1858 4470 1982 4523 dum
2011 4483 2106 4537 per
2132 4468 2249 4535 lege
2279 4468 2423 4521 nulla
2447 4467 2643 4521 exinde
2673 4467 2857 4536 potuit.
2884 4467 3150 4536 delegare,
3184 4475 3239 4522 et
3267 4467 3434 4522 lacul-

146 4557 371 4612 fa’cidia
408 4570 467 4609 se
509 4571 606 4609 nos
652 4558 762 4625 ipsa
807 4556 889 4609 \‘el
919 4556 1129 4610 heredis
1165 4556 1245 4609 sui
1276 4555 1590 4623 superstites
1621 4555 1736 4608 fue-
1772 4558 1818 4615 D
1848 4569 1983 4613 tates
2011 4567 2221 4612 nostras
2245 4557 2496 4613 indivisas
2520 4566 2910 4622 remanserunt,
2939 4558 3051 4627 ip:e
3081 4567 3230 4613 carta
3260 4560 3429 4613 dona-

146 4650 301 4713 rint,
336 4654 517 4699 estare
564 4656 655 4699 aut
700 4662 796 4715 per
842 4647 958 4712 lege
1011 4647 1255 4717 recipere
1300 4646 1625 4715 potuissent,
1667 4646 1746 4699 cis

146 4738 605 4809 prii-sentialiter,
637 4738 703 4792 de
733 4738 1077 4807 proprietatis
1108 4738 1356 4805 portione
1386 4748 1584 4792 nostra“:
1627 4737 1744 4791 loca

144 4831 456 4893 dominata,
504 4843 662 4895 quem
713 4829 764 4882 in
812 4829 1079 4897 pactionis
1124 4837 1319 4882 nostra:
1359 4828 1666 4883 continetur
1692 4835 1747 4881 et

144 4922 357 4990 seripte
404 4919 456 4971 in
504 4918 714 4971 t'alcidia
760 4928 1003 4986 reputata
1054 4919 1392 4985 dimisimus,
1441 4927 1501 4972 ut
1542 4918 1743 4971 nullum

142 5026 315 5082 quam
345 5007 468 5082 [5].,
495 5009 641 5064 nullo
672 5007 927 5077 unquam]
962 5018 1205 5080 tempore
1236 5010 1287 5062 in
1319 5010 1603 5078 postmodo
1632 5010 1743 5077 ipsa

144 5118 253 5159 nec
295 5100 530 5156 heredes
578 5102 659 5154 sui
707 5109 893 5155 contra
944 5101 1083 5155 hanc
1124 5110 1447 5156 testamento
1487 5116 1607 5154 meo
1645 5114 1744 5154 nec

142 5194 396 5266 projesta
443 5202 626 5248 nostra
674 5194 947 5248 ambulare
998 5210 1100 5249 nec
1147 5194 1422 5263 refe-gare
1468 5195 1741 5261 debeant;

144 5284 303 5355 quod
338 5284 380 5337 si
412 5283 650 5347 fecerint,
693 5299 847 5353 parua
877 5284 1017 5353 quod
1050 5286 1099 5338 in
1132 5286 1395 5354 pectionis
1426 5294 1623 5339 nostra:
1652 5301 1747 5354 per

144 5388 446 5431 commune
486 5388 807 5428 consensum
854 5376 1112 5441 continet,
1156 5376 1446 5436 incurrant.
1497 5384 1551 5428 et
1601 5376 1745 5443 quod

142 5467 395 5536 repitent
439 5464 758 5519 evendicare
789 5480 893 5518 non
935 5466 1169 5519 valeant.
1214 5465 1278 5518 Et
1325 5466 1445 5519 volo
1478 5474 1537 5519 ut
1570 5466 1745 5520 omnis

146 5556 333 5610 liberti
388 5555 592 5619 nostri,
622 5569 757 5622 quos
789 5555 885 5628 [ct|
916 5570 1049 5623 quas
1098 5566 1350 5625 patentes
1394 5556 1560 5610 nostri
1604 5556 1747 5610 fece-

147 5653 278 5700 runt
308 5644 539 5709 liberos,
573 5653 628 5698 et
653 5661 751 5699 nos
782 5654 967 5714 postea
998 5644 1241 5709 iecimus,
1276 5658 1329 5699 ut
1358 5646 1423 5700 ad
1454 5648 1621 5716 ipsam
1652 5648 1746 5701 he-

147 5735 339 5789 iedem
390 5748 566 5789 meam
606 5734 888 5789 ecclesiam
936 5736 1137 5791 Sancto
1182 5736 1341 5791 Petro
1370 5738 1663 5808 aspiciant,
1693 5751 1747 5797 et

149 5827 475 5896 obsequium
508 5833 565 5881 ct
609 5825 1017 5897 impensionem.
1067 5830 1205 5885 sicut
1252 5829 1315 5885 ad
1352 5841 1601 5899 parentes
1642 5851 1739 5890 no-

1854 4651 2011 4704 tionis
2041 4652 2108 4703 de
2149 4648 2435 4703 medietate
2472 4648 2661 4702 locel!o
2688 4657 2872 4703 nostro
2901 4663 3189 4703 commune
3212 4647 3432 4717 deroga-

1852 4743 2024 4795 tioncs
2057 4742 2111 4793 in
2141 4740 2278 4794 valle
2299 4739 2560 4806 Segusiua
2583 4739 2646 4792 ad
2673 4740 2782 4805 jam
2809 4739 2949 4793 dicta
2973 4739 3201 4793 ecclesia
3223 4738 3435 4795 Sancta:

1850 4832 2029 4886 Mariae
2064 4832 2445 4900 Vuapencense
2471 4830 2613 4897 quod
2638 4830 2946 4898 scripserat,
2973 4829 3097 4883 dum
3128 4839 3184 4884 et
3214 4830 3295 4884 lex
3329 4831 3433 4886 hoc

1849 4923 2102 4994 prohibit,
2136 4930 2191 4976 et
2230 4928 2417 4989 postea
2466 4922 2578 4988 ipse
2629 4919 2698 4973 de
2745 4920 2863 4988 ipso
2892 4935 3027 4975 onos
3061 4922 3373 4990 episcopato
3402 4939 3431 4976 a

1848 5015 2001 5068 malis
2032 5014 2337 5068 hominibus
2377 5014 2583 5080 ejectus
2611 5013 2743 5074 fuit,
2771 5021 2825 5067 et
2854 5013 2968 5082 ipsa
3000 5014 3172 5081 portio
3202 5013 3433 5083 deroga-

1849 5109 2010 5162 tionis
2052 5108 2117 5161 ad
2166 5108 2279 5174 ipsa
2322 5105 2552 5159 ciclesia
2600 5103 2985 5173 Vuapencense
3034 5119 3304 5172 nunquam
3336 5103 3436 5159 fuit

1850 5197 2041 5251 tradita
2068 5212 2166 5251 nec
2195 5207 2433 5265 recepta,
2463 5195 2689 5265 ideoque
2717 5210 2814 5249 nos
2846 5204 2951 5249 tam
2982 5211 3083 5265 pro
3110 5199 3304 5251 animae
3330 5212 3431 5251 no-

1846 5297 1970 5341 strae
2000 5288 2259 5352 remedio,
2303 5302 2464 5355 quam
2496 5295 2550 5341 et
2595 5303 2689 5354 pro
2719 5287 2885 5353 ipsius
2913 5289 3306 5358 suprascriptus
3336 5305 3433 5359 pa-

1849 5388 2024 5431 truum
2057 5386 2296 5431 nostrum
2328 5377 2599 5434 communi
2630 5376 2839 5432 ratione
2865 5377 3063 5432 domno
3111 5378 3433 5435 Senioriano

1849 5471 2112 5525 donamus
2157 5470 2222 5523 ad
2273 5472 2383 5539 ipsa
2429 5470 2656 5525 ecclesia
2706 5469 2917 5525 Sanctae
2948 5470 3127 5525 Maria:
3181 5474 3430 5543 Vuapen-

1848 5576 2004 5615 cense
2048 5561 2234 5615 lucetla
2278 5569 2461 5614 nostra
2505 5560 2557 5613 in
2599 5574 2733 5627 pago
2766 5559 3030 5629 negetise,
3060 5573 3435 5633 nuncupantes

1852 5651 2088 5713 itraceio,
2124 5666 2227 5705 una
2256 5666 2374 5705 cum
2411 5649 2707 5715 Voconeio,
2729 5664 2888 5718 quem
2915 5651 2981 5705 de
3006 5662 3226 5721 parente
3250 5666 3430 5710 nostra

1850 5743 2073 5799 (:odanc
2104 5743 2170 5797 ad
2201 5758 2296 5799 nos
2328 5742 2592 5812 pervenit,
2619 5757 2721 5796 una
2755 5758 2877 5795 eum
2910 5742 3113 5801 libertis
3134 5762 3197 5801 ac
3225 5748 3434 5803 colonis

1853 5845 1905 5891 et
1936 5854 2010 5892 se:
2030 5836 2133 5904 vis,
2166 5835 2437 5895 domibus.
2472 5832 2723 5902 ediﬁciis,
2758 5834 2942 5902 terris,
2975 5835 3168 5906 vineis,
3198 5839 3432 5911 eampis,
