  <div class='ocr_page' id='page_1' title='image "/cluster/home/n/w/nwhite01/storage/ocr_20150623/88-89/uc1.31175000868714/653.png"; bbox 0 0 4206 6604; ppageno 0'>
   <div class='ocr_carea' id='block_1_1' title="bbox 791 449 932 505">
    <p class='ocr_par' dir='ltr' id='par_1_1' title="bbox 791 449 932 505">
     <span class='ocr_line' id='line_1_1' title="bbox 791 449 932 505; baseline 0 -1"><span class='ocrx_word' id='word_1_1' title='bbox 791 449 932 505; x_wconf 74' lang='grc'><strong>1299</strong></span> 
     </span>
    </p>
   </div>
   <div class='ocr_carea' id='block_1_2' title="bbox 1558 451 3307 535">
    <p class='ocr_par' dir='ltr' id='par_1_2' title="bbox 1558 451 3307 535">
     <span class='ocr_line' id='line_1_2' title="bbox 1558 451 3307 535; baseline 0.009 -33"><span class='ocrx_word' id='word_1_2' title='bbox 1558 451 1821 506; x_wconf 66' lang='lat' dir='ltr'><strong>S.-i;CL7L.</strong></span> <span class='ocrx_word' id='word_1_3' title='bbox 1868 452 1952 506; x_wconf 73' lang='lat' dir='ltr'><strong>VII</strong></span> <span class='ocrx_word' id='word_1_4' title='bbox 1997 454 2080 507; x_wconf 74' lang='grc' dir='ltr'>ΕΤ</span> <span class='ocrx_word' id='word_1_5' title='bbox 2125 455 2235 507; x_wconf 70' lang='lat' dir='ltr'><strong>Vill</strong></span> <span class='ocrx_word' id='word_1_6' title='bbox 2279 454 2815 510; x_wconf 67' lang='lat' dir='ltr'><strong>ECCUZSIASTICA</strong></span> <span class='ocrx_word' id='word_1_7' title='bbox 2861 458 3307 535; x_wconf 55' lang='lat' dir='ltr'><strong>MONUMENTA.‘</strong></span> 
     </span>
    </p>
   </div>
   <div class='ocr_carea' id='block_1_3' title="bbox 3915 465 4041 520">
    <p class='ocr_par' dir='ltr' id='par_1_3' title="bbox 3915 465 4041 520">
     <span class='ocr_line' id='line_1_3' title="bbox 3915 465 4041 520; baseline 0 0"><span class='ocrx_word' id='word_1_8' title='bbox 3915 465 4041 520; x_wconf 75' lang='grc'><strong>1300</strong></span> 
     </span>
    </p>
   </div>
   <div class='ocr_carea' id='block_1_4' title="bbox 787 562 4039 644">
    <p class='ocr_par' dir='ltr' id='par_1_4' title="bbox 787 562 4039 644">
     <span class='ocr_line' id='line_1_4' title="bbox 787 562 4039 644; baseline 0.005 -29"><span class='ocrx_word' id='word_1_9' title='bbox 787 562 978 631; x_wconf 89' lang='lat' dir='ltr'><strong>pratis,</strong></span> <span class='ocrx_word' id='word_1_10' title='bbox 1008 563 1238 631; x_wconf 86' lang='lat' dir='ltr'><strong>pascuis,</strong></span> <span class='ocrx_word' id='word_1_11' title='bbox 1275 562 1454 625; x_wconf 82' lang='lat' dir='ltr'><strong>silvis,</strong></span> <span class='ocrx_word' id='word_1_12' title='bbox 1487 563 1666 616; x_wconf 89' lang='lat' dir='ltr'><strong>omnia</strong></span> <span class='ocrx_word' id='word_1_13' title='bbox 1707 571 1762 616; x_wconf 89' lang='lat' dir='ltr'><strong>et</strong></span> <span class='ocrx_word' id='word_1_14' title='bbox 1801 577 1870 618; x_wconf 89' lang='lat' dir='ltr'><strong>ex</strong></span> <span class='ocrx_word' id='word_1_15' title='bbox 1907 564 2187 627; x_wconf 89' lang='lat' dir='ltr'><strong>omnibus,</strong></span> <span class='ocrx_word' id='word_1_16' title='bbox 2219 565 2367 635; x_wconf 84' lang='lat' dir='ltr'><strong>quic-</strong></span> <span class='ocrx_word' id='word_1_17' title='bbox 2396 571 2440 625; x_wconf 80' lang='grc' dir='ltr'><strong>Α</strong></span> <span class='ocrx_word' id='word_1_18' title='bbox 2474 579 2637 634; x_wconf 90' lang='lat' dir='ltr'><strong>pagos</strong></span> <span class='ocrx_word' id='word_1_19' title='bbox 2666 566 3001 634; x_wconf 87' lang='lat' dir='ltr'><strong>Sigisterico,</strong></span> <span class='ocrx_word' id='word_1_20' title='bbox 3034 570 3278 640; x_wconf 81' lang='lat' dir='ltr'><strong>Regense</strong></span> <span class='ocrx_word' id='word_1_21' title='bbox 3307 581 3362 627; x_wconf 93' lang='lat' dir='ltr'><strong>et</strong></span> <span class='ocrx_word' id='word_1_22' title='bbox 3390 572 3772 644; x_wconf 85' lang='lat' dir='ltr'><strong>Vuapcncense</strong></span> <span class='ocrx_word' id='word_1_23' title='bbox 3801 576 3867 631; x_wconf 90' lang='lat' dir='ltr'><strong>ad</strong></span> <span class='ocrx_word' id='word_1_24' title='bbox 3896 577 4039 631; x_wconf 75' lang='lat' dir='ltr'><strong>here~</strong></span> 
     </span>
    </p>
   </div>
   <div class='ocr_carea' id='block_1_5' title="bbox 787 653 2369 724">
    <p class='ocr_par' dir='ltr' id='par_1_5' title="bbox 787 653 2369 724">
     <span class='ocr_line' id='line_1_5' title="bbox 787 653 2369 724; baseline 0.001 -16"><span class='ocrx_word' id='word_1_25' title='bbox 787 653 915 724; x_wconf 86' lang='lat' dir='ltr'><strong>quid</strong></span> <span class='ocrx_word' id='word_1_26' title='bbox 944 653 1081 709; x_wconf 77' lang='lat' dir='ltr'><strong>infra</strong></span> <span class='ocrx_word' id='word_1_27' title='bbox 1121 655 1294 724; x_wconf 89' lang='lat' dir='ltr'><strong>ipsum</strong></span> <span class='ocrx_word' id='word_1_28' title='bbox 1324 667 1462 722; x_wconf 91' lang='lat' dir='ltr'><strong>pago</strong></span> <span class='ocrx_word' id='word_1_29' title='bbox 1500 654 1741 722; x_wconf 72' lang='lat' dir='ltr'><strong>liegense</strong></span> <span class='ocrx_word' id='word_1_30' title='bbox 1775 654 1841 708; x_wconf 88' lang='lat' dir='ltr'><strong>ad</strong></span> <span class='ocrx_word' id='word_1_31' title='bbox 1874 655 2046 724; x_wconf 91' lang='lat' dir='ltr'><strong>ipsum</strong></span> <span class='ocrx_word' id='word_1_32' title='bbox 2076 655 2288 711; x_wconf 90' lang='lat' dir='ltr'><strong>Bractio</strong></span> <span class='ocrx_word' id='word_1_33' title='bbox 2316 665 2369 710; x_wconf 73' lang='lat' dir='ltr'><strong>ct</strong></span> 
     </span>
    </p>
   </div>
   <div class='ocr_carea' id='block_1_6' title="bbox 786 743 2367 817">
    <p class='ocr_par' dir='ltr' id='par_1_6' title="bbox 786 743 2367 817">
     <span class='ocr_line' id='line_1_6' title="bbox 786 743 2367 817; baseline 0.004 -19"><span class='ocrx_word' id='word_1_34' title='bbox 786 743 1054 800; x_wconf 80' lang='lat' dir='ltr'><strong>Vocontio</strong></span> <span class='ocrx_word' id='word_1_35' title='bbox 1080 746 1320 815; x_wconf 85' lang='lat' dir='ltr'><strong>aspicere</strong></span> <span class='ocrx_word' id='word_1_36' title='bbox 1344 746 1570 808; x_wconf 84' lang='lat' dir='ltr'><strong>videtur,</strong></span> <span class='ocrx_word' id='word_1_37' title='bbox 1599 755 1779 813; x_wconf 89' lang='lat' dir='ltr'><strong>preter</strong></span> <span class='ocrx_word' id='word_1_38' title='bbox 1806 747 1947 816; x_wconf 89' lang='lat' dir='ltr'><strong>quod</strong></span> <span class='ocrx_word' id='word_1_39' title='bbox 1973 749 2220 817; x_wconf 82' lang='lat' dir='ltr'><strong>superius</strong></span> <span class='ocrx_word' id='word_1_40' title='bbox 2239 751 2367 805; x_wconf 83' lang='lat' dir='ltr'><strong>scri-</strong></span> 
     </span>
    </p>
   </div>
   <div class='ocr_carea' id='block_1_7' title="bbox 785 839 2365 909">
    <p class='ocr_par' dir='ltr' id='par_1_7' title="bbox 785 839 2365 909">
     <span class='ocr_line' id='line_1_7' title="bbox 785 839 2365 909; baseline 0.003 -17"><span class='ocrx_word' id='word_1_41' title='bbox 785 847 938 908; x_wconf 87' lang='lat' dir='ltr'><strong>ptum</strong></span> <span class='ocrx_word' id='word_1_42' title='bbox 966 847 1070 904; x_wconf 87' lang='lat' dir='ltr'><strong>est,</strong></span> <span class='ocrx_word' id='word_1_43' title='bbox 1103 839 1244 909; x_wconf 92' lang='lat' dir='ltr'><strong>quod</strong></span> <span class='ocrx_word' id='word_1_44' title='bbox 1272 839 1397 893; x_wconf 89' lang='lat' dir='ltr'><strong>dum</strong></span> <span class='ocrx_word' id='word_1_45' title='bbox 1430 839 1680 894; x_wconf 90' lang='lat' dir='ltr'><strong>heredem</strong></span> <span class='ocrx_word' id='word_1_46' title='bbox 1711 855 1884 893; x_wconf 85' lang='lat' dir='ltr'><strong>meam</strong></span> <span class='ocrx_word' id='word_1_47' title='bbox 1909 841 2154 896; x_wconf 76' lang='lat' dir='ltr'><strong>:ecclesia</strong></span> <span class='ocrx_word' id='word_1_48' title='bbox 2183 841 2365 897; x_wconf 91' lang='lat' dir='ltr'><strong>Sancti</strong></span> 
     </span>
    </p>
   </div>
   <div class='ocr_carea' id='block_1_8' title="bbox 787 929 2368 1004">
    <p class='ocr_par' dir='ltr' id='par_1_8' title="bbox 787 929 2368 1004">
     <span class='ocr_line' id='line_1_8' title="bbox 787 929 2368 1004; baseline 0.002 -19"><span class='ocrx_word' id='word_1_49' title='bbox 787 929 932 985; x_wconf 88' lang='lat' dir='ltr'><strong>Petri</strong></span> <span class='ocrx_word' id='word_1_50' title='bbox 948 931 1090 996; x_wconf 88' lang='lat' dir='ltr'><strong>dedi,</strong></span> <span class='ocrx_word' id='word_1_51' title='bbox 1108 940 1166 985; x_wconf 94' lang='lat' dir='ltr'><strong>ut</strong></span> <span class='ocrx_word' id='word_1_52' title='bbox 1189 940 1293 986; x_wconf 90' lang='lat' dir='ltr'><strong>tam</strong></span> <span class='ocrx_word' id='word_1_53' title='bbox 1318 946 1416 1001; x_wconf 92' lang='lat' dir='ltr'><strong>pro</strong></span> <span class='ocrx_word' id='word_1_54' title='bbox 1439 931 1630 985; x_wconf 81' lang='lat' dir='ltr'><strong>anima:</strong></span> <span class='ocrx_word' id='word_1_55' title='bbox 1650 931 1872 1000; x_wconf 65' lang='lat' dir='ltr'><strong>nostrzel</strong></span> <span class='ocrx_word' id='word_1_56' title='bbox 1887 930 1984 997; x_wconf 60' lang='lat'><strong>51.,</strong></span> <span class='ocrx_word' id='word_1_57' title='bbox 2016 932 2169 1004; x_wconf 79' lang='lat' dir='ltr'><strong>utech</strong></span> <span class='ocrx_word' id='word_1_58' title='bbox 2192 948 2368 988; x_wconf 86' lang='lat' dir='ltr'><strong>reme-</strong></span> 
     </span>
    </p>
   </div>
   <div class='ocr_carea' id='block_1_9' title="bbox 786 1023 2364 1094">
    <p class='ocr_par' dir='ltr' id='par_1_9' title="bbox 786 1023 2364 1094">
     <span class='ocr_line' id='line_1_9' title="bbox 786 1023 2364 1094; baseline 0.002 -17"><span class='ocrx_word' id='word_1_59' title='bbox 786 1023 894 1090; x_wconf 81' lang='lat' dir='ltr'><strong>die,</strong></span> <span class='ocrx_word' id='word_1_60' title='bbox 920 1033 980 1078; x_wconf 92' lang='lat' dir='ltr'><strong>ut</strong></span> <span class='ocrx_word' id='word_1_61' title='bbox 1006 1024 1256 1086; x_wconf 68' lang='lat' dir='ltr'><strong>diximus,</strong></span> <span class='ocrx_word' id='word_1_62' title='bbox 1289 1039 1450 1094; x_wconf 89' lang='lat' dir='ltr'><strong>quam</strong></span> <span class='ocrx_word' id='word_1_63' title='bbox 1481 1033 1647 1093; x_wconf 92' lang='lat' dir='ltr'><strong>etpro</strong></span> <span class='ocrx_word' id='word_1_64' title='bbox 1676 1023 1964 1080; x_wconf 88' lang='lat' dir='ltr'><strong>devotione</strong></span> <span class='ocrx_word' id='word_1_65' title='bbox 1986 1035 2232 1094; x_wconf 90' lang='lat' dir='ltr'><strong>patruum</strong></span> <span class='ocrx_word' id='word_1_66' title='bbox 2263 1041 2364 1080; x_wconf 90' lang='lat' dir='ltr'><strong>no-</strong></span> 
     </span>
    </p>
   </div>
   <div class='ocr_carea' id='block_1_10' title="bbox 783 1115 2364 1187">
    <p class='ocr_par' dir='ltr' id='par_1_10' title="bbox 783 1115 2364 1187">
     <span class='ocr_line' id='line_1_10' title="bbox 783 1115 2364 1187; baseline 0.001 -15"><span class='ocrx_word' id='word_1_67' title='bbox 783 1126 1019 1172; x_wconf 87' lang='lat' dir='ltr'><strong>strorum</strong></span> <span class='ocrx_word' id='word_1_68' title='bbox 1048 1115 1248 1172; x_wconf 90' lang='lat' dir='ltr'><strong>domno</strong></span> <span class='ocrx_word' id='word_1_69' title='bbox 1278 1116 1594 1174; x_wconf 77' lang='lat' dir='ltr'><strong>Senioriano</strong></span> <span class='ocrx_word' id='word_1_70' title='bbox 1623 1116 1676 1170; x_wconf 92' lang='lat' dir='ltr'><strong>in</strong></span> <span class='ocrx_word' id='word_1_71' title='bbox 1706 1116 2057 1173; x_wconf 89' lang='lat' dir='ltr'><strong>luminaribus</strong></span> <span class='ocrx_word' id='word_1_72' title='bbox 2080 1118 2243 1187; x_wconf 87' lang='lat' dir='ltr'><strong>ipsius</strong></span> <span class='ocrx_word' id='word_1_73' title='bbox 2273 1133 2364 1173; x_wconf 85' lang='lat' dir='ltr'><strong>ec-</strong></span> 
     </span>
    </p>
   </div>
   <div class='ocr_carea' id='block_1_11' title="bbox 783 1209 2365 1284">
    <p class='ocr_par' dir='ltr' id='par_1_11' title="bbox 783 1209 2365 1284">
     <span class='ocr_line' id='line_1_11' title="bbox 783 1209 2365 1284; baseline -0.003 -16"><span class='ocrx_word' id='word_1_74' title='bbox 783 1214 984 1278; x_wconf 87' lang='lat' dir='ltr'><strong>clesiae,</strong></span> <span class='ocrx_word' id='word_1_75' title='bbox 1029 1223 1085 1269; x_wconf 92' lang='lat' dir='ltr'><strong>et</strong></span> <span class='ocrx_word' id='word_1_76' title='bbox 1128 1229 1227 1284; x_wconf 91' lang='lat' dir='ltr'><strong>pro</strong></span> <span class='ocrx_word' id='word_1_77' title='bbox 1279 1213 1574 1267; x_wconf 73' lang='lat' dir='ltr'><strong>substantia</strong></span> <span class='ocrx_word' id='word_1_78' title='bbox 1624 1227 2020 1282; x_wconf 86' lang='lat' dir='ltr'><strong>pauperorum.</strong></span> <span class='ocrx_word' id='word_1_79' title='bbox 2075 1209 2365 1281; x_wconf 88' lang='lat' dir='ltr'><strong>perhennis</strong></span> 
     </span>
    </p>
   </div>
   <div class='ocr_carea' id='block_1_12' title="bbox 783 1300 2360 1374">
    <p class='ocr_par' dir='ltr' id='par_1_12' title="bbox 783 1300 2360 1374">
     <span class='ocr_line' id='line_1_12' title="bbox 783 1300 2360 1374; baseline -0.004 -16"><span class='ocrx_word' id='word_1_80' title='bbox 783 1305 1117 1374; x_wconf 75' lang='lat' dir='ltr'><strong>temporibus</strong></span> <span class='ocrx_word' id='word_1_81' title='bbox 1163 1304 1396 1374; x_wconf 82' lang='lat' dir='ltr'><strong>profitiat</strong></span> <span class='ocrx_word' id='word_1_82' title='bbox 1445 1304 1497 1357; x_wconf 86' lang='lat' dir='ltr'><strong>in</strong></span> <span class='ocrx_word' id='word_1_83' title='bbox 1552 1303 1868 1372; x_wconf 85' lang='lat' dir='ltr'><strong>augmentis,</strong></span> <span class='ocrx_word' id='word_1_84' title='bbox 1915 1300 2040 1355; x_wconf 89' lang='lat' dir='ltr'><strong>volo</strong></span> <span class='ocrx_word' id='word_1_85' title='bbox 2078 1315 2142 1355; x_wconf 88' lang='lat' dir='ltr'><strong>ac</strong></span> <span class='ocrx_word' id='word_1_86' title='bbox 2175 1300 2360 1370; x_wconf 88' lang='lat' dir='ltr'><strong>jubeo.</strong></span> 
     </span>
    </p>
   </div>
   <div class='ocr_carea' id='block_1_13' title="bbox 781 1393 2364 1466">
    <p class='ocr_par' dir='ltr' id='par_1_13' title="bbox 781 1393 2364 1466">
     <span class='ocr_line' id='line_1_13' title="bbox 781 1393 2364 1466; baseline 0.001 -19"><span class='ocrx_word' id='word_1_87' title='bbox 781 1394 974 1450; x_wconf 81' lang='lat' dir='ltr'><strong>Emmo</strong></span> <span class='ocrx_word' id='word_1_88' title='bbox 1000 1411 1116 1466; x_wconf 83' lang='lat' dir='ltr'><strong>qua:</strong></span> <span class='ocrx_word' id='word_1_89' title='bbox 1152 1395 1414 1450; x_wconf 83' lang='lat' dir='ltr'><strong>donamus</strong></span> <span class='ocrx_word' id='word_1_90' title='bbox 1453 1396 1517 1450; x_wconf 90' lang='lat' dir='ltr'><strong>ad</strong></span> <span class='ocrx_word' id='word_1_91' title='bbox 1548 1395 1662 1465; x_wconf 90' lang='lat' dir='ltr'><strong>ipsa</strong></span> <span class='ocrx_word' id='word_1_92' title='bbox 1694 1394 1918 1452; x_wconf 88' lang='lat' dir='ltr'><strong>ecclesia</strong></span> <span class='ocrx_word' id='word_1_93' title='bbox 1948 1393 2159 1450; x_wconf 81' lang='lat' dir='ltr'><strong>Sanctae</strong></span> <span class='ocrx_word' id='word_1_94' title='bbox 2189 1395 2364 1449; x_wconf 80' lang='lat' dir='ltr'><strong>Maria:</strong></span> 
     </span>
    </p>
   </div>
   <div class='ocr_carea' id='block_1_14' title="bbox 780 1487 2366 1558">
    <p class='ocr_par' dir='ltr' id='par_1_14' title="bbox 780 1487 2366 1558">
     <span class='ocr_line' id='line_1_14' title="bbox 780 1487 2366 1558; baseline -0.001 -15"><span class='ocrx_word' id='word_1_95' title='bbox 780 1489 1166 1558; x_wconf 79' lang='lat' dir='ltr'><strong>Vuapencense</strong></span> <span class='ocrx_word' id='word_1_96' title='bbox 1213 1489 1404 1544; x_wconf 91' lang='lat' dir='ltr'><strong>locella</strong></span> <span class='ocrx_word' id='word_1_97' title='bbox 1454 1497 1635 1543; x_wconf 90' lang='lat' dir='ltr'><strong>nostra</strong></span> <span class='ocrx_word' id='word_1_98' title='bbox 1677 1488 1730 1542; x_wconf 84' lang='lat' dir='ltr'><strong>in</strong></span> <span class='ocrx_word' id='word_1_99' title='bbox 1778 1488 1895 1556; x_wconf 90' lang='lat' dir='ltr'><strong>ipso</strong></span> <span class='ocrx_word' id='word_1_100' title='bbox 1937 1501 2073 1557; x_wconf 85' lang='lat' dir='ltr'><strong>pago</strong></span> <span class='ocrx_word' id='word_1_101' title='bbox 2117 1487 2366 1556; x_wconf 82' lang='lat' dir='ltr'><strong>Vuapen-</strong></span> 
     </span>
    </p>
   </div>
   <div class='ocr_carea' id='block_1_15' title="bbox 779 1579 2361 1650">
    <p class='ocr_par' dir='ltr' id='par_1_15' title="bbox 779 1579 2361 1650">
     <span class='ocr_line' id='line_1_15' title="bbox 779 1579 2361 1650; baseline -0.001 -14"><span class='ocrx_word' id='word_1_102' title='bbox 779 1597 942 1637; x_wconf 78' lang='lat' dir='ltr'><strong>cense</strong></span> <span class='ocrx_word' id='word_1_103' title='bbox 988 1590 1330 1650; x_wconf 90' lang='lat' dir='ltr'><strong>nuneupante</strong></span> <span class='ocrx_word' id='word_1_104' title='bbox 1377 1580 1632 1646; x_wconf 83' lang='lat' dir='ltr'><strong>Ruarmo,</strong></span> <span class='ocrx_word' id='word_1_105' title='bbox 1691 1580 1937 1635; x_wconf 82' lang='lat' dir='ltr'><strong>Ambillis</strong></span> <span class='ocrx_word' id='word_1_106' title='bbox 1981 1580 2034 1634; x_wconf 92' lang='lat' dir='ltr'><strong>in</strong></span> <span class='ocrx_word' id='word_1_107' title='bbox 2081 1579 2361 1646; x_wconf 86' lang='lat' dir='ltr'><strong>Taraone,</strong></span> 
     </span>
    </p>
   </div>
   <div class='ocr_carea' id='block_1_16' title="bbox 781 1671 2365 1743">
    <p class='ocr_par' dir='ltr' id='par_1_16' title="bbox 781 1671 2365 1743">
     <span class='ocr_line' id='line_1_16' title="bbox 781 1671 2365 1743; baseline 0.002 -19"><span class='ocrx_word' id='word_1_108' title='bbox 781 1687 884 1724; x_wconf 87' lang='lat' dir='ltr'><strong>una</strong></span> <span class='ocrx_word' id='word_1_109' title='bbox 914 1687 1036 1725; x_wconf 92' lang='lat' dir='ltr'><strong>cum</strong></span> <span class='ocrx_word' id='word_1_110' title='bbox 1063 1671 1269 1726; x_wconf 80' lang='lat' dir='ltr'><strong>libertis</strong></span> <span class='ocrx_word' id='word_1_111' title='bbox 1315 1671 1385 1726; x_wconf 89' lang='lat' dir='ltr'><strong>ad</strong></span> <span class='ocrx_word' id='word_1_112' title='bbox 1429 1672 1543 1743; x_wconf 90' lang='lat' dir='ltr'><strong>ipsa</strong></span> <span class='ocrx_word' id='word_1_113' title='bbox 1591 1672 1709 1727; x_wconf 89' lang='lat' dir='ltr'><strong>loca</strong></span> <span class='ocrx_word' id='word_1_114' title='bbox 1749 1672 2112 1741; x_wconf 89' lang='lat' dir='ltr'><strong>aspicientes;</strong></span> <span class='ocrx_word' id='word_1_115' title='bbox 2143 1672 2198 1727; x_wconf 88' lang='lat' dir='ltr'><strong>in</strong></span> <span class='ocrx_word' id='word_1_116' title='bbox 2225 1687 2365 1742; x_wconf 90' lang='lat' dir='ltr'><strong>pago</strong></span> 
     </span>
    </p>
   </div>
   <div class='ocr_carea' id='block_1_17' title="bbox 777 1762 2365 1834">
    <p class='ocr_par' dir='ltr' id='par_1_17' title="bbox 777 1762 2365 1834">
     <span class='ocr_line' id='line_1_17' title="bbox 777 1762 2365 1834; baseline 0.003 -19"><span class='ocrx_word' id='word_1_117' title='bbox 777 1762 1072 1830; x_wconf 78' lang='lat' dir='ltr'><strong>Cavellico,</strong></span> <span class='ocrx_word' id='word_1_118' title='bbox 1104 1764 1386 1828; x_wconf 84' lang='lat' dir='ltr'><strong>Memiana,</strong></span> <span class='ocrx_word' id='word_1_119' title='bbox 1418 1779 1577 1834; x_wconf 83' lang='lat' dir='ltr'><strong>quem</strong></span> <span class='ocrx_word' id='word_1_120' title='bbox 1618 1764 1847 1819; x_wconf 89' lang='lat' dir='ltr'><strong>domnos</strong></span> <span class='ocrx_word' id='word_1_121' title='bbox 1878 1772 1932 1819; x_wconf 92' lang='lat' dir='ltr'><strong>et</strong></span> <span class='ocrx_word' id='word_1_122' title='bbox 1973 1779 2141 1820; x_wconf 90' lang='lat' dir='ltr'><strong>auvos</strong></span> <span class='ocrx_word' id='word_1_123' title='bbox 2181 1773 2365 1821; x_wconf 84' lang='lat' dir='ltr'><strong>noster</strong></span> 
     </span>
    </p>
   </div>
   <div class='ocr_carea' id='block_1_18' title="bbox 777 1852 2366 1928">
    <p class='ocr_par' dir='ltr' id='par_1_18' title="bbox 777 1852 2366 1928">
     <span class='ocr_line' id='line_1_18' title="bbox 777 1852 2366 1928; baseline 0.005 -22"><span class='ocrx_word' id='word_1_124' title='bbox 777 1852 958 1908; x_wconf 70' lang='lat' dir='ltr'><strong>Marro</strong></span> <span class='ocrx_word' id='word_1_125' title='bbox 983 1854 1230 1919; x_wconf 86' lang='lat' dir='ltr'><strong>condam,</strong></span> <span class='ocrx_word' id='word_1_126' title='bbox 1258 1856 1327 1909; x_wconf 92' lang='lat' dir='ltr'><strong>de</strong></span> <span class='ocrx_word' id='word_1_127' title='bbox 1355 1855 1553 1911; x_wconf 89' lang='lat' dir='ltr'><strong>donmo</strong></span> <span class='ocrx_word' id='word_1_128' title='bbox 1573 1855 1932 1911; x_wconf 91' lang='lat' dir='ltr'><strong>Crammelino</strong></span> <span class='ocrx_word' id='word_1_129' title='bbox 1959 1859 2216 1928; x_wconf 91' lang='lat' dir='ltr'><strong>episcopo</strong></span> <span class='ocrx_word' id='word_1_130' title='bbox 2235 1875 2366 1915; x_wconf 92' lang='lat' dir='ltr'><strong>con-</strong></span> 
     </span>
    </p>
   </div>
   <div class='ocr_carea' id='block_1_19' title="bbox 2469 653 4036 719">
    <p class='ocr_par' dir='ltr' id='par_1_19' title="bbox 2469 653 4036 719">
     <span class='ocr_line' id='line_1_19' title="bbox 2469 653 4036 719; baseline 0.008 -13"><span class='ocrx_word' id='word_1_131' title='bbox 2469 653 2590 707; x_wconf 78' lang='lat' dir='ltr'><strong>dent</strong></span> <span class='ocrx_word' id='word_1_132' title='bbox 2634 672 2807 709; x_wconf 86' lang='lat' dir='ltr'><strong>meam</strong></span> <span class='ocrx_word' id='word_1_133' title='bbox 2849 658 3079 715; x_wconf 86' lang='lat' dir='ltr'><strong>ecclesia</strong></span> <span class='ocrx_word' id='word_1_134' title='bbox 3108 660 3309 716; x_wconf 83' lang='lat' dir='ltr'><strong>Sancto</strong></span> <span class='ocrx_word' id='word_1_135' title='bbox 3339 660 3499 718; x_wconf 88' lang='lat' dir='ltr'><strong>Petro</strong></span> <span class='ocrx_word' id='word_1_136' title='bbox 3530 665 3842 719; x_wconf 87' lang='lat' dir='ltr'><strong>monasterii</strong></span> <span class='ocrx_word' id='word_1_137' title='bbox 3871 665 4036 719; x_wconf 66' lang='lat' dir='ltr'><strong>Nova-</strong></span> 
     </span>
    </p>
   </div>
   <div class='ocr_carea' id='block_1_20' title="bbox 2469 742 4038 827">
    <p class='ocr_par' dir='ltr' id='par_1_20' title="bbox 2469 742 4038 827">
     <span class='ocr_line' id='line_1_20' title="bbox 2469 742 4038 827; baseline 0.009 -31"><span class='ocrx_word' id='word_1_138' title='bbox 2469 742 2584 800; x_wconf 90' lang='lat' dir='ltr'><strong>licis</strong></span> <span class='ocrx_word' id='word_1_139' title='bbox 2627 745 2888 812; x_wconf 87' lang='lat' dir='ltr'><strong>dedimus,</strong></span> <span class='ocrx_word' id='word_1_140' title='bbox 2922 759 2979 802; x_wconf 91' lang='lat' dir='ltr'><strong>ut</strong></span> <span class='ocrx_word' id='word_1_141' title='bbox 3029 751 3223 805; x_wconf 82' lang='lat' dir='ltr'><strong>habeat</strong></span> <span class='ocrx_word' id='word_1_142' title='bbox 3271 753 3392 808; x_wconf 87' lang='lat' dir='ltr'><strong>volo</strong></span> <span class='ocrx_word' id='word_1_143' title='bbox 3441 769 3508 808; x_wconf 87' lang='lat' dir='ltr'><strong>ac</strong></span> <span class='ocrx_word' id='word_1_144' title='bbox 3545 754 3726 824; x_wconf 88' lang='lat' dir='ltr'><strong>jubeo.</strong></span> <span class='ocrx_word' id='word_1_145' title='bbox 3761 754 3826 810; x_wconf 87' lang='lat' dir='ltr'><strong>Et</strong></span> <span class='ocrx_word' id='word_1_146' title='bbox 3855 757 4038 827; x_wconf 83' lang='lat' dir='ltr'><strong>placuit</strong></span> 
     </span>
    </p>
   </div>
   <div class='ocr_carea' id='block_1_21' title="bbox 2468 835 4045 915">
    <p class='ocr_par' dir='ltr' id='par_1_21' title="bbox 2468 835 4045 915">
     <span class='ocr_line' id='line_1_21' title="bbox 2468 835 4045 915; baseline 0.011 -27"><span class='ocrx_word' id='word_1_147' title='bbox 2468 835 2626 890; x_wconf 85' lang='lat' dir='ltr'><strong>michi</strong></span> <span class='ocrx_word' id='word_1_148' title='bbox 2655 837 2708 890; x_wconf 90' lang='lat' dir='ltr'><strong>in</strong></span> <span class='ocrx_word' id='word_1_149' title='bbox 2737 839 2877 894; x_wconf 89' lang='lat' dir='ltr'><strong>hunc</strong></span> <span class='ocrx_word' id='word_1_150' title='bbox 2913 849 3289 897; x_wconf 84' lang='lat' dir='ltr'><strong>testamentum</strong></span> <span class='ocrx_word' id='word_1_151' title='bbox 3316 860 3491 899; x_wconf 87' lang='lat' dir='ltr'><strong>meum</strong></span> <span class='ocrx_word' id='word_1_152' title='bbox 3523 847 3831 915; x_wconf 88' lang='lat' dir='ltr'><strong>plenissima</strong></span> <span class='ocrx_word' id='word_1_153' title='bbox 3865 848 4045 904; x_wconf 80' lang='lat' dir='ltr'><strong>volun-</strong></span> 
     </span>
    </p>
   </div>
   <div class='ocr_carea' id='block_1_22' title="bbox 2467 935 4042 1013">
    <p class='ocr_par' dir='ltr' id='par_1_22' title="bbox 2467 935 4042 1013">
     <span class='ocr_line' id='line_1_22' title="bbox 2467 935 4042 1013; baseline 0.008 -28"><span class='ocrx_word' id='word_1_154' title='bbox 2467 940 2632 987; x_wconf 89' lang='lat' dir='ltr'><strong>tatem</strong></span> <span class='ocrx_word' id='word_1_155' title='bbox 2663 935 2920 1001; x_wconf 86' lang='lat' dir='ltr'><strong>scribere,</strong></span> <span class='ocrx_word' id='word_1_156' title='bbox 2959 938 3086 990; x_wconf 86' lang='lat' dir='ltr'><strong>dum</strong></span> <span class='ocrx_word' id='word_1_157' title='bbox 3125 947 3180 992; x_wconf 91' lang='lat' dir='ltr'><strong>et</strong></span> <span class='ocrx_word' id='word_1_158' title='bbox 3206 939 3433 995; x_wconf 83' lang='lat' dir='ltr'><strong>domuos</strong></span> <span class='ocrx_word' id='word_1_159' title='bbox 3463 949 3518 996; x_wconf 91' lang='lat' dir='ltr'><strong>et</strong></span> <span class='ocrx_word' id='word_1_160' title='bbox 3544 941 3597 996; x_wconf 91' lang='lat' dir='ltr'><strong>in</strong></span> <span class='ocrx_word' id='word_1_161' title='bbox 3645 942 3859 998; x_wconf 85' lang='lat' dir='ltr'><strong>Christo</strong></span> <span class='ocrx_word' id='word_1_162' title='bbox 3899 951 4042 1013; x_wconf 82' lang='lat' dir='ltr'><strong>pater</strong></span> 
     </span>
    </p>
   </div>
   <div class='ocr_carea' id='block_1_23' title="bbox 2466 1026 4040 1100">
    <p class='ocr_par' dir='ltr' id='par_1_23' title="bbox 2466 1026 4040 1100">
     <span class='ocr_line' id='line_1_23' title="bbox 2466 1026 4040 1100; baseline 0.009 -23"><span class='ocrx_word' id='word_1_163' title='bbox 2466 1033 2654 1079; x_wconf 87' lang='lat' dir='ltr'><strong>noster</strong></span> <span class='ocrx_word' id='word_1_164' title='bbox 2703 1026 2984 1082; x_wconf 85' lang='lat' dir='ltr'><strong>Walchuni</strong></span> <span class='ocrx_word' id='word_1_165' title='bbox 3035 1031 3353 1100; x_wconf 89' lang='lat' dir='ltr'><strong>episcopus,</strong></span> <span class='ocrx_word' id='word_1_166' title='bbox 3408 1035 3473 1088; x_wconf 89' lang='lat' dir='ltr'><strong>ab</strong></span> <span class='ocrx_word' id='word_1_167' title='bbox 3522 1033 3675 1088; x_wconf 90' lang='lat' dir='ltr'><strong>initio</strong></span> <span class='ocrx_word' id='word_1_168' title='bbox 3732 1037 4040 1092; x_wconf 86' lang='lat' dir='ltr'><strong>incoationis</strong></span> 
     </span>
    </p>
   </div>
   <div class='ocr_carea' id='block_1_24' title="bbox 2465 1116 4040 1184">
    <p class='ocr_par' dir='ltr' id='par_1_24' title="bbox 2465 1116 4040 1184">
     <span class='ocr_line' id='line_1_24' title="bbox 2465 1116 4040 1184; baseline 0.008 -14"><span class='ocrx_word' id='word_1_169' title='bbox 2465 1130 2630 1183; x_wconf 92' lang='lat' dir='ltr'><strong>opere</strong></span> <span class='ocrx_word' id='word_1_170' title='bbox 2653 1116 3056 1173; x_wconf 77' lang='lat' dir='ltr'><strong>fundamentum</strong></span> <span class='ocrx_word' id='word_1_171' title='bbox 3087 1122 3328 1176; x_wconf 78' lang='lat' dir='ltr'><strong>ecclesia:</strong></span> <span class='ocrx_word' id='word_1_172' title='bbox 3359 1122 3558 1178; x_wconf 84' lang='lat' dir='ltr'><strong>Sancto</strong></span> <span class='ocrx_word' id='word_1_173' title='bbox 3587 1123 3748 1181; x_wconf 85' lang='lat' dir='ltr'><strong>Petro</strong></span> <span class='ocrx_word' id='word_1_174' title='bbox 3778 1137 4040 1184; x_wconf 87' lang='lat' dir='ltr'><strong>monaste-</strong></span> 
     </span>
    </p>
   </div>
   <div class='ocr_carea' id='block_1_25' title="bbox 2465 1207 4041 1287">
    <p class='ocr_par' dir='ltr' id='par_1_25' title="bbox 2465 1207 4041 1287">
     <span class='ocr_line' id='line_1_25' title="bbox 2465 1207 4041 1287; baseline 0.01 -26"><span class='ocrx_word' id='word_1_175' title='bbox 2465 1209 2558 1262; x_wconf 77' lang='lat' dir='ltr'><strong>ria:</strong></span> <span class='ocrx_word' id='word_1_176' title='bbox 2603 1207 2873 1264; x_wconf 82' lang='lat' dir='ltr'><strong>Novalicis</strong></span> <span class='ocrx_word' id='word_1_177' title='bbox 2916 1211 3170 1267; x_wconf 87' lang='lat' dir='ltr'><strong>heredem</strong></span> <span class='ocrx_word' id='word_1_178' title='bbox 3213 1230 3389 1270; x_wconf 86' lang='lat' dir='ltr'><strong>meam</strong></span> <span class='ocrx_word' id='word_1_179' title='bbox 3437 1218 3637 1287; x_wconf 86' lang='lat' dir='ltr'><strong>posuit,</strong></span> <span class='ocrx_word' id='word_1_180' title='bbox 3681 1227 3738 1273; x_wconf 93' lang='lat' dir='ltr'><strong>et</strong></span> <span class='ocrx_word' id='word_1_181' title='bbox 3774 1234 3943 1286; x_wconf 56' lang='lat' dir='ltr'><strong>usque</strong></span> <span class='ocrx_word' id='word_1_182' title='bbox 3980 1221 4041 1276; x_wconf 88' lang='lat' dir='ltr'><strong>ad</strong></span> 
     </span>
    </p>
   </div>
   <div class='ocr_carea' id='block_1_26' title="bbox 2465 1299 4042 1379">
    <p class='ocr_par' dir='ltr' id='par_1_26' title="bbox 2465 1299 4042 1379">
     <span class='ocr_line' id='line_1_26' title="bbox 2465 1299 4042 1379; baseline 0.01 -25"><span class='ocrx_word' id='word_1_183' title='bbox 2465 1299 2714 1355; x_wconf 90' lang='lat' dir='ltr'><strong>culminis</strong></span> <span class='ocrx_word' id='word_1_184' title='bbox 2739 1305 3163 1375; x_wconf 87' lang='lat' dir='ltr'><strong>consumationis</strong></span> <span class='ocrx_word' id='word_1_185' title='bbox 3191 1305 3390 1362; x_wconf 79' lang='lat' dir='ltr'><strong>fabrica</strong></span> <span class='ocrx_word' id='word_1_186' title='bbox 3415 1311 3697 1379; x_wconf 78' lang='lat' dir='ltr'><strong>perduxit,</strong></span> <span class='ocrx_word' id='word_1_187' title='bbox 3726 1320 3783 1367; x_wconf 89' lang='lat' dir='ltr'><strong>et</strong></span> <span class='ocrx_word' id='word_1_188' title='bbox 3811 1312 3864 1367; x_wconf 90' lang='lat' dir='ltr'><strong>in</strong></span> <span class='ocrx_word' id='word_1_189' title='bbox 3893 1327 4042 1369; x_wconf 73' lang='lat' dir='ltr'><strong>omne</strong></span> 
     </span>
    </p>
   </div>
   <div class='ocr_carea' id='block_1_27' title="bbox 2464 1391 4044 1468">
    <p class='ocr_par' dir='ltr' id='par_1_27' title="bbox 2464 1391 4044 1468">
     <span class='ocr_line' id='line_1_27' title="bbox 2464 1391 4044 1468; baseline 0.009 -24"><span class='ocrx_word' id='word_1_190' title='bbox 2464 1405 2630 1459; x_wconf 88' lang='lat' dir='ltr'><strong>opere</strong></span> <span class='ocrx_word' id='word_1_191' title='bbox 2671 1391 3021 1448; x_wconf 69' lang='lat' dir='ltr'><strong>aediﬁciorum</strong></span> <span class='ocrx_word' id='word_1_192' title='bbox 3075 1395 3289 1466; x_wconf 89' lang='lat' dir='ltr'><strong>adjutor</strong></span> <span class='ocrx_word' id='word_1_193' title='bbox 3329 1408 3384 1453; x_wconf 91' lang='lat' dir='ltr'><strong>et</strong></span> <span class='ocrx_word' id='word_1_194' title='bbox 3432 1401 3760 1468; x_wconf 84' lang='lat' dir='ltr'><strong>gubernator</strong></span> <span class='ocrx_word' id='word_1_195' title='bbox 3787 1405 3962 1467; x_wconf 86' lang='lat' dir='ltr'><strong>stetit,</strong></span> <span class='ocrx_word' id='word_1_196' title='bbox 3990 1415 4044 1459; x_wconf 92' lang='lat' dir='ltr'><strong>ut</strong></span> 
     </span>
    </p>
   </div>
   <div class='ocr_carea' id='block_1_28' title="bbox 2465 1479 4042 1558">
    <p class='ocr_par' dir='ltr' id='par_1_28' title="bbox 2465 1479 4042 1558">
     <span class='ocr_line' id='line_1_28' title="bbox 2465 1479 4042 1558; baseline 0.009 -24"><span class='ocrx_word' id='word_1_197' title='bbox 2465 1479 2594 1536; x_wconf 90' lang='lat' dir='ltr'><strong>dum</strong></span> <span class='ocrx_word' id='word_1_198' title='bbox 2627 1483 2740 1553; x_wconf 92' lang='lat' dir='ltr'><strong>ipse</strong></span> <span class='ocrx_word' id='word_1_199' title='bbox 2769 1483 3058 1553; x_wconf 80' lang='lat' dir='ltr'><strong>advixerit,</strong></span> <span class='ocrx_word' id='word_1_200' title='bbox 3083 1488 3182 1541; x_wconf 87' lang='lat' dir='ltr'><strong>sub</strong></span> <span class='ocrx_word' id='word_1_201' title='bbox 3211 1503 3310 1543; x_wconf 89' lang='lat' dir='ltr'><strong>suo</strong></span> <span class='ocrx_word' id='word_1_202' title='bbox 3341 1491 3558 1546; x_wconf 89' lang='lat' dir='ltr'><strong>nomine</strong></span> <span class='ocrx_word' id='word_1_203' title='bbox 3581 1499 3634 1545; x_wconf 89' lang='lat' dir='ltr'><strong>et</strong></span> <span class='ocrx_word' id='word_1_204' title='bbox 3661 1493 4042 1558; x_wconf 85' lang='lat' dir='ltr'><strong>gubernatione</strong></span> 
     </span>
    </p>
   </div>
   <div class='ocr_carea' id='block_1_29' title="bbox 2464 1580 4042 1646">
    <p class='ocr_par' dir='ltr' id='par_1_29' title="bbox 2464 1580 4042 1646">
     <span class='ocr_line' id='line_1_29' title="bbox 2464 1580 4042 1646; baseline 0.01 -21"><span class='ocrx_word' id='word_1_205' title='bbox 2464 1580 2521 1625; x_wconf 90' lang='lat' dir='ltr'><strong>et</strong></span> <span class='ocrx_word' id='word_1_206' title='bbox 2548 1581 2731 1628; x_wconf 87' lang='lat' dir='ltr'><strong>nostra</strong></span> <span class='ocrx_word' id='word_1_207' title='bbox 2780 1589 3087 1644; x_wconf 91' lang='lat' dir='ltr'><strong>commune,</strong></span> <span class='ocrx_word' id='word_1_208' title='bbox 3117 1581 3231 1646; x_wconf 90' lang='lat' dir='ltr'><strong>ipse</strong></span> <span class='ocrx_word' id='word_1_209' title='bbox 3270 1583 3628 1637; x_wconf 88' lang='lat' dir='ltr'><strong>monasterius</strong></span> <span class='ocrx_word' id='word_1_210' title='bbox 3661 1583 3863 1639; x_wconf 87' lang='lat' dir='ltr'><strong>Sancto</strong></span> <span class='ocrx_word' id='word_1_211' title='bbox 3892 1584 4042 1641; x_wconf 85' lang='lat' dir='ltr'><strong>Petro</strong></span> 
     </span>
    </p>
   </div>
   <div class='ocr_carea' id='block_1_30' title="bbox 2465 1663 4042 1746">
    <p class='ocr_par' dir='ltr' id='par_1_30' title="bbox 2465 1663 4042 1746">
     <span class='ocr_line' id='line_1_30' title="bbox 2465 1663 4042 1746; baseline 0.01 -29"><span class='ocrx_word' id='word_1_212' title='bbox 2465 1663 2716 1720; x_wconf 84' lang='lat' dir='ltr'><strong>heredem</strong></span> <span class='ocrx_word' id='word_1_213' title='bbox 2747 1682 2923 1721; x_wconf 83' lang='lat' dir='ltr'><strong>meam</strong></span> <span class='ocrx_word' id='word_1_214' title='bbox 2953 1685 3073 1724; x_wconf 90' lang='lat' dir='ltr'><strong>cum</strong></span> <span class='ocrx_word' id='word_1_215' title='bbox 3104 1671 3351 1726; x_wconf 90' lang='lat' dir='ltr'><strong>omnibus</strong></span> <span class='ocrx_word' id='word_1_216' title='bbox 3396 1674 3557 1728; x_wconf 88' lang='lat' dir='ltr'><strong>rebus</strong></span> <span class='ocrx_word' id='word_1_217' title='bbox 3587 1675 3650 1728; x_wconf 88' lang='lat' dir='ltr'><strong>ad</strong></span> <span class='ocrx_word' id='word_1_218' title='bbox 3699 1675 3874 1746; x_wconf 89' lang='lat' dir='ltr'><strong>ipsum</strong></span> <span class='ocrx_word' id='word_1_219' title='bbox 3904 1677 4042 1732; x_wconf 86' lang='lat' dir='ltr'><strong>dele-</strong></span> 
     </span>
    </p>
   </div>
   <div class='ocr_carea' id='block_1_31' title="bbox 2465 1760 4042 1835">
    <p class='ocr_par' dir='ltr' id='par_1_31' title="bbox 2465 1760 4042 1835">
     <span class='ocr_line' id='line_1_31' title="bbox 2465 1760 4042 1835; baseline 0.008 -23"><span class='ocrx_word' id='word_1_220' title='bbox 2465 1760 2650 1827; x_wconf 89' lang='lat' dir='ltr'><strong>gandis</strong></span> <span class='ocrx_word' id='word_1_221' title='bbox 2698 1761 2994 1816; x_wconf 88' lang='lat' dir='ltr'><strong>consistere</strong></span> <span class='ocrx_word' id='word_1_222' title='bbox 3048 1764 3266 1827; x_wconf 85' lang='lat' dir='ltr'><strong>valeat;</strong></span> <span class='ocrx_word' id='word_1_223' title='bbox 3317 1773 3371 1819; x_wconf 91' lang='lat' dir='ltr'><strong>et</strong></span> <span class='ocrx_word' id='word_1_224' title='bbox 3424 1767 3566 1834; x_wconf 92' lang='lat' dir='ltr'><strong>quod</strong></span> <span class='ocrx_word' id='word_1_225' title='bbox 3613 1768 3908 1823; x_wconf 88' lang='lat' dir='ltr'><strong>humanum</strong></span> <span class='ocrx_word' id='word_1_226' title='bbox 3947 1780 4042 1835; x_wconf 90' lang='lat' dir='ltr'><strong>est,</strong></span> 
     </span>
    </p>
   </div>
   <div class='ocr_carea' id='block_1_32' title="bbox 2466 1847 4039 1918">
    <p class='ocr_par' dir='ltr' id='par_1_32' title="bbox 2466 1847 4039 1918">
     <span class='ocr_line' id='line_1_32' title="bbox 2466 1847 4039 1918; baseline 0.007 -17"><span class='ocrx_word' id='word_1_227' title='bbox 2466 1847 2682 1916; x_wconf 90' lang='lat' dir='ltr'><strong>quando</strong></span> <span class='ocrx_word' id='word_1_228' title='bbox 2710 1848 2875 1903; x_wconf 85' lang='lat' dir='ltr'><strong>abbas</strong></span> <span class='ocrx_word' id='word_1_229' title='bbox 2914 1849 2979 1904; x_wconf 91' lang='lat' dir='ltr'><strong>de</strong></span> <span class='ocrx_word' id='word_1_230' title='bbox 3009 1852 3125 1918; x_wconf 92' lang='lat' dir='ltr'><strong>ipso</strong></span> <span class='ocrx_word' id='word_1_231' title='bbox 3155 1854 3486 1907; x_wconf 89' lang='lat' dir='ltr'><strong>monasterio</strong></span> <span class='ocrx_word' id='word_1_232' title='bbox 3513 1853 3582 1908; x_wconf 93' lang='lat' dir='ltr'><strong>de</strong></span> <span class='ocrx_word' id='word_1_233' title='bbox 3609 1855 3711 1910; x_wconf 86' lang='lat' dir='ltr'><strong>bac</strong></span> <span class='ocrx_word' id='word_1_234' title='bbox 3740 1857 3914 1911; x_wconf 87' lang='lat' dir='ltr'><strong>lucem</strong></span> <span class='ocrx_word' id='word_1_235' title='bbox 3943 1861 4039 1912; x_wconf 87' lang='lat' dir='ltr'><strong>mi-</strong></span> 
     </span>
    </p>
   </div>
   <div class='ocr_carea' id='block_1_33' title="bbox 774 1928 4045 2015">
    <p class='ocr_par' dir='ltr' id='par_1_33' title="bbox 774 1928 4045 2015">
     <span class='ocr_line' id='line_1_33' title="bbox 774 1928 4045 2015; baseline 0.002 -18"><span class='ocrx_word' id='word_1_236' title='bbox 774 1943 995 2013; x_wconf 90' lang='lat' dir='ltr'><strong>quisivit</strong></span> <span class='ocrx_word' id='word_1_237' title='bbox 1037 1945 1161 2010; x_wconf 5' lang='lat' dir='ltr'><strong>:gde</strong></span> <span class='ocrx_word' id='word_1_238' title='bbox 1208 1944 1310 1999; x_wconf 88' lang='lat' dir='ltr'><strong>ista</strong></span> <span class='ocrx_word' id='word_1_239' title='bbox 1364 1945 1541 1999; x_wconf 89' lang='lat' dir='ltr'><strong>omnia</strong></span> <span class='ocrx_word' id='word_1_240' title='bbox 1594 1947 1957 2015; x_wconf 88' lang='lat' dir='ltr'><strong>suprascripta</strong></span> <span class='ocrx_word' id='word_1_241' title='bbox 2011 1948 2136 2002; x_wconf 88' lang='lat' dir='ltr'><strong>dum</strong></span> <span class='ocrx_word' id='word_1_242' title='bbox 2189 1949 2363 2004; x_wconf 86' lang='lat' dir='ltr'><strong>adhuc</strong></span> <span class='ocrx_word' id='word_1_243' title='bbox 2395 1928 2439 1986; x_wconf 81' lang='grc' dir='ltr'><strong>Β</strong></span> <span class='ocrx_word' id='word_1_244' title='bbox 2466 1941 2720 2008; x_wconf 78' lang='lat' dir='ltr'><strong>graverit,</strong></span> <span class='ocrx_word' id='word_1_245' title='bbox 2754 1950 2880 1998; x_wconf 90' lang='lat' dir='ltr'><strong>tunc</strong></span> <span class='ocrx_word' id='word_1_246' title='bbox 2919 1945 3111 1999; x_wconf 88' lang='lat' dir='ltr'><strong>abbate</strong></span> <span class='ocrx_word' id='word_1_247' title='bbox 3151 1962 3309 2014; x_wconf 85' lang='lat' dir='ltr'><strong>quem</strong></span> <span class='ocrx_word' id='word_1_248' title='bbox 3344 1948 3459 2015; x_wconf 86' lang='lat' dir='ltr'><strong>ipse</strong></span> <span class='ocrx_word' id='word_1_249' title='bbox 3489 1947 3720 2003; x_wconf 84' lang='lat' dir='ltr'><strong>domuos</strong></span> <span class='ocrx_word' id='word_1_250' title='bbox 3751 1950 4045 2005; x_wconf 79' lang='lat' dir='ltr'><strong>Vualchuni</strong></span> 
     </span>
    </p>
   </div>
   <div class='ocr_carea' id='block_1_34' title="bbox 772 2036 2360 2109">
    <p class='ocr_par' dir='ltr' id='par_1_34' title="bbox 772 2036 2360 2109">
     <span class='ocr_line' id='line_1_34' title="bbox 772 2036 2360 2109; baseline 0.004 -20"><span class='ocrx_word' id='word_1_251' title='bbox 772 2037 964 2091; x_wconf 84' lang='lat' dir='ltr'><strong>vixero</strong></span> <span class='ocrx_word' id='word_1_252' title='bbox 998 2053 1149 2091; x_wconf 89' lang='lat' dir='ltr'><strong>usum</strong></span> <span class='ocrx_word' id='word_1_253' title='bbox 1179 2045 1233 2092; x_wconf 91' lang='lat' dir='ltr'><strong>et</strong></span> <span class='ocrx_word' id='word_1_254' title='bbox 1273 2036 1505 2092; x_wconf 79' lang='lat' dir='ltr'><strong>fructum</strong></span> <span class='ocrx_word' id='word_1_255' title='bbox 1536 2038 1696 2092; x_wconf 72' lang='lat' dir='ltr'><strong>michi</strong></span> <span class='ocrx_word' id='word_1_256' title='bbox 1725 2054 1975 2105; x_wconf 90' lang='lat' dir='ltr'><strong>reservo;</strong></span> <span class='ocrx_word' id='word_1_257' title='bbox 2007 2048 2129 2109; x_wconf 91' lang='lat' dir='ltr'><strong>post</strong></span> <span class='ocrx_word' id='word_1_258' title='bbox 2156 2041 2360 2096; x_wconf 92' lang='lat' dir='ltr'><strong>obitum</strong></span> 
     </span>
    </p>
   </div>
   <div class='ocr_carea' id='block_1_35' title="bbox 771 2129 2359 2202">
    <p class='ocr_par' dir='ltr' id='par_1_35' title="bbox 771 2129 2359 2202">
     <span class='ocr_line' id='line_1_35' title="bbox 771 2129 2359 2202; baseline 0.006 -21"><span class='ocrx_word' id='word_1_259' title='bbox 771 2129 991 2196; x_wconf 86' lang='lat' dir='ltr'><strong>quidem</strong></span> <span class='ocrx_word' id='word_1_260' title='bbox 1018 2144 1226 2194; x_wconf 86' lang='lat' dir='ltr'><strong>meum,</strong></span> <span class='ocrx_word' id='word_1_261' title='bbox 1258 2131 1692 2198; x_wconf 81' lang='lat' dir='ltr'><strong>quandoquidem</strong></span> <span class='ocrx_word' id='word_1_262' title='bbox 1727 2132 1866 2186; x_wconf 85' lang='lat' dir='ltr'><strong>Deus</strong></span> <span class='ocrx_word' id='word_1_263' title='bbox 1909 2133 2167 2196; x_wconf 90' lang='lat' dir='ltr'><strong>voluerit,</strong></span> <span class='ocrx_word' id='word_1_264' title='bbox 2193 2148 2359 2202; x_wconf 89' lang='lat' dir='ltr'><strong>agen-</strong></span> 
     </span>
    </p>
   </div>
   <div class='ocr_carea' id='block_1_36' title="bbox 773 2221 2358 2296">
    <p class='ocr_par' dir='ltr' id='par_1_36' title="bbox 773 2221 2358 2296">
     <span class='ocr_line' id='line_1_36' title="bbox 773 2221 2358 2296; baseline 0.007 -24"><span class='ocrx_word' id='word_1_265' title='bbox 773 2229 858 2275; x_wconf 85' lang='lat' dir='ltr'><strong>tes</strong></span> <span class='ocrx_word' id='word_1_266' title='bbox 887 2221 1129 2275; x_wconf 81' lang='lat' dir='ltr'><strong>ecclesia:</strong></span> <span class='ocrx_word' id='word_1_267' title='bbox 1174 2221 1383 2276; x_wconf 78' lang='lat' dir='ltr'><strong>Sancta:</strong></span> <span class='ocrx_word' id='word_1_268' title='bbox 1431 2223 1610 2276; x_wconf 80' lang='lat' dir='ltr'><strong>Marizn</strong></span> <span class='ocrx_word' id='word_1_269' title='bbox 1651 2224 2036 2292; x_wconf 80' lang='lat' dir='ltr'><strong>Vuapencense</strong></span> <span class='ocrx_word' id='word_1_270' title='bbox 2080 2227 2194 2296; x_wconf 90' lang='lat' dir='ltr'><strong>ipsa</strong></span> <span class='ocrx_word' id='word_1_271' title='bbox 2242 2228 2358 2283; x_wconf 89' lang='lat' dir='ltr'><strong>loca</strong></span> 
     </span>
    </p>
   </div>
   <div class='ocr_carea' id='block_1_37' title="bbox 772 2309 1850 2382">
    <p class='ocr_par' dir='ltr' id='par_1_37' title="bbox 772 2309 1850 2382">
     <span class='ocr_line' id='line_1_37' title="bbox 772 2309 1850 2382; baseline 0.006 -20"><span class='ocrx_word' id='word_1_272' title='bbox 772 2309 1035 2377; x_wconf 89' lang='lat' dir='ltr'><strong>recipiant</strong></span> <span class='ocrx_word' id='word_1_273' title='bbox 1063 2319 1118 2365; x_wconf 89' lang='lat' dir='ltr'><strong>et</strong></span> <span class='ocrx_word' id='word_1_274' title='bbox 1139 2311 1391 2374; x_wconf 73' lang='lat' dir='ltr'><strong>habeant,</strong></span> <span class='ocrx_word' id='word_1_275' title='bbox 1427 2313 1546 2367; x_wconf 88' lang='lat' dir='ltr'><strong>volo</strong></span> <span class='ocrx_word' id='word_1_276' title='bbox 1577 2330 1641 2368; x_wconf 86' lang='lat' dir='ltr'><strong>ac</strong></span> <span class='ocrx_word' id='word_1_277' title='bbox 1665 2314 1850 2382; x_wconf 83' lang='lat' dir='ltr'><strong>jubeo.</strong></span> 
     </span>
    </p>
   </div>
   <div class='ocr_carea' id='block_1_38' title="bbox 844 2399 2361 2464">
    <p class='ocr_par' dir='ltr' id='par_1_38' title="bbox 844 2399 2361 2464">
     <span class='ocr_line' id='line_1_38' title="bbox 844 2399 2361 2464; baseline 0.008 -12"><span class='ocrx_word' id='word_1_278' title='bbox 844 2399 1032 2456; x_wconf 86' lang='lat' dir='ltr'><strong>Simile</strong></span> <span class='ocrx_word' id='word_1_279' title='bbox 1053 2403 1214 2456; x_wconf 87' lang='lat' dir='ltr'><strong>modo</strong></span> <span class='ocrx_word' id='word_1_280' title='bbox 1243 2405 1504 2458; x_wconf 88' lang='lat' dir='ltr'><strong>donamus</strong></span> <span class='ocrx_word' id='word_1_281' title='bbox 1534 2405 1600 2458; x_wconf 91' lang='lat' dir='ltr'><strong>ad</strong></span> <span class='ocrx_word' id='word_1_282' title='bbox 1626 2406 1865 2460; x_wconf 82' lang='lat' dir='ltr'><strong>accclesia</strong></span> <span class='ocrx_word' id='word_1_283' title='bbox 1889 2406 2072 2462; x_wconf 91' lang='lat' dir='ltr'><strong>Sancti</strong></span> <span class='ocrx_word' id='word_1_284' title='bbox 2099 2407 2361 2464; x_wconf 86' lang='lat' dir='ltr'><strong>Johannis</strong></span> 
     </span>
    </p>
   </div>
   <div class='ocr_carea' id='block_1_39' title="bbox 773 2489 2359 2566">
    <p class='ocr_par' dir='ltr' id='par_1_39' title="bbox 773 2489 2359 2566">
     <span class='ocr_line' id='line_1_39' title="bbox 773 2489 2359 2566; baseline 0.008 -25"><span class='ocrx_word' id='word_1_285' title='bbox 773 2489 1029 2560; x_wconf 74' lang='lat' dir='ltr'><strong>Baptista:</strong></span> <span class='ocrx_word' id='word_1_286' title='bbox 1079 2490 1460 2559; x_wconf 83' lang='lat' dir='ltr'><strong>Maurogenna,</strong></span> <span class='ocrx_word' id='word_1_287' title='bbox 1495 2494 1548 2546; x_wconf 85' lang='lat' dir='ltr'><strong>in</strong></span> <span class='ocrx_word' id='word_1_288' title='bbox 1583 2494 1936 2551; x_wconf 89' lang='lat' dir='ltr'><strong>luminaribus</strong></span> <span class='ocrx_word' id='word_1_289' title='bbox 1984 2497 2149 2566; x_wconf 90' lang='lat' dir='ltr'><strong>ipsius</strong></span> <span class='ocrx_word' id='word_1_290' title='bbox 2189 2502 2359 2554; x_wconf 89' lang='lat' dir='ltr'><strong>sancti</strong></span> 
     </span>
    </p>
   </div>
   <div class='ocr_carea' id='block_1_40' title="bbox 771 2578 2356 2658">
    <p class='ocr_par' dir='ltr' id='par_1_40' title="bbox 771 2578 2356 2658">
     <span class='ocr_line' id='line_1_40' title="bbox 771 2578 2356 2658; baseline 0.009 -28"><span class='ocrx_word' id='word_1_291' title='bbox 771 2578 912 2644; x_wconf 91' lang='lat' dir='ltr'><strong>loee,</strong></span> <span class='ocrx_word' id='word_1_292' title='bbox 943 2587 997 2632; x_wconf 92' lang='lat' dir='ltr'><strong>et</strong></span> <span class='ocrx_word' id='word_1_293' title='bbox 1025 2595 1122 2649; x_wconf 87' lang='lat' dir='ltr'><strong>pro</strong></span> <span class='ocrx_word' id='word_1_294' title='bbox 1152 2582 1341 2637; x_wconf 54' lang='lat' dir='ltr'><strong>animm</strong></span> <span class='ocrx_word' id='word_1_295' title='bbox 1373 2593 1569 2637; x_wconf 81' lang='lat' dir='ltr'><strong>nostra:</strong></span> <span class='ocrx_word' id='word_1_296' title='bbox 1597 2586 1860 2646; x_wconf 83' lang='lat' dir='ltr'><strong>remedio.</strong></span> <span class='ocrx_word' id='word_1_297' title='bbox 1891 2587 2010 2642; x_wconf 89' lang='lat' dir='ltr'><strong>loca</strong></span> <span class='ocrx_word' id='word_1_298' title='bbox 2040 2605 2356 2658; x_wconf 87' lang='lat' dir='ltr'><strong>nuncupan-</strong></span> 
     </span>
    </p>
   </div>
   <div class='ocr_carea' id='block_1_41' title="bbox 771 2669 2358 2748">
    <p class='ocr_par' dir='ltr' id='par_1_41' title="bbox 771 2669 2358 2748">
     <span class='ocr_line' id='line_1_41' title="bbox 771 2669 2358 2748; baseline 0.009 -26"><span class='ocrx_word' id='word_1_299' title='bbox 771 2671 840 2723; x_wconf 87' lang='lat' dir='ltr'><strong>tis</strong></span> <span class='ocrx_word' id='word_1_300' title='bbox 867 2672 919 2724; x_wconf 90' lang='lat' dir='ltr'><strong>in</strong></span> <span class='ocrx_word' id='word_1_301' title='bbox 950 2685 1088 2740; x_wconf 83' lang='lat' dir='ltr'><strong>pago</strong></span> <span class='ocrx_word' id='word_1_302' title='bbox 1116 2669 1635 2743; x_wconf 67' lang='lat' dir='ltr'><strong>Gratianopolilano,</strong></span> <span class='ocrx_word' id='word_1_303' title='bbox 1665 2676 1941 2746; x_wconf 81' lang='lat' dir='ltr'><strong>Crispiaco</strong></span> <span class='ocrx_word' id='word_1_304' title='bbox 1967 2695 2125 2748; x_wconf 87' lang='lat' dir='ltr'><strong>quem</strong></span> <span class='ocrx_word' id='word_1_305' title='bbox 2150 2683 2215 2736; x_wconf 89' lang='lat' dir='ltr'><strong>de</strong></span> <span class='ocrx_word' id='word_1_306' title='bbox 2237 2681 2358 2737; x_wconf 88' lang='lat' dir='ltr'><strong>Sia-</strong></span> 
     </span>
    </p>
   </div>
   <div class='ocr_carea' id='block_1_42' title="bbox 770 2761 2359 2840">
    <p class='ocr_par' dir='ltr' id='par_1_42' title="bbox 770 2761 2359 2840">
     <span class='ocr_line' id='line_1_42' title="bbox 770 2761 2359 2840; baseline 0.008 -26"><span class='ocrx_word' id='word_1_307' title='bbox 770 2761 885 2830; x_wconf 83' lang='lat' dir='ltr'><strong>gria</strong></span> <span class='ocrx_word' id='word_1_308' title='bbox 927 2763 1380 2831; x_wconf 88' lang='lat' dir='ltr'><strong>conquisivitnus;</strong></span> <span class='ocrx_word' id='word_1_309' title='bbox 1413 2765 1592 2819; x_wconf 82' lang='lat' dir='ltr'><strong>Abrici</strong></span> <span class='ocrx_word' id='word_1_310' title='bbox 1642 2768 1882 2823; x_wconf 89' lang='lat' dir='ltr'><strong>colonica</strong></span> <span class='ocrx_word' id='word_1_311' title='bbox 1935 2772 1986 2824; x_wconf 91' lang='lat' dir='ltr'><strong>in</strong></span> <span class='ocrx_word' id='word_1_312' title='bbox 2033 2784 2170 2840; x_wconf 80' lang='lat' dir='ltr'><strong>pago</strong></span> <span class='ocrx_word' id='word_1_313' title='bbox 2197 2773 2359 2826; x_wconf 88' lang='lat' dir='ltr'><strong>Vien-</strong></span> 
     </span>
    </p>
   </div>
   <div class='ocr_carea' id='block_1_43' title="bbox 770 2857 2354 2934">
    <p class='ocr_par' dir='ltr' id='par_1_43' title="bbox 770 2857 2354 2934">
     <span class='ocr_line' id='line_1_43' title="bbox 770 2857 2354 2934; baseline 0.008 -26"><span class='ocrx_word' id='word_1_314' title='bbox 770 2869 970 2920; x_wconf 90' lang='lat' dir='ltr'><strong>nense,</strong></span> <span class='ocrx_word' id='word_1_315' title='bbox 1024 2870 1184 2924; x_wconf 91' lang='lat' dir='ltr'><strong>quem</strong></span> <span class='ocrx_word' id='word_1_316' title='bbox 1239 2857 1306 2912; x_wconf 92' lang='lat' dir='ltr'><strong>de</strong></span> <span class='ocrx_word' id='word_1_317' title='bbox 1362 2858 1477 2928; x_wconf 84' lang='lat' dir='ltr'><strong>ipsa</strong></span> <span class='ocrx_word' id='word_1_318' title='bbox 1531 2857 1738 2928; x_wconf 86' lang='lat' dir='ltr'><strong>Siagria</strong></span> <span class='ocrx_word' id='word_1_319' title='bbox 1794 2862 1861 2916; x_wconf 88' lang='lat' dir='ltr'><strong>ad</strong></span> <span class='ocrx_word' id='word_1_320' title='bbox 1921 2879 2020 2917; x_wconf 93' lang='lat' dir='ltr'><strong>nos</strong></span> <span class='ocrx_word' id='word_1_321' title='bbox 2074 2867 2354 2934; x_wconf 85' lang='lat' dir='ltr'><strong>pervenit,</strong></span> 
     </span>
    </p>
   </div>
   <div class='ocr_carea' id='block_1_44' title="bbox 769 2949 2355 3021">
    <p class='ocr_par' dir='ltr' id='par_1_44' title="bbox 769 2949 2355 3021">
     <span class='ocr_line' id='line_1_44' title="bbox 769 2949 2355 3021; baseline 0.008 -19"><span class='ocrx_word' id='word_1_322' title='bbox 769 2949 1048 3004; x_wconf 78' lang='lat' dir='ltr'><strong>hlacciano</strong></span> <span class='ocrx_word' id='word_1_323' title='bbox 1095 2965 1254 3017; x_wconf 90' lang='lat' dir='ltr'><strong>quem</strong></span> <span class='ocrx_word' id='word_1_324' title='bbox 1310 2951 1378 3006; x_wconf 91' lang='lat' dir='ltr'><strong>de</strong></span> <span class='ocrx_word' id='word_1_325' title='bbox 1421 2952 1578 3006; x_wconf 90' lang='lat' dir='ltr'><strong>alode</strong></span> <span class='ocrx_word' id='word_1_326' title='bbox 1627 2967 1907 3021; x_wconf 84' lang='lat' dir='ltr'><strong>parentum</strong></span> <span class='ocrx_word' id='word_1_327' title='bbox 1961 2957 2152 3020; x_wconf 86' lang='lat' dir='ltr'><strong>habeo,</strong></span> <span class='ocrx_word' id='word_1_328' title='bbox 2205 2967 2260 3013; x_wconf 91' lang='lat' dir='ltr'><strong>et</strong></span> <span class='ocrx_word' id='word_1_329' title='bbox 2303 2961 2355 3014; x_wconf 92' lang='lat' dir='ltr'><strong>in</strong></span> 
     </span>
    </p>
   </div>
   <div class='ocr_carea' id='block_1_45' title="bbox 770 3041 2356 3118">
    <p class='ocr_par' dir='ltr' id='par_1_45' title="bbox 770 3041 2356 3118">
     <span class='ocr_line' id='line_1_45' title="bbox 770 3041 2356 3118; baseline 0.008 -25"><span class='ocrx_word' id='word_1_330' title='bbox 770 3041 1210 3096; x_wconf 86' lang='lat' dir='ltr'><strong>commutationis</strong></span> <span class='ocrx_word' id='word_1_331' title='bbox 1240 3058 1414 3098; x_wconf 81' lang='lat' dir='ltr'><strong>causa:</strong></span> <span class='ocrx_word' id='word_1_332' title='bbox 1441 3042 1506 3096; x_wconf 93' lang='lat' dir='ltr'><strong>ad</strong></span> <span class='ocrx_word' id='word_1_333' title='bbox 1529 3042 1642 3112; x_wconf 87' lang='lat' dir='ltr'><strong>ipsa</strong></span> <span class='ocrx_word' id='word_1_334' title='bbox 1665 3060 1788 3100; x_wconf 88' lang='lat' dir='ltr'><strong>casa</strong></span> <span class='ocrx_word' id='word_1_335' title='bbox 1818 3046 2231 3116; x_wconf 78' lang='lat' dir='ltr'><strong>Maurogennica</strong></span> <span class='ocrx_word' id='word_1_336' title='bbox 2257 3065 2356 3118; x_wconf 85' lang='lat' dir='ltr'><strong>pio</strong></span> 
     </span>
    </p>
   </div>
   <div class='ocr_carea' id='block_1_46' title="bbox 770 3131 2353 3208">
    <p class='ocr_par' dir='ltr' id='par_1_46' title="bbox 770 3131 2353 3208">
     <span class='ocr_line' id='line_1_46' title="bbox 770 3131 2353 3208; baseline 0.007 -24"><span class='ocrx_word' id='word_1_337' title='bbox 770 3131 1046 3186; x_wconf 81' lang='lat' dir='ltr'><strong>colonicas</strong></span> <span class='ocrx_word' id='word_1_338' title='bbox 1093 3131 1146 3186; x_wconf 91' lang='lat' dir='ltr'><strong>in</strong></span> <span class='ocrx_word' id='word_1_339' title='bbox 1191 3133 1440 3199; x_wconf 82' lang='lat' dir='ltr'><strong>Venavis,</strong></span> <span class='ocrx_word' id='word_1_340' title='bbox 1476 3135 1527 3188; x_wconf 93' lang='lat' dir='ltr'><strong>in</strong></span> <span class='ocrx_word' id='word_1_341' title='bbox 1569 3135 1709 3190; x_wconf 86' lang='lat' dir='ltr'><strong>valle</strong></span> <span class='ocrx_word' id='word_1_342' title='bbox 1751 3137 2028 3204; x_wconf 89' lang='lat' dir='ltr'><strong>Segusima</strong></span> <span class='ocrx_word' id='word_1_343' title='bbox 2076 3139 2353 3208; x_wconf 87' lang='lat' dir='ltr'><strong>dedimus;</strong></span> 
     </span>
    </p>
   </div>
   <div class='ocr_carea' id='block_1_47' title="bbox 2465 2032 4037 2106">
    <p class='ocr_par' dir='ltr' id='par_1_47' title="bbox 2465 2032 4037 2106">
     <span class='ocr_line' id='line_1_47' title="bbox 2465 2032 4037 2106; baseline 0.007 -22"><span class='ocrx_word' id='word_1_344' title='bbox 2465 2032 2750 2101; x_wconf 86' lang='lat' dir='ltr'><strong>episcopus</strong></span> <span class='ocrx_word' id='word_1_345' title='bbox 2797 2035 2848 2087; x_wconf 92' lang='lat' dir='ltr'><strong>in</strong></span> <span class='ocrx_word' id='word_1_346' title='bbox 2896 2035 3013 2103; x_wconf 89' lang='lat' dir='ltr'><strong>ipso</strong></span> <span class='ocrx_word' id='word_1_347' title='bbox 3043 2037 3371 2090; x_wconf 88' lang='lat' dir='ltr'><strong>monasterio</strong></span> <span class='ocrx_word' id='word_1_348' title='bbox 3417 2038 3630 2106; x_wconf 85' lang='lat' dir='ltr'><strong>elegere</strong></span> <span class='ocrx_word' id='word_1_349' title='bbox 3659 2041 3914 2105; x_wconf 89' lang='lat' dir='ltr'><strong>voluerit,</strong></span> <span class='ocrx_word' id='word_1_350' title='bbox 3947 2044 4037 2095; x_wconf 42' lang='lat' dir='ltr'><strong>ilii-</strong></span> 
     </span>
    </p>
   </div>
   <div class='ocr_carea' id='block_1_48' title="bbox 2463 2121 4044 2193">
    <p class='ocr_par' dir='ltr' id='par_1_48' title="bbox 2463 2121 4044 2193">
     <span class='ocr_line' id='line_1_48' title="bbox 2463 2121 4044 2193; baseline 0.007 -19"><span class='ocrx_word' id='word_1_351' title='bbox 2463 2121 2584 2175; x_wconf 93' lang='lat' dir='ltr'><strong>dem</strong></span> <span class='ocrx_word' id='word_1_352' title='bbox 2637 2123 2813 2176; x_wconf 89' lang='lat' dir='ltr'><strong>mittat</strong></span> <span class='ocrx_word' id='word_1_353' title='bbox 2857 2133 2914 2179; x_wconf 91' lang='lat' dir='ltr'><strong>et</strong></span> <span class='ocrx_word' id='word_1_354' title='bbox 2965 2127 3079 2193; x_wconf 89' lang='lat' dir='ltr'><strong>ipse</strong></span> <span class='ocrx_word' id='word_1_355' title='bbox 3127 2126 3264 2180; x_wconf 91' lang='lat' dir='ltr'><strong>abba</strong></span> <span class='ocrx_word' id='word_1_356' title='bbox 3313 2128 3398 2181; x_wconf 90' lang='lat' dir='ltr'><strong>vel</strong></span> <span class='ocrx_word' id='word_1_357' title='bbox 3447 2129 3526 2182; x_wconf 83' lang='lat' dir='ltr'><strong>sui</strong></span> <span class='ocrx_word' id='word_1_358' title='bbox 3575 2131 3825 2185; x_wconf 87' lang='lat' dir='ltr'><strong>monachi</strong></span> <span class='ocrx_word' id='word_1_359' title='bbox 3876 2134 4044 2185; x_wconf 87' lang='lat' dir='ltr'><strong>taliter</strong></span> 
     </span>
    </p>
   </div>
   <div class='ocr_carea' id='block_1_49' title="bbox 2461 2214 4039 2288">
    <p class='ocr_par' dir='ltr' id='par_1_49' title="bbox 2461 2214 4039 2288">
     <span class='ocr_line' id='line_1_49' title="bbox 2461 2214 4039 2288; baseline 0.007 -23"><span class='ocrx_word' id='word_1_360' title='bbox 2461 2221 2643 2282; x_wconf 86' lang='lat' dir='ltr'><strong>agant,</strong></span> <span class='ocrx_word' id='word_1_361' title='bbox 2693 2214 2818 2268; x_wconf 88' lang='lat' dir='ltr'><strong>dum</strong></span> <span class='ocrx_word' id='word_1_362' title='bbox 2867 2224 2922 2269; x_wconf 92' lang='lat' dir='ltr'><strong>et</strong></span> <span class='ocrx_word' id='word_1_363' title='bbox 2969 2216 3084 2286; x_wconf 85' lang='lat' dir='ltr'><strong>ipse</strong></span> <span class='ocrx_word' id='word_1_364' title='bbox 3132 2218 3358 2272; x_wconf 80' lang='lat' dir='ltr'><strong>domuos</strong></span> <span class='ocrx_word' id='word_1_365' title='bbox 3408 2219 3707 2275; x_wconf 79' lang='lat' dir='ltr'><strong>Vualchuni</strong></span> <span class='ocrx_word' id='word_1_366' title='bbox 3747 2223 4039 2288; x_wconf 80' lang='lat' dir='ltr'><strong>advixerit,</strong></span> 
     </span>
    </p>
   </div>
   <div class='ocr_carea' id='block_1_50' title="bbox 2461 2304 4045 2376">
    <p class='ocr_par' dir='ltr' id='par_1_50' title="bbox 2461 2304 4045 2376">
     <span class='ocr_line' id='line_1_50' title="bbox 2461 2304 4045 2376; baseline 0.007 -20"><span class='ocrx_word' id='word_1_367' title='bbox 2461 2304 2691 2373; x_wconf 86' lang='lat' dir='ltr'><strong>qualiter</strong></span> <span class='ocrx_word' id='word_1_368' title='bbox 2719 2305 2831 2374; x_wconf 90' lang='lat' dir='ltr'><strong>ipse</strong></span> <span class='ocrx_word' id='word_1_369' title='bbox 2861 2321 2955 2360; x_wconf 90' lang='lat' dir='ltr'><strong>eos</strong></span> <span class='ocrx_word' id='word_1_370' title='bbox 2995 2308 3315 2376; x_wconf 80' lang='lat' dir='ltr'><strong>spiritaliter</strong></span> <span class='ocrx_word' id='word_1_371' title='bbox 3342 2325 3564 2364; x_wconf 83' lang='lat' dir='ltr'><strong>monere</strong></span> <span class='ocrx_word' id='word_1_372' title='bbox 3602 2312 3834 2366; x_wconf 89' lang='lat' dir='ltr'><strong>voluerit</strong></span> <span class='ocrx_word' id='word_1_373' title='bbox 3860 2331 3873 2376; x_wconf 88' lang='lat'><strong>;</strong></span> <span class='ocrx_word' id='word_1_374' title='bbox 3906 2322 3958 2367; x_wconf 90' lang='lat' dir='ltr'><strong>et</strong></span> <span class='ocrx_word' id='word_1_375' title='bbox 3987 2315 4045 2367; x_wconf 83' lang='lat' dir='ltr'><strong>li-</strong></span> 
     </span>
    </p>
   </div>
   <div class='ocr_carea' id='block_1_51' title="bbox 2461 2396 4046 2470">
    <p class='ocr_par' dir='ltr' id='par_1_51' title="bbox 2461 2396 4046 2470">
     <span class='ocr_line' id='line_1_51' title="bbox 2461 2396 4046 2470; baseline 0.009 -22"><span class='ocrx_word' id='word_1_376' title='bbox 2461 2397 2638 2450; x_wconf 91' lang='lat' dir='ltr'><strong>centia</strong></span> <span class='ocrx_word' id='word_1_377' title='bbox 2665 2413 2770 2451; x_wconf 91' lang='lat' dir='ltr'><strong>non</strong></span> <span class='ocrx_word' id='word_1_378' title='bbox 2800 2396 3000 2451; x_wconf 83' lang='lat' dir='ltr'><strong>haheat</strong></span> <span class='ocrx_word' id='word_1_379' title='bbox 3039 2399 3107 2454; x_wconf 91' lang='lat' dir='ltr'><strong>de</strong></span> <span class='ocrx_word' id='word_1_380' title='bbox 3137 2400 3264 2468; x_wconf 87' lang='lat' dir='ltr'><strong>ipsis</strong></span> <span class='ocrx_word' id='word_1_381' title='bbox 3294 2401 3454 2456; x_wconf 87' lang='lat' dir='ltr'><strong>rebus</strong></span> <span class='ocrx_word' id='word_1_382' title='bbox 3481 2403 3623 2456; x_wconf 89' lang='lat' dir='ltr'><strong>aliud</strong></span> <span class='ocrx_word' id='word_1_383' title='bbox 3669 2403 3918 2470; x_wconf 81' lang='lat' dir='ltr'><strong>faciendi,</strong></span> <span class='ocrx_word' id='word_1_384' title='bbox 3951 2407 4046 2462; x_wconf 85' lang='lat' dir='ltr'><strong>nisi</strong></span> 
     </span>
    </p>
   </div>
   <div class='ocr_carea' id='block_1_52' title="bbox 2461 2485 4047 2565">
    <p class='ocr_par' dir='ltr' id='par_1_52' title="bbox 2461 2485 4047 2565">
     <span class='ocr_line' id='line_1_52' title="bbox 2461 2485 4047 2565; baseline 0.01 -29"><span class='ocrx_word' id='word_1_385' title='bbox 2461 2485 2604 2554; x_wconf 90' lang='lat' dir='ltr'><strong>quod</strong></span> <span class='ocrx_word' id='word_1_386' title='bbox 2637 2485 2750 2555; x_wconf 91' lang='lat' dir='ltr'><strong>ipse</strong></span> <span class='ocrx_word' id='word_1_387' title='bbox 2793 2489 3190 2558; x_wconf 87' lang='lat' dir='ltr'><strong>suprascriptos</strong></span> <span class='ocrx_word' id='word_1_388' title='bbox 3235 2491 3462 2546; x_wconf 91' lang='lat' dir='ltr'><strong>domnos</strong></span> <span class='ocrx_word' id='word_1_389' title='bbox 3503 2492 3802 2548; x_wconf 76' lang='lat' dir='ltr'><strong>Vualchuni</strong></span> <span class='ocrx_word' id='word_1_390' title='bbox 3843 2497 4047 2565; x_wconf 81' lang='lat' dir='ltr'><strong>episco-</strong></span> 
     </span>
    </p>
   </div>
   <div class='ocr_carea' id='block_1_53' title="bbox 2462 2579 4049 2651">
    <p class='ocr_par' dir='ltr' id='par_1_53' title="bbox 2462 2579 4049 2651">
     <span class='ocr_line' id='line_1_53' title="bbox 2462 2579 4049 2651; baseline 0.008 -24"><span class='ocrx_word' id='word_1_391' title='bbox 2462 2591 2579 2644; x_wconf 92' lang='lat' dir='ltr'><strong>pus,</strong></span> <span class='ocrx_word' id='word_1_392' title='bbox 2615 2592 2712 2644; x_wconf 91' lang='lat' dir='ltr'><strong>pro</strong></span> <span class='ocrx_word' id='word_1_393' title='bbox 2743 2593 3030 2632; x_wconf 88' lang='lat' dir='ltr'><strong>commune</strong></span> <span class='ocrx_word' id='word_1_394' title='bbox 3075 2579 3358 2634; x_wconf 88' lang='lat' dir='ltr'><strong>utilitatem</strong></span> <span class='ocrx_word' id='word_1_395' title='bbox 3401 2583 3568 2651; x_wconf 86' lang='lat' dir='ltr'><strong>ipsius</strong></span> <span class='ocrx_word' id='word_1_396' title='bbox 3613 2585 3928 2639; x_wconf 87' lang='lat' dir='ltr'><strong>monasterii</strong></span> <span class='ocrx_word' id='word_1_397' title='bbox 3974 2588 4049 2640; x_wconf 88' lang='lat' dir='ltr'><strong>eis</strong></span> 
     </span>
    </p>
   </div>
   <div class='ocr_carea' id='block_1_54' title="bbox 2459 2664 4045 2738">
    <p class='ocr_par' dir='ltr' id='par_1_54' title="bbox 2459 2664 4045 2738">
     <span class='ocr_line' id='line_1_54' title="bbox 2459 2664 4045 2738; baseline 0.008 -21"><span class='ocrx_word' id='word_1_398' title='bbox 2459 2664 2696 2733; x_wconf 85' lang='lat' dir='ltr'><strong>jusserit.</strong></span> <span class='ocrx_word' id='word_1_399' title='bbox 2730 2665 2796 2719; x_wconf 84' lang='lat' dir='ltr'><strong>Et</strong></span> <span class='ocrx_word' id='word_1_400' title='bbox 2825 2667 2900 2721; x_wconf 92' lang='lat' dir='ltr'><strong>ita</strong></span> <span class='ocrx_word' id='word_1_401' title='bbox 2930 2669 3090 2722; x_wconf 89' lang='lat' dir='ltr'><strong>michi</strong></span> <span class='ocrx_word' id='word_1_402' title='bbox 3133 2669 3364 2738; x_wconf 88' lang='lat' dir='ltr'><strong>placuit,</strong></span> <span class='ocrx_word' id='word_1_403' title='bbox 3395 2673 3638 2727; x_wconf 89' lang='lat' dir='ltr'><strong>addendo</strong></span> <span class='ocrx_word' id='word_1_404' title='bbox 3681 2683 3739 2728; x_wconf 88' lang='lat' dir='ltr'><strong>ut</strong></span> <span class='ocrx_word' id='word_1_405' title='bbox 3767 2676 3943 2729; x_wconf 79' lang='lat' dir='ltr'><strong>omnis</strong></span> <span class='ocrx_word' id='word_1_406' title='bbox 3970 2677 4045 2729; x_wconf 84' lang='lat' dir='ltr'><strong>fa-</strong></span> 
     </span>
    </p>
   </div>
   <div class='ocr_carea' id='block_1_55' title="bbox 2461 2757 4046 2842">
    <p class='ocr_par' dir='ltr' id='par_1_55' title="bbox 2461 2757 4046 2842">
     <span class='ocr_line' id='line_1_55' title="bbox 2461 2757 4046 2842; baseline 0.004 -30"><span class='ocrx_word' id='word_1_407' title='bbox 2461 2757 2634 2812; x_wconf 89' lang='lat' dir='ltr'><strong>cultas</strong></span> <span class='ocrx_word' id='word_1_408' title='bbox 2663 2773 2783 2812; x_wconf 89' lang='lat' dir='ltr'><strong>mea</strong></span> <span class='ocrx_word' id='word_1_409' title='bbox 2826 2773 2987 2826; x_wconf 89' lang='lat' dir='ltr'><strong>quem</strong></span> <span class='ocrx_word' id='word_1_410' title='bbox 3028 2776 3124 2830; x_wconf 89' lang='lat' dir='ltr'><strong>per</strong></span> <span class='ocrx_word' id='word_1_411' title='bbox 3155 2761 3298 2816; x_wconf 88' lang='lat' dir='ltr'><strong>hunc</strong></span> <span class='ocrx_word' id='word_1_412' title='bbox 3335 2771 3711 2817; x_wconf 87' lang='lat' dir='ltr'><strong>testamentum</strong></span> <span class='ocrx_word' id='word_1_413' title='bbox 3740 2780 3923 2842; x_wconf 75' lang='lat' dir='ltr'><strong>meum</strong></span> <span class='ocrx_word' id='word_1_414' title='bbox 3966 2767 4046 2820; x_wconf 85' lang='lat' dir='ltr'><strong>vel</strong></span> 
     </span>
    </p>
   </div>
   <div class='ocr_carea' id='block_1_56' title="bbox 2466 2848 4051 2927">
    <p class='ocr_par' dir='ltr' id='par_1_56' title="bbox 2466 2848 4051 2927">
     <span class='ocr_line' id='line_1_56' title="bbox 2466 2848 4051 2927; baseline 0.004 -23"><span class='ocrx_word' id='word_1_415' title='bbox 2466 2848 2723 2918; x_wconf 91' lang='lat' dir='ltr'><strong>epistolas</strong></span> <span class='ocrx_word' id='word_1_416' title='bbox 2751 2849 2819 2903; x_wconf 90' lang='lat' dir='ltr'><strong>ad</strong></span> <span class='ocrx_word' id='word_1_417' title='bbox 2845 2852 2964 2920; x_wconf 88' lang='lat' dir='ltr'><strong>ipso</strong></span> <span class='ocrx_word' id='word_1_418' title='bbox 2992 2854 3324 2908; x_wconf 88' lang='lat' dir='ltr'><strong>monasterio</strong></span> <span class='ocrx_word' id='word_1_419' title='bbox 3351 2852 3615 2922; x_wconf 80' lang='lat' dir='ltr'><strong>delegavi,</strong></span> <span class='ocrx_word' id='word_1_420' title='bbox 3639 2855 3768 2910; x_wconf 91' lang='lat' dir='ltr'><strong>dum</strong></span> <span class='ocrx_word' id='word_1_421' title='bbox 3797 2866 3854 2912; x_wconf 92' lang='lat' dir='ltr'><strong>et</strong></span> <span class='ocrx_word' id='word_1_422' title='bbox 3881 2871 3980 2927; x_wconf 87' lang='lat' dir='ltr'><strong>ego</strong></span> <span class='ocrx_word' id='word_1_423' title='bbox 3997 2864 4051 2911; x_wconf 88' lang='lat' dir='ltr'><strong>et</strong></span> 
     </span>
    </p>
   </div>
   <div class='ocr_carea' id='block_1_57' title="bbox 2464 2940 4048 3015">
    <p class='ocr_par' dir='ltr' id='par_1_57' title="bbox 2464 2940 4048 3015">
     <span class='ocr_line' id='line_1_57' title="bbox 2464 2940 4048 3015; baseline 0.004 -21"><span class='ocrx_word' id='word_1_424' title='bbox 2464 2941 2578 3007; x_wconf 87' lang='lat' dir='ltr'><strong>ipse</strong></span> <span class='ocrx_word' id='word_1_425' title='bbox 2623 2940 2853 2994; x_wconf 83' lang='lat' dir='ltr'><strong>domuos</strong></span> <span class='ocrx_word' id='word_1_426' title='bbox 2905 2942 3202 2997; x_wconf 76' lang='lat' dir='ltr'><strong>Vualchuni</strong></span> <span class='ocrx_word' id='word_1_427' title='bbox 3246 2945 3636 3012; x_wconf 82' lang='lat' dir='ltr'><strong>advixerimus,</strong></span> <span class='ocrx_word' id='word_1_428' title='bbox 3668 2946 3808 3001; x_wconf 90' lang='lat' dir='ltr'><strong>sicut</strong></span> <span class='ocrx_word' id='word_1_429' title='bbox 3831 2947 3944 3015; x_wconf 89' lang='lat' dir='ltr'><strong>jam</strong></span> <span class='ocrx_word' id='word_1_430' title='bbox 3968 2947 4048 3000; x_wconf 84' lang='lat' dir='ltr'><strong>di-</strong></span> 
     </span>
    </p>
   </div>
   <div class='ocr_carea' id='block_1_58' title="bbox 2464 3034 4050 3099">
    <p class='ocr_par' dir='ltr' id='par_1_58' title="bbox 2464 3034 4050 3099">
     <span class='ocr_line' id='line_1_58' title="bbox 2464 3034 4050 3099; baseline 0.008 -15"><span class='ocrx_word' id='word_1_431' title='bbox 2464 3043 2608 3088; x_wconf 87' lang='lat' dir='ltr'><strong>ctum</strong></span> <span class='ocrx_word' id='word_1_432' title='bbox 2641 3041 2742 3099; x_wconf 78' lang='lat' dir='ltr'><strong>est,</strong></span> <span class='ocrx_word' id='word_1_433' title='bbox 2774 3034 2874 3088; x_wconf 89' lang='lat' dir='ltr'><strong>sub</strong></span> <span class='ocrx_word' id='word_1_434' title='bbox 2917 3050 3016 3089; x_wconf 88' lang='lat' dir='ltr'><strong>suo</strong></span> <span class='ocrx_word' id='word_1_435' title='bbox 3046 3037 3264 3091; x_wconf 91' lang='lat' dir='ltr'><strong>nomine</strong></span> <span class='ocrx_word' id='word_1_436' title='bbox 3305 3046 3361 3090; x_wconf 90' lang='lat' dir='ltr'><strong>et</strong></span> <span class='ocrx_word' id='word_1_437' title='bbox 3409 3045 3650 3092; x_wconf 91' lang='lat' dir='ltr'><strong>nostrum</strong></span> <span class='ocrx_word' id='word_1_438' title='bbox 3693 3038 3886 3095; x_wconf 88' lang='lat' dir='ltr'><strong>diebus</strong></span> <span class='ocrx_word' id='word_1_439' title='bbox 3929 3041 4050 3096; x_wconf 83' lang='lat' dir='ltr'><strong>vitae</strong></span> 
     </span>
    </p>
   </div>
   <div class='ocr_carea' id='block_1_59' title="bbox 2465 3127 4051 3197">
    <p class='ocr_par' dir='ltr' id='par_1_59' title="bbox 2465 3127 4051 3197">
     <span class='ocr_line' id='line_1_59' title="bbox 2465 3127 4051 3197; baseline 0.009 -19"><span class='ocrx_word' id='word_1_440' title='bbox 2465 3141 2573 3178; x_wconf 83' lang='lat' dir='ltr'><strong>suae</strong></span> <span class='ocrx_word' id='word_1_441' title='bbox 2602 3127 2666 3178; x_wconf 85' lang='lat' dir='ltr'><strong>ad</strong></span> <span class='ocrx_word' id='word_1_442' title='bbox 2715 3127 3014 3196; x_wconf 84' lang='lat' dir='ltr'><strong>profectqu</strong></span> <span class='ocrx_word' id='word_1_443' title='bbox 3063 3127 3172 3197; x_wconf 84' lang='lat' dir='ltr'><strong>jam</strong></span> <span class='ocrx_word' id='word_1_444' title='bbox 3222 3128 3348 3183; x_wconf 88' lang='lat' dir='ltr'><strong>dicti</strong></span> <span class='ocrx_word' id='word_1_445' title='bbox 3397 3133 3709 3187; x_wconf 87' lang='lat' dir='ltr'><strong>monasterii</strong></span> <span class='ocrx_word' id='word_1_446' title='bbox 3757 3136 4051 3192; x_wconf 86' lang='lat' dir='ltr'><strong>consistere</strong></span> 
     </span>
    </p>
   </div>
   <div class='ocr_carea' id='block_1_60' title="bbox 775 3216 4050 3295">
    <p class='ocr_par' dir='ltr' id='par_1_60' title="bbox 775 3216 4050 3295">
     <span class='ocr_line' id='line_1_60' title="bbox 775 3216 4050 3295; baseline 0.006 -34"><span class='ocrx_word' id='word_1_447' title='bbox 775 3221 1043 3278; x_wconf 59' lang='lat' dir='ltr'><strong>“real-ias</strong></span> <span class='ocrx_word' id='word_1_448' title='bbox 1085 3224 1138 3277; x_wconf 72' lang='grc' dir='ltr'><strong>ίη</strong></span> <span class='ocrx_word' id='word_1_449' title='bbox 1177 3223 1509 3280; x_wconf 59' lang='grc' dir='ltr'><strong>ιιλιεηοίαηο</strong></span> <span class='ocrx_word' id='word_1_450' title='bbox 1553 3240 1714 3294; x_wconf 71' lang='lat' dir='ltr'><strong>quem</strong></span> <span class='ocrx_word' id='word_1_451' title='bbox 1768 3227 1834 3280; x_wconf 67' lang='lat' dir='ltr'><strong>ad</strong></span> <span class='ocrx_word' id='word_1_452' title='bbox 1888 3228 1997 3283; x_wconf 74' lang='lat' dir='ltr'><strong>ﬁlio</strong></span> <span class='ocrx_word' id='word_1_453' title='bbox 2053 3229 2355 3295; x_wconf 56' lang='lat' dir='ltr'><strong>Benelino,</strong></span> <span class='ocrx_word' id='word_1_454' title='bbox 2389 3232 2433 3294; x_wconf 73' lang='grc' dir='ltr'><strong>ρ</strong></span> <span class='ocrx_word' id='word_1_455' title='bbox 2464 3216 2644 3270; x_wconf 89' lang='lat' dir='ltr'><strong>valeat</strong></span> <span class='ocrx_word' id='word_1_456' title='bbox 2676 3228 2767 3270; x_wconf 92' lang='lat' dir='ltr'><strong>:et</strong></span> <span class='ocrx_word' id='word_1_457' title='bbox 2796 3218 2840 3271; x_wconf 90' lang='lat' dir='ltr'><strong>si</strong></span> <span class='ocrx_word' id='word_1_458' title='bbox 2871 3219 3034 3273; x_wconf 79' lang='lat' dir='ltr'><strong>michi</strong></span> <span class='ocrx_word' id='word_1_459' title='bbox 3061 3221 3354 3289; x_wconf 75' lang='lat' dir='ltr'><strong>superestis</strong></span> <span class='ocrx_word' id='word_1_460' title='bbox 3382 3221 3751 3279; x_wconf 79' lang='lat' dir='ltr'><strong>fueritdiebus</strong></span> <span class='ocrx_word' id='word_1_461' title='bbox 3774 3226 3897 3280; x_wconf 78' lang='lat' dir='ltr'><strong>vita:</strong></span> <span class='ocrx_word' id='word_1_462' title='bbox 3922 3243 4050 3293; x_wconf 64' lang='lat' dir='ltr'><strong>sum,</strong></span> 
     </span>
    </p>
   </div>
   <div class='ocr_carea' id='block_1_61' title="bbox 767 3313 2357 3389">
    <p class='ocr_par' dir='ltr' id='par_1_61' title="bbox 767 3313 2357 3389">
     <span class='ocr_line' id='line_1_61' title="bbox 767 3313 2357 3389; baseline 0.004 -21"><span class='ocrx_word' id='word_1_463' title='bbox 767 3328 928 3369; x_wconf 87' lang='lat' dir='ltr'><strong>servo</strong></span> <span class='ocrx_word' id='word_1_464' title='bbox 949 3323 1136 3370; x_wconf 89' lang='lat' dir='ltr'><strong>sancto</strong></span> <span class='ocrx_word' id='word_1_465' title='bbox 1163 3313 1416 3379; x_wconf 80' lang='lat' dir='ltr'><strong>Johanni,</strong></span> <span class='ocrx_word' id='word_1_466' title='bbox 1447 3332 1544 3384; x_wconf 88' lang='lat' dir='ltr'><strong>pro</strong></span> <span class='ocrx_word' id='word_1_467' title='bbox 1575 3317 1919 3386; x_wconf 82' lang='lat' dir='ltr'><strong>ingenuitatis</strong></span> <span class='ocrx_word' id='word_1_468' title='bbox 1947 3319 2212 3374; x_wconf 86' lang='lat' dir='ltr'><strong>dedimus.</strong></span> <span class='ocrx_word' id='word_1_469' title='bbox 2240 3319 2357 3389; x_wconf 85' lang='lat' dir='ltr'><strong>Ipsa</strong></span> 
     </span>
    </p>
   </div>
   <div class='ocr_carea' id='block_1_62' title="bbox 768 3407 2360 3478">
    <p class='ocr_par' dir='ltr' id='par_1_62' title="bbox 768 3407 2360 3478">
     <span class='ocr_line' id='line_1_62' title="bbox 768 3407 2360 3478; baseline 0.004 -18"><span class='ocrx_word' id='word_1_470' title='bbox 768 3421 900 3462; x_wconf 84' lang='lat' dir='ltr'><strong>vero</strong></span> <span class='ocrx_word' id='word_1_471' title='bbox 929 3407 1067 3471; x_wconf 89' lang='lat' dir='ltr'><strong>loca,</strong></span> <span class='ocrx_word' id='word_1_472' title='bbox 1098 3423 1202 3462; x_wconf 91' lang='lat' dir='ltr'><strong>una</strong></span> <span class='ocrx_word' id='word_1_473' title='bbox 1228 3423 1352 3462; x_wconf 90' lang='lat' dir='ltr'><strong>cum</strong></span> <span class='ocrx_word' id='word_1_474' title='bbox 1380 3409 1604 3473; x_wconf 91' lang='lat' dir='ltr'><strong>colonis,</strong></span> <span class='ocrx_word' id='word_1_475' title='bbox 1639 3410 1944 3478; x_wconf 86' lang='lat' dir='ltr'><strong>accolanis,</strong></span> <span class='ocrx_word' id='word_1_476' title='bbox 1975 3413 2164 3476; x_wconf 89' lang='lat' dir='ltr'><strong>servis,</strong></span> <span class='ocrx_word' id='word_1_477' title='bbox 2200 3413 2360 3466; x_wconf 88' lang='lat' dir='ltr'><strong>liber-</strong></span> 
     </span>
    </p>
   </div>
   <div class='ocr_carea' id='block_1_63' title="bbox 768 3498 2360 3573">
    <p class='ocr_par' dir='ltr' id='par_1_63' title="bbox 768 3498 2360 3573">
     <span class='ocr_line' id='line_1_63' title="bbox 768 3498 2360 3573; baseline 0.005 -22"><span class='ocrx_word' id='word_1_478' title='bbox 768 3499 840 3552; x_wconf 88' lang='lat' dir='ltr'><strong>tis</strong></span> <span class='ocrx_word' id='word_1_479' title='bbox 868 3499 922 3553; x_wconf 90' lang='lat' dir='ltr'><strong>in</strong></span> <span class='ocrx_word' id='word_1_480' title='bbox 953 3498 1066 3567; x_wconf 90' lang='lat' dir='ltr'><strong>ipsa</strong></span> <span class='ocrx_word' id='word_1_481' title='bbox 1098 3499 1216 3554; x_wconf 90' lang='lat' dir='ltr'><strong>loca</strong></span> <span class='ocrx_word' id='word_1_482' title='bbox 1246 3508 1686 3567; x_wconf 89' lang='lat' dir='ltr'><strong>commanentes,</strong></span> <span class='ocrx_word' id='word_1_483' title='bbox 1723 3518 1845 3556; x_wconf 92' lang='lat' dir='ltr'><strong>cum</strong></span> <span class='ocrx_word' id='word_1_484' title='bbox 1889 3518 2079 3558; x_wconf 86' lang='lat' dir='ltr'><strong>omnes</strong></span> <span class='ocrx_word' id='word_1_485' title='bbox 2105 3503 2360 3573; x_wconf 83' lang='lat' dir='ltr'><strong>adjacen-</strong></span> 
     </span>
    </p>
   </div>
   <div class='ocr_carea' id='block_1_64' title="bbox 770 3591 2361 3665">
    <p class='ocr_par' dir='ltr' id='par_1_64' title="bbox 770 3591 2361 3665">
     <span class='ocr_line' id='line_1_64' title="bbox 770 3591 2361 3665; baseline 0.006 -23"><span class='ocrx_word' id='word_1_486' title='bbox 770 3593 873 3645; x_wconf 87' lang='lat' dir='ltr'><strong>tias</strong></span> <span class='ocrx_word' id='word_1_487' title='bbox 899 3591 969 3644; x_wconf 88' lang='lat' dir='ltr'><strong>ad</strong></span> <span class='ocrx_word' id='word_1_488' title='bbox 997 3606 1056 3646; x_wconf 91' lang='lat' dir='ltr'><strong>se</strong></span> <span class='ocrx_word' id='word_1_489' title='bbox 1083 3593 1433 3660; x_wconf 90' lang='lat' dir='ltr'><strong>pertinentes,</strong></span> <span class='ocrx_word' id='word_1_490' title='bbox 1470 3593 1521 3646; x_wconf 92' lang='lat' dir='ltr'><strong>in</strong></span> <span class='ocrx_word' id='word_1_491' title='bbox 1553 3594 1906 3651; x_wconf 84' lang='lat' dir='ltr'><strong>luminaribus</strong></span> <span class='ocrx_word' id='word_1_492' title='bbox 1929 3595 2097 3665; x_wconf 90' lang='lat' dir='ltr'><strong>ipsius</strong></span> <span class='ocrx_word' id='word_1_493' title='bbox 2119 3597 2361 3651; x_wconf 78' lang='lat' dir='ltr'><strong>ecclesia:</strong></span> 
     </span>
    </p>
   </div>
   <div class='ocr_carea' id='block_1_65' title="bbox 771 3682 2361 3757">
    <p class='ocr_par' dir='ltr' id='par_1_65' title="bbox 771 3682 2361 3757">
     <span class='ocr_line' id='line_1_65' title="bbox 771 3682 2361 3757; baseline 0.005 -22"><span class='ocrx_word' id='word_1_494' title='bbox 771 3682 972 3737; x_wconf 86' lang='lat' dir='ltr'><strong>Sancto</strong></span> <span class='ocrx_word' id='word_1_495' title='bbox 1021 3683 1268 3740; x_wconf 76' lang='lat' dir='ltr'><strong>Johanne</strong></span> <span class='ocrx_word' id='word_1_496' title='bbox 1317 3686 1768 3754; x_wconf 74' lang='lat' dir='ltr'><strong>Maurogennica,</strong></span> <span class='ocrx_word' id='word_1_497' title='bbox 1823 3697 1881 3742; x_wconf 88' lang='lat' dir='ltr'><strong>et</strong></span> <span class='ocrx_word' id='word_1_498' title='bbox 1920 3703 2018 3757; x_wconf 91' lang='lat' dir='ltr'><strong>pro</strong></span> <span class='ocrx_word' id='word_1_499' title='bbox 2063 3690 2361 3746; x_wconf 79' lang='lat' dir='ltr'><strong>substantia</strong></span> 
     </span>
    </p>
   </div>
   <div class='ocr_carea' id='block_1_66' title="bbox 778 3778 2361 3851">
    <p class='ocr_par' dir='ltr' id='par_1_66' title="bbox 778 3778 2361 3851">
     <span class='ocr_line' id='line_1_66' title="bbox 778 3778 2361 3851; baseline 0.006 -22"><span class='ocrx_word' id='word_1_500' title='bbox 778 3788 1168 3847; x_wconf 87' lang='lat' dir='ltr'><strong>pauperorum,</strong></span> <span class='ocrx_word' id='word_1_501' title='bbox 1196 3778 1318 3833; x_wconf 89' lang='lat' dir='ltr'><strong>volo</strong></span> <span class='ocrx_word' id='word_1_502' title='bbox 1343 3787 1402 3833; x_wconf 92' lang='lat' dir='ltr'><strong>ut</strong></span> <span class='ocrx_word' id='word_1_503' title='bbox 1433 3778 1629 3833; x_wconf 85' lang='lat' dir='ltr'><strong>habeat</strong></span> <span class='ocrx_word' id='word_1_504' title='bbox 1667 3788 1724 3834; x_wconf 90' lang='lat' dir='ltr'><strong>et</strong></span> <span class='ocrx_word' id='word_1_505' title='bbox 1746 3780 1994 3849; x_wconf 80' lang='lat' dir='ltr'><strong>proﬁciat</strong></span> <span class='ocrx_word' id='word_1_506' title='bbox 2017 3780 2071 3834; x_wconf 88' lang='lat' dir='ltr'><strong>in</strong></span> <span class='ocrx_word' id='word_1_507' title='bbox 2102 3796 2361 3851; x_wconf 89' lang='lat' dir='ltr'><strong>augmen-</strong></span> 
     </span>
    </p>
   </div>
   <div class='ocr_carea' id='block_1_67' title="bbox 774 3868 865 3922">
    <p class='ocr_par' dir='ltr' id='par_1_67' title="bbox 774 3868 865 3922">
     <span class='ocr_line' id='line_1_67' title="bbox 774 3868 865 3922; baseline 0.022 -2"><span class='ocrx_word' id='word_1_508' title='bbox 774 3868 865 3922; x_wconf 91' lang='lat' dir='ltr'><strong>tis.</strong></span> 
     </span>
    </p>
   </div>
   <div class='ocr_carea' id='block_1_68' title="bbox 847 3959 2362 4030">
    <p class='ocr_par' dir='ltr' id='par_1_68' title="bbox 847 3959 2362 4030">
     <span class='ocr_line' id='line_1_68' title="bbox 847 3959 2362 4030; baseline 0.001 -16"><span class='ocrx_word' id='word_1_509' title='bbox 847 3961 1178 4016; x_wconf 90' lang='lat' dir='ltr'><strong>Donavimus</strong></span> <span class='ocrx_word' id='word_1_510' title='bbox 1205 3960 1534 4016; x_wconf 70' lang='lat' dir='ltr'><strong>dulcissima:-</strong></span> <span class='ocrx_word' id='word_1_511' title='bbox 1557 3968 1753 4016; x_wconf 84' lang='lat' dir='ltr'><strong>nostra:</strong></span> <span class='ocrx_word' id='word_1_512' title='bbox 1776 3959 1998 4030; x_wconf 74' lang='lat' dir='ltr'><strong>Virgilie</strong></span> <span class='ocrx_word' id='word_1_513' title='bbox 2026 3968 2052 3997; x_wconf 76' lang='grc' dir='ltr'>ι</span> <span class='ocrx_word' id='word_1_514' title='bbox 2082 3963 2200 4018; x_wconf 89' lang='lat' dir='ltr'><strong>loca</strong></span> <span class='ocrx_word' id='word_1_515' title='bbox 2231 3978 2362 4018; x_wconf 75' lang='lat' dir='ltr'><strong>nun-</strong></span> 
     </span>
    </p>
   </div>
   <div class='ocr_carea' id='block_1_69' title="bbox 768 4049 2362 4120">
    <p class='ocr_par' dir='ltr' id='par_1_69' title="bbox 768 4049 2362 4120">
     <span class='ocr_line' id='line_1_69' title="bbox 768 4049 2362 4120; baseline 0.002 -14"><span class='ocrx_word' id='word_1_516' title='bbox 768 4051 1018 4119; x_wconf 88' lang='lat' dir='ltr'><strong>eupantis</strong></span> <span class='ocrx_word' id='word_1_517' title='bbox 1065 4051 1117 4104; x_wconf 89' lang='lat' dir='ltr'><strong>in</strong></span> <span class='ocrx_word' id='word_1_518' title='bbox 1160 4051 1280 4119; x_wconf 92' lang='lat' dir='ltr'><strong>ipso</strong></span> <span class='ocrx_word' id='word_1_519' title='bbox 1323 4065 1461 4120; x_wconf 83' lang='lat' dir='ltr'><strong>pago</strong></span> <span class='ocrx_word' id='word_1_520' title='bbox 1489 4049 1906 4120; x_wconf 77' lang='lat' dir='ltr'><strong>Vuapencense,</strong></span> <span class='ocrx_word' id='word_1_521' title='bbox 1939 4051 2260 4109; x_wconf 79' lang='lat' dir='ltr'><strong>Laciomaus</strong></span> <span class='ocrx_word' id='word_1_522' title='bbox 2305 4063 2362 4109; x_wconf 88' lang='lat' dir='ltr'><strong>et</strong></span> 
     </span>
    </p>
   </div>
   <div class='ocr_carea' id='block_1_70' title="bbox 770 4143 2360 4212">
    <p class='ocr_par' dir='ltr' id='par_1_70' title="bbox 770 4143 2360 4212">
     <span class='ocr_line' id='line_1_70' title="bbox 770 4143 2360 4212; baseline 0.003 -16"><span class='ocrx_word' id='word_1_523' title='bbox 770 4143 1111 4210; x_wconf 82' lang='lat' dir='ltr'><strong>Licentiaco,</strong></span> <span class='ocrx_word' id='word_1_524' title='bbox 1141 4143 1474 4210; x_wconf 87' lang='lat' dir='ltr'><strong>Cassaniola,</strong></span> <span class='ocrx_word' id='word_1_525' title='bbox 1504 4143 1780 4198; x_wconf 91' lang='lat' dir='ltr'><strong>Cieoniola</strong></span> <span class='ocrx_word' id='word_1_526' title='bbox 1829 4158 1991 4212; x_wconf 89' lang='lat' dir='ltr'><strong>quem</strong></span> <span class='ocrx_word' id='word_1_527' title='bbox 2039 4146 2108 4200; x_wconf 91' lang='lat' dir='ltr'><strong>de</strong></span> <span class='ocrx_word' id='word_1_528' title='bbox 2159 4146 2360 4202; x_wconf 93' lang='lat' dir='ltr'><strong>domno</strong></span> 
     </span>
    </p>
   </div>
   <div class='ocr_carea' id='block_1_71' title="bbox 770 4233 2360 4304">
    <p class='ocr_par' dir='ltr' id='par_1_71' title="bbox 770 4233 2360 4304">
     <span class='ocr_line' id='line_1_71' title="bbox 770 4233 2360 4304; baseline 0.004 -17"><span class='ocrx_word' id='word_1_529' title='bbox 770 4233 1117 4288; x_wconf 85' lang='lat' dir='ltr'><strong>Waldeberto</strong></span> <span class='ocrx_word' id='word_1_530' title='bbox 1149 4236 1405 4304; x_wconf 87' lang='lat' dir='ltr'><strong>episcopo</strong></span> <span class='ocrx_word' id='word_1_531' title='bbox 1433 4243 1488 4286; x_wconf 85' lang='lat' dir='ltr'><strong>et</strong></span> <span class='ocrx_word' id='word_1_532' title='bbox 1514 4234 1582 4288; x_wconf 92' lang='lat' dir='ltr'><strong>de</strong></span> <span class='ocrx_word' id='word_1_533' title='bbox 1609 4234 1816 4289; x_wconf 81' lang='lat' dir='ltr'><strong>domna.</strong></span> <span class='ocrx_word' id='word_1_534' title='bbox 1838 4233 2042 4303; x_wconf 86' lang='lat' dir='ltr'><strong>Siagria</strong></span> <span class='ocrx_word' id='word_1_535' title='bbox 2074 4244 2130 4290; x_wconf 91' lang='lat' dir='ltr'><strong>et</strong></span> <span class='ocrx_word' id='word_1_536' title='bbox 2159 4236 2360 4293; x_wconf 77' lang='lat' dir='ltr'><strong>Vuide-</strong></span> 
     </span>
    </p>
   </div>
   <div class='ocr_carea' id='block_1_72' title="bbox 767 4324 2358 4395">
    <p class='ocr_par' dir='ltr' id='par_1_72' title="bbox 767 4324 2358 4395">
     <span class='ocr_line' id='line_1_72' title="bbox 767 4324 2358 4395; baseline 0.004 -19"><span class='ocrx_word' id='word_1_537' title='bbox 767 4325 986 4393; x_wconf 71' lang='lat' dir='ltr'><strong>gnndze,</strong></span> <span class='ocrx_word' id='word_1_538' title='bbox 1015 4334 1070 4379; x_wconf 92' lang='lat' dir='ltr'><strong>et</strong></span> <span class='ocrx_word' id='word_1_539' title='bbox 1098 4325 1210 4380; x_wconf 91' lang='lat' dir='ltr'><strong>Deo</strong></span> <span class='ocrx_word' id='word_1_540' title='bbox 1234 4333 1444 4379; x_wconf 83' lang='lat' dir='ltr'><strong>sacrata</strong></span> <span class='ocrx_word' id='word_1_541' title='bbox 1474 4325 1762 4379; x_wconf 79' lang='lat' dir='ltr'><strong>Ricuberta</strong></span> <span class='ocrx_word' id='word_1_542' title='bbox 1793 4324 1988 4380; x_wconf 82' lang='lat' dir='ltr'><strong>femina</strong></span> <span class='ocrx_word' id='word_1_543' title='bbox 2019 4326 2074 4380; x_wconf 91' lang='lat' dir='ltr'><strong>in</strong></span> <span class='ocrx_word' id='word_1_544' title='bbox 2103 4327 2217 4395; x_wconf 89' lang='lat' dir='ltr'><strong>ipsa</strong></span> <span class='ocrx_word' id='word_1_545' title='bbox 2239 4327 2358 4382; x_wconf 88' lang='lat' dir='ltr'><strong>loca</strong></span> 
     </span>
    </p>
   </div>
   <div class='ocr_carea' id='block_1_73' title="bbox 768 4415 2356 4486">
    <p class='ocr_par' dir='ltr' id='par_1_73' title="bbox 768 4415 2356 4486">
     <span class='ocr_line' id='line_1_73' title="bbox 768 4415 2356 4486; baseline 0.001 -16"><span class='ocrx_word' id='word_1_546' title='bbox 768 4415 1214 4485; x_wconf 86' lang='lat' dir='ltr'><strong>conquisivimus.</strong></span> <span class='ocrx_word' id='word_1_547' title='bbox 1259 4415 1517 4470; x_wconf 88' lang='lat' dir='ltr'><strong>Similiter</strong></span> <span class='ocrx_word' id='word_1_548' title='bbox 1545 4423 1600 4471; x_wconf 90' lang='lat' dir='ltr'><strong>et</strong></span> <span class='ocrx_word' id='word_1_549' title='bbox 1630 4416 1681 4470; x_wconf 93' lang='lat' dir='ltr'><strong>in</strong></span> <span class='ocrx_word' id='word_1_550' title='bbox 1713 4429 1852 4485; x_wconf 87' lang='lat' dir='ltr'><strong>pago</strong></span> <span class='ocrx_word' id='word_1_551' title='bbox 1881 4415 2229 4486; x_wconf 90' lang='lat' dir='ltr'><strong>Segisterico,</strong></span> <span class='ocrx_word' id='word_1_552' title='bbox 2251 4416 2356 4474; x_wconf 89' lang='lat' dir='ltr'><strong>La-</strong></span> 
     </span>
    </p>
   </div>
   <div class='ocr_carea' id='block_1_74' title="bbox 769 4509 2356 4581">
    <p class='ocr_par' dir='ltr' id='par_1_74' title="bbox 769 4509 2356 4581">
     <span class='ocr_line' id='line_1_74' title="bbox 769 4509 2356 4581; baseline 0.003 -20"><span class='ocrx_word' id='word_1_553' title='bbox 769 4510 1019 4564; x_wconf 85' lang='lat' dir='ltr'><strong>variosco</strong></span> <span class='ocrx_word' id='word_1_554' title='bbox 1042 4551 1056 4575; x_wconf 90' lang='lat'><strong>,</strong></span> <span class='ocrx_word' id='word_1_555' title='bbox 1095 4525 1199 4562; x_wconf 84' lang='lat' dir='ltr'><strong>una</strong></span> <span class='ocrx_word' id='word_1_556' title='bbox 1249 4524 1370 4562; x_wconf 88' lang='lat' dir='ltr'><strong>cum</strong></span> <span class='ocrx_word' id='word_1_557' title='bbox 1407 4510 1583 4562; x_wconf 90' lang='lat' dir='ltr'><strong>omnis</strong></span> <span class='ocrx_word' id='word_1_558' title='bbox 1625 4509 1954 4577; x_wconf 86' lang='lat' dir='ltr'><strong>adjacentias</strong></span> <span class='ocrx_word' id='word_1_559' title='bbox 1981 4525 2124 4576; x_wconf 88' lang='lat' dir='ltr'><strong>suas,</strong></span> <span class='ocrx_word' id='word_1_560' title='bbox 2153 4521 2356 4581; x_wconf 84' lang='lat' dir='ltr'><strong>quanto</strong></span> 
     </span>
    </p>
   </div>
   <div class='ocr_carea' id='block_1_75' title="bbox 2469 3311 4050 3382">
    <p class='ocr_par' dir='ltr' id='par_1_75' title="bbox 2469 3311 4050 3382">
     <span class='ocr_line' id='line_1_75' title="bbox 2469 3311 4050 3382; baseline 0.006 -17"><span class='ocrx_word' id='word_1_561' title='bbox 2469 3314 2535 3366; x_wconf 89' lang='lat' dir='ltr'><strong>ad</strong></span> <span class='ocrx_word' id='word_1_562' title='bbox 2562 3311 2861 3382; x_wconf 83' lang='lat' dir='ltr'><strong>profectum</strong></span> <span class='ocrx_word' id='word_1_563' title='bbox 2879 3313 2991 3382; x_wconf 88' lang='lat' dir='ltr'><strong>jam</strong></span> <span class='ocrx_word' id='word_1_564' title='bbox 3015 3314 3143 3369; x_wconf 91' lang='lat' dir='ltr'><strong>dicti</strong></span> <span class='ocrx_word' id='word_1_565' title='bbox 3172 3316 3484 3370; x_wconf 89' lang='lat' dir='ltr'><strong>monasterii</strong></span> <span class='ocrx_word' id='word_1_566' title='bbox 3508 3318 3810 3373; x_wconf 89' lang='lat' dir='ltr'><strong>consistere</strong></span> <span class='ocrx_word' id='word_1_567' title='bbox 3833 3319 4050 3374; x_wconf 80' lang='lat' dir='ltr'><strong>valeat:</strong></span> 
     </span>
    </p>
   </div>
   <div class='ocr_carea' id='block_1_76' title="bbox 2467 3403 4057 3474">
    <p class='ocr_par' dir='ltr' id='par_1_76' title="bbox 2467 3403 4057 3474">
     <span class='ocr_line' id='line_1_76' title="bbox 2467 3403 4057 3474; baseline 0.005 -17"><span class='ocrx_word' id='word_1_568' title='bbox 2467 3409 2543 3470; x_wconf 88' lang='lat' dir='ltr'><strong>et,</strong></span> <span class='ocrx_word' id='word_1_569' title='bbox 2573 3403 2617 3458; x_wconf 94' lang='lat' dir='ltr'><strong>si</strong></span> <span class='ocrx_word' id='word_1_570' title='bbox 2647 3403 2810 3457; x_wconf 91' lang='lat' dir='ltr'><strong>michi</strong></span> <span class='ocrx_word' id='word_1_571' title='bbox 2837 3405 3135 3474; x_wconf 86' lang='lat' dir='ltr'><strong>superestis</strong></span> <span class='ocrx_word' id='word_1_572' title='bbox 3162 3405 3327 3460; x_wconf 84' lang='lat' dir='ltr'><strong>fuerit</strong></span> <span class='ocrx_word' id='word_1_573' title='bbox 3354 3406 3545 3461; x_wconf 77' lang='lat' dir='ltr'><strong>diebus</strong></span> <span class='ocrx_word' id='word_1_574' title='bbox 3571 3409 3693 3461; x_wconf 80' lang='lat' dir='ltr'><strong>vita:</strong></span> <span class='ocrx_word' id='word_1_575' title='bbox 3720 3424 3854 3471; x_wconf 65' lang='lat' dir='ltr'><strong>sum,</strong></span> <span class='ocrx_word' id='word_1_576' title='bbox 3881 3410 3936 3464; x_wconf 89' lang='lat' dir='ltr'><strong>in</strong></span> <span class='ocrx_word' id='word_1_577' title='bbox 3960 3424 4057 3465; x_wconf 88' lang='lat' dir='ltr'><strong>sua</strong></span> 
     </span>
    </p>
   </div>
   <div class='ocr_carea' id='block_1_77' title="bbox 2467 3496 4056 3568">
    <p class='ocr_par' dir='ltr' id='par_1_77' title="bbox 2467 3496 4056 3568">
     <span class='ocr_line' id='line_1_77' title="bbox 2467 3496 4056 3568; baseline 0.004 -18"><span class='ocrx_word' id='word_1_578' title='bbox 2467 3506 2783 3564; x_wconf 86' lang='lat' dir='ltr'><strong>permaneat</strong></span> <span class='ocrx_word' id='word_1_579' title='bbox 2812 3505 3102 3566; x_wconf 83' lang='lat' dir='ltr'><strong>potestate.</strong></span> <span class='ocrx_word' id='word_1_580' title='bbox 3133 3496 3222 3562; x_wconf 86' lang='lat' dir='ltr'><strong>Et,</strong></span> <span class='ocrx_word' id='word_1_581' title='bbox 3252 3498 3303 3553; x_wconf 83' lang='lat' dir='ltr'><strong>si</strong></span> <span class='ocrx_word' id='word_1_582' title='bbox 3324 3499 3595 3567; x_wconf 85' lang='lat' dir='ltr'><strong>quislibet,</strong></span> <span class='ocrx_word' id='word_1_583' title='bbox 3626 3500 3770 3568; x_wconf 88' lang='lat' dir='ltr'><strong>quod</strong></span> <span class='ocrx_word' id='word_1_584' title='bbox 3799 3515 3920 3556; x_wconf 85' lang='lat' dir='ltr'><strong>esse</strong></span> <span class='ocrx_word' id='word_1_585' title='bbox 3950 3516 4056 3557; x_wconf 87' lang='lat' dir='ltr'><strong>non</strong></span> 
     </span>
    </p>
   </div>
   <div class='ocr_carea' id='block_1_78' title="bbox 2466 3586 4060 3657">
    <p class='ocr_par' dir='ltr' id='par_1_78' title="bbox 2466 3586 4060 3657">
     <span class='ocr_line' id='line_1_78' title="bbox 2466 3586 4060 3657; baseline 0.001 -15"><span class='ocrx_word' id='word_1_586' title='bbox 2466 3586 2650 3654; x_wconf 77' lang='lat' dir='ltr'><strong>debet,</strong></span> <span class='ocrx_word' id='word_1_587' title='bbox 2681 3587 2750 3642; x_wconf 91' lang='lat' dir='ltr'><strong>de</strong></span> <span class='ocrx_word' id='word_1_588' title='bbox 2790 3587 3071 3643; x_wconf 84' lang='lat' dir='ltr'><strong>monachis</strong></span> <span class='ocrx_word' id='word_1_589' title='bbox 3098 3589 3267 3657; x_wconf 89' lang='lat' dir='ltr'><strong>ipsius</strong></span> <span class='ocrx_word' id='word_1_590' title='bbox 3296 3591 3606 3644; x_wconf 78' lang='lat' dir='ltr'><strong>monasterii</strong></span> <span class='ocrx_word' id='word_1_591' title='bbox 3639 3601 3937 3646; x_wconf 80' lang='lat' dir='ltr'><strong>contumax</strong></span> <span class='ocrx_word' id='word_1_592' title='bbox 3968 3600 4060 3645; x_wconf 86' lang='lat' dir='ltr'><strong>aut</strong></span> 
     </span>
    </p>
   </div>
   <div class='ocr_carea' id='block_1_79' title="bbox 2466 3683 4059 3754">
    <p class='ocr_par' dir='ltr' id='par_1_79' title="bbox 2466 3683 4059 3754">
     <span class='ocr_line' id='line_1_79' title="bbox 2466 3683 4059 3754; baseline 0.001 -14"><span class='ocrx_word' id='word_1_593' title='bbox 2466 3692 2756 3754; x_wconf 86' lang='lat' dir='ltr'><strong>corruptor</strong></span> <span class='ocrx_word' id='word_1_594' title='bbox 2815 3683 3011 3740; x_wconf 76' lang='lat' dir='ltr'><strong>fabulis</strong></span> <span class='ocrx_word' id='word_1_595' title='bbox 3071 3684 3387 3741; x_wconf 87' lang='lat' dir='ltr'><strong>insidiarum</strong></span> <span class='ocrx_word' id='word_1_596' title='bbox 3443 3694 3634 3741; x_wconf 85' lang='lat' dir='ltr'><strong>contra</strong></span> <span class='ocrx_word' id='word_1_597' title='bbox 3681 3686 3792 3754; x_wconf 88' lang='lat' dir='ltr'><strong>jam</strong></span> <span class='ocrx_word' id='word_1_598' title='bbox 3851 3686 4059 3742; x_wconf 87' lang='lat' dir='ltr'><strong>dictum</strong></span> 
     </span>
    </p>
   </div>
   <div class='ocr_carea' id='block_1_80' title="bbox 2464 3774 4061 3846">
    <p class='ocr_par' dir='ltr' id='par_1_80' title="bbox 2464 3774 4061 3846">
     <span class='ocr_line' id='line_1_80' title="bbox 2464 3774 4061 3846; baseline 0.001 -17"><span class='ocrx_word' id='word_1_599' title='bbox 2464 3775 2667 3829; x_wconf 81' lang='lat' dir='ltr'><strong>domno</strong></span> <span class='ocrx_word' id='word_1_600' title='bbox 2720 3774 3028 3829; x_wconf 81' lang='lat' dir='ltr'><strong>Vualchuni</strong></span> <span class='ocrx_word' id='word_1_601' title='bbox 3078 3775 3337 3846; x_wconf 87' lang='lat' dir='ltr'><strong>episcopo</strong></span> <span class='ocrx_word' id='word_1_602' title='bbox 3377 3776 3607 3832; x_wconf 89' lang='lat' dir='ltr'><strong>estiterit</strong></span> <span class='ocrx_word' id='word_1_603' title='bbox 3650 3786 3745 3830; x_wconf 90' lang='lat' dir='ltr'><strong>aut</strong></span> <span class='ocrx_word' id='word_1_604' title='bbox 3793 3777 4061 3831; x_wconf 83' lang='lat' dir='ltr'><strong>rebellare</strong></span> 
     </span>
    </p>
   </div>
   <div class='ocr_carea' id='block_1_81' title="bbox 2463 3864 4063 3938">
    <p class='ocr_par' dir='ltr' id='par_1_81' title="bbox 2463 3864 4063 3938">
     <span class='ocr_line' id='line_1_81' title="bbox 2463 3864 4063 3938; baseline 0.001 -19"><span class='ocrx_word' id='word_1_605' title='bbox 2463 3865 2715 3930; x_wconf 81' lang='lat' dir='ltr'><strong>voluerit,</strong></span> <span class='ocrx_word' id='word_1_606' title='bbox 2745 3865 2960 3920; x_wconf 86' lang='lat' dir='ltr'><strong>licentia</strong></span> <span class='ocrx_word' id='word_1_607' title='bbox 2994 3864 3194 3920; x_wconf 88' lang='lat' dir='ltr'><strong>habeat</strong></span> <span class='ocrx_word' id='word_1_608' title='bbox 3236 3880 3334 3921; x_wconf 84' lang='lat' dir='ltr'><strong>eos</strong></span> <span class='ocrx_word' id='word_1_609' title='bbox 3375 3866 3530 3934; x_wconf 81' lang='lat' dir='ltr'><strong>juxta</strong></span> <span class='ocrx_word' id='word_1_610' title='bbox 3573 3867 3850 3936; x_wconf 84' lang='lat' dir='ltr'><strong>qualitatis</strong></span> <span class='ocrx_word' id='word_1_611' title='bbox 3892 3882 4063 3938; x_wconf 87' lang='lat' dir='ltr'><strong>opere</strong></span> 
     </span>
    </p>
   </div>
   <div class='ocr_carea' id='block_1_82' title="bbox 2462 3957 4060 4027">
    <p class='ocr_par' dir='ltr' id='par_1_82' title="bbox 2462 3957 4060 4027">
     <span class='ocr_line' id='line_1_82' title="bbox 2462 3957 4060 4027; baseline 0.001 -14"><span class='ocrx_word' id='word_1_612' title='bbox 2462 3971 2576 4013; x_wconf 81' lang='lat' dir='ltr'><strong>sua:</strong></span> <span class='ocrx_word' id='word_1_613' title='bbox 2613 3957 2929 4023; x_wconf 88' lang='lat' dir='ltr'><strong>cohercere,</strong></span> <span class='ocrx_word' id='word_1_614' title='bbox 2959 3965 3016 4012; x_wconf 93' lang='lat' dir='ltr'><strong>et</strong></span> <span class='ocrx_word' id='word_1_615' title='bbox 3058 3959 3323 4014; x_wconf 83' lang='lat' dir='ltr'><strong>sententia</strong></span> <span class='ocrx_word' id='word_1_616' title='bbox 3364 3959 3519 4027; x_wconf 80' lang='lat' dir='ltr'><strong>juxta</strong></span> <span class='ocrx_word' id='word_1_617' title='bbox 3565 3959 3833 4014; x_wconf 87' lang='lat' dir='ltr'><strong>canonica</strong></span> <span class='ocrx_word' id='word_1_618' title='bbox 3874 3959 4060 4027; x_wconf 84' lang='lat' dir='ltr'><strong>regula</strong></span> 
     </span>
    </p>
   </div>
   <div class='ocr_carea' id='block_1_83' title="bbox 2463 4047 4058 4117">
    <p class='ocr_par' dir='ltr' id='par_1_83' title="bbox 2463 4047 4058 4117">
     <span class='ocr_line' id='line_1_83' title="bbox 2463 4047 4058 4117; baseline 0.001 -15"><span class='ocrx_word' id='word_1_619' title='bbox 2463 4049 2632 4102; x_wconf 87' lang='lat' dir='ltr'><strong>sancti</strong></span> <span class='ocrx_word' id='word_1_620' title='bbox 2665 4049 2938 4104; x_wconf 85' lang='lat' dir='ltr'><strong>Benedicti</strong></span> <span class='ocrx_word' id='word_1_621' title='bbox 2980 4048 3333 4103; x_wconf 83' lang='lat' dir='ltr'><strong>institutionis</strong></span> <span class='ocrx_word' id='word_1_622' title='bbox 3357 4047 3639 4117; x_wconf 84' lang='lat' dir='ltr'><strong>judicare:</strong></span> <span class='ocrx_word' id='word_1_623' title='bbox 3669 4061 3758 4111; x_wconf 89' lang='lat' dir='ltr'><strong>et,</strong></span> <span class='ocrx_word' id='word_1_624' title='bbox 3786 4050 3834 4104; x_wconf 89' lang='lat' dir='ltr'><strong>si</strong></span> <span class='ocrx_word' id='word_1_625' title='bbox 3864 4054 4058 4104; x_wconf 85' lang='lat' dir='ltr'><strong>nolue-</strong></span> 
     </span>
    </p>
   </div>
   <div class='ocr_carea' id='block_1_84' title="bbox 2463 4140 4058 4210">
    <p class='ocr_par' dir='ltr' id='par_1_84' title="bbox 2463 4140 4058 4210">
     <span class='ocr_line' id='line_1_84' title="bbox 2463 4140 4058 4210; baseline 0.001 -16"><span class='ocrx_word' id='word_1_626' title='bbox 2463 4140 2535 4194; x_wconf 88' lang='lat' dir='ltr'><strong>rit</strong></span> <span class='ocrx_word' id='word_1_627' title='bbox 2563 4155 2622 4194; x_wconf 91' lang='lat' dir='ltr'><strong>se</strong></span> <span class='ocrx_word' id='word_1_628' title='bbox 2648 4140 2701 4194; x_wconf 93' lang='lat' dir='ltr'><strong>in</strong></span> <span class='ocrx_word' id='word_1_629' title='bbox 2730 4156 2828 4194; x_wconf 91' lang='lat' dir='ltr'><strong>sua</strong></span> <span class='ocrx_word' id='word_1_630' title='bbox 2853 4141 3206 4208; x_wconf 81' lang='lat' dir='ltr'><strong>castigatione</strong></span> <span class='ocrx_word' id='word_1_631' title='bbox 3230 4141 3502 4210; x_wconf 87' lang='lat' dir='ltr'><strong>corrigere</strong></span> <span class='ocrx_word' id='word_1_632' title='bbox 3528 4149 3582 4196; x_wconf 93' lang='lat' dir='ltr'><strong>et</strong></span> <span class='ocrx_word' id='word_1_633' title='bbox 3610 4141 3831 4196; x_wconf 90' lang='lat' dir='ltr'><strong>rebellis</strong></span> <span class='ocrx_word' id='word_1_634' title='bbox 3858 4143 4058 4197; x_wconf 81' lang='lat' dir='ltr'><strong>extite-</strong></span> 
     </span>
    </p>
   </div>
   <div class='ocr_carea' id='block_1_85' title="bbox 2464 4233 4055 4305">
    <p class='ocr_par' dir='ltr' id='par_1_85' title="bbox 2464 4233 4055 4305">
     <span class='ocr_line' id='line_1_85' title="bbox 2464 4233 4055 4305; baseline 0.003 -19"><span class='ocrx_word' id='word_1_635' title='bbox 2464 4233 2554 4298; x_wconf 93' lang='lat' dir='ltr'><strong>rit,</strong></span> <span class='ocrx_word' id='word_1_636' title='bbox 2583 4233 2802 4288; x_wconf 90' lang='lat' dir='ltr'><strong>licentia</strong></span> <span class='ocrx_word' id='word_1_637' title='bbox 2830 4233 3029 4288; x_wconf 83' lang='lat' dir='ltr'><strong>habeat</strong></span> <span class='ocrx_word' id='word_1_638' title='bbox 3058 4248 3182 4290; x_wconf 91' lang='lat' dir='ltr'><strong>eum</strong></span> <span class='ocrx_word' id='word_1_639' title='bbox 3210 4233 3277 4288; x_wconf 88' lang='lat' dir='ltr'><strong>de</strong></span> <span class='ocrx_word' id='word_1_640' title='bbox 3305 4233 3484 4305; x_wconf 87' lang='lat' dir='ltr'><strong>ipsum</strong></span> <span class='ocrx_word' id='word_1_641' title='bbox 3513 4237 3845 4292; x_wconf 87' lang='lat' dir='ltr'><strong>monasterio</strong></span> <span class='ocrx_word' id='word_1_642' title='bbox 3877 4237 3931 4292; x_wconf 89' lang='lat' dir='ltr'><strong>in</strong></span> <span class='ocrx_word' id='word_1_643' title='bbox 3959 4253 4055 4292; x_wconf 82' lang='lat' dir='ltr'><strong>sua</strong></span> 
     </span>
    </p>
   </div>
   <div class='ocr_carea' id='block_1_86' title="bbox 2463 4327 3024 4381">
    <p class='ocr_par' dir='ltr' id='par_1_86' title="bbox 2463 4327 3024 4381">
     <span class='ocr_line' id='line_1_86' title="bbox 2463 4327 3024 4381; baseline 0 -2"><span class='ocrx_word' id='word_1_644' title='bbox 2463 4327 2796 4380; x_wconf 85' lang='lat' dir='ltr'><strong>contumatia</strong></span> <span class='ocrx_word' id='word_1_645' title='bbox 2825 4327 3024 4381; x_wconf 91' lang='lat' dir='ltr'><strong>eicere.</strong></span> 
     </span>
    </p>
   </div>
   <div class='ocr_carea' id='block_1_87' title="bbox 2536 4415 4057 4485">
    <p class='ocr_par' dir='ltr' id='par_1_87' title="bbox 2536 4415 4057 4485">
     <span class='ocr_line' id='line_1_87' title="bbox 2536 4415 4057 4485; baseline 0.006 -17"><span class='ocrx_word' id='word_1_646' title='bbox 2536 4415 2689 4470; x_wconf 83' lang='lat' dir='ltr'><strong>Dono</strong></span> <span class='ocrx_word' id='word_1_647' title='bbox 2729 4415 2794 4470; x_wconf 91' lang='lat' dir='ltr'><strong>ad</strong></span> <span class='ocrx_word' id='word_1_648' title='bbox 2825 4417 3195 4485; x_wconf 87' lang='lat' dir='ltr'><strong>suprascripta</strong></span> <span class='ocrx_word' id='word_1_649' title='bbox 3237 4416 3491 4472; x_wconf 83' lang='lat' dir='ltr'><strong>heredem</strong></span> <span class='ocrx_word' id='word_1_650' title='bbox 3539 4433 3716 4473; x_wconf 90' lang='lat' dir='ltr'><strong>meam</strong></span> <span class='ocrx_word' id='word_1_651' title='bbox 3762 4434 4057 4476; x_wconf 68' lang='lat' dir='ltr'><strong>sacrosan-</strong></span> 
     </span>
    </p>
   </div>
   <div class='ocr_carea' id='block_1_88' title="bbox 2463 4507 4053 4577">
    <p class='ocr_par' dir='ltr' id='par_1_88' title="bbox 2463 4507 4053 4577">
     <span class='ocr_line' id='line_1_88' title="bbox 2463 4507 4053 4577; baseline 0.004 -15"><span class='ocrx_word' id='word_1_652' title='bbox 2463 4516 2605 4562; x_wconf 87' lang='lat' dir='ltr'><strong>ctam</strong></span> <span class='ocrx_word' id='word_1_653' title='bbox 2635 4507 2880 4563; x_wconf 77' lang='lat' dir='ltr'><strong>ecclesia:</strong></span> <span class='ocrx_word' id='word_1_654' title='bbox 2903 4508 3088 4563; x_wconf 56' lang='lat' dir='ltr'><strong>Scncti</strong></span> <span class='ocrx_word' id='word_1_655' title='bbox 3111 4507 3258 4563; x_wconf 88' lang='lat' dir='ltr'><strong>Petri</strong></span> <span class='ocrx_word' id='word_1_656' title='bbox 3281 4510 3595 4564; x_wconf 85' lang='lat' dir='ltr'><strong>monasterii</strong></span> <span class='ocrx_word' id='word_1_657' title='bbox 3628 4510 3921 4577; x_wconf 81' lang='lat' dir='ltr'><strong>Novalicis,</strong></span> <span class='ocrx_word' id='word_1_658' title='bbox 3949 4522 4053 4568; x_wconf 60' lang='lat' dir='ltr'><strong>ter«</strong></span> 
     </span>
    </p>
   </div>
   <div class='ocr_carea' id='block_1_89' title="bbox 768 4594 4054 4675">
    <p class='ocr_par' dir='ltr' id='par_1_89' title="bbox 768 4594 4054 4675">
     <span class='ocr_line' id='line_1_89' title="bbox 768 4594 4054 4675; baseline 0.002 -24"><span class='ocrx_word' id='word_1_659' title='bbox 768 4601 908 4656; x_wconf 79' lang='lat' dir='ltr'><strong>infra</strong></span> <span class='ocrx_word' id='word_1_660' title='bbox 937 4601 1055 4669; x_wconf 92' lang='lat' dir='ltr'><strong>ipso</strong></span> <span class='ocrx_word' id='word_1_661' title='bbox 1082 4613 1219 4670; x_wconf 87' lang='lat' dir='ltr'><strong>pago</strong></span> <span class='ocrx_word' id='word_1_662' title='bbox 1249 4599 1556 4668; x_wconf 84' lang='lat' dir='ltr'><strong>Sigisterico</strong></span> <span class='ocrx_word' id='word_1_663' title='bbox 1586 4601 1653 4654; x_wconf 90' lang='lat' dir='ltr'><strong>ad</strong></span> <span class='ocrx_word' id='word_1_664' title='bbox 1687 4601 1799 4669; x_wconf 88' lang='lat' dir='ltr'><strong>ipsa</strong></span> <span class='ocrx_word' id='word_1_665' title='bbox 1829 4609 1983 4655; x_wconf 87' lang='lat' dir='ltr'><strong>certe</strong></span> <span class='ocrx_word' id='word_1_666' title='bbox 2011 4604 2255 4671; x_wconf 91' lang='lat' dir='ltr'><strong>aspicere</strong></span> <span class='ocrx_word' id='word_1_667' title='bbox 2286 4605 2364 4658; x_wconf 73' lang='lat' dir='ltr'><strong>vi-</strong></span> <span class='ocrx_word' id='word_1_668' title='bbox 2395 4594 2442 4652; x_wconf 86' lang='lat' dir='ltr'><strong>D</strong></span> <span class='ocrx_word' id='word_1_669' title='bbox 2472 4615 2559 4654; x_wconf 90' lang='lat' dir='ltr'><strong>ras</strong></span> <span class='ocrx_word' id='word_1_670' title='bbox 2584 4608 2638 4653; x_wconf 90' lang='lat' dir='ltr'><strong>et</strong></span> <span class='ocrx_word' id='word_1_671' title='bbox 2666 4601 2872 4664; x_wconf 89' lang='lat' dir='ltr'><strong>vineas,</strong></span> <span class='ocrx_word' id='word_1_672' title='bbox 2906 4616 3011 4654; x_wconf 89' lang='lat' dir='ltr'><strong>una</strong></span> <span class='ocrx_word' id='word_1_673' title='bbox 3034 4617 3155 4655; x_wconf 88' lang='lat' dir='ltr'><strong>cum</strong></span> <span class='ocrx_word' id='word_1_674' title='bbox 3178 4601 3463 4668; x_wconf 90' lang='lat' dir='ltr'><strong>mancipiis</strong></span> <span class='ocrx_word' id='word_1_675' title='bbox 3491 4604 3543 4656; x_wconf 91' lang='lat' dir='ltr'><strong>in</strong></span> <span class='ocrx_word' id='word_1_676' title='bbox 3567 4603 3868 4670; x_wconf 83' lang='lat' dir='ltr'><strong>Matanatis,</strong></span> <span class='ocrx_word' id='word_1_677' title='bbox 3891 4621 4054 4675; x_wconf 88' lang='lat' dir='ltr'><strong>quem</strong></span> 
     </span>
    </p>
   </div>
   <div class='ocr_carea' id='block_1_90' title="bbox 767 4689 2358 4761">
    <p class='ocr_par' dir='ltr' id='par_1_90' title="bbox 767 4689 2358 4761">
     <span class='ocr_line' id='line_1_90' title="bbox 767 4689 2358 4761; baseline 0.004 -20"><span class='ocrx_word' id='word_1_678' title='bbox 767 4693 999 4757; x_wconf 86' lang='lat' dir='ltr'><strong>dentur,</strong></span> <span class='ocrx_word' id='word_1_679' title='bbox 1029 4705 1187 4759; x_wconf 90' lang='lat' dir='ltr'><strong>quem</strong></span> <span class='ocrx_word' id='word_1_680' title='bbox 1235 4689 1301 4745; x_wconf 90' lang='lat' dir='ltr'><strong>de</strong></span> <span class='ocrx_word' id='word_1_681' title='bbox 1345 4692 1541 4744; x_wconf 88' lang='lat' dir='ltr'><strong>domna</strong></span> <span class='ocrx_word' id='word_1_682' title='bbox 1592 4690 1799 4759; x_wconf 86' lang='lat' dir='ltr'><strong>Siagria</strong></span> <span class='ocrx_word' id='word_1_683' title='bbox 1845 4691 1910 4744; x_wconf 89' lang='lat' dir='ltr'><strong>ad</strong></span> <span class='ocrx_word' id='word_1_684' title='bbox 1950 4707 2048 4747; x_wconf 81' lang='lat' dir='ltr'><strong>nos</strong></span> <span class='ocrx_word' id='word_1_685' title='bbox 2092 4695 2358 4761; x_wconf 88' lang='lat' dir='ltr'><strong>pervenit,</strong></span> 
     </span>
    </p>
   </div>
   <div class='ocr_carea' id='block_1_91' title="bbox 765 4781 2362 4852">
    <p class='ocr_par' dir='ltr' id='par_1_91' title="bbox 765 4781 2362 4852">
     <span class='ocr_line' id='line_1_91' title="bbox 765 4781 2362 4852; baseline 0.004 -20"><span class='ocrx_word' id='word_1_686' title='bbox 765 4783 930 4835; x_wconf 74' lang='lat' dir='ltr'><strong>etiam</strong></span> <span class='ocrx_word' id='word_1_687' title='bbox 961 4790 1015 4836; x_wconf 92' lang='lat' dir='ltr'><strong>et</strong></span> <span class='ocrx_word' id='word_1_688' title='bbox 1044 4783 1094 4835; x_wconf 91' lang='lat' dir='ltr'><strong>in</strong></span> <span class='ocrx_word' id='word_1_689' title='bbox 1125 4794 1262 4848; x_wconf 84' lang='lat' dir='ltr'><strong>pago</strong></span> <span class='ocrx_word' id='word_1_690' title='bbox 1293 4781 1538 4851; x_wconf 79' lang='lat' dir='ltr'><strong>Regense</strong></span> <span class='ocrx_word' id='word_1_691' title='bbox 1569 4781 1814 4837; x_wconf 89' lang='lat' dir='ltr'><strong>Cinicino</strong></span> <span class='ocrx_word' id='word_1_692' title='bbox 1844 4798 2003 4852; x_wconf 91' lang='lat' dir='ltr'><strong>quem</strong></span> <span class='ocrx_word' id='word_1_693' title='bbox 2049 4783 2116 4838; x_wconf 90' lang='lat' dir='ltr'><strong>de</strong></span> <span class='ocrx_word' id='word_1_694' title='bbox 2163 4785 2362 4840; x_wconf 91' lang='lat' dir='ltr'><strong>domno</strong></span> 
     </span>
    </p>
   </div>
   <div class='ocr_carea' id='block_1_92' title="bbox 767 4874 2358 4945">
    <p class='ocr_par' dir='ltr' id='par_1_92' title="bbox 767 4874 2358 4945">
     <span class='ocr_line' id='line_1_92' title="bbox 767 4874 2358 4945; baseline 0.004 -18"><span class='ocrx_word' id='word_1_695' title='bbox 767 4874 1131 4930; x_wconf 83' lang='lat' dir='ltr'><strong>Vualdeberto</strong></span> <span class='ocrx_word' id='word_1_696' title='bbox 1159 4875 1226 4929; x_wconf 89' lang='lat' dir='ltr'><strong>ad</strong></span> <span class='ocrx_word' id='word_1_697' title='bbox 1258 4891 1355 4929; x_wconf 91' lang='lat' dir='ltr'><strong>nos</strong></span> <span class='ocrx_word' id='word_1_698' title='bbox 1385 4877 1630 4944; x_wconf 88' lang='lat' dir='ltr'><strong>pervenit</strong></span> <span class='ocrx_word' id='word_1_699' title='bbox 1660 4895 1670 4928; x_wconf 93' lang='lat'><strong>:</strong></span> <span class='ocrx_word' id='word_1_700' title='bbox 1705 4875 1758 4929; x_wconf 84' lang='lat' dir='ltr'><strong>in</strong></span> <span class='ocrx_word' id='word_1_701' title='bbox 1790 4877 1904 4945; x_wconf 91' lang='lat' dir='ltr'><strong>ipsa</strong></span> <span class='ocrx_word' id='word_1_702' title='bbox 1934 4891 2062 4931; x_wconf 89' lang='lat' dir='ltr'><strong>vero</strong></span> <span class='ocrx_word' id='word_1_703' title='bbox 2087 4879 2227 4943; x_wconf 89' lang='lat' dir='ltr'><strong>loca,</strong></span> <span class='ocrx_word' id='word_1_704' title='bbox 2255 4895 2358 4933; x_wconf 87' lang='lat' dir='ltr'><strong>una</strong></span> 
     </span>
    </p>
   </div>
   <div class='ocr_carea' id='block_1_93' title="bbox 774 4966 2357 5035">
    <p class='ocr_par' dir='ltr' id='par_1_93' title="bbox 774 4966 2357 5035">
     <span class='ocr_line' id='line_1_93' title="bbox 774 4966 2357 5035; baseline 0.004 -16"><span class='ocrx_word' id='word_1_705' title='bbox 774 4982 888 5033; x_wconf 58' lang='lat' dir='ltr'><strong>gum</strong></span> <span class='ocrx_word' id='word_1_706' title='bbox 939 4966 1207 5034; x_wconf 86' lang='lat' dir='ltr'><strong>ingenuis,</strong></span> <span class='ocrx_word' id='word_1_707' title='bbox 1260 4967 1483 5028; x_wconf 88' lang='lat' dir='ltr'><strong>libertis,</strong></span> <span class='ocrx_word' id='word_1_708' title='bbox 1523 4966 1796 5020; x_wconf 88' lang='lat' dir='ltr'><strong>accolanis</strong></span> <span class='ocrx_word' id='word_1_709' title='bbox 1841 4975 1896 5021; x_wconf 89' lang='lat' dir='ltr'><strong>et</strong></span> <span class='ocrx_word' id='word_1_710' title='bbox 1935 4969 2128 5033; x_wconf 71' lang='lat' dir='ltr'><strong>seriis,</strong></span> <span class='ocrx_word' id='word_1_711' title='bbox 2180 4970 2357 5035; x_wconf 90' lang='lat' dir='ltr'><strong>terris,</strong></span> 
     </span>
    </p>
   </div>
   <div class='ocr_carea' id='block_1_94' title="bbox 765 5057 2355 5129">
    <p class='ocr_par' dir='ltr' id='par_1_94' title="bbox 765 5057 2355 5129">
     <span class='ocr_line' id='line_1_94' title="bbox 765 5057 2355 5129; baseline 0.004 -20"><span class='ocrx_word' id='word_1_712' title='bbox 765 5059 1036 5123; x_wconf 74' lang='lat' dir='ltr'><strong>dantibus,</strong></span> <span class='ocrx_word' id='word_1_713' title='bbox 1055 5057 1299 5122; x_wconf 88' lang='lat' dir='ltr'><strong>edilieiis,</strong></span> <span class='ocrx_word' id='word_1_714' title='bbox 1325 5060 1624 5128; x_wconf 87' lang='lat' dir='ltr'><strong>mancipiis,</strong></span> <span class='ocrx_word' id='word_1_715' title='bbox 1650 5059 1872 5128; x_wconf 88' lang='lat' dir='ltr'><strong>campis,</strong></span> <span class='ocrx_word' id='word_1_716' title='bbox 1897 5059 2083 5129; x_wconf 87' lang='lat' dir='ltr'><strong>pratis,</strong></span> <span class='ocrx_word' id='word_1_717' title='bbox 2117 5061 2355 5129; x_wconf 90' lang='lat' dir='ltr'><strong>pascuis,</strong></span> 
     </span>
    </p>
   </div>
   <div class='ocr_carea' id='block_1_95' title="bbox 762 5150 2360 5220">
    <p class='ocr_par' dir='ltr' id='par_1_95' title="bbox 762 5150 2360 5220">
     <span class='ocr_line' id='line_1_95' title="bbox 762 5150 2360 5220; baseline 0.003 -18"><span class='ocrx_word' id='word_1_718' title='bbox 762 5150 929 5214; x_wconf 91' lang='lat' dir='ltr'><strong>silvis,</strong></span> <span class='ocrx_word' id='word_1_719' title='bbox 964 5150 1152 5209; x_wconf 89' lang='lat' dir='ltr'><strong>vineis,</strong></span> <span class='ocrx_word' id='word_1_720' title='bbox 1186 5165 1306 5220; x_wconf 84' lang='lat' dir='ltr'><strong>cum</strong></span> <span class='ocrx_word' id='word_1_721' title='bbox 1360 5151 1534 5203; x_wconf 91' lang='lat' dir='ltr'><strong>omnis</strong></span> <span class='ocrx_word' id='word_1_722' title='bbox 1582 5150 1908 5218; x_wconf 88' lang='lat' dir='ltr'><strong>adjacentias</strong></span> <span class='ocrx_word' id='word_1_723' title='bbox 1955 5165 2138 5204; x_wconf 91' lang='lat' dir='ltr'><strong>earum</strong></span> <span class='ocrx_word' id='word_1_724' title='bbox 2187 5151 2252 5205; x_wconf 90' lang='lat' dir='ltr'><strong>ad</strong></span> <span class='ocrx_word' id='word_1_725' title='bbox 2299 5168 2360 5207; x_wconf 84' lang='lat' dir='ltr'><strong>se</strong></span> 
     </span>
    </p>
   </div>
   <div class='ocr_carea' id='block_1_96' title="bbox 766 5241 2359 5312">
    <p class='ocr_par' dir='ltr' id='par_1_96' title="bbox 766 5241 2359 5312">
     <span class='ocr_line' id='line_1_96' title="bbox 766 5241 2359 5312; baseline 0 -16"><span class='ocrx_word' id='word_1_726' title='bbox 766 5243 1116 5310; x_wconf 86' lang='lat' dir='ltr'><strong>pertinentes,</strong></span> <span class='ocrx_word' id='word_1_727' title='bbox 1151 5259 1208 5294; x_wconf 76' lang='lat' dir='ltr'><strong>ut</strong></span> <span class='ocrx_word' id='word_1_728' title='bbox 1248 5242 1445 5294; x_wconf 88' lang='lat' dir='ltr'><strong>habeas</strong></span> <span class='ocrx_word' id='word_1_729' title='bbox 1476 5241 1634 5307; x_wconf 88' lang='lat' dir='ltr'><strong>volo;</strong></span> <span class='ocrx_word' id='word_1_730' title='bbox 1679 5251 1900 5311; x_wconf 67' lang='lat' dir='ltr'><strong>promer</strong></span> <span class='ocrx_word' id='word_1_731' title='bbox 1944 5241 2088 5311; x_wconf 87' lang='lat' dir='ltr'><strong>quod</strong></span> <span class='ocrx_word' id='word_1_732' title='bbox 2129 5242 2181 5295; x_wconf 91' lang='lat' dir='ltr'><strong>in</strong></span> <span class='ocrx_word' id='word_1_733' title='bbox 2214 5243 2359 5312; x_wconf 84' lang='lat' dir='ltr'><strong>ipsos</strong></span> 
     </span>
    </p>
   </div>
   <div class='ocr_carea' id='block_1_97' title="bbox 839 5392 2356 5462">
    <p class='ocr_par' dir='ltr' id='par_1_97' title="bbox 839 5392 2356 5462">
     <span class='ocr_line' id='line_1_97' title="bbox 839 5392 2356 5462; baseline 0.004 -18"><span class='ocrx_word' id='word_1_734' title='bbox 839 5403 865 5430; x_wconf 79' lang='grc' dir='ltr'>ι</span> <span class='ocrx_word' id='word_1_735' title='bbox 896 5392 1088 5446; x_wconf 85' lang='lat' dir='ltr'><strong>Mirum</strong></span> <span class='ocrx_word' id='word_1_736' title='bbox 1142 5395 1196 5445; x_wconf 85' lang='lat' dir='ltr'><strong>in</strong></span> <span class='ocrx_word' id='word_1_737' title='bbox 1240 5393 1459 5446; x_wconf 88' lang='lat' dir='ltr'><strong>modum</strong></span> <span class='ocrx_word' id='word_1_738' title='bbox 1507 5396 1739 5448; x_wconf 74' lang='lat' dir='ltr'><strong>ccecutiit</strong></span> <span class='ocrx_word' id='word_1_739' title='bbox 1789 5394 2113 5462; x_wconf 84' lang='lat' dir='ltr'><strong>Pingouius,</strong></span> <span class='ocrx_word' id='word_1_740' title='bbox 2153 5395 2356 5450; x_wconf 88' lang='lat' dir='ltr'><strong>Chron.</strong></span> 
     </span>
    </p>
   </div>
   <div class='ocr_carea' id='block_1_98' title="bbox 767 5461 2356 5533">
    <p class='ocr_par' dir='ltr' id='par_1_98' title="bbox 767 5461 2356 5533">
     <span class='ocr_line' id='line_1_98' title="bbox 767 5461 2356 5533; baseline 0.001 -16"><span class='ocrx_word' id='word_1_741' title='bbox 767 5461 1429 5533; x_wconf 60' lang='lat' dir='ltr'><strong>Auguste-Taurinorn:n,</strong></span> <span class='ocrx_word' id='word_1_742' title='bbox 1463 5463 1514 5516; x_wconf 87' lang='lat' dir='ltr'><strong>in</strong></span> <span class='ocrx_word' id='word_1_743' title='bbox 1545 5465 1770 5518; x_wconf 79' lang='lat' dir='ltr'><strong>(Iollect.</strong></span> <span class='ocrx_word' id='word_1_744' title='bbox 1808 5461 1931 5517; x_wconf 78' lang='lat' dir='ltr'><strong>hist.</strong></span> <span class='ocrx_word' id='word_1_745' title='bbox 1968 5465 2160 5518; x_wconf 79' lang='lat' dir='ltr'><strong>Franc.</strong></span> <span class='ocrx_word' id='word_1_746' title='bbox 2192 5467 2356 5519; x_wconf 80' lang='lat' dir='ltr'><strong>Ches-</strong></span> 
     </span>
    </p>
   </div>
   <div class='ocr_carea' id='block_1_99' title="bbox 769 5534 2358 5602">
    <p class='ocr_par' dir='ltr' id='par_1_99' title="bbox 769 5534 2358 5602">
     <span class='ocr_line' id='line_1_99' title="bbox 769 5534 2358 5602; baseline 0.003 -18"><span class='ocrx_word' id='word_1_747' title='bbox 769 5537 859 5597; x_wconf 82' lang='lat' dir='ltr'><strong>n.i,</strong></span> <span class='ocrx_word' id='word_1_748' title='bbox 895 5543 932 5587; x_wconf 93' lang='lat' dir='ltr'><strong>t.</strong></span> <span class='ocrx_word' id='word_1_749' title='bbox 971 5534 1049 5596; x_wconf 83' lang='lat' dir='ltr'><strong>ll,</strong></span> <span class='ocrx_word' id='word_1_750' title='bbox 1083 5549 1204 5586; x_wconf 89' lang='lat' dir='ltr'><strong>cum</strong></span> <span class='ocrx_word' id='word_1_751' title='bbox 1252 5534 1486 5586; x_wconf 81' lang='lat' dir='ltr'><strong>Abbonis</strong></span> <span class='ocrx_word' id='word_1_752' title='bbox 1537 5543 1915 5588; x_wconf 86' lang='lat' dir='ltr'><strong>testamentum</strong></span> <span class='ocrx_word' id='word_1_753' title='bbox 1971 5536 2021 5587; x_wconf 90' lang='lat' dir='ltr'><strong>iu</strong></span> <span class='ocrx_word' id='word_1_754' title='bbox 2066 5536 2358 5602; x_wconf 85' lang='lat' dir='ltr'><strong>epitomctn</strong></span> 
     </span>
    </p>
   </div>
   <div class='ocr_carea' id='block_1_100' title="bbox 768 5605 2359 5673">
    <p class='ocr_par' dir='ltr' id='par_1_100' title="bbox 768 5605 2359 5673">
     <span class='ocr_line' id='line_1_100' title="bbox 768 5605 2359 5673; baseline 0.003 -19"><span class='ocrx_word' id='word_1_755' title='bbox 768 5605 990 5670; x_wconf 80' lang='lat' dir='ltr'><strong>redegit.</strong></span> <span class='ocrx_word' id='word_1_756' title='bbox 1024 5605 1234 5656; x_wconf 84' lang='lat' dir='ltr'><strong>Ahboui</strong></span> <span class='ocrx_word' id='word_1_757' title='bbox 1266 5605 1530 5671; x_wconf 74' lang='lat' dir='ltr'><strong>a-signat,</strong></span> <span class='ocrx_word' id='word_1_758' title='bbox 1565 5606 1628 5654; x_wconf 84' lang='lat' dir='ltr'><strong>ad</strong></span> <span class='ocrx_word' id='word_1_759' title='bbox 1661 5605 1840 5668; x_wconf 79' lang='lat' dir='ltr'><strong>Iidem,</strong></span> <span class='ocrx_word' id='word_1_760' title='bbox 1874 5615 1930 5658; x_wconf 92' lang='lat' dir='ltr'><strong>ut</strong></span> <span class='ocrx_word' id='word_1_761' title='bbox 1957 5607 2063 5666; x_wconf 84' lang='lat' dir='ltr'><strong>ait,</strong></span> <span class='ocrx_word' id='word_1_762' title='bbox 2095 5607 2253 5673; x_wconf 89' lang='lat' dir='ltr'><strong>hujus</strong></span> <span class='ocrx_word' id='word_1_763' title='bbox 2279 5608 2359 5658; x_wconf 86' lang='lat' dir='ltr'><strong>in-</strong></span> 
     </span>
    </p>
   </div>
   <div class='ocr_carea' id='block_1_101' title="bbox 771 5674 2356 5742">
    <p class='ocr_par' dir='ltr' id='par_1_101' title="bbox 771 5674 2356 5742">
     <span class='ocr_line' id='line_1_101' title="bbox 771 5674 2356 5742; baseline 0.003 -17"><span class='ocrx_word' id='word_1_764' title='bbox 771 5678 1050 5728; x_wconf 85' lang='lat' dir='ltr'><strong>strumenti</strong></span> <span class='ocrx_word' id='word_1_765' title='bbox 1069 5714 1085 5728; x_wconf 92' lang='lat'><strong>.</strong></span> <span class='ocrx_word' id='word_1_766' title='bbox 1117 5674 1248 5727; x_wconf 86' lang='lat' dir='ltr'><strong>lilias</strong></span> <span class='ocrx_word' id='word_1_767' title='bbox 1276 5683 1412 5736; x_wconf 84' lang='lat' dir='ltr'><strong>tres,</strong></span> <span class='ocrx_word' id='word_1_768' title='bbox 1443 5675 1642 5728; x_wconf 80' lang='lat' dir='ltr'><strong>scilicet</strong></span> <span class='ocrx_word' id='word_1_769' title='bbox 1670 5677 1902 5742; x_wconf 84' lang='lat' dir='ltr'><strong>priorem</strong></span> <span class='ocrx_word' id='word_1_770' title='bbox 1931 5678 2149 5730; x_wconf 87' lang='lat' dir='ltr'><strong>nomine</strong></span> <span class='ocrx_word' id='word_1_771' title='bbox 2185 5678 2356 5742; x_wconf 76' lang='lat' dir='ltr'><strong>Virgi-</strong></span> 
     </span>
    </p>
   </div>
   <div class='ocr_carea' id='block_1_102' title="bbox 773 5745 2359 5811">
    <p class='ocr_par' dir='ltr' id='par_1_102' title="bbox 773 5745 2359 5811">
     <span class='ocr_line' id='line_1_102' title="bbox 773 5745 2359 5811; baseline 0.006 -20"><span class='ocrx_word' id='word_1_772' title='bbox 773 5746 928 5806; x_wconf 84' lang='lat' dir='ltr'><strong>tiam,</strong></span> <span class='ocrx_word' id='word_1_773' title='bbox 962 5745 1187 5798; x_wconf 86' lang='lat' dir='ltr'><strong>alteram</strong></span> <span class='ocrx_word' id='word_1_774' title='bbox 1216 5759 1566 5811; x_wconf 71' lang='lat' dir='ltr'><strong>auonvmam,</strong></span> <span class='ocrx_word' id='word_1_775' title='bbox 1602 5747 1811 5798; x_wconf 74' lang='lat' dir='ltr'><strong>tertiam</strong></span> <span class='ocrx_word' id='word_1_776' title='bbox 1861 5746 2181 5809; x_wconf 86' lang='lat' dir='ltr'><strong>Honoriam;</strong></span> <span class='ocrx_word' id='word_1_777' title='bbox 2213 5747 2359 5800; x_wconf 86' lang='lat' dir='ltr'><strong>addit</strong></span> 
     </span>
    </p>
   </div>
   <div class='ocr_carea' id='block_1_103' title="bbox 774 5814 2359 5882">
    <p class='ocr_par' dir='ltr' id='par_1_103' title="bbox 774 5814 2359 5882">
     <span class='ocr_line' id='line_1_103' title="bbox 774 5814 2359 5882; baseline 0.007 -22"><span class='ocrx_word' id='word_1_778' title='bbox 774 5814 936 5866; x_wconf 84' lang='lat' dir='ltr'><strong>tilium</strong></span> <span class='ocrx_word' id='word_1_779' title='bbox 963 5831 1150 5879; x_wconf 84' lang='lat' dir='ltr'><strong>unum,</strong></span> <span class='ocrx_word' id='word_1_780' title='bbox 1180 5815 1439 5867; x_wconf 75' lang='lat' dir='ltr'><strong>lticull&#39;utn</strong></span> <span class='ocrx_word' id='word_1_781' title='bbox 1471 5833 1480 5867; x_wconf 89' lang='lat'><strong>:</strong></span> <span class='ocrx_word' id='word_1_782' title='bbox 1509 5832 1625 5882; x_wconf 78' lang='lat' dir='ltr'><strong>quzc</strong></span> <span class='ocrx_word' id='word_1_783' title='bbox 1650 5817 1826 5869; x_wconf 87' lang='lat' dir='ltr'><strong>omnia</strong></span> <span class='ocrx_word' id='word_1_784' title='bbox 1853 5817 2157 5870; x_wconf 86' lang='lat' dir='ltr'><strong>testamenti</strong></span> <span class='ocrx_word' id='word_1_785' title='bbox 2183 5827 2359 5871; x_wconf 88' lang='lat' dir='ltr'><strong>textus</strong></span> 
     </span>
    </p>
   </div>
   <div class='ocr_carea' id='block_1_104' title="bbox 771 5885 2360 5954">
    <p class='ocr_par' dir='ltr' id='par_1_104' title="bbox 771 5885 2360 5954">
     <span class='ocr_line' id='line_1_104' title="bbox 771 5885 2360 5954; baseline 0.004 -16"><span class='ocrx_word' id='word_1_786' title='bbox 771 5886 983 5942; x_wconf 66' lang='lat' dir='ltr'><strong>evertit.</strong></span> <span class='ocrx_word' id='word_1_787' title='bbox 1035 5885 1115 5939; x_wconf 84' lang='lat' dir='ltr'><strong>ibi</strong></span> <span class='ocrx_word' id='word_1_788' title='bbox 1158 5885 1300 5941; x_wconf 87' lang='lat' dir='ltr'><strong>enim</strong></span> <span class='ocrx_word' id='word_1_789' title='bbox 1362 5886 1511 5940; x_wconf 88' lang='lat' dir='ltr'><strong>Abbo</strong></span> <span class='ocrx_word' id='word_1_790' title='bbox 1565 5886 1850 5954; x_wconf 66' lang='lat' dir='ltr'><strong>ilic-ultum,</strong></span> <span class='ocrx_word' id='word_1_791' title='bbox 1899 5901 2006 5942; x_wconf 91' lang='lat' dir='ltr'><strong>non</strong></span> <span class='ocrx_word' id='word_1_792' title='bbox 2047 5901 2225 5954; x_wconf 88' lang='lat' dir='ltr'><strong>suum,</strong></span> <span class='ocrx_word' id='word_1_793' title='bbox 2265 5889 2360 5944; x_wconf 89' lang='lat' dir='ltr'><strong>sed</strong></span> 
     </span>
    </p>
   </div>
   <div class='ocr_carea' id='block_1_105' title="bbox 2465 4690 4058 4762">
    <p class='ocr_par' dir='ltr' id='par_1_105' title="bbox 2465 4690 4058 4762">
     <span class='ocr_line' id='line_1_105' title="bbox 2465 4690 4058 4762; baseline 0.002 -20"><span class='ocrx_word' id='word_1_794' title='bbox 2465 4690 2535 4745; x_wconf 90' lang='lat' dir='ltr'><strong>de</strong></span> <span class='ocrx_word' id='word_1_795' title='bbox 2581 4690 2740 4743; x_wconf 90' lang='lat' dir='ltr'><strong>alode</strong></span> <span class='ocrx_word' id='word_1_796' title='bbox 2785 4700 3067 4758; x_wconf 87' lang='lat' dir='ltr'><strong>parentum</strong></span> <span class='ocrx_word' id='word_1_797' title='bbox 3099 4705 3345 4746; x_wconf 90' lang='lat' dir='ltr'><strong>meorum</strong></span> <span class='ocrx_word' id='word_1_798' title='bbox 3375 4692 3572 4755; x_wconf 89' lang='lat' dir='ltr'><strong>habeo,</strong></span> <span class='ocrx_word' id='word_1_799' title='bbox 3605 4708 3763 4762; x_wconf 90' lang='lat' dir='ltr'><strong>quem</strong></span> <span class='ocrx_word' id='word_1_800' title='bbox 3798 4695 4058 4749; x_wconf 84' lang='lat' dir='ltr'><strong>Beroleos</strong></span> 
     </span>
    </p>
   </div>
   <div class='ocr_carea' id='block_1_106' title="bbox 2467 4781 4057 4850">
    <p class='ocr_par' dir='ltr' id='par_1_106' title="bbox 2467 4781 4057 4850">
     <span class='ocr_line' id='line_1_106' title="bbox 2467 4781 4057 4850; baseline 0.002 -17"><span class='ocrx_word' id='word_1_801' title='bbox 2467 4782 2519 4834; x_wconf 88' lang='lat' dir='ltr'><strong>in</strong></span> <span class='ocrx_word' id='word_1_802' title='bbox 2562 4781 2831 4837; x_wconf 79' lang='lat' dir='ltr'><strong>beneﬁcio</strong></span> <span class='ocrx_word' id='word_1_803' title='bbox 2861 4781 3075 4847; x_wconf 90' lang='lat' dir='ltr'><strong>habuit,</strong></span> <span class='ocrx_word' id='word_1_804' title='bbox 3121 4783 3248 4837; x_wconf 89' lang='lat' dir='ltr'><strong>volo</strong></span> <span class='ocrx_word' id='word_1_805' title='bbox 3279 4791 3337 4837; x_wconf 93' lang='lat' dir='ltr'><strong>ut</strong></span> <span class='ocrx_word' id='word_1_806' title='bbox 3367 4783 3568 4837; x_wconf 89' lang='lat' dir='ltr'><strong>habeas</strong></span> <span class='ocrx_word' id='word_1_807' title='bbox 3593 4799 3656 4837; x_wconf 92' lang='lat' dir='ltr'><strong>ac</strong></span> <span class='ocrx_word' id='word_1_808' title='bbox 3677 4785 3866 4850; x_wconf 89' lang='lat' dir='ltr'><strong>jubeo.</strong></span> <span class='ocrx_word' id='word_1_809' title='bbox 3902 4785 4057 4838; x_wconf 91' lang='lat' dir='ltr'><strong>Dono</strong></span> 
     </span>
    </p>
   </div>
   <div class='ocr_carea' id='block_1_107' title="bbox 2467 4873 4055 4946">
    <p class='ocr_par' dir='ltr' id='par_1_107' title="bbox 2467 4873 4055 4946">
     <span class='ocr_line' id='line_1_107' title="bbox 2467 4873 4055 4946; baseline 0.004 -22"><span class='ocrx_word' id='word_1_810' title='bbox 2467 4873 2628 4928; x_wconf 75' lang='lat' dir='ltr'><strong>ﬁdele</strong></span> <span class='ocrx_word' id='word_1_811' title='bbox 2674 4890 2800 4930; x_wconf 92' lang='lat' dir='ltr'><strong>meo</strong></span> <span class='ocrx_word' id='word_1_812' title='bbox 2831 4875 3090 4929; x_wconf 83' lang='lat' dir='ltr'><strong>Protadio</strong></span> <span class='ocrx_word' id='word_1_813' title='bbox 3120 4891 3209 4930; x_wconf 90' lang='lat' dir='ltr'><strong>res</strong></span> <span class='ocrx_word' id='word_1_814' title='bbox 3239 4876 3358 4930; x_wconf 89' lang='lat' dir='ltr'><strong>illas</strong></span> <span class='ocrx_word' id='word_1_815' title='bbox 3395 4876 3447 4930; x_wconf 92' lang='lat' dir='ltr'><strong>in</strong></span> <span class='ocrx_word' id='word_1_816' title='bbox 3474 4890 3613 4944; x_wconf 86' lang='lat' dir='ltr'><strong>pago</strong></span> <span class='ocrx_word' id='word_1_817' title='bbox 3643 4877 4055 4946; x_wconf 76' lang='lat' dir='ltr'><strong>Vuapencense,</strong></span> 
     </span>
    </p>
   </div>
   <div class='ocr_carea' id='block_1_108' title="bbox 2465 4966 4061 5038">
    <p class='ocr_par' dir='ltr' id='par_1_108' title="bbox 2465 4966 4061 5038">
     <span class='ocr_line' id='line_1_108' title="bbox 2465 4966 4061 5038; baseline -0.001 -16"><span class='ocrx_word' id='word_1_818' title='bbox 2465 4969 2555 5022; x_wconf 89' lang='lat' dir='ltr'><strong>ubi</strong></span> <span class='ocrx_word' id='word_1_819' title='bbox 2587 4968 2785 5021; x_wconf 88' lang='lat' dir='ltr'><strong>dicitur</strong></span> <span class='ocrx_word' id='word_1_820' title='bbox 2827 4969 3327 5038; x_wconf 83' lang='lat' dir='ltr'><strong>Semprugnanum,</strong></span> <span class='ocrx_word' id='word_1_821' title='bbox 3375 4982 3497 5026; x_wconf 85' lang='lat' dir='ltr'><strong>cum</strong></span> <span class='ocrx_word' id='word_1_822' title='bbox 3539 4966 3862 5036; x_wconf 84' lang='lat' dir='ltr'><strong>adpendices</strong></span> <span class='ocrx_word' id='word_1_823' title='bbox 3905 4985 4061 5032; x_wconf 88' lang='lat' dir='ltr'><strong>suas,</strong></span> 
     </span>
    </p>
   </div>
   <div class='ocr_carea' id='block_1_109' title="bbox 2463 5058 4059 5129">
    <p class='ocr_par' dir='ltr' id='par_1_109' title="bbox 2463 5058 4059 5129">
     <span class='ocr_line' id='line_1_109' title="bbox 2463 5058 4059 5129; baseline 0.001 -19"><span class='ocrx_word' id='word_1_824' title='bbox 2463 5074 2625 5126; x_wconf 92' lang='lat' dir='ltr'><strong>quem</strong></span> <span class='ocrx_word' id='word_1_825' title='bbox 2666 5058 2734 5112; x_wconf 91' lang='lat' dir='ltr'><strong>de</strong></span> <span class='ocrx_word' id='word_1_826' title='bbox 2779 5058 3045 5125; x_wconf 87' lang='lat' dir='ltr'><strong>Agloaldo</strong></span> <span class='ocrx_word' id='word_1_827' title='bbox 3073 5058 3538 5124; x_wconf 84' lang='lat' dir='ltr'><strong>conquesivintus;</strong></span> <span class='ocrx_word' id='word_1_828' title='bbox 3585 5066 3641 5112; x_wconf 87' lang='lat' dir='ltr'><strong>et</strong></span> <span class='ocrx_word' id='word_1_829' title='bbox 3681 5059 3774 5112; x_wconf 88' lang='lat' dir='ltr'><strong>illa</strong></span> <span class='ocrx_word' id='word_1_830' title='bbox 3805 5061 4059 5129; x_wconf 89' lang='lat' dir='ltr'><strong>portione</strong></span> 
     </span>
    </p>
   </div>
   <div class='ocr_carea' id='block_1_110' title="bbox 2462 5148 4059 5217">
    <p class='ocr_par' dir='ltr' id='par_1_110' title="bbox 2462 5148 4059 5217">
     <span class='ocr_line' id='line_1_110' title="bbox 2462 5148 4059 5217; baseline 0 -17"><span class='ocrx_word' id='word_1_831' title='bbox 2462 5162 2624 5216; x_wconf 86' lang='lat' dir='ltr'><strong>quem</strong></span> <span class='ocrx_word' id='word_1_832' title='bbox 2655 5149 2722 5202; x_wconf 91' lang='lat' dir='ltr'><strong>de</strong></span> <span class='ocrx_word' id='word_1_833' title='bbox 2753 5149 3050 5216; x_wconf 82' lang='lat' dir='ltr'><strong>Maurengo</strong></span> <span class='ocrx_word' id='word_1_834' title='bbox 3075 5148 3296 5212; x_wconf 89' lang='lat' dir='ltr'><strong>clerico,</strong></span> <span class='ocrx_word' id='word_1_835' title='bbox 3326 5164 3423 5217; x_wconf 92' lang='lat' dir='ltr'><strong>pro</strong></span> <span class='ocrx_word' id='word_1_836' title='bbox 3445 5165 3542 5203; x_wconf 91' lang='lat' dir='ltr'><strong>sua</strong></span> <span class='ocrx_word' id='word_1_837' title='bbox 3566 5149 3888 5203; x_wconf 82' lang='lat' dir='ltr'><strong>inﬁdelitate</strong></span> <span class='ocrx_word' id='word_1_838' title='bbox 3910 5150 4059 5216; x_wconf 80' lang='lat' dir='ltr'><strong>quod</strong></span> 
     </span>
    </p>
   </div>
   <div class='ocr_carea' id='block_1_111' title="bbox 2468 5238 4060 5309">
    <p class='ocr_par' dir='ltr' id='par_1_111' title="bbox 2468 5238 4060 5309">
     <span class='ocr_line' id='line_1_111' title="bbox 2468 5238 4060 5309; baseline -0.003 -16"><span class='ocrx_word' id='word_1_839' title='bbox 2468 5240 2630 5294; x_wconf 87' lang='lat' dir='ltr'><strong>nobis</strong></span> <span class='ocrx_word' id='word_1_840' title='bbox 2681 5241 2950 5305; x_wconf 89' lang='lat' dir='ltr'><strong>mentivit,</strong></span> <span class='ocrx_word' id='word_1_841' title='bbox 2995 5249 3050 5292; x_wconf 81' lang='lat' dir='ltr'><strong>et</strong></span> <span class='ocrx_word' id='word_1_842' title='bbox 3098 5254 3194 5308; x_wconf 87' lang='lat' dir='ltr'><strong>per</strong></span> <span class='ocrx_word' id='word_1_843' title='bbox 3225 5239 3395 5294; x_wconf 86' lang='lat' dir='ltr'><strong>verbo</strong></span> <span class='ocrx_word' id='word_1_844' title='bbox 3423 5240 3697 5294; x_wconf 83' lang='lat' dir='ltr'><strong>dominico</strong></span> <span class='ocrx_word' id='word_1_845' title='bbox 3725 5238 4060 5309; x_wconf 69' lang='lat' dir='ltr'><strong>conquisivi-</strong></span> 
     </span>
    </p>
   </div>
   <div class='ocr_carea' id='block_1_112' title="bbox 2463 5393 4056 5462">
    <p class='ocr_par' dir='ltr' id='par_1_112' title="bbox 2463 5393 4056 5462">
     <span class='ocr_line' id='line_1_112' title="bbox 2463 5393 4056 5462; baseline -0.003 -13"><span class='ocrx_word' id='word_1_846' title='bbox 2463 5393 2674 5450; x_wconf 74' lang='lat' dir='ltr'><strong>Rodulli</strong></span> <span class='ocrx_word' id='word_1_847' title='bbox 2711 5395 2874 5448; x_wconf 81' lang='lat' dir='ltr'><strong>ﬁlium</strong></span> <span class='ocrx_word' id='word_1_848' title='bbox 2919 5404 3111 5459; x_wconf 89' lang='lat' dir='ltr'><strong>vocat;</strong></span> <span class='ocrx_word' id='word_1_849' title='bbox 3151 5394 3420 5461; x_wconf 76' lang='lat' dir='ltr'><strong>Virgiliam</strong></span> <span class='ocrx_word' id='word_1_850' title='bbox 3462 5394 3822 5448; x_wconf 89' lang='lat' dir='ltr'><strong>dulcissimam</strong></span> <span class='ocrx_word' id='word_1_851' title='bbox 3865 5395 4056 5462; x_wconf 83' lang='lat' dir='ltr'><strong>appel-</strong></span> 
     </span>
    </p>
   </div>
   <div class='ocr_carea' id='block_1_113' title="bbox 2463 5464 4056 5534">
    <p class='ocr_par' dir='ltr' id='par_1_113' title="bbox 2463 5464 4056 5534">
     <span class='ocr_line' id='line_1_113' title="bbox 2463 5464 4056 5534; baseline -0.003 -15"><span class='ocrx_word' id='word_1_852' title='bbox 2463 5468 2568 5530; x_wconf 87' lang='lat' dir='ltr'><strong>lat,</strong></span> <span class='ocrx_word' id='word_1_853' title='bbox 2597 5466 2756 5519; x_wconf 74' lang='lat' dir='ltr'><strong>iiliatu</strong></span> <span class='ocrx_word' id='word_1_854' title='bbox 2790 5481 3124 5534; x_wconf 85' lang='lat' dir='ltr'><strong>nequaquam</strong></span> <span class='ocrx_word' id='word_1_855' title='bbox 3156 5484 3168 5526; x_wconf 85' lang='lat'><strong>;</strong></span> <span class='ocrx_word' id='word_1_856' title='bbox 3202 5465 3489 5534; x_wconf 15' lang='lat' dir='ltr'><strong>llonoﬁriam</strong></span> <span class='ocrx_word' id='word_1_857' title='bbox 3523 5464 3754 5533; x_wconf 87' lang='lat' dir='ltr'><strong>denique</strong></span> <span class='ocrx_word' id='word_1_858' title='bbox 3803 5464 4056 5518; x_wconf 75' lang='lat' dir='ltr'><strong>libertam</strong></span> 
     </span>
    </p>
   </div>
   <div class='ocr_carea' id='block_1_114' title="bbox 2460 5533 4057 5598">
    <p class='ocr_par' dir='ltr' id='par_1_114' title="bbox 2460 5533 4057 5598">
     <span class='ocr_line' id='line_1_114' title="bbox 2460 5533 4057 5598; baseline -0.004 -8"><span class='ocrx_word' id='word_1_859' title='bbox 2460 5554 2610 5590; x_wconf 82' lang='lat' dir='ltr'><strong>suam</strong></span> <span class='ocrx_word' id='word_1_860' title='bbox 2644 5537 2792 5598; x_wconf 90' lang='lat' dir='ltr'><strong>dicit,</strong></span> <span class='ocrx_word' id='word_1_861' title='bbox 2819 5545 2872 5587; x_wconf 88' lang='lat' dir='ltr'><strong>et</strong></span> <span class='ocrx_word' id='word_1_862' title='bbox 2904 5534 3100 5588; x_wconf 66' lang='lat' dir='ltr'><strong>Tersize</strong></span> <span class='ocrx_word' id='word_1_863' title='bbox 3133 5535 3314 5587; x_wconf 79' lang='lat' dir='ltr'><strong>tiliam.</strong></span> <span class='ocrx_word' id='word_1_864' title='bbox 3345 5533 3494 5588; x_wconf 85' lang='lat' dir='ltr'><strong>Hanc</strong></span> <span class='ocrx_word' id='word_1_865' title='bbox 3523 5546 3698 5588; x_wconf 89' lang='lat' dir='ltr'><strong>autem</strong></span> <span class='ocrx_word' id='word_1_866' title='bbox 3730 5534 3937 5587; x_wconf 74' lang='lat' dir='ltr'><strong>Ti-rsia:</strong></span> <span class='ocrx_word' id='word_1_867' title='bbox 3967 5550 4057 5583; x_wconf 78' lang='lat' dir='ltr'><strong>vo-</strong></span> 
     </span>
    </p>
   </div>
   <div class='ocr_carea' id='block_1_115' title="bbox 2461 5606 4060 5673">
    <p class='ocr_par' dir='ltr' id='par_1_115' title="bbox 2461 5606 4060 5673">
     <span class='ocr_line' id='line_1_115' title="bbox 2461 5606 4060 5673; baseline -0.001 -17"><span class='ocrx_word' id='word_1_868' title='bbox 2461 5624 2576 5659; x_wconf 73' lang='lat' dir='ltr'><strong>.&quot;etn</strong></span> <span class='ocrx_word' id='word_1_869' title='bbox 2609 5610 2817 5673; x_wconf 80' lang='lat' dir='ltr'><strong>accept</strong></span> <span class='ocrx_word' id='word_1_870' title='bbox 2849 5606 3140 5665; x_wconf 67' lang='lat' dir='ltr'><strong>l’ingvonius</strong></span> <span class='ocrx_word' id='word_1_871' title='bbox 3180 5621 3278 5673; x_wconf 91' lang='lat' dir='ltr'><strong>pro</strong></span> <span class='ocrx_word' id='word_1_872' title='bbox 3307 5619 3440 5659; x_wconf 89' lang='lat' dir='ltr'><strong>voce</strong></span> <span class='ocrx_word' id='word_1_873' title='bbox 3483 5606 3756 5658; x_wconf 89' lang='lat' dir='ltr'><strong>numerica</strong></span> <span class='ocrx_word' id='word_1_874' title='bbox 3792 5607 3970 5666; x_wconf 77' lang='lat' dir='ltr'><strong>tertia,</strong></span> <span class='ocrx_word' id='word_1_875' title='bbox 4005 5613 4060 5655; x_wconf 92' lang='lat' dir='ltr'><strong>et</strong></span> 
     </span>
    </p>
   </div>
   <div class='ocr_carea' id='block_1_116' title="bbox 2462 5675 4058 5743">
    <p class='ocr_par' dir='ltr' id='par_1_116' title="bbox 2462 5675 4058 5743">
     <span class='ocr_line' id='line_1_116' title="bbox 2462 5675 4058 5743; baseline -0.003 -13"><span class='ocrx_word' id='word_1_876' title='bbox 2462 5679 2599 5730; x_wconf 77' lang='lat' dir='ltr'><strong>hanc</strong></span> <span class='ocrx_word' id='word_1_877' title='bbox 2639 5677 2850 5730; x_wconf 90' lang='lat' dir='ltr'><strong>tertiam</strong></span> <span class='ocrx_word' id='word_1_878' title='bbox 2885 5676 3045 5728; x_wconf 79' lang='lat' dir='ltr'><strong>filiam</strong></span> <span class='ocrx_word' id='word_1_879' title='bbox 3076 5676 3366 5729; x_wconf 87' lang='lat' dir='ltr'><strong>llonoriam</strong></span> <span class='ocrx_word' id='word_1_880' title='bbox 3406 5675 3724 5743; x_wconf 80' lang='lat' dir='ltr'><strong>appellatam</strong></span> <span class='ocrx_word' id='word_1_881' title='bbox 3756 5675 4058 5729; x_wconf 85' lang='lat' dir='ltr'><strong>oscitanter</strong></span> 
     </span>
    </p>
   </div>
   <div class='ocr_carea' id='block_1_117' title="bbox 2460 5745 4057 5818">
    <p class='ocr_par' dir='ltr' id='par_1_117' title="bbox 2460 5745 4057 5818">
     <span class='ocr_line' id='line_1_117' title="bbox 2460 5745 4057 5818; baseline -0.003 -18"><span class='ocrx_word' id='word_1_882' title='bbox 2460 5749 2710 5818; x_wconf 87' lang='lat' dir='ltr'><strong>scripsit,</strong></span> <span class='ocrx_word' id='word_1_883' title='bbox 2758 5748 2882 5818; x_wconf 84' lang='lat' dir='ltr'><strong>dum</strong></span> <span class='ocrx_word' id='word_1_884' title='bbox 2914 5745 3390 5818; x_wconf 72' lang='lat' dir='ltr'><strong>ilonoriattrAbbo</strong></span> <span class='ocrx_word' id='word_1_885' title='bbox 3420 5760 3672 5818; x_wconf 48' lang='lat' dir='ltr'><strong>cupresse</strong></span> <span class='ocrx_word' id='word_1_886' title='bbox 3701 5755 3859 5800; x_wconf 85' lang='lat' dir='ltr'><strong>vocat</strong></span> <span class='ocrx_word' id='word_1_887' title='bbox 3893 5745 4057 5818; x_wconf 61' lang='lat' dir='ltr'><strong>libero</strong></span> 
     </span>
    </p>
   </div>
   <div class='ocr_carea' id='block_1_118' title="bbox 2463 5815 4055 5882">
    <p class='ocr_par' dir='ltr' id='par_1_118' title="bbox 2463 5815 4055 5882">
     <span class='ocr_line' id='line_1_118' title="bbox 2463 5815 4055 5882; baseline -0.003 -12"><span class='ocrx_word' id='word_1_888' title='bbox 2463 5815 2772 5871; x_wconf 48' lang='lat' dir='ltr'><strong>tam’suant.</strong></span> <span class='ocrx_word' id='word_1_889' title='bbox 2808 5816 2932 5870; x_wconf 82' lang='lat' dir='ltr'><strong>llaec</strong></span> <span class='ocrx_word' id='word_1_890' title='bbox 2962 5826 3109 5870; x_wconf 87' lang='lat' dir='ltr'><strong>recte</strong></span> <span class='ocrx_word' id='word_1_891' title='bbox 3140 5815 3411 5882; x_wconf 85' lang='lat' dir='ltr'><strong>redarguit</strong></span> <span class='ocrx_word' id='word_1_892' title='bbox 3440 5816 3702 5875; x_wconf 67' lang='lat' dir='ltr'><strong>Cuintius.</strong></span> <span class='ocrx_word' id='word_1_893' title='bbox 3733 5824 3792 5870; x_wconf 88' lang='lat' dir='ltr'><strong>ut</strong></span> <span class='ocrx_word' id='word_1_894' title='bbox 3830 5826 3880 5869; x_wconf 65' lang='grc' dir='ltr'><strong>ε’</strong></span> <span class='ocrx_word' id='word_1_895' title='bbox 3918 5816 4055 5867; x_wconf 72' lang='lat' dir='ltr'><strong>alios</strong></span> 
     </span>
    </p>
   </div>
   <div class='ocr_carea' id='block_1_119' title="bbox 2464 5886 3903 5957">
    <p class='ocr_par' dir='ltr' id='par_1_119' title="bbox 2464 5886 3903 5957">
     <span class='ocr_line' id='line_1_119' title="bbox 2464 5886 3903 5957; baseline -0.003 -15"><span class='ocrx_word' id='word_1_896' title='bbox 2464 5889 2705 5957; x_wconf 89' lang='lat' dir='ltr'><strong>ejusdem</strong></span> <span class='ocrx_word' id='word_1_897' title='bbox 2737 5886 2980 5957; x_wconf 72' lang='lat' dir='ltr'><strong>l’ingonii</strong></span> <span class='ocrx_word' id='word_1_898' title='bbox 3011 5901 3223 5943; x_wconf 86' lang='lat' dir='ltr'><strong>errores</strong></span> <span class='ocrx_word' id='word_1_899' title='bbox 3243 5926 3256 5953; x_wconf 94' lang='lat'><strong>,</strong></span> <span class='ocrx_word' id='word_1_900' title='bbox 3289 5890 3356 5942; x_wconf 76' lang='lat' dir='ltr'><strong>de</strong></span> <span class='ocrx_word' id='word_1_901' title='bbox 3386 5886 3580 5954; x_wconf 90' lang='lat' dir='ltr'><strong>quibus</strong></span> <span class='ocrx_word' id='word_1_902' title='bbox 3607 5886 3903 5941; x_wconf 81' lang='lat' dir='ltr'><strong>silebimus.</strong></span> 
     </span>
    </p>
   </div>
  </div>
