  <div class='ocr_page' id='page_1' title='image "/cluster/home/n/w/nwhite01/storage/ocr_20150623/88-89/uc1.31175000868714/654.png"; bbox 0 0 4206 6546; ppageno 0'>
   <div class='ocr_carea' id='block_1_1' title="bbox 231 434 377 493">
    <p class='ocr_par' dir='ltr' id='par_1_1' title="bbox 231 434 377 493">
     <span class='ocr_line' id='line_1_1' title="bbox 231 434 377 493; baseline -0.007 -3"><span class='ocrx_word' id='word_1_1' title='bbox 231 434 377 493; x_wconf 67' lang='grc'>1301</span> 
     </span>
    </p>
   </div>
   <div class='ocr_carea' id='block_1_2' title="bbox 1001 434 2770 510">
    <p class='ocr_par' dir='ltr' id='par_1_2' title="bbox 1001 434 2770 510">
     <span class='ocr_line' id='line_1_2' title="bbox 1001 434 2770 510; baseline 0.008 -22"><span class='ocrx_word' id='word_1_2' title='bbox 1001 434 1432 492; x_wconf 79' lang='lat' dir='ltr'><strong>DONATIONES</strong></span> <span class='ocrx_word' id='word_1_3' title='bbox 1472 435 1560 490; x_wconf 81' lang='lat' dir='ltr'><strong>AC</strong></span> <span class='ocrx_word' id='word_1_4' title='bbox 1599 436 2067 493; x_wconf 72' lang='lat' dir='ltr'><strong>Ti.STA.\IEN&#39;I&#39;A</strong></span> <span class='ocrx_word' id='word_1_5' title='bbox 2114 439 2354 505; x_wconf 83' lang='lat' dir='ltr'><strong>EPISC.,</strong></span> <span class='ocrx_word' id='word_1_6' title='bbox 2396 444 2574 510; x_wconf 82' lang='lat' dir='ltr'><strong>ABB.,</strong></span> <span class='ocrx_word' id='word_1_7' title='bbox 2620 447 2770 501; x_wconf 84' lang='lat' dir='ltr'><strong>ETC.</strong></span> 
     </span>
    </p>
   </div>
   <div class='ocr_carea' id='block_1_3' title="bbox 3385 448 3521 506">
    <p class='ocr_par' dir='ltr' id='par_1_3' title="bbox 3385 448 3521 506">
     <span class='ocr_line' id='line_1_3' title="bbox 3385 448 3521 506; baseline -0.051 1"><span class='ocrx_word' id='word_1_8' title='bbox 3385 448 3521 506; x_wconf 75' lang='lat' dir='ltr'><strong>I502</strong></span> 
     </span>
    </p>
   </div>
   <div class='ocr_carea' id='block_1_4' title="bbox 234 548 3518 637">
    <p class='ocr_par' dir='ltr' id='par_1_4' title="bbox 234 548 3518 637">
     <span class='ocr_line' id='line_1_4' title="bbox 234 548 3518 637; baseline 0.001 -30"><span class='ocrx_word' id='word_1_9' title='bbox 234 566 383 613; x_wconf 84' lang='lat' dir='ltr'><strong>mus,</strong></span> <span class='ocrx_word' id='word_1_10' title='bbox 412 549 539 605; x_wconf 90' lang='lat' dir='ltr'><strong>dum</strong></span> <span class='ocrx_word' id='word_1_11' title='bbox 569 556 623 604; x_wconf 89' lang='lat' dir='ltr'><strong>et</strong></span> <span class='ocrx_word' id='word_1_12' title='bbox 650 548 765 618; x_wconf 88' lang='lat' dir='ltr'><strong>ipse</strong></span> <span class='ocrx_word' id='word_1_13' title='bbox 810 549 964 603; x_wconf 88' lang='lat' dir='ltr'><strong>nobis</strong></span> <span class='ocrx_word' id='word_1_14' title='bbox 995 551 1252 606; x_wconf 85' lang='lat' dir='ltr'><strong>mentitus</strong></span> <span class='ocrx_word' id='word_1_15' title='bbox 1285 551 1405 616; x_wconf 87' lang='lat' dir='ltr'><strong>fuit,</strong></span> <span class='ocrx_word' id='word_1_16' title='bbox 1440 552 1584 622; x_wconf 88' lang='lat' dir='ltr'><strong>ipsas</strong></span> <span class='ocrx_word' id='word_1_17' title='bbox 1613 568 1699 608; x_wconf 90' lang='lat' dir='ltr'><strong>res</strong></span> <span class='ocrx_word' id='word_1_18' title='bbox 1727 551 1827 607; x_wconf 90' lang='lat' dir='ltr'><strong>Pa-</strong></span> <span class='ocrx_word' id='word_1_19' title='bbox 1858 557 1902 613; x_wconf 73' lang='grc' dir='ltr'><strong>Α</strong></span> <span class='ocrx_word' id='word_1_20' title='bbox 1935 556 2132 623; x_wconf 84' lang='lat' dir='ltr'><strong>vimus,</strong></span> <span class='ocrx_word' id='word_1_21' title='bbox 2165 559 2293 613; x_wconf 92' lang='lat' dir='ltr'><strong>dum</strong></span> <span class='ocrx_word' id='word_1_22' title='bbox 2323 569 2381 615; x_wconf 87' lang='lat' dir='ltr'><strong>et</strong></span> <span class='ocrx_word' id='word_1_23' title='bbox 2410 576 2516 616; x_wconf 87' lang='lat' dir='ltr'><strong>non</strong></span> <span class='ocrx_word' id='word_1_24' title='bbox 2544 564 2734 631; x_wconf 89' lang='lat' dir='ltr'><strong>semel,</strong></span> <span class='ocrx_word' id='word_1_25' title='bbox 2766 564 2861 619; x_wconf 86' lang='lat' dir='ltr'><strong>sed</strong></span> <span class='ocrx_word' id='word_1_26' title='bbox 2900 565 3101 633; x_wconf 85' lang='lat' dir='ltr'><strong>sepius,</strong></span> <span class='ocrx_word' id='word_1_27' title='bbox 3132 581 3254 621; x_wconf 87' lang='lat' dir='ltr'><strong>eum</strong></span> <span class='ocrx_word' id='word_1_28' title='bbox 3285 568 3518 637; x_wconf 67' lang='lat' dir='ltr'><strong>requigi-</strong></span> 
     </span>
    </p>
   </div>
   <div class='ocr_carea' id='block_1_5' title="bbox 227 642 1289 704">
    <p class='ocr_par' dir='ltr' id='par_1_5' title="bbox 227 642 1289 704">
     <span class='ocr_line' id='line_1_5' title="bbox 227 642 1289 704; baseline -0.005 -3"><span class='ocrx_word' id='word_1_29' title='bbox 227 645 397 701; x_wconf 90' lang='lat' dir='ltr'><strong>latius</strong></span> <span class='ocrx_word' id='word_1_30' title='bbox 424 643 579 698; x_wconf 88' lang='lat' dir='ltr'><strong>nobis</strong></span> <span class='ocrx_word' id='word_1_31' title='bbox 607 642 789 704; x_wconf 88' lang='lat' dir='ltr'><strong>cessit,</strong></span> <span class='ocrx_word' id='word_1_32' title='bbox 822 642 947 696; x_wconf 93' lang='lat' dir='ltr'><strong>volo</strong></span> <span class='ocrx_word' id='word_1_33' title='bbox 979 651 1037 696; x_wconf 93' lang='lat' dir='ltr'><strong>ut</strong></span> <span class='ocrx_word' id='word_1_34' title='bbox 1076 643 1289 697; x_wconf 87' lang='lat' dir='ltr'><strong>habeat.</strong></span> 
     </span>
    </p>
   </div>
   <div class='ocr_carea' id='block_1_6' title="bbox 308 730 1828 804">
    <p class='ocr_par' dir='ltr' id='par_1_6' title="bbox 308 730 1828 804">
     <span class='ocr_line' id='line_1_6' title="bbox 308 730 1828 804; baseline 0.001 -16"><span class='ocrx_word' id='word_1_35' title='bbox 308 735 583 788; x_wconf 86' lang='lat' dir='ltr'><strong>Donamus</strong></span> <span class='ocrx_word' id='word_1_36' title='bbox 629 730 849 797; x_wconf 70' lang='lat' dir='ltr'><strong>Tersiaz,</strong></span> <span class='ocrx_word' id='word_1_37' title='bbox 899 730 1021 786; x_wconf 74' lang='lat' dir='ltr'><strong>filia:</strong></span> <span class='ocrx_word' id='word_1_38' title='bbox 1070 733 1320 788; x_wconf 69' lang='lat' dir='ltr'><strong>Honorio:</strong></span> <span class='ocrx_word' id='word_1_39' title='bbox 1371 734 1549 788; x_wconf 81' lang='lat' dir='ltr'><strong>liberti</strong></span> <span class='ocrx_word' id='word_1_40' title='bbox 1597 742 1828 804; x_wconf 64' lang='lat' dir='ltr'><strong>nostra},</strong></span> 
     </span>
    </p>
   </div>
   <div class='ocr_carea' id='block_1_7' title="bbox 226 822 1830 897">
    <p class='ocr_par' dir='ltr' id='par_1_7' title="bbox 226 822 1830 897">
     <span class='ocr_line' id='line_1_7' title="bbox 226 822 1830 897; baseline 0.002 -18"><span class='ocrx_word' id='word_1_41' title='bbox 226 842 398 897; x_wconf 86' lang='lat' dir='ltr'><strong>quem</strong></span> <span class='ocrx_word' id='word_1_42' title='bbox 430 824 734 879; x_wconf 88' lang='lat' dir='ltr'><strong>Teudaldos</strong></span> <span class='ocrx_word' id='word_1_43' title='bbox 773 824 839 878; x_wconf 85' lang='lat' dir='ltr'><strong>de</strong></span> <span class='ocrx_word' id='word_1_44' title='bbox 887 822 1120 892; x_wconf 86' lang='lat' dir='ltr'><strong>Seguciu</strong></span> <span class='ocrx_word' id='word_1_45' title='bbox 1163 826 1427 881; x_wconf 78' lang='lat' dir='ltr'><strong>ltuxorem</strong></span> <span class='ocrx_word' id='word_1_46' title='bbox 1479 826 1688 891; x_wconf 89' lang='lat' dir='ltr'><strong>habuit,</strong></span> <span class='ocrx_word' id='word_1_47' title='bbox 1740 842 1830 882; x_wconf 89' lang='lat' dir='ltr'><strong>res</strong></span> 
     </span>
    </p>
   </div>
   <div class='ocr_carea' id='block_1_8' title="bbox 224 914 1829 985">
    <p class='ocr_par' dir='ltr' id='par_1_8' title="bbox 224 914 1829 985">
     <span class='ocr_line' id='line_1_8' title="bbox 224 914 1829 985; baseline 0.001 -14"><span class='ocrx_word' id='word_1_48' title='bbox 224 918 356 972; x_wconf 71' lang='lat' dir='ltr'><strong>illas</strong></span> <span class='ocrx_word' id='word_1_49' title='bbox 384 931 506 985; x_wconf 77' lang='lat' dir='ltr'><strong>qua:</strong></span> <span class='ocrx_word' id='word_1_50' title='bbox 555 915 775 971; x_wconf 84' lang='lat' dir='ltr'><strong>fuerunt</strong></span> <span class='ocrx_word' id='word_1_51' title='bbox 821 915 1091 970; x_wconf 71' lang='lat' dir='ltr'><strong>Riculfum</strong></span> <span class='ocrx_word' id='word_1_52' title='bbox 1124 914 1289 970; x_wconf 82' lang='lat' dir='ltr'><strong>[ilium</strong></span> <span class='ocrx_word' id='word_1_53' title='bbox 1340 917 1625 972; x_wconf 80' lang='lat' dir='ltr'><strong>Rodulfum</strong></span> <span class='ocrx_word' id='word_1_54' title='bbox 1664 934 1829 973; x_wconf 89' lang='lat' dir='ltr'><strong>cuon-</strong></span> 
     </span>
    </p>
   </div>
   <div class='ocr_carea' id='block_1_9' title="bbox 220 1006 1826 1080">
    <p class='ocr_par' dir='ltr' id='par_1_9' title="bbox 220 1006 1826 1080">
     <span class='ocr_line' id='line_1_9' title="bbox 220 1006 1826 1080; baseline -0.001 -15"><span class='ocrx_word' id='word_1_55' title='bbox 220 1012 382 1077; x_wconf 85' lang='lat' dir='ltr'><strong>dam,</strong></span> <span class='ocrx_word' id='word_1_56' title='bbox 412 1024 574 1079; x_wconf 85' lang='lat' dir='ltr'><strong>quem</strong></span> <span class='ocrx_word' id='word_1_57' title='bbox 597 1024 695 1079; x_wconf 88' lang='lat' dir='ltr'><strong>pro</strong></span> <span class='ocrx_word' id='word_1_58' title='bbox 721 1007 847 1080; x_wconf 78' lang='lat' dir='ltr'><strong>[M.,</strong></span> <span class='ocrx_word' id='word_1_59' title='bbox 876 1006 995 1079; x_wconf 87' lang='lat' dir='ltr'><strong>per]</strong></span> <span class='ocrx_word' id='word_1_60' title='bbox 1020 1010 1386 1079; x_wconf 59' lang='lat' dir='ltr'><strong>praeceptione</strong></span> <span class='ocrx_word' id='word_1_61' title='bbox 1417 1010 1617 1064; x_wconf 92' lang='lat' dir='ltr'><strong>domno</strong></span> <span class='ocrx_word' id='word_1_62' title='bbox 1646 1009 1826 1064; x_wconf 83' lang='lat' dir='ltr'><strong>Theo-</strong></span> 
     </span>
    </p>
   </div>
   <div class='ocr_carea' id='block_1_10' title="bbox 221 1099 1827 1170">
    <p class='ocr_par' dir='ltr' id='par_1_10' title="bbox 221 1099 1827 1170">
     <span class='ocr_line' id='line_1_10' title="bbox 221 1099 1827 1170; baseline 0.002 -18"><span class='ocrx_word' id='word_1_63' title='bbox 221 1102 419 1156; x_wconf 83' lang='lat' dir='ltr'><strong>derico</strong></span> <span class='ocrx_word' id='word_1_64' title='bbox 452 1115 579 1167; x_wconf 85' lang='lat' dir='ltr'><strong>rege</strong></span> <span class='ocrx_word' id='word_1_65' title='bbox 608 1110 634 1137; x_wconf 81' lang='grc' dir='ltr'>ι</span> <span class='ocrx_word' id='word_1_66' title='bbox 665 1111 720 1154; x_wconf 91' lang='lat' dir='ltr'><strong>et</strong></span> <span class='ocrx_word' id='word_1_67' title='bbox 742 1100 953 1155; x_wconf 89' lang='lat' dir='ltr'><strong>illuster</strong></span> <span class='ocrx_word' id='word_1_68' title='bbox 980 1115 1111 1154; x_wconf 89' lang='lat' dir='ltr'><strong>vero</strong></span> <span class='ocrx_word' id='word_1_69' title='bbox 1134 1100 1333 1155; x_wconf 91' lang='lat' dir='ltr'><strong>domno</strong></span> <span class='ocrx_word' id='word_1_70' title='bbox 1360 1099 1577 1168; x_wconf 80' lang='lat' dir='ltr'><strong>Karolo,</strong></span> <span class='ocrx_word' id='word_1_71' title='bbox 1609 1102 1661 1154; x_wconf 92' lang='lat' dir='ltr'><strong>in</strong></span> <span class='ocrx_word' id='word_1_72' title='bbox 1690 1114 1827 1170; x_wconf 84' lang='lat' dir='ltr'><strong>pago</strong></span> 
     </span>
    </p>
   </div>
   <div class='ocr_carea' id='block_1_11' title="bbox 224 1188 1824 1259">
    <p class='ocr_par' dir='ltr' id='par_1_11' title="bbox 224 1188 1824 1259">
     <span class='ocr_line' id='line_1_11' title="bbox 224 1188 1824 1259; baseline -0.001 -17"><span class='ocrx_word' id='word_1_73' title='bbox 224 1190 454 1253; x_wconf 89' lang='lat' dir='ltr'><strong>Diense,</strong></span> <span class='ocrx_word' id='word_1_74' title='bbox 485 1189 841 1259; x_wconf 89' lang='lat' dir='ltr'><strong>Vuapacense</strong></span> <span class='ocrx_word' id='word_1_75' title='bbox 866 1198 923 1242; x_wconf 90' lang='lat' dir='ltr'><strong>et</strong></span> <span class='ocrx_word' id='word_1_76' title='bbox 944 1188 1449 1257; x_wconf 88' lang='lat' dir='ltr'><strong>Gratianopolitano</strong></span> <span class='ocrx_word' id='word_1_77' title='bbox 1481 1189 1824 1256; x_wconf 82' lang='lat' dir='ltr'><strong>conquesivi-</strong></span> 
     </span>
    </p>
   </div>
   <div class='ocr_carea' id='block_1_12' title="bbox 226 1278 1823 1351">
    <p class='ocr_par' dir='ltr' id='par_1_12' title="bbox 226 1278 1823 1351">
     <span class='ocr_line' id='line_1_12' title="bbox 226 1278 1823 1351; baseline -0.001 -15"><span class='ocrx_word' id='word_1_78' title='bbox 226 1297 378 1347; x_wconf 80' lang='lat' dir='ltr'><strong>mus,</strong></span> <span class='ocrx_word' id='word_1_79' title='bbox 411 1289 594 1351; x_wconf 88' lang='lat' dir='ltr'><strong>preter</strong></span> <span class='ocrx_word' id='word_1_80' title='bbox 634 1279 907 1334; x_wconf 90' lang='lat' dir='ltr'><strong>colonicas</strong></span> <span class='ocrx_word' id='word_1_81' title='bbox 938 1279 992 1333; x_wconf 93' lang='lat' dir='ltr'><strong>in</strong></span> <span class='ocrx_word' id='word_1_82' title='bbox 1024 1292 1163 1348; x_wconf 89' lang='lat' dir='ltr'><strong>pago</strong></span> <span class='ocrx_word' id='word_1_83' title='bbox 1193 1278 1597 1341; x_wconf 85' lang='lat' dir='ltr'><strong>Ebredunense,</strong></span> <span class='ocrx_word' id='word_1_84' title='bbox 1629 1281 1679 1334; x_wconf 90' lang='lat' dir='ltr'><strong>in</strong></span> <span class='ocrx_word' id='word_1_85' title='bbox 1718 1280 1823 1334; x_wconf 82' lang='lat' dir='ltr'><strong>Ve-</strong></span> 
     </span>
    </p>
   </div>
   <div class='ocr_carea' id='block_1_13' title="bbox 220 1369 1825 1439">
    <p class='ocr_par' dir='ltr' id='par_1_13' title="bbox 220 1369 1825 1439">
     <span class='ocr_line' id='line_1_13' title="bbox 220 1369 1825 1439; baseline 0.001 -14"><span class='ocrx_word' id='word_1_86' title='bbox 220 1372 431 1437; x_wconf 78' lang='lat' dir='ltr'><strong>Iencio,</strong></span> <span class='ocrx_word' id='word_1_87' title='bbox 463 1385 624 1439; x_wconf 86' lang='lat' dir='ltr'><strong>quem</strong></span> <span class='ocrx_word' id='word_1_88' title='bbox 676 1369 745 1423; x_wconf 78' lang='lat' dir='ltr'><strong>ad</strong></span> <span class='ocrx_word' id='word_1_89' title='bbox 789 1369 1123 1423; x_wconf 87' lang='lat' dir='ltr'><strong>monasterio</strong></span> <span class='ocrx_word' id='word_1_90' title='bbox 1169 1369 1369 1423; x_wconf 89' lang='lat' dir='ltr'><strong>Sancto</strong></span> <span class='ocrx_word' id='word_1_91' title='bbox 1415 1370 1574 1424; x_wconf 78' lang='lat' dir='ltr'><strong>Petro</strong></span> <span class='ocrx_word' id='word_1_92' title='bbox 1627 1371 1825 1426; x_wconf 84' lang='lat' dir='ltr'><strong>herede</strong></span> 
     </span>
    </p>
   </div>
   <div class='ocr_carea' id='block_1_14' title="bbox 220 1460 1824 1529">
    <p class='ocr_par' dir='ltr' id='par_1_14' title="bbox 220 1460 1824 1529">
     <span class='ocr_line' id='line_1_14' title="bbox 220 1460 1824 1529; baseline 0.001 -15"><span class='ocrx_word' id='word_1_93' title='bbox 220 1477 406 1516; x_wconf 85' lang='lat' dir='ltr'><strong>meam</strong></span> <span class='ocrx_word' id='word_1_94' title='bbox 435 1460 826 1529; x_wconf 84' lang='lat' dir='ltr'><strong>delegavimus,</strong></span> <span class='ocrx_word' id='word_1_95' title='bbox 853 1461 980 1514; x_wconf 90' lang='lat' dir='ltr'><strong>dum</strong></span> <span class='ocrx_word' id='word_1_96' title='bbox 1005 1470 1062 1513; x_wconf 91' lang='lat' dir='ltr'><strong>et</strong></span> <span class='ocrx_word' id='word_1_97' title='bbox 1085 1462 1197 1528; x_wconf 86' lang='lat' dir='ltr'><strong>ipse</strong></span> <span class='ocrx_word' id='word_1_98' title='bbox 1222 1460 1464 1514; x_wconf 82' lang='lat' dir='ltr'><strong>Riculqu</strong></span> <span class='ocrx_word' id='word_1_99' title='bbox 1493 1461 1634 1529; x_wconf 90' lang='lat' dir='ltr'><strong>apud</strong></span> <span class='ocrx_word' id='word_1_100' title='bbox 1664 1470 1824 1528; x_wconf 90' lang='lat' dir='ltr'><strong>gente</strong></span> 
     </span>
    </p>
   </div>
   <div class='ocr_carea' id='block_1_15' title="bbox 219 1550 1823 1620">
    <p class='ocr_par' dir='ltr' id='par_1_15' title="bbox 219 1550 1823 1620">
     <span class='ocr_line' id='line_1_15' title="bbox 219 1550 1823 1620; baseline 0 -14"><span class='ocrx_word' id='word_1_101' title='bbox 219 1552 697 1616; x_wconf 69' lang='lat' dir='ltr'><strong>Sarracenorum,</strong></span> <span class='ocrx_word' id='word_1_102' title='bbox 750 1550 819 1604; x_wconf 90' lang='lat' dir='ltr'><strong>ad</strong></span> <span class='ocrx_word' id='word_1_103' title='bbox 869 1551 1242 1605; x_wconf 76' lang='lat' dir='ltr'><strong>inﬁdelitatem</strong></span> <span class='ocrx_word' id='word_1_104' title='bbox 1293 1553 1443 1620; x_wconf 82' lang='lat' dir='ltr'><strong>regni</strong></span> <span class='ocrx_word' id='word_1_105' title='bbox 1498 1553 1823 1606; x_wconf 82' lang='lat' dir='ltr'><strong>Francorum</strong></span> 
     </span>
    </p>
   </div>
   <div class='ocr_carea' id='block_1_16' title="bbox 220 1642 1821 1712">
    <p class='ocr_par' dir='ltr' id='par_1_16' title="bbox 220 1642 1821 1712">
     <span class='ocr_line' id='line_1_16' title="bbox 220 1642 1821 1712; baseline -0.001 -13"><span class='ocrx_word' id='word_1_106' title='bbox 220 1645 331 1699; x_wconf 83' lang='lat' dir='ltr'><strong>sibi</strong></span> <span class='ocrx_word' id='word_1_107' title='bbox 363 1643 613 1711; x_wconf 88' lang='lat' dir='ltr'><strong>sociavit,</strong></span> <span class='ocrx_word' id='word_1_108' title='bbox 638 1651 693 1697; x_wconf 89' lang='lat' dir='ltr'><strong>et</strong></span> <span class='ocrx_word' id='word_1_109' title='bbox 716 1643 882 1696; x_wconf 90' lang='lat' dir='ltr'><strong>multa</strong></span> <span class='ocrx_word' id='word_1_110' title='bbox 912 1642 1051 1697; x_wconf 84' lang='lat' dir='ltr'><strong>mala</strong></span> <span class='ocrx_word' id='word_1_111' title='bbox 1081 1658 1203 1697; x_wconf 91' lang='lat' dir='ltr'><strong>cum</strong></span> <span class='ocrx_word' id='word_1_112' title='bbox 1231 1644 1343 1712; x_wconf 87' lang='lat' dir='ltr'><strong>ipsa</strong></span> <span class='ocrx_word' id='word_1_113' title='bbox 1372 1652 1587 1711; x_wconf 81' lang='lat' dir='ltr'><strong>gentem</strong></span> <span class='ocrx_word' id='word_1_114' title='bbox 1616 1658 1821 1712; x_wconf 87' lang='lat' dir='ltr'><strong>pagana</strong></span> 
     </span>
    </p>
   </div>
   <div class='ocr_carea' id='block_1_17' title="bbox 224 1735 1818 1806">
    <p class='ocr_par' dir='ltr' id='par_1_17' title="bbox 224 1735 1818 1806">
     <span class='ocr_line' id='line_1_17' title="bbox 224 1735 1818 1806; baseline -0.001 -15"><span class='ocrx_word' id='word_1_115' title='bbox 224 1738 381 1805; x_wconf 75' lang='lat' dir='ltr'><strong>fecit,</strong></span> <span class='ocrx_word' id='word_1_116' title='bbox 412 1738 537 1791; x_wconf 85' lang='lat' dir='ltr'><strong>volo</strong></span> <span class='ocrx_word' id='word_1_117' title='bbox 569 1745 627 1790; x_wconf 88' lang='lat' dir='ltr'><strong>ut</strong></span> <span class='ocrx_word' id='word_1_118' title='bbox 658 1737 771 1806; x_wconf 91' lang='lat' dir='ltr'><strong>ipsa</strong></span> <span class='ocrx_word' id='word_1_119' title='bbox 796 1735 981 1790; x_wconf 86' lang='lat' dir='ltr'><strong>Tersia</strong></span> <span class='ocrx_word' id='word_1_120' title='bbox 1009 1736 1151 1804; x_wconf 88' lang='lat' dir='ltr'><strong>ipsas</strong></span> <span class='ocrx_word' id='word_1_121' title='bbox 1173 1737 1568 1805; x_wconf 86' lang='lat' dir='ltr'><strong>suprascriptas</strong></span> <span class='ocrx_word' id='word_1_122' title='bbox 1592 1737 1818 1791; x_wconf 87' lang='lat' dir='ltr'><strong>faculta-</strong></span> 
     </span>
    </p>
   </div>
   <div class='ocr_carea' id='block_1_18' title="bbox 222 1828 1819 1895">
    <p class='ocr_par' dir='ltr' id='par_1_18' title="bbox 222 1828 1819 1895">
     <span class='ocr_line' id='line_1_18' title="bbox 222 1828 1819 1895; baseline 0.001 -13"><span class='ocrx_word' id='word_1_123' title='bbox 222 1830 301 1885; x_wconf 84' lang='lat' dir='ltr'><strong>tis</strong></span> <span class='ocrx_word' id='word_1_124' title='bbox 345 1829 549 1883; x_wconf 87' lang='lat' dir='ltr'><strong>habere</strong></span> <span class='ocrx_word' id='word_1_125' title='bbox 579 1828 812 1894; x_wconf 86' lang='lat' dir='ltr'><strong>debeat;</strong></span> <span class='ocrx_word' id='word_1_126' title='bbox 863 1836 919 1881; x_wconf 90' lang='lat' dir='ltr'><strong>et</strong></span> <span class='ocrx_word' id='word_1_127' title='bbox 965 1828 1092 1883; x_wconf 86' lang='lat' dir='ltr'><strong>volo</strong></span> <span class='ocrx_word' id='word_1_128' title='bbox 1144 1837 1202 1881; x_wconf 92' lang='lat' dir='ltr'><strong>ut</strong></span> <span class='ocrx_word' id='word_1_129' title='bbox 1250 1828 1425 1884; x_wconf 89' lang='lat' dir='ltr'><strong>liberti</strong></span> <span class='ocrx_word' id='word_1_130' title='bbox 1475 1830 1678 1895; x_wconf 87' lang='lat' dir='ltr'><strong>nostri,</strong></span> <span class='ocrx_word' id='word_1_131' title='bbox 1729 1830 1819 1884; x_wconf 81' lang='lat' dir='ltr'><strong>filii</strong></span> 
     </span>
    </p>
   </div>
   <div class='ocr_carea' id='block_1_19' title="bbox 1935 648 3520 727">
    <p class='ocr_par' dir='ltr' id='par_1_19' title="bbox 1935 648 3520 727">
     <span class='ocr_line' id='line_1_19' title="bbox 1935 648 3520 727; baseline 0.008 -25"><span class='ocrx_word' id='word_1_132' title='bbox 1935 648 2130 706; x_wconf 81' lang='lat' dir='ltr'><strong>vimus.</strong></span> <span class='ocrx_word' id='word_1_133' title='bbox 2164 650 2231 705; x_wconf 91' lang='lat' dir='ltr'><strong>Et</strong></span> <span class='ocrx_word' id='word_1_134' title='bbox 2280 653 2554 708; x_wconf 90' lang='lat' dir='ltr'><strong>humiliter</strong></span> <span class='ocrx_word' id='word_1_135' title='bbox 2582 671 2745 725; x_wconf 85' lang='lat' dir='ltr'><strong>preco</strong></span> <span class='ocrx_word' id='word_1_136' title='bbox 2784 657 3018 713; x_wconf 87' lang='lat' dir='ltr'><strong>dominis</strong></span> <span class='ocrx_word' id='word_1_137' title='bbox 3048 656 3402 727; x_wconf 86' lang='lat' dir='ltr'><strong>principibus,</strong></span> <span class='ocrx_word' id='word_1_138' title='bbox 3431 659 3520 714; x_wconf 90' lang='lat' dir='ltr'><strong>vel</strong></span> 
     </span>
    </p>
   </div>
   <div class='ocr_carea' id='block_1_20' title="bbox 1934 744 3515 821">
    <p class='ocr_par' dir='ltr' id='par_1_20' title="bbox 1934 744 3515 821">
     <span class='ocr_line' id='line_1_20' title="bbox 1934 744 3515 821; baseline 0.007 -26"><span class='ocrx_word' id='word_1_139' title='bbox 1934 744 2175 797; x_wconf 90' lang='lat' dir='ltr'><strong>omnium</strong></span> <span class='ocrx_word' id='word_1_140' title='bbox 2208 748 2567 814; x_wconf 82' lang='lat' dir='ltr'><strong>potestatibus</strong></span> <span class='ocrx_word' id='word_1_141' title='bbox 2598 758 2651 802; x_wconf 78' lang='lat' dir='ltr'><strong>et</strong></span> <span class='ocrx_word' id='word_1_142' title='bbox 2675 750 2960 819; x_wconf 85' lang='lat' dir='ltr'><strong>episcopis,</strong></span> <span class='ocrx_word' id='word_1_143' title='bbox 2988 766 3085 821; x_wconf 88' lang='lat' dir='ltr'><strong>per</strong></span> <span class='ocrx_word' id='word_1_144' title='bbox 3110 749 3270 805; x_wconf 82' lang='lat' dir='ltr'><strong>Patre</strong></span> <span class='ocrx_word' id='word_1_145' title='bbox 3294 758 3349 805; x_wconf 86' lang='lat' dir='ltr'><strong>et</strong></span> <span class='ocrx_word' id='word_1_146' title='bbox 3380 751 3515 806; x_wconf 84' lang='lat' dir='ltr'><strong>Filio</strong></span> 
     </span>
    </p>
   </div>
   <div class='ocr_carea' id='block_1_21' title="bbox 1933 836 3518 911">
    <p class='ocr_par' dir='ltr' id='par_1_21' title="bbox 1933 836 3518 911">
     <span class='ocr_line' id='line_1_21' title="bbox 1933 836 3518 911; baseline 0.006 -22"><span class='ocrx_word' id='word_1_147' title='bbox 1933 843 1989 889; x_wconf 85' lang='lat' dir='ltr'><strong>et</strong></span> <span class='ocrx_word' id='word_1_148' title='bbox 2038 836 2497 905; x_wconf 87' lang='lat' dir='ltr'><strong>Spiritu—Sancto,</strong></span> <span class='ocrx_word' id='word_1_149' title='bbox 2547 841 2637 907; x_wconf 90' lang='lat' dir='ltr'><strong>qui</strong></span> <span class='ocrx_word' id='word_1_150' title='bbox 2686 849 3011 911; x_wconf 86' lang='lat' dir='ltr'><strong>potestatem</strong></span> <span class='ocrx_word' id='word_1_151' title='bbox 3059 843 3391 908; x_wconf 86' lang='lat' dir='ltr'><strong>dominandi,</strong></span> <span class='ocrx_word' id='word_1_152' title='bbox 3432 857 3518 898; x_wconf 86' lang='lat' dir='ltr'><strong>re-</strong></span> 
     </span>
    </p>
   </div>
   <div class='ocr_carea' id='block_1_22' title="bbox 1932 929 3517 1008">
    <p class='ocr_par' dir='ltr' id='par_1_22' title="bbox 1932 929 3517 1008">
     <span class='ocr_line' id='line_1_22' title="bbox 1932 929 3517 1008; baseline 0.007 -26"><span class='ocrx_word' id='word_1_153' title='bbox 1932 929 2092 996; x_wconf 84' lang='lat' dir='ltr'><strong>gendi</strong></span> <span class='ocrx_word' id='word_1_154' title='bbox 2120 931 2384 996; x_wconf 85' lang='lat' dir='ltr'><strong>habeatis,</strong></span> <span class='ocrx_word' id='word_1_155' title='bbox 2419 941 2477 986; x_wconf 92' lang='lat' dir='ltr'><strong>ut</strong></span> <span class='ocrx_word' id='word_1_156' title='bbox 2506 933 2648 988; x_wconf 88' lang='lat' dir='ltr'><strong>hunc</strong></span> <span class='ocrx_word' id='word_1_157' title='bbox 2680 935 2972 991; x_wconf 78' lang='lat' dir='ltr'><strong>voluntatis</strong></span> <span class='ocrx_word' id='word_1_158' title='bbox 3001 948 3217 1001; x_wconf 61' lang='lat' dir='ltr'><strong>nostrae,</strong></span> <span class='ocrx_word' id='word_1_159' title='bbox 3241 952 3400 1008; x_wconf 89' lang='lat' dir='ltr'><strong>quem</strong></span> <span class='ocrx_word' id='word_1_160' title='bbox 3424 952 3517 1006; x_wconf 85' lang='lat' dir='ltr'><strong>per</strong></span> 
     </span>
    </p>
   </div>
   <div class='ocr_carea' id='block_1_23' title="bbox 1932 1022 3515 1082">
    <p class='ocr_par' dir='ltr' id='par_1_23' title="bbox 1932 1022 3515 1082">
     <span class='ocr_line' id='line_1_23' title="bbox 1932 1022 3515 1082; baseline 0.004 -8"><span class='ocrx_word' id='word_1_161' title='bbox 1932 1022 2074 1075; x_wconf 90' lang='lat' dir='ltr'><strong>hunc</strong></span> <span class='ocrx_word' id='word_1_162' title='bbox 2104 1030 2485 1077; x_wconf 90' lang='lat' dir='ltr'><strong>testamentum</strong></span> <span class='ocrx_word' id='word_1_163' title='bbox 2510 1040 2688 1077; x_wconf 90' lang='lat' dir='ltr'><strong>meum</strong></span> <span class='ocrx_word' id='word_1_164' title='bbox 2714 1025 2779 1078; x_wconf 91' lang='lat' dir='ltr'><strong>ad</strong></span> <span class='ocrx_word' id='word_1_165' title='bbox 2802 1026 3054 1081; x_wconf 88' lang='lat' dir='ltr'><strong>heredem</strong></span> <span class='ocrx_word' id='word_1_166' title='bbox 3082 1043 3256 1081; x_wconf 90' lang='lat' dir='ltr'><strong>meam</strong></span> <span class='ocrx_word' id='word_1_167' title='bbox 3283 1028 3515 1082; x_wconf 90' lang='lat' dir='ltr'><strong>ecclesia</strong></span> 
     </span>
    </p>
   </div>
   <div class='ocr_carea' id='block_1_24' title="bbox 1930 1113 3516 1185">
    <p class='ocr_par' dir='ltr' id='par_1_24' title="bbox 1930 1113 3516 1185">
     <span class='ocr_line' id='line_1_24' title="bbox 1930 1113 3516 1185; baseline 0.001 -18"><span class='ocrx_word' id='word_1_168' title='bbox 1930 1113 2133 1177; x_wconf 80' lang='lat' dir='ltr'><strong>Sancto</strong></span> <span class='ocrx_word' id='word_1_169' title='bbox 2184 1113 2344 1168; x_wconf 82' lang='lat' dir='ltr'><strong>Petro</strong></span> <span class='ocrx_word' id='word_1_170' title='bbox 2382 1118 2733 1181; x_wconf 82' lang='lat' dir='ltr'><strong>monasterio,</strong></span> <span class='ocrx_word' id='word_1_171' title='bbox 2769 1133 2865 1185; x_wconf 89' lang='lat' dir='ltr'><strong>pro</strong></span> <span class='ocrx_word' id='word_1_172' title='bbox 2897 1118 3197 1172; x_wconf 84' lang='lat' dir='ltr'><strong>substantia</strong></span> <span class='ocrx_word' id='word_1_173' title='bbox 3228 1118 3516 1172; x_wconf 88' lang='lat' dir='ltr'><strong>monachu-</strong></span> 
     </span>
    </p>
   </div>
   <div class='ocr_carea' id='block_1_25' title="bbox 1929 1208 3516 1277">
    <p class='ocr_par' dir='ltr' id='par_1_25' title="bbox 1929 1208 3516 1277">
     <span class='ocr_line' id='line_1_25' title="bbox 1929 1208 3516 1277; baseline 0.002 -19"><span class='ocrx_word' id='word_1_174' title='bbox 1929 1221 2051 1260; x_wconf 89' lang='lat' dir='ltr'><strong>rum</strong></span> <span class='ocrx_word' id='word_1_175' title='bbox 2080 1212 2135 1259; x_wconf 93' lang='lat' dir='ltr'><strong>et</strong></span> <span class='ocrx_word' id='word_1_176' title='bbox 2163 1220 2523 1275; x_wconf 85' lang='lat' dir='ltr'><strong>pauperorum</strong></span> <span class='ocrx_word' id='word_1_177' title='bbox 2553 1208 2819 1277; x_wconf 78' lang='lat' dir='ltr'><strong>delegavi,</strong></span> <span class='ocrx_word' id='word_1_178' title='bbox 2868 1215 2929 1261; x_wconf 86' lang='lat' dir='ltr'><strong>ut</strong></span> <span class='ocrx_word' id='word_1_179' title='bbox 2972 1209 3024 1261; x_wconf 93' lang='lat' dir='ltr'><strong>in</strong></span> <span class='ocrx_word' id='word_1_180' title='bbox 3054 1208 3204 1263; x_wconf 91' lang='lat' dir='ltr'><strong>nullo</strong></span> <span class='ocrx_word' id='word_1_181' title='bbox 3232 1208 3516 1277; x_wconf 87' lang='lat' dir='ltr'><strong>permitta-</strong></span> 
     </span>
    </p>
   </div>
   <div class='ocr_carea' id='block_1_26' title="bbox 1929 1296 3515 1368">
    <p class='ocr_par' dir='ltr' id='par_1_26' title="bbox 1929 1296 3515 1368">
     <span class='ocr_line' id='line_1_26' title="bbox 1929 1296 3515 1368; baseline 0.003 -21"><span class='ocrx_word' id='word_1_182' title='bbox 1929 1296 1995 1350; x_wconf 89' lang='lat' dir='ltr'><strong>tis</strong></span> <span class='ocrx_word' id='word_1_183' title='bbox 2024 1296 2328 1351; x_wconf 60' lang='lat' dir='ltr'><strong>convellrre</strong></span> <span class='ocrx_word' id='word_1_184' title='bbox 2372 1313 2473 1351; x_wconf 91' lang='lat' dir='ltr'><strong>nec</strong></span> <span class='ocrx_word' id='word_1_185' title='bbox 2504 1298 2820 1367; x_wconf 89' lang='lat' dir='ltr'><strong>irrumpere,</strong></span> <span class='ocrx_word' id='word_1_186' title='bbox 2854 1306 2914 1353; x_wconf 90' lang='lat' dir='ltr'><strong>ut</strong></span> <span class='ocrx_word' id='word_1_187' title='bbox 2945 1299 3007 1354; x_wconf 88' lang='lat' dir='ltr'><strong>ad</strong></span> <span class='ocrx_word' id='word_1_188' title='bbox 3039 1299 3341 1368; x_wconf 82' lang='lat' dir='ltr'><strong>augmentis</strong></span> <span class='ocrx_word' id='word_1_189' title='bbox 3369 1314 3515 1354; x_wconf 92' lang='lat' dir='ltr'><strong>mer-</strong></span> 
     </span>
    </p>
   </div>
   <div class='ocr_carea' id='block_1_27' title="bbox 1927 1385 3518 1461">
    <p class='ocr_par' dir='ltr' id='par_1_27' title="bbox 1927 1385 3518 1461">
     <span class='ocr_line' id='line_1_27' title="bbox 1927 1385 3518 1461; baseline 0.003 -22"><span class='ocrx_word' id='word_1_190' title='bbox 1927 1385 2074 1439; x_wconf 85' lang='lat' dir='ltr'><strong>cedis</strong></span> <span class='ocrx_word' id='word_1_191' title='bbox 2105 1394 2297 1441; x_wconf 69' lang='lat' dir='ltr'><strong>vestrze</strong></span> <span class='ocrx_word' id='word_1_192' title='bbox 2328 1402 2619 1443; x_wconf 91' lang='lat' dir='ltr'><strong>commune</strong></span> <span class='ocrx_word' id='word_1_193' title='bbox 2651 1390 2936 1458; x_wconf 89' lang='lat' dir='ltr'><strong>pertineat.</strong></span> <span class='ocrx_word' id='word_1_194' title='bbox 2969 1389 3056 1454; x_wconf 85' lang='lat' dir='ltr'><strong>Et,</strong></span> <span class='ocrx_word' id='word_1_195' title='bbox 3101 1390 3144 1445; x_wconf 91' lang='lat' dir='ltr'><strong>si</strong></span> <span class='ocrx_word' id='word_1_196' title='bbox 3173 1390 3293 1461; x_wconf 89' lang='lat' dir='ltr'><strong>quis</strong></span> <span class='ocrx_word' id='word_1_197' title='bbox 3335 1400 3518 1459; x_wconf 89' lang='lat' dir='ltr'><strong>sperat</strong></span> 
     </span>
    </p>
   </div>
   <div class='ocr_carea' id='block_1_28' title="bbox 1928 1476 3514 1551">
    <p class='ocr_par' dir='ltr' id='par_1_28' title="bbox 1928 1476 3514 1551">
     <span class='ocr_line' id='line_1_28' title="bbox 1928 1476 3514 1551; baseline 0.004 -24"><span class='ocrx_word' id='word_1_198' title='bbox 1928 1476 2031 1529; x_wconf 90' lang='lat' dir='ltr'><strong>hoc</strong></span> <span class='ocrx_word' id='word_1_199' title='bbox 2060 1476 2350 1531; x_wconf 90' lang='lat' dir='ltr'><strong>temerario</strong></span> <span class='ocrx_word' id='word_1_200' title='bbox 2382 1487 2572 1531; x_wconf 89' lang='lat' dir='ltr'><strong>contra</strong></span> <span class='ocrx_word' id='word_1_201' title='bbox 2604 1479 2742 1533; x_wconf 88' lang='lat' dir='ltr'><strong>hanc</strong></span> <span class='ocrx_word' id='word_1_202' title='bbox 2765 1481 3094 1535; x_wconf 82' lang='lat' dir='ltr'><strong>voluntatem</strong></span> <span class='ocrx_word' id='word_1_203' title='bbox 3126 1496 3325 1547; x_wconf 84' lang='lat' dir='ltr'><strong>meam,</strong></span> <span class='ocrx_word' id='word_1_204' title='bbox 3354 1497 3514 1551; x_wconf 85' lang='lat' dir='ltr'><strong>quem</strong></span> 
     </span>
    </p>
   </div>
   <div class='ocr_carea' id='block_1_29' title="bbox 1926 1567 3515 1639">
    <p class='ocr_par' dir='ltr' id='par_1_29' title="bbox 1926 1567 3515 1639">
     <span class='ocr_line' id='line_1_29' title="bbox 1926 1567 3515 1639; baseline 0.004 -22"><span class='ocrx_word' id='word_1_205' title='bbox 1926 1567 2384 1636; x_wconf 89' lang='lat' dir='ltr'><strong>promptissimam</strong></span> <span class='ocrx_word' id='word_1_206' title='bbox 2414 1569 2761 1625; x_wconf 86' lang='lat' dir='ltr'><strong>devotionem</strong></span> <span class='ocrx_word' id='word_1_207' title='bbox 2792 1571 3138 1627; x_wconf 88' lang='lat' dir='ltr'><strong>conscribere</strong></span> <span class='ocrx_word' id='word_1_208' title='bbox 3177 1572 3385 1639; x_wconf 76' lang='lat' dir='ltr'><strong>rogavi,</strong></span> <span class='ocrx_word' id='word_1_209' title='bbox 3431 1571 3515 1625; x_wconf 87' lang='lat' dir='ltr'><strong>iu-</strong></span> 
     </span>
    </p>
   </div>
   <div class='ocr_carea' id='block_1_30' title="bbox 1927 1659 3513 1725">
    <p class='ocr_par' dir='ltr' id='par_1_30' title="bbox 1927 1659 3513 1725">
     <span class='ocr_line' id='line_1_30' title="bbox 1927 1659 3513 1725; baseline 0.004 -12"><span class='ocrx_word' id='word_1_210' title='bbox 1927 1659 2153 1713; x_wconf 86' lang='lat' dir='ltr'><strong>sidiator</strong></span> <span class='ocrx_word' id='word_1_211' title='bbox 2184 1662 2453 1714; x_wconf 81' lang='lat' dir='ltr'><strong>exstiterit</strong></span> <span class='ocrx_word' id='word_1_212' title='bbox 2480 1671 2529 1715; x_wconf 90' lang='lat' dir='ltr'><strong>et</strong></span> <span class='ocrx_word' id='word_1_213' title='bbox 2555 1678 2674 1717; x_wconf 89' lang='lat' dir='ltr'><strong>sese</strong></span> <span class='ocrx_word' id='word_1_214' title='bbox 2713 1703 2730 1716; x_wconf 94' lang='lat'><strong>.</strong></span> <span class='ocrx_word' id='word_1_215' title='bbox 2777 1705 2789 1716; x_wconf 92' lang='lat'><strong>.</strong></span> <span class='ocrx_word' id='word_1_216' title='bbox 2836 1703 2850 1717; x_wconf 93' lang='lat'><strong>.</strong></span> <span class='ocrx_word' id='word_1_217' title='bbox 2900 1703 2913 1717; x_wconf 95' lang='lat'><strong>.</strong></span> <span class='ocrx_word' id='word_1_218' title='bbox 2955 1664 3209 1725; x_wconf 86' lang='lat' dir='ltr'><strong>noluerit.</strong></span> <span class='ocrx_word' id='word_1_219' title='bbox 3241 1665 3375 1717; x_wconf 90' lang='lat' dir='ltr'><strong>iram</strong></span> <span class='ocrx_word' id='word_1_220' title='bbox 3406 1680 3513 1719; x_wconf 76' lang='lat' dir='ltr'><strong>ca:-</strong></span> 
     </span>
    </p>
   </div>
   <div class='ocr_carea' id='block_1_31' title="bbox 1925 1750 3517 1816">
    <p class='ocr_par' dir='ltr' id='par_1_31' title="bbox 1925 1750 3517 1816">
     <span class='ocr_line' id='line_1_31' title="bbox 1925 1750 3517 1816; baseline 0.006 -14"><span class='ocrx_word' id='word_1_221' title='bbox 1925 1750 2115 1804; x_wconf 88' lang='lat' dir='ltr'><strong>lestem</strong></span> <span class='ocrx_word' id='word_1_222' title='bbox 2164 1750 2423 1816; x_wconf 87' lang='lat' dir='ltr'><strong>incurrat,</strong></span> <span class='ocrx_word' id='word_1_223' title='bbox 2475 1763 2531 1805; x_wconf 91' lang='lat' dir='ltr'><strong>et</strong></span> <span class='ocrx_word' id='word_1_224' title='bbox 2561 1753 2625 1805; x_wconf 92' lang='lat' dir='ltr'><strong>ad</strong></span> <span class='ocrx_word' id='word_1_225' title='bbox 2670 1755 3107 1809; x_wconf 89' lang='lat' dir='ltr'><strong>communionem</strong></span> <span class='ocrx_word' id='word_1_226' title='bbox 3139 1758 3382 1810; x_wconf 91' lang='lat' dir='ltr'><strong>omnium</strong></span> <span class='ocrx_word' id='word_1_227' title='bbox 3411 1773 3517 1812; x_wconf 73' lang='lat' dir='ltr'><strong>aec-</strong></span> 
     </span>
    </p>
   </div>
   <div class='ocr_carea' id='block_1_32' title="bbox 1927 1841 3511 1917">
    <p class='ocr_par' dir='ltr' id='par_1_32' title="bbox 1927 1841 3511 1917">
     <span class='ocr_line' id='line_1_32' title="bbox 1927 1841 3511 1917; baseline 0.004 -23"><span class='ocrx_word' id='word_1_228' title='bbox 1927 1841 2215 1895; x_wconf 90' lang='lat' dir='ltr'><strong>clesiarnm</strong></span> <span class='ocrx_word' id='word_1_229' title='bbox 2246 1844 2743 1899; x_wconf 80' lang='lat' dir='ltr'><strong>excommunicatus</strong></span> <span class='ocrx_word' id='word_1_230' title='bbox 2784 1854 3064 1914; x_wconf 88' lang='lat' dir='ltr'><strong>appareat,</strong></span> <span class='ocrx_word' id='word_1_231' title='bbox 3093 1855 3147 1900; x_wconf 91' lang='lat' dir='ltr'><strong>et</strong></span> <span class='ocrx_word' id='word_1_232' title='bbox 3177 1846 3400 1917; x_wconf 88' lang='lat' dir='ltr'><strong>insuper</strong></span> <span class='ocrx_word' id='word_1_233' title='bbox 3426 1849 3511 1902; x_wconf 87' lang='lat' dir='ltr'><strong>in-</strong></span> 
     </span>
    </p>
   </div>
   <div class='ocr_carea' id='block_1_33' title="bbox 222 1912 3512 2002">
    <p class='ocr_par' dir='ltr' id='par_1_33' title="bbox 222 1912 3512 2002">
     <span class='ocr_line' id='line_1_33' title="bbox 222 1912 3512 2002; baseline 0 -31"><span class='ocrx_word' id='word_1_234' title='bbox 222 1918 495 1985; x_wconf 82' lang='lat' dir='ltr'><strong>Vualane,</strong></span> <span class='ocrx_word' id='word_1_235' title='bbox 523 1934 645 1973; x_wconf 90' lang='lat' dir='ltr'><strong>cum</strong></span> <span class='ocrx_word' id='word_1_236' title='bbox 671 1918 789 1973; x_wconf 89' lang='lat' dir='ltr'><strong>illas</strong></span> <span class='ocrx_word' id='word_1_237' title='bbox 811 1933 897 1972; x_wconf 89' lang='lat' dir='ltr'><strong>res</strong></span> <span class='ocrx_word' id='word_1_238' title='bbox 919 1934 1078 1988; x_wconf 92' lang='lat' dir='ltr'><strong>quem</strong></span> <span class='ocrx_word' id='word_1_239' title='bbox 1112 1920 1280 1989; x_wconf 88' lang='lat' dir='ltr'><strong>ipsius</strong></span> <span class='ocrx_word' id='word_1_240' title='bbox 1304 1920 1545 1975; x_wconf 86' lang='lat' dir='ltr'><strong>Vualane</strong></span> <span class='ocrx_word' id='word_1_241' title='bbox 1574 1921 1817 1978; x_wconf 88' lang='lat' dir='ltr'><strong>dedimus</strong></span> <span class='ocrx_word' id='word_1_242' title='bbox 1850 1912 1895 1972; x_wconf 84' lang='grc' dir='ltr'><strong>Β</strong></span> <span class='ocrx_word' id='word_1_243' title='bbox 1924 1931 2062 1986; x_wconf 65' lang='grc' dir='ltr'><strong>[ει-ει</strong></span> <span class='ocrx_word' id='word_1_244' title='bbox 2106 1932 2171 1984; x_wconf 67' lang='lat' dir='ltr'><strong>ad</strong></span> <span class='ocrx_word' id='word_1_245' title='bbox 2232 1933 2408 2001; x_wconf 73' lang='lat' dir='ltr'><strong>ipsum</strong></span> <span class='ocrx_word' id='word_1_246' title='bbox 2473 1942 2721 1987; x_wconf 54' lang='lat' dir='ltr'><strong>sanctum</strong></span> <span class='ocrx_word' id='word_1_247' title='bbox 2774 1912 2951 1989; x_wconf 37' lang='lat' dir='ltr'><strong>[dc—um</strong></span> <span class='ocrx_word' id='word_1_248' title='bbox 3002 1936 3255 1991; x_wconf 65' lang='lat' dir='ltr'><strong>heredem</strong></span> <span class='ocrx_word' id='word_1_249' title='bbox 3304 1912 3512 2002; x_wconf 48' lang='lat' dir='ltr'><strong>&#39;meam’</strong></span> 
     </span>
    </p>
   </div>
   <div class='ocr_carea' id='block_1_34' title="bbox 217 2012 1811 2085">
    <p class='ocr_par' dir='ltr' id='par_1_34' title="bbox 217 2012 1811 2085">
     <span class='ocr_line' id='line_1_34' title="bbox 217 2012 1811 2085; baseline 0.002 -19"><span class='ocrx_word' id='word_1_250' title='bbox 217 2013 291 2066; x_wconf 87' lang='lat' dir='ltr'><strong>ad</strong></span> <span class='ocrx_word' id='word_1_251' title='bbox 324 2012 527 2067; x_wconf 86' lang='lat' dir='ltr'><strong>herede</strong></span> <span class='ocrx_word' id='word_1_252' title='bbox 559 2027 734 2065; x_wconf 89' lang='lat' dir='ltr'><strong>meam</strong></span> <span class='ocrx_word' id='word_1_253' title='bbox 778 2012 1062 2068; x_wconf 77' lang='lat' dir='ltr'><strong>ecclesiam</strong></span> <span class='ocrx_word' id='word_1_254' title='bbox 1096 2014 1299 2067; x_wconf 83' lang='lat' dir='ltr'><strong>Sancto</strong></span> <span class='ocrx_word' id='word_1_255' title='bbox 1331 2012 1490 2068; x_wconf 84' lang='lat' dir='ltr'><strong>Petro</strong></span> <span class='ocrx_word' id='word_1_256' title='bbox 1528 2016 1811 2085; x_wconf 84' lang='lat' dir='ltr'><strong>aspiciant.</strong></span> 
     </span>
    </p>
   </div>
   <div class='ocr_carea' id='block_1_35' title="bbox 219 2103 1816 2161">
    <p class='ocr_par' dir='ltr' id='par_1_35' title="bbox 219 2103 1816 2161">
     <span class='ocr_line' id='line_1_35' title="bbox 219 2103 1816 2161; baseline 0.001 -4"><span class='ocrx_word' id='word_1_257' title='bbox 219 2106 382 2158; x_wconf 83' lang='lat' dir='ltr'><strong>Dono</strong></span> <span class='ocrx_word' id='word_1_258' title='bbox 422 2104 613 2157; x_wconf 89' lang='lat' dir='ltr'><strong>liberta</strong></span> <span class='ocrx_word' id='word_1_259' title='bbox 661 2117 781 2158; x_wconf 91' lang='lat' dir='ltr'><strong>mea</strong></span> <span class='ocrx_word' id='word_1_260' title='bbox 811 2103 877 2157; x_wconf 91' lang='lat' dir='ltr'><strong>ad</strong></span> <span class='ocrx_word' id='word_1_261' title='bbox 910 2104 1110 2157; x_wconf 89' lang='lat' dir='ltr'><strong>herede</strong></span> <span class='ocrx_word' id='word_1_262' title='bbox 1142 2118 1318 2157; x_wconf 89' lang='lat' dir='ltr'><strong>meam</strong></span> <span class='ocrx_word' id='word_1_263' title='bbox 1351 2105 1584 2158; x_wconf 87' lang='lat' dir='ltr'><strong>ecclesia</strong></span> <span class='ocrx_word' id='word_1_264' title='bbox 1616 2105 1816 2161; x_wconf 89' lang='lat' dir='ltr'><strong>Sancto</strong></span> 
     </span>
    </p>
   </div>
   <div class='ocr_carea' id='block_1_36' title="bbox 219 2195 1814 2263">
    <p class='ocr_par' dir='ltr' id='par_1_36' title="bbox 219 2195 1814 2263">
     <span class='ocr_line' id='line_1_36' title="bbox 219 2195 1814 2263; baseline 0 -13"><span class='ocrx_word' id='word_1_265' title='bbox 219 2196 410 2259; x_wconf 81' lang='lat' dir='ltr'><strong>Petro,</strong></span> <span class='ocrx_word' id='word_1_266' title='bbox 467 2197 685 2251; x_wconf 89' lang='lat' dir='ltr'><strong>nomine</strong></span> <span class='ocrx_word' id='word_1_267' title='bbox 738 2195 1062 2263; x_wconf 82' lang='lat' dir='ltr'><strong>Fredberga,</strong></span> <span class='ocrx_word' id='word_1_268' title='bbox 1107 2210 1277 2249; x_wconf 85' lang='lat' dir='ltr'><strong>uxore</strong></span> <span class='ocrx_word' id='word_1_269' title='bbox 1318 2195 1646 2260; x_wconf 78' lang='lat' dir='ltr'><strong>Tascultum,</strong></span> <span class='ocrx_word' id='word_1_270' title='bbox 1692 2213 1814 2250; x_wconf 90' lang='lat' dir='ltr'><strong>cum</strong></span> 
     </span>
    </p>
   </div>
   <div class='ocr_carea' id='block_1_37' title="bbox 218 2287 1816 2357">
    <p class='ocr_par' dir='ltr' id='par_1_37' title="bbox 218 2287 1816 2357">
     <span class='ocr_line' id='line_1_37' title="bbox 218 2287 1816 2357; baseline 0.003 -16"><span class='ocrx_word' id='word_1_271' title='bbox 218 2296 455 2356; x_wconf 87' lang='lat' dir='ltr'><strong>nepotes</strong></span> <span class='ocrx_word' id='word_1_272' title='bbox 493 2288 661 2357; x_wconf 88' lang='lat' dir='ltr'><strong>ipsius</strong></span> <span class='ocrx_word' id='word_1_273' title='bbox 692 2287 1036 2357; x_wconf 68' lang='lat' dir='ltr'><strong>Fredbergte,</strong></span> <span class='ocrx_word' id='word_1_274' title='bbox 1085 2289 1139 2342; x_wconf 92' lang='lat' dir='ltr'><strong>in</strong></span> <span class='ocrx_word' id='word_1_275' title='bbox 1173 2288 1367 2353; x_wconf 85' lang='lat' dir='ltr'><strong>Etone,</strong></span> <span class='ocrx_word' id='word_1_276' title='bbox 1418 2299 1511 2342; x_wconf 90' lang='lat' dir='ltr'><strong>aut</strong></span> <span class='ocrx_word' id='word_1_277' title='bbox 1556 2291 1607 2343; x_wconf 91' lang='lat' dir='ltr'><strong>in</strong></span> <span class='ocrx_word' id='word_1_278' title='bbox 1655 2292 1816 2345; x_wconf 83' lang='lat' dir='ltr'><strong>Pare-</strong></span> 
     </span>
    </p>
   </div>
   <div class='ocr_carea' id='block_1_38' title="bbox 218 2378 1811 2441">
    <p class='ocr_par' dir='ltr' id='par_1_38' title="bbox 218 2378 1811 2441">
     <span class='ocr_line' id='line_1_38' title="bbox 218 2378 1811 2441; baseline 0.003 -10"><span class='ocrx_word' id='word_1_279' title='bbox 218 2378 372 2431; x_wconf 90' lang='lat' dir='ltr'><strong>liano</strong></span> <span class='ocrx_word' id='word_1_280' title='bbox 398 2392 619 2432; x_wconf 86' lang='lat' dir='ltr'><strong>manere</strong></span> <span class='ocrx_word' id='word_1_281' title='bbox 650 2378 919 2441; x_wconf 81' lang='lat' dir='ltr'><strong>videntur,</strong></span> <span class='ocrx_word' id='word_1_282' title='bbox 956 2387 1015 2432; x_wconf 90' lang='lat' dir='ltr'><strong>ut</strong></span> <span class='ocrx_word' id='word_1_283' title='bbox 1058 2379 1362 2433; x_wconf 84' lang='lat' dir='ltr'><strong>liberticam</strong></span> <span class='ocrx_word' id='word_1_284' title='bbox 1396 2395 1584 2433; x_wconf 91' lang='lat' dir='ltr'><strong>eorum</strong></span> <span class='ocrx_word' id='word_1_285' title='bbox 1628 2396 1714 2435; x_wconf 88' lang='lat' dir='ltr'><strong>res</strong></span> <span class='ocrx_word' id='word_1_286' title='bbox 1746 2382 1811 2436; x_wconf 90' lang='lat' dir='ltr'><strong>ad</strong></span> 
     </span>
    </p>
   </div>
   <div class='ocr_carea' id='block_1_39' title="bbox 218 2469 1367 2538">
    <p class='ocr_par' dir='ltr' id='par_1_39' title="bbox 218 2469 1367 2538">
     <span class='ocr_line' id='line_1_39' title="bbox 218 2469 1367 2538; baseline 0.002 -17"><span class='ocrx_word' id='word_1_287' title='bbox 218 2470 342 2538; x_wconf 81' lang='lat' dir='ltr'><strong>ipsa</strong></span> <span class='ocrx_word' id='word_1_288' title='bbox 370 2469 617 2522; x_wconf 69' lang='lat' dir='ltr'><strong>mcclesia</strong></span> <span class='ocrx_word' id='word_1_289' title='bbox 648 2470 912 2538; x_wconf 86' lang='lat' dir='ltr'><strong>aspiciant</strong></span> <span class='ocrx_word' id='word_1_290' title='bbox 940 2469 1064 2524; x_wconf 91' lang='lat' dir='ltr'><strong>volo</strong></span> <span class='ocrx_word' id='word_1_291' title='bbox 1094 2484 1157 2524; x_wconf 92' lang='lat' dir='ltr'><strong>ac</strong></span> <span class='ocrx_word' id='word_1_292' title='bbox 1180 2471 1367 2537; x_wconf 87' lang='lat' dir='ltr'><strong>jubeo.</strong></span> 
     </span>
    </p>
   </div>
   <div class='ocr_carea' id='block_1_40' title="bbox 296 2560 1815 2630">
    <p class='ocr_par' dir='ltr' id='par_1_40' title="bbox 296 2560 1815 2630">
     <span class='ocr_line' id='line_1_40' title="bbox 296 2560 1815 2630; baseline 0.001 -17"><span class='ocrx_word' id='word_1_293' title='bbox 296 2560 365 2613; x_wconf 80' lang='lat' dir='ltr'><strong>Et</strong></span> <span class='ocrx_word' id='word_1_294' title='bbox 404 2560 666 2614; x_wconf 90' lang='lat' dir='ltr'><strong>notamini</strong></span> <span class='ocrx_word' id='word_1_295' title='bbox 719 2561 771 2614; x_wconf 91' lang='lat' dir='ltr'><strong>in</strong></span> <span class='ocrx_word' id='word_1_296' title='bbox 815 2562 956 2615; x_wconf 85' lang='lat' dir='ltr'><strong>hanc</strong></span> <span class='ocrx_word' id='word_1_297' title='bbox 982 2561 1172 2630; x_wconf 80' lang='lat' dir='ltr'><strong>pagina</strong></span> <span class='ocrx_word' id='word_1_298' title='bbox 1211 2564 1546 2616; x_wconf 88' lang='lat' dir='ltr'><strong>testamentis</strong></span> <span class='ocrx_word' id='word_1_299' title='bbox 1586 2564 1687 2615; x_wconf 90' lang='lat' dir='ltr'><strong>tnei</strong></span> <span class='ocrx_word' id='word_1_300' title='bbox 1719 2563 1815 2615; x_wconf 87' lang='lat' dir='ltr'><strong>ad-</strong></span> 
     </span>
    </p>
   </div>
   <div class='ocr_carea' id='block_1_41' title="bbox 217 2649 1816 2720">
    <p class='ocr_par' dir='ltr' id='par_1_41' title="bbox 217 2649 1816 2720">
     <span class='ocr_line' id='line_1_41' title="bbox 217 2649 1816 2720; baseline 0 -13"><span class='ocrx_word' id='word_1_301' title='bbox 217 2649 461 2707; x_wconf 58' lang='lat' dir='ltr'><strong>®ttdum</strong></span> <span class='ocrx_word' id='word_1_302' title='bbox 492 2650 717 2720; x_wconf 89' lang='lat' dir='ltr'><strong>placuit,</strong></span> <span class='ocrx_word' id='word_1_303' title='bbox 747 2651 872 2705; x_wconf 88' lang='lat' dir='ltr'><strong>dum</strong></span> <span class='ocrx_word' id='word_1_304' title='bbox 897 2660 953 2706; x_wconf 91' lang='lat' dir='ltr'><strong>et</strong></span> <span class='ocrx_word' id='word_1_305' title='bbox 982 2652 1467 2720; x_wconf 87' lang='lat' dir='ltr'><strong>provintiasjustas</strong></span> <span class='ocrx_word' id='word_1_306' title='bbox 1499 2653 1563 2704; x_wconf 86' lang='lat' dir='ltr'><strong>ad</strong></span> <span class='ocrx_word' id='word_1_307' title='bbox 1595 2663 1816 2720; x_wconf 81' lang='lat' dir='ltr'><strong>agentes</strong></span> 
     </span>
    </p>
   </div>
   <div class='ocr_carea' id='block_1_42' title="bbox 218 2743 1811 2811">
    <p class='ocr_par' dir='ltr' id='par_1_42' title="bbox 218 2743 1811 2811">
     <span class='ocr_line' id='line_1_42' title="bbox 218 2743 1811 2811; baseline -0.001 -12"><span class='ocrx_word' id='word_1_308' title='bbox 218 2743 650 2799; x_wconf 75' lang='lat' dir='ltr'><strong>Sarracenorum</strong></span> <span class='ocrx_word' id='word_1_309' title='bbox 682 2744 971 2798; x_wconf 89' lang='lat' dir='ltr'><strong>dissolatas</strong></span> <span class='ocrx_word' id='word_1_310' title='bbox 1009 2753 1065 2798; x_wconf 91' lang='lat' dir='ltr'><strong>et</strong></span> <span class='ocrx_word' id='word_1_311' title='bbox 1094 2745 1388 2798; x_wconf 89' lang='lat' dir='ltr'><strong>distructas</strong></span> <span class='ocrx_word' id='word_1_312' title='bbox 1428 2753 1573 2811; x_wconf 91' lang='lat' dir='ltr'><strong>sunt,</strong></span> <span class='ocrx_word' id='word_1_313' title='bbox 1606 2754 1660 2798; x_wconf 90' lang='lat' dir='ltr'><strong>et</strong></span> <span class='ocrx_word' id='word_1_314' title='bbox 1705 2753 1811 2798; x_wconf 90' lang='lat' dir='ltr'><strong>tam</strong></span> 
     </span>
    </p>
   </div>
   <div class='ocr_carea' id='block_1_43' title="bbox 217 2831 1818 2903">
    <p class='ocr_par' dir='ltr' id='par_1_43' title="bbox 217 2831 1818 2903">
     <span class='ocr_line' id='line_1_43' title="bbox 217 2831 1818 2903; baseline 0.002 -18"><span class='ocrx_word' id='word_1_315' title='bbox 217 2831 405 2886; x_wconf 88' lang='lat' dir='ltr'><strong>liberti</strong></span> <span class='ocrx_word' id='word_1_316' title='bbox 432 2833 623 2897; x_wconf 84' lang='lat' dir='ltr'><strong>nostri,</strong></span> <span class='ocrx_word' id='word_1_317' title='bbox 654 2848 815 2902; x_wconf 87' lang='lat' dir='ltr'><strong>quam</strong></span> <span class='ocrx_word' id='word_1_318' title='bbox 840 2842 895 2887; x_wconf 90' lang='lat' dir='ltr'><strong>et</strong></span> <span class='ocrx_word' id='word_1_319' title='bbox 922 2834 1064 2887; x_wconf 88' lang='lat' dir='ltr'><strong>servi</strong></span> <span class='ocrx_word' id='word_1_320' title='bbox 1085 2842 1141 2887; x_wconf 88' lang='lat' dir='ltr'><strong>et</strong></span> <span class='ocrx_word' id='word_1_321' title='bbox 1169 2834 1393 2888; x_wconf 90' lang='lat' dir='ltr'><strong>ancillas</strong></span> <span class='ocrx_word' id='word_1_322' title='bbox 1418 2835 1695 2902; x_wconf 89' lang='lat' dir='ltr'><strong>utriusque</strong></span> <span class='ocrx_word' id='word_1_323' title='bbox 1724 2848 1818 2903; x_wconf 80' lang='lat' dir='ltr'><strong>ge-</strong></span> 
     </span>
    </p>
   </div>
   <div class='ocr_carea' id='block_1_44' title="bbox 222 2924 1814 2996">
    <p class='ocr_par' dir='ltr' id='par_1_44' title="bbox 222 2924 1814 2996">
     <span class='ocr_line' id='line_1_44' title="bbox 222 2924 1814 2996; baseline 0.001 -19"><span class='ocrx_word' id='word_1_324' title='bbox 222 2925 396 2989; x_wconf 87' lang='lat' dir='ltr'><strong>neris,</strong></span> <span class='ocrx_word' id='word_1_325' title='bbox 428 2938 525 2996; x_wconf 90' lang='lat' dir='ltr'><strong>per</strong></span> <span class='ocrx_word' id='word_1_326' title='bbox 552 2924 708 2994; x_wconf 85' lang='lat' dir='ltr'><strong>plura</strong></span> <span class='ocrx_word' id='word_1_327' title='bbox 751 2926 865 2979; x_wconf 89' lang='lat' dir='ltr'><strong>loca</strong></span> <span class='ocrx_word' id='word_1_328' title='bbox 894 2924 1197 2979; x_wconf 91' lang='lat' dir='ltr'><strong>vicinorum</strong></span> <span class='ocrx_word' id='word_1_329' title='bbox 1227 2938 1321 2992; x_wconf 90' lang='lat' dir='ltr'><strong>per</strong></span> <span class='ocrx_word' id='word_1_330' title='bbox 1348 2926 1673 2979; x_wconf 87' lang='lat' dir='ltr'><strong>necessitate</strong></span> <span class='ocrx_word' id='word_1_331' title='bbox 1702 2926 1814 2979; x_wconf 92' lang='lat' dir='ltr'><strong>dis-</strong></span> 
     </span>
    </p>
   </div>
   <div class='ocr_carea' id='block_1_45' title="bbox 217 3015 1813 3088">
    <p class='ocr_par' dir='ltr' id='par_1_45' title="bbox 217 3015 1813 3088">
     <span class='ocr_line' id='line_1_45' title="bbox 217 3015 1813 3088; baseline 0.001 -18"><span class='ocrx_word' id='word_1_332' title='bbox 217 3031 416 3088; x_wconf 87' lang='lat' dir='ltr'><strong>persas</strong></span> <span class='ocrx_word' id='word_1_333' title='bbox 438 3016 678 3083; x_wconf 86' lang='lat' dir='ltr'><strong>fuerunt,</strong></span> <span class='ocrx_word' id='word_1_334' title='bbox 701 3015 827 3071; x_wconf 92' lang='lat' dir='ltr'><strong>volo</strong></span> <span class='ocrx_word' id='word_1_335' title='bbox 851 3024 907 3071; x_wconf 93' lang='lat' dir='ltr'><strong>ut</strong></span> <span class='ocrx_word' id='word_1_336' title='bbox 928 3015 1257 3085; x_wconf 88' lang='lat' dir='ltr'><strong>ubicumque</strong></span> <span class='ocrx_word' id='word_1_337' title='bbox 1284 3015 1540 3083; x_wconf 88' lang='lat' dir='ltr'><strong>adgentcs</strong></span> <span class='ocrx_word' id='word_1_338' title='bbox 1562 3016 1813 3071; x_wconf 90' lang='lat' dir='ltr'><strong>heredem</strong></span> 
     </span>
    </p>
   </div>
   <div class='ocr_carea' id='block_1_46' title="bbox 217 3107 1816 3164">
    <p class='ocr_par' dir='ltr' id='par_1_46' title="bbox 217 3107 1816 3164">
     <span class='ocr_line' id='line_1_46' title="bbox 217 3107 1816 3164; baseline 0 0"><span class='ocrx_word' id='word_1_339' title='bbox 217 3124 405 3164; x_wconf 88' lang='lat' dir='ltr'><strong>meam</strong></span> <span class='ocrx_word' id='word_1_340' title='bbox 444 3109 757 3163; x_wconf 90' lang='lat' dir='ltr'><strong>monasterii</strong></span> <span class='ocrx_word' id='word_1_341' title='bbox 800 3108 1003 3163; x_wconf 88' lang='lat' dir='ltr'><strong>Sancto</strong></span> <span class='ocrx_word' id='word_1_342' title='bbox 1035 3108 1195 3162; x_wconf 86' lang='lat' dir='ltr'><strong>Petro</strong></span> <span class='ocrx_word' id='word_1_343' title='bbox 1234 3107 1508 3163; x_wconf 61' lang='lat' dir='ltr'><strong>Not&#39;alicis</strong></span> <span class='ocrx_word' id='word_1_344' title='bbox 1537 3119 1816 3164; x_wconf 89' lang='lat' dir='ltr'><strong>construc-</strong></span> 
     </span>
    </p>
   </div>
   <div class='ocr_carea' id='block_1_47' title="bbox 1922 2024 3516 2099">
    <p class='ocr_par' dir='ltr' id='par_1_47' title="bbox 1922 2024 3516 2099">
     <span class='ocr_line' id='line_1_47' title="bbox 1922 2024 3516 2099; baseline 0.005 -22"><span class='ocrx_word' id='word_1_345' title='bbox 1922 2024 2218 2077; x_wconf 85' lang='lat' dir='ltr'><strong>sociantem</strong></span> <span class='ocrx_word' id='word_1_346' title='bbox 2255 2024 2404 2089; x_wconf 82' lang='lat' dir='ltr'><strong>fisco,</strong></span> <span class='ocrx_word' id='word_1_347' title='bbox 2454 2026 2569 2079; x_wconf 89' lang='lat' dir='ltr'><strong>auri</strong></span> <span class='ocrx_word' id='word_1_348' title='bbox 2618 2027 2784 2081; x_wconf 87' lang='lat' dir='ltr'><strong>libras</strong></span> <span class='ocrx_word' id='word_1_349' title='bbox 2830 2029 3248 2096; x_wconf 82' lang='lat' dir='ltr'><strong>quinquaginta;</strong></span> <span class='ocrx_word' id='word_1_350' title='bbox 3285 2037 3339 2083; x_wconf 92' lang='lat' dir='ltr'><strong>et</strong></span> <span class='ocrx_word' id='word_1_351' title='bbox 3366 2029 3516 2099; x_wconf 88' lang='lat' dir='ltr'><strong>quod</strong></span> 
     </span>
    </p>
   </div>
   <div class='ocr_carea' id='block_1_48' title="bbox 1923 2116 3512 2190">
    <p class='ocr_par' dir='ltr' id='par_1_48' title="bbox 1923 2116 3512 2190">
     <span class='ocr_line' id='line_1_48' title="bbox 1923 2116 3512 2190; baseline 0.004 -21"><span class='ocrx_word' id='word_1_352' title='bbox 1923 2116 2120 2185; x_wconf 87' lang='lat' dir='ltr'><strong>repetit</strong></span> <span class='ocrx_word' id='word_1_353' title='bbox 2164 2124 2220 2169; x_wconf 91' lang='lat' dir='ltr'><strong>et</strong></span> <span class='ocrx_word' id='word_1_354' title='bbox 2266 2116 2541 2171; x_wconf 85' lang='lat' dir='ltr'><strong>vindicare</strong></span> <span class='ocrx_word' id='word_1_355' title='bbox 2591 2133 2698 2171; x_wconf 90' lang='lat' dir='ltr'><strong>non</strong></span> <span class='ocrx_word' id='word_1_356' title='bbox 2744 2118 2953 2184; x_wconf 86' lang='lat' dir='ltr'><strong>valeat,</strong></span> <span class='ocrx_word' id='word_1_357' title='bbox 3019 2119 3367 2188; x_wconf 89' lang='lat' dir='ltr'><strong>stipulatione</strong></span> <span class='ocrx_word' id='word_1_358' title='bbox 3414 2137 3512 2190; x_wconf 88' lang='lat' dir='ltr'><strong>pro</strong></span> 
     </span>
    </p>
   </div>
   <div class='ocr_carea' id='block_1_49' title="bbox 1925 2205 2636 2263">
    <p class='ocr_par' dir='ltr' id='par_1_49' title="bbox 1925 2205 2636 2263">
     <span class='ocr_line' id='line_1_49' title="bbox 1925 2205 2636 2263; baseline 0.003 -3"><span class='ocrx_word' id='word_1_359' title='bbox 1925 2205 2068 2260; x_wconf 86' lang='lat' dir='ltr'><strong>Omni</strong></span> <span class='ocrx_word' id='word_1_360' title='bbox 2103 2205 2360 2261; x_wconf 77' lang='lat' dir='ltr'><strong>firmitate</strong></span> <span class='ocrx_word' id='word_1_361' title='bbox 2387 2209 2636 2263; x_wconf 80' lang='lat' dir='ltr'><strong>subnixa.</strong></span> 
     </span>
    </p>
   </div>
   <div class='ocr_carea' id='block_1_50' title="bbox 1996 2299 3511 2367">
    <p class='ocr_par' dir='ltr' id='par_1_50' title="bbox 1996 2299 3511 2367">
     <span class='ocr_line' id='line_1_50' title="bbox 1996 2299 3511 2367; baseline 0.007 -15"><span class='ocrx_word' id='word_1_362' title='bbox 1996 2299 2108 2367; x_wconf 77' lang='lat' dir='ltr'><strong>Ego</strong></span> <span class='ocrx_word' id='word_1_363' title='bbox 2136 2300 2290 2353; x_wconf 82' lang='lat' dir='ltr'><strong>Abbo</strong></span> <span class='ocrx_word' id='word_1_364' title='bbox 2321 2300 2465 2354; x_wconf 91' lang='lat' dir='ltr'><strong>hunc</strong></span> <span class='ocrx_word' id='word_1_365' title='bbox 2497 2309 2881 2355; x_wconf 88' lang='lat' dir='ltr'><strong>testamentum</strong></span> <span class='ocrx_word' id='word_1_366' title='bbox 2912 2319 2939 2355; x_wconf 86' lang='lat' dir='ltr'><strong>a</strong></span> <span class='ocrx_word' id='word_1_367' title='bbox 2982 2318 3067 2355; x_wconf 89' lang='lat' dir='ltr'><strong>me</strong></span> <span class='ocrx_word' id='word_1_368' title='bbox 3100 2302 3297 2357; x_wconf 88' lang='lat' dir='ltr'><strong>factum</strong></span> <span class='ocrx_word' id='word_1_369' title='bbox 3327 2302 3511 2362; x_wconf 82' lang='lat' dir='ltr'><strong>subsc.</strong></span> 
     </span>
    </p>
   </div>
   <div class='ocr_carea' id='block_1_51' title="bbox 1919 2390 3512 2464">
    <p class='ocr_par' dir='ltr' id='par_1_51' title="bbox 1919 2390 3512 2464">
     <span class='ocr_line' id='line_1_51' title="bbox 1919 2390 3512 2464; baseline 0.006 -21"><span class='ocrx_word' id='word_1_370' title='bbox 1919 2390 2190 2444; x_wconf 85' lang='lat' dir='ltr'><strong>Rnsticius</strong></span> <span class='ocrx_word' id='word_1_371' title='bbox 2230 2391 2315 2444; x_wconf 91' lang='lat' dir='ltr'><strong>vel</strong></span> <span class='ocrx_word' id='word_1_372' title='bbox 2346 2392 2681 2447; x_wconf 85' lang='lat' dir='ltr'><strong>clarissimus</strong></span> <span class='ocrx_word' id='word_1_373' title='bbox 2706 2392 3000 2462; x_wconf 89' lang='lat' dir='ltr'><strong>subscripsi</strong></span> <span class='ocrx_word' id='word_1_374' title='bbox 3028 2393 3077 2448; x_wconf 69' lang='grc' dir='ltr'><strong>ιι.</strong></span> <span class='ocrx_word' id='word_1_375' title='bbox 3131 2393 3512 2464; x_wconf 83' lang='lat' dir='ltr'><strong>Magnabertus</strong></span> 
     </span>
    </p>
   </div>
   <div class='ocr_carea' id='block_1_52' title="bbox 1914 2482 3507 2551">
    <p class='ocr_par' dir='ltr' id='par_1_52' title="bbox 1914 2482 3507 2551">
     <span class='ocr_line' id='line_1_52' title="bbox 1914 2482 3507 2551; baseline 0.004 -16"><span class='ocrx_word' id='word_1_376' title='bbox 1914 2483 1995 2535; x_wconf 90' lang='lat' dir='ltr'><strong>vir</strong></span> <span class='ocrx_word' id='word_1_377' title='bbox 2016 2482 2347 2536; x_wconf 88' lang='lat' dir='ltr'><strong>clarissimus</strong></span> <span class='ocrx_word' id='word_1_378' title='bbox 2375 2482 2689 2551; x_wconf 88' lang='lat' dir='ltr'><strong>subscripsi.</strong></span> <span class='ocrx_word' id='word_1_379' title='bbox 2726 2482 3040 2538; x_wconf 89' lang='lat' dir='ltr'><strong>Widbertus</strong></span> <span class='ocrx_word' id='word_1_380' title='bbox 3069 2485 3149 2539; x_wconf 85' lang='lat' dir='ltr'><strong>vir</strong></span> <span class='ocrx_word' id='word_1_381' title='bbox 3177 2486 3507 2541; x_wconf 86' lang='lat' dir='ltr'><strong>clarissimus</strong></span> 
     </span>
    </p>
   </div>
   <div class='ocr_carea' id='block_1_53' title="bbox 1914 2569 3505 2646">
    <p class='ocr_par' dir='ltr' id='par_1_53' title="bbox 1914 2569 3505 2646">
     <span class='ocr_line' id='line_1_53' title="bbox 1914 2569 3505 2646; baseline 0.004 -21"><span class='ocrx_word' id='word_1_382' title='bbox 1914 2570 2229 2640; x_wconf 87' lang='lat' dir='ltr'><strong>subscripsi.</strong></span> <span class='ocrx_word' id='word_1_383' title='bbox 2256 2569 2686 2638; x_wconf 87' lang='lat' dir='ltr'><strong>Semphorianus</strong></span> <span class='ocrx_word' id='word_1_384' title='bbox 2716 2571 2800 2624; x_wconf 90' lang='lat' dir='ltr'><strong>vir</strong></span> <span class='ocrx_word' id='word_1_385' title='bbox 2828 2572 3165 2630; x_wconf 89' lang='lat' dir='ltr'><strong>clarissimus</strong></span> <span class='ocrx_word' id='word_1_386' title='bbox 3193 2576 3505 2646; x_wconf 81' lang='lat' dir='ltr'><strong>subscripsi.</strong></span> 
     </span>
    </p>
   </div>
   <div class='ocr_carea' id='block_1_54' title="bbox 1918 2662 2911 2733">
    <p class='ocr_par' dir='ltr' id='par_1_54' title="bbox 1918 2662 2911 2733">
     <span class='ocr_line' id='line_1_54' title="bbox 1918 2662 2911 2733; baseline 0.003 -17"><span class='ocrx_word' id='word_1_387' title='bbox 1918 2664 2105 2718; x_wconf 90' lang='lat' dir='ltr'><strong>Vitalis</strong></span> <span class='ocrx_word' id='word_1_388' title='bbox 2131 2663 2212 2716; x_wconf 89' lang='lat' dir='ltr'><strong>vir</strong></span> <span class='ocrx_word' id='word_1_389' title='bbox 2238 2662 2569 2718; x_wconf 88' lang='lat' dir='ltr'><strong>clarissimus</strong></span> <span class='ocrx_word' id='word_1_390' title='bbox 2594 2664 2911 2733; x_wconf 88' lang='lat' dir='ltr'><strong>subscripsi.</strong></span> 
     </span>
    </p>
   </div>
   <div class='ocr_carea' id='block_1_55' title="bbox 2640 2818 2797 2875">
    <p class='ocr_par' dir='ltr' id='par_1_55' title="bbox 2640 2818 2797 2875">
     <span class='ocr_line' id='line_1_55' title="bbox 2640 2818 2797 2875; baseline 0.025 -4"><span class='ocrx_word' id='word_1_391' title='bbox 2640 2818 2721 2872; x_wconf 72' lang='lat' dir='ltr'><strong>LX</strong></span> <span class='ocrx_word' id='word_1_392' title='bbox 2736 2819 2797 2875; x_wconf 83' lang='lat' dir='ltr'><strong>X.</strong></span> 
     </span>
    </p>
   </div>
   <div class='ocr_carea' id='block_1_56' title="bbox 1921 2909 3495 2982">
    <p class='ocr_par' dir='ltr' id='par_1_56' title="bbox 1921 2909 3495 2982">
     <span class='ocr_line' id='line_1_56' title="bbox 1921 2909 3495 2982; baseline 0.003 -20"><span class='ocrx_word' id='word_1_393' title='bbox 1921 2909 2117 2962; x_wconf 80' lang='lat' dir='ltr'><strong>Charta</strong></span> <span class='ocrx_word' id='word_1_394' title='bbox 2144 2927 2255 2982; x_wconf 74' lang='lat' dir='ltr'><strong>qua</strong></span> <span class='ocrx_word' id='word_1_395' title='bbox 2285 2911 2703 2982; x_wconf 81' lang='lat' dir='ltr'><strong>Caralus_nmjor</strong></span> <span class='ocrx_word' id='word_1_396' title='bbox 2720 2913 2913 2982; x_wconf 50' lang='lat' dir='ltr'><strong>fiamus</strong></span> <span class='ocrx_word' id='word_1_397' title='bbox 2954 2914 3129 2964; x_wconf 77' lang='lat' dir='ltr'><strong>villam</strong></span> <span class='ocrx_word' id='word_1_398' title='bbox 3173 2914 3495 2982; x_wconf 78' lang='lat' dir='ltr'><strong>Clippiacum</strong></span> 
     </span>
    </p>
   </div>
   <div class='ocr_carea' id='block_1_57' title="bbox 2050 2980 3358 3052">
    <p class='ocr_par' dir='ltr' id='par_1_57' title="bbox 2050 2980 3358 3052">
     <span class='ocr_line' id='line_1_57' title="bbox 2050 2980 3358 3052; baseline 0.005 -21"><span class='ocrx_word' id='word_1_399' title='bbox 2050 2981 2210 3033; x_wconf 83' lang='lat' dir='ltr'><strong>donat</strong></span> <span class='ocrx_word' id='word_1_400' title='bbox 2241 2981 2470 3034; x_wconf 60' lang='lat' dir='ltr'><strong>basilica</strong></span> <span class='ocrx_word' id='word_1_401' title='bbox 2499 2980 2681 3034; x_wconf 81' lang='lat' dir='ltr'><strong>Sancti</strong></span> <span class='ocrx_word' id='word_1_402' title='bbox 2707 2980 2945 3052; x_wconf 79' lang='lat' dir='ltr'><strong>Dionysii</strong></span> <span class='ocrx_word' id='word_1_403' title='bbox 2971 2992 2991 3021; x_wconf 69' lang='grc' dir='ltr'>ε</span> <span class='ocrx_word' id='word_1_404' title='bbox 3025 2986 3173 3051; x_wconf 79' lang='lat' dir='ltr'><strong>(amt.</strong></span> <span class='ocrx_word' id='word_1_405' title='bbox 3208 2980 3358 3051; x_wconf 66' lang='lat' dir='ltr'><strong>7M).</strong></span> 
     </span>
    </p>
   </div>
   <div class='ocr_carea' id='block_1_58' title="bbox 1996 3112 3507 3181">
    <p class='ocr_par' dir='ltr' id='par_1_58' title="bbox 1996 3112 3507 3181">
     <span class='ocr_line' id='line_1_58' title="bbox 1996 3112 3507 3181; baseline 0.003 -15"><span class='ocrx_word' id='word_1_406' title='bbox 1996 3112 2066 3167; x_wconf 88' lang='lat' dir='ltr'><strong>Se</strong></span> <span class='ocrx_word' id='word_1_407' title='bbox 2093 3113 2310 3181; x_wconf 90' lang='lat' dir='ltr'><strong>alequid</strong></span> <span class='ocrx_word' id='word_1_408' title='bbox 2355 3113 2422 3167; x_wconf 89' lang='lat' dir='ltr'><strong>de</strong></span> <span class='ocrx_word' id='word_1_409' title='bbox 2464 3114 2625 3167; x_wconf 84' lang='lat' dir='ltr'><strong>rebus</strong></span> <span class='ocrx_word' id='word_1_410' title='bbox 2662 3114 2862 3170; x_wconf 87' lang='lat' dir='ltr'><strong>nostris</strong></span> <span class='ocrx_word' id='word_1_411' title='bbox 2911 3115 2975 3168; x_wconf 83' lang='lat' dir='ltr'><strong>ad</strong></span> <span class='ocrx_word' id='word_1_412' title='bbox 3026 3115 3142 3170; x_wconf 85' lang='lat' dir='ltr'><strong>loca</strong></span> <span class='ocrx_word' id='word_1_413' title='bbox 3188 3126 3507 3172; x_wconf 69' lang='lat' dir='ltr'><strong>sanctorum</strong></span> 
     </span>
    </p>
   </div>
   <div class='ocr_carea' id='block_1_59' title="bbox 223 3197 3509 3277">
    <p class='ocr_par' dir='ltr' id='par_1_59' title="bbox 223 3197 3509 3277">
     <span class='ocr_line' id='line_1_59' title="bbox 223 3197 3509 3277; baseline 0.003 -25"><span class='ocrx_word' id='word_1_414' title='bbox 223 3207 347 3253; x_wconf 89' lang='lat' dir='ltr'><strong>tum</strong></span> <span class='ocrx_word' id='word_1_415' title='bbox 391 3212 485 3254; x_wconf 85' lang='lat' dir='ltr'><strong>eos</strong></span> <span class='ocrx_word' id='word_1_416' title='bbox 513 3198 759 3253; x_wconf 90' lang='lat' dir='ltr'><strong>invenire</strong></span> <span class='ocrx_word' id='word_1_417' title='bbox 799 3197 1100 3267; x_wconf 89' lang='lat' dir='ltr'><strong>potuerint,</strong></span> <span class='ocrx_word' id='word_1_418' title='bbox 1143 3206 1203 3251; x_wconf 92' lang='lat' dir='ltr'><strong>ut</strong></span> <span class='ocrx_word' id='word_1_419' title='bbox 1241 3197 1460 3251; x_wconf 85' lang='lat' dir='ltr'><strong>licentia</strong></span> <span class='ocrx_word' id='word_1_420' title='bbox 1501 3199 1735 3252; x_wconf 90' lang='lat' dir='ltr'><strong>habeant</strong></span> <span class='ocrx_word' id='word_1_421' title='bbox 1762 3198 1816 3251; x_wconf 86' lang='lat' dir='ltr'><strong>in</strong></span> <span class='ocrx_word' id='word_1_422' title='bbox 1845 3204 1889 3264; x_wconf 77' lang='grc' dir='ltr'><strong>(ζ</strong></span> <span class='ocrx_word' id='word_1_423' title='bbox 1926 3204 2318 3270; x_wconf 87' lang='lat' dir='ltr'><strong>condonamus,</strong></span> <span class='ocrx_word' id='word_1_424' title='bbox 2353 3206 2456 3259; x_wconf 91' lang='lat' dir='ltr'><strong>hoc</strong></span> <span class='ocrx_word' id='word_1_425' title='bbox 2485 3206 2640 3261; x_wconf 87' lang='lat' dir='ltr'><strong>nobis</strong></span> <span class='ocrx_word' id='word_1_426' title='bbox 2671 3208 2859 3275; x_wconf 88' lang='lat' dir='ltr'><strong>procul</strong></span> <span class='ocrx_word' id='word_1_427' title='bbox 2887 3208 3052 3263; x_wconf 89' lang='lat' dir='ltr'><strong>dubio</strong></span> <span class='ocrx_word' id='word_1_428' title='bbox 3082 3208 3223 3277; x_wconf 88' lang='lat' dir='ltr'><strong>apud</strong></span> <span class='ocrx_word' id='word_1_429' title='bbox 3248 3216 3509 3262; x_wconf 72' lang='lat' dir='ltr'><strong>aeternum</strong></span> 
     </span>
    </p>
   </div>
   <div class='ocr_carea' id='block_1_60' title="bbox 220 3286 1819 3358">
    <p class='ocr_par' dir='ltr' id='par_1_60' title="bbox 220 3286 1819 3358">
     <span class='ocr_line' id='line_1_60' title="bbox 220 3286 1819 3358; baseline 0 -14"><span class='ocrx_word' id='word_1_430' title='bbox 220 3304 420 3344; x_wconf 89' lang='lat' dir='ltr'><strong>eorum</strong></span> <span class='ocrx_word' id='word_1_431' title='bbox 476 3290 681 3358; x_wconf 91' lang='lat' dir='ltr'><strong>absque</strong></span> <span class='ocrx_word' id='word_1_432' title='bbox 732 3288 1021 3356; x_wconf 85' lang='lat' dir='ltr'><strong>cujuslibet</strong></span> <span class='ocrx_word' id='word_1_433' title='bbox 1079 3286 1511 3342; x_wconf 88' lang='lat' dir='ltr'><strong>contradictione</strong></span> <span class='ocrx_word' id='word_1_434' title='bbox 1561 3303 1819 3344; x_wconf 89' lang='lat' dir='ltr'><strong>revocare</strong></span> 
     </span>
    </p>
   </div>
   <div class='ocr_carea' id='block_1_61' title="bbox 220 3379 1820 3450">
    <p class='ocr_par' dir='ltr' id='par_1_61' title="bbox 220 3379 1820 3450">
     <span class='ocr_line' id='line_1_61' title="bbox 220 3379 1820 3450; baseline -0.002 -13"><span class='ocrx_word' id='word_1_435' title='bbox 220 3380 634 3447; x_wconf 86' lang='lat' dir='ltr'><strong>dominatione;</strong></span> <span class='ocrx_word' id='word_1_436' title='bbox 661 3389 740 3443; x_wconf 87' lang='lat' dir='ltr'><strong>et,</strong></span> <span class='ocrx_word' id='word_1_437' title='bbox 763 3381 904 3435; x_wconf 88' lang='lat' dir='ltr'><strong>sicut</strong></span> <span class='ocrx_word' id='word_1_438' title='bbox 924 3379 991 3433; x_wconf 91' lang='lat' dir='ltr'><strong>ad</strong></span> <span class='ocrx_word' id='word_1_439' title='bbox 1021 3387 1273 3450; x_wconf 88' lang='lat' dir='ltr'><strong>parentes</strong></span> <span class='ocrx_word' id='word_1_440' title='bbox 1295 3387 1513 3433; x_wconf 91' lang='lat' dir='ltr'><strong>nostros</strong></span> <span class='ocrx_word' id='word_1_441' title='bbox 1544 3387 1597 3433; x_wconf 92' lang='lat' dir='ltr'><strong>et</strong></span> <span class='ocrx_word' id='word_1_442' title='bbox 1625 3379 1689 3433; x_wconf 90' lang='lat' dir='ltr'><strong>ad</strong></span> <span class='ocrx_word' id='word_1_443' title='bbox 1722 3396 1820 3434; x_wconf 91' lang='lat' dir='ltr'><strong>nos</strong></span> 
     </span>
    </p>
   </div>
   <div class='ocr_carea' id='block_1_62' title="bbox 216 3470 1818 3545">
    <p class='ocr_par' dir='ltr' id='par_1_62' title="bbox 216 3470 1818 3545">
     <span class='ocr_line' id='line_1_62' title="bbox 216 3470 1818 3545; baseline -0.001 -15"><span class='ocrx_word' id='word_1_444' title='bbox 216 3481 582 3545; x_wconf 72' lang='lat' dir='ltr'><strong>aspexerant,</strong></span> <span class='ocrx_word' id='word_1_445' title='bbox 611 3473 684 3528; x_wconf 83' lang='lat' dir='ltr'><strong>ita</strong></span> <span class='ocrx_word' id='word_1_446' title='bbox 709 3480 765 3528; x_wconf 89' lang='lat' dir='ltr'><strong>et</strong></span> <span class='ocrx_word' id='word_1_447' title='bbox 793 3471 859 3527; x_wconf 91' lang='lat' dir='ltr'><strong>ad</strong></span> <span class='ocrx_word' id='word_1_448' title='bbox 883 3470 1139 3527; x_wconf 90' lang='lat' dir='ltr'><strong>heredem</strong></span> <span class='ocrx_word' id='word_1_449' title='bbox 1164 3486 1343 3526; x_wconf 88' lang='lat' dir='ltr'><strong>meam</strong></span> <span class='ocrx_word' id='word_1_450' title='bbox 1365 3471 1593 3526; x_wconf 88' lang='lat' dir='ltr'><strong>ecclesia</strong></span> <span class='ocrx_word' id='word_1_451' title='bbox 1618 3470 1818 3529; x_wconf 88' lang='lat' dir='ltr'><strong>Sancto</strong></span> 
     </span>
    </p>
   </div>
   <div class='ocr_carea' id='block_1_63' title="bbox 218 3561 1819 3633">
    <p class='ocr_par' dir='ltr' id='par_1_63' title="bbox 218 3561 1819 3633">
     <span class='ocr_line' id='line_1_63' title="bbox 218 3561 1819 3633; baseline -0.004 -10"><span class='ocrx_word' id='word_1_452' title='bbox 218 3567 394 3623; x_wconf 80' lang='lat' dir='ltr'><strong>Petro</strong></span> <span class='ocrx_word' id='word_1_453' title='bbox 442 3567 772 3622; x_wconf 88' lang='lat' dir='ltr'><strong>monasterie</strong></span> <span class='ocrx_word' id='word_1_454' title='bbox 800 3563 1093 3629; x_wconf 88' lang='lat' dir='ltr'><strong>Novalicis,</strong></span> <span class='ocrx_word' id='word_1_455' title='bbox 1126 3562 1371 3633; x_wconf 87' lang='lat' dir='ltr'><strong>aspicere</strong></span> <span class='ocrx_word' id='word_1_456' title='bbox 1419 3561 1655 3617; x_wconf 88' lang='lat' dir='ltr'><strong>debeant</strong></span> <span class='ocrx_word' id='word_1_457' title='bbox 1692 3562 1819 3617; x_wconf 92' lang='lat' dir='ltr'><strong>volo</strong></span> 
     </span>
    </p>
   </div>
   <div class='ocr_carea' id='block_1_64' title="bbox 216 3654 1822 3726">
    <p class='ocr_par' dir='ltr' id='par_1_64' title="bbox 216 3654 1822 3726">
     <span class='ocr_line' id='line_1_64' title="bbox 216 3654 1822 3726; baseline -0.002 -13"><span class='ocrx_word' id='word_1_458' title='bbox 216 3676 292 3715; x_wconf 84' lang='lat' dir='ltr'><strong>ac</strong></span> <span class='ocrx_word' id='word_1_459' title='bbox 320 3658 506 3726; x_wconf 88' lang='lat' dir='ltr'><strong>jubeo.</strong></span> <span class='ocrx_word' id='word_1_460' title='bbox 540 3658 609 3711; x_wconf 87' lang='lat' dir='ltr'><strong>Et</strong></span> <span class='ocrx_word' id='word_1_461' title='bbox 651 3657 777 3713; x_wconf 91' lang='lat' dir='ltr'><strong>volo</strong></span> <span class='ocrx_word' id='word_1_462' title='bbox 807 3665 867 3713; x_wconf 90' lang='lat' dir='ltr'><strong>ut</strong></span> <span class='ocrx_word' id='word_1_463' title='bbox 895 3655 1250 3712; x_wconf 86' lang='lat' dir='ltr'><strong>Gislarannus</strong></span> <span class='ocrx_word' id='word_1_464' title='bbox 1286 3654 1515 3709; x_wconf 89' lang='lat' dir='ltr'><strong>libertus</strong></span> <span class='ocrx_word' id='word_1_465' title='bbox 1546 3663 1735 3710; x_wconf 90' lang='lat' dir='ltr'><strong>noster</strong></span> <span class='ocrx_word' id='word_1_466' title='bbox 1764 3664 1822 3709; x_wconf 93' lang='lat' dir='ltr'><strong>et</strong></span> 
     </span>
    </p>
   </div>
   <div class='ocr_carea' id='block_1_65' title="bbox 218 3746 1819 3819">
    <p class='ocr_par' dir='ltr' id='par_1_65' title="bbox 218 3746 1819 3819">
     <span class='ocr_line' id='line_1_65' title="bbox 218 3746 1819 3819; baseline -0.002 -14"><span class='ocrx_word' id='word_1_467' title='bbox 218 3765 368 3805; x_wconf 82' lang='lat' dir='ltr'><strong>uxor</strong></span> <span class='ocrx_word' id='word_1_468' title='bbox 396 3764 517 3815; x_wconf 88' lang='lat' dir='ltr'><strong>sua,</strong></span> <span class='ocrx_word' id='word_1_469' title='bbox 547 3763 707 3819; x_wconf 91' lang='lat' dir='ltr'><strong>quem</strong></span> <span class='ocrx_word' id='word_1_470' title='bbox 748 3748 817 3803; x_wconf 89' lang='lat' dir='ltr'><strong>de</strong></span> <span class='ocrx_word' id='word_1_471' title='bbox 844 3747 1042 3803; x_wconf 91' lang='lat' dir='ltr'><strong>domna</strong></span> <span class='ocrx_word' id='word_1_472' title='bbox 1071 3746 1282 3815; x_wconf 88' lang='lat' dir='ltr'><strong>Siagria</strong></span> <span class='ocrx_word' id='word_1_473' title='bbox 1327 3748 1395 3801; x_wconf 91' lang='lat' dir='ltr'><strong>ad</strong></span> <span class='ocrx_word' id='word_1_474' title='bbox 1431 3761 1531 3802; x_wconf 89' lang='lat' dir='ltr'><strong>nos</strong></span> <span class='ocrx_word' id='word_1_475' title='bbox 1558 3760 1819 3817; x_wconf 84' lang='lat' dir='ltr'><strong>pervene-</strong></span> 
     </span>
    </p>
   </div>
   <div class='ocr_carea' id='block_1_66' title="bbox 254 3836 1818 3907">
    <p class='ocr_par' dir='ltr' id='par_1_66' title="bbox 254 3836 1818 3907">
     <span class='ocr_line' id='line_1_66' title="bbox 254 3836 1818 3907; baseline -0.001 -13"><span class='ocrx_word' id='word_1_476' title='bbox 254 3849 380 3907; x_wconf 77' lang='lat' dir='ltr'><strong>unt,</strong></span> <span class='ocrx_word' id='word_1_477' title='bbox 408 3854 515 3894; x_wconf 89' lang='lat' dir='ltr'><strong>una</strong></span> <span class='ocrx_word' id='word_1_478' title='bbox 543 3855 667 3895; x_wconf 92' lang='lat' dir='ltr'><strong>cum</strong></span> <span class='ocrx_word' id='word_1_479' title='bbox 698 3838 975 3895; x_wconf 87' lang='lat' dir='ltr'><strong>colonicas</strong></span> <span class='ocrx_word' id='word_1_480' title='bbox 1020 3838 1141 3893; x_wconf 90' lang='lat' dir='ltr'><strong>illas</strong></span> <span class='ocrx_word' id='word_1_481' title='bbox 1169 3852 1332 3906; x_wconf 88' lang='lat' dir='ltr'><strong>quem</strong></span> <span class='ocrx_word' id='word_1_482' title='bbox 1362 3837 1444 3893; x_wconf 81' lang='lat' dir='ltr'><strong>eis</strong></span> <span class='ocrx_word' id='word_1_483' title='bbox 1472 3838 1527 3892; x_wconf 94' lang='lat' dir='ltr'><strong>in</strong></span> <span class='ocrx_word' id='word_1_484' title='bbox 1566 3836 1818 3893; x_wconf 89' lang='lat' dir='ltr'><strong>Comario</strong></span> 
     </span>
    </p>
   </div>
   <div class='ocr_carea' id='block_1_67' title="bbox 231 3929 1816 4000">
    <p class='ocr_par' dir='ltr' id='par_1_67' title="bbox 231 3929 1816 4000">
     <span class='ocr_line' id='line_1_67' title="bbox 231 3929 1816 4000; baseline 0 -17"><span class='ocrx_word' id='word_1_485' title='bbox 231 3934 282 3984; x_wconf 66' lang='lat' dir='ltr'><strong>.‘n</strong></span> <span class='ocrx_word' id='word_1_486' title='bbox 314 3945 452 4000; x_wconf 82' lang='lat' dir='ltr'><strong>pago</strong></span> <span class='ocrx_word' id='word_1_487' title='bbox 483 3930 992 3999; x_wconf 87' lang='lat' dir='ltr'><strong>Gratianopolitano</strong></span> <span class='ocrx_word' id='word_1_488' title='bbox 1019 3929 1285 3991; x_wconf 84' lang='lat' dir='ltr'><strong>dedimus,</strong></span> <span class='ocrx_word' id='word_1_489' title='bbox 1311 3936 1372 3982; x_wconf 89' lang='lat' dir='ltr'><strong>ut</strong></span> <span class='ocrx_word' id='word_1_490' title='bbox 1390 3930 1539 3998; x_wconf 87' lang='lat' dir='ltr'><strong>ipsas</strong></span> <span class='ocrx_word' id='word_1_491' title='bbox 1565 3930 1816 3995; x_wconf 86' lang='lat' dir='ltr'><strong>habeant,</strong></span> 
     </span>
    </p>
   </div>
   <div class='ocr_carea' id='block_1_68' title="bbox 221 4017 1819 4077">
    <p class='ocr_par' dir='ltr' id='par_1_68' title="bbox 221 4017 1819 4077">
     <span class='ocr_line' id='line_1_68' title="bbox 221 4017 1819 4077; baseline -0.003 -2"><span class='ocrx_word' id='word_1_492' title='bbox 221 4031 282 4077; x_wconf 86' lang='lat' dir='ltr'><strong>et</strong></span> <span class='ocrx_word' id='word_1_493' title='bbox 308 4022 373 4075; x_wconf 91' lang='lat' dir='ltr'><strong>ad</strong></span> <span class='ocrx_word' id='word_1_494' title='bbox 414 4020 616 4075; x_wconf 85' lang='lat' dir='ltr'><strong>herede</strong></span> <span class='ocrx_word' id='word_1_495' title='bbox 642 4034 819 4073; x_wconf 88' lang='lat' dir='ltr'><strong>meam</strong></span> <span class='ocrx_word' id='word_1_496' title='bbox 851 4018 1183 4073; x_wconf 87' lang='lat' dir='ltr'><strong>monasterio</strong></span> <span class='ocrx_word' id='word_1_497' title='bbox 1214 4017 1420 4071; x_wconf 80' lang='lat' dir='ltr'><strong>Sancto</strong></span> <span class='ocrx_word' id='word_1_498' title='bbox 1448 4017 1611 4072; x_wconf 83' lang='lat' dir='ltr'><strong>Petro</strong></span> <span class='ocrx_word' id='word_1_499' title='bbox 1644 4017 1819 4072; x_wconf 89' lang='lat' dir='ltr'><strong>Nova-</strong></span> 
     </span>
    </p>
   </div>
   <div class='ocr_carea' id='block_1_69' title="bbox 218 4110 1819 4182">
    <p class='ocr_par' dir='ltr' id='par_1_69' title="bbox 218 4110 1819 4182">
     <span class='ocr_line' id='line_1_69' title="bbox 218 4110 1819 4182; baseline -0.005 -12"><span class='ocrx_word' id='word_1_500' title='bbox 218 4112 348 4170; x_wconf 84' lang='lat' dir='ltr'><strong>Iicis</strong></span> <span class='ocrx_word' id='word_1_501' title='bbox 380 4112 624 4182; x_wconf 85' lang='lat' dir='ltr'><strong>aspicere</strong></span> <span class='ocrx_word' id='word_1_502' title='bbox 660 4110 928 4174; x_wconf 89' lang='lat' dir='ltr'><strong>debeant;</strong></span> <span class='ocrx_word' id='word_1_503' title='bbox 975 4118 1031 4163; x_wconf 91' lang='lat' dir='ltr'><strong>et</strong></span> <span class='ocrx_word' id='word_1_504' title='bbox 1073 4110 1165 4163; x_wconf 91' lang='lat' dir='ltr'><strong>illa</strong></span> <span class='ocrx_word' id='word_1_505' title='bbox 1196 4124 1316 4178; x_wconf 78' lang='lat' dir='ltr'><strong>qua:</strong></span> <span class='ocrx_word' id='word_1_506' title='bbox 1345 4125 1455 4164; x_wconf 88' lang='lat' dir='ltr'><strong>non</strong></span> <span class='ocrx_word' id='word_1_507' title='bbox 1485 4118 1612 4166; x_wconf 90' lang='lat' dir='ltr'><strong>sunt</strong></span> <span class='ocrx_word' id='word_1_508' title='bbox 1642 4110 1819 4165; x_wconf 87' lang='lat' dir='ltr'><strong>nomi-</strong></span> 
     </span>
    </p>
   </div>
   <div class='ocr_carea' id='block_1_70' title="bbox 219 4201 1821 4271">
    <p class='ocr_par' dir='ltr' id='par_1_70' title="bbox 219 4201 1821 4271">
     <span class='ocr_line' id='line_1_70' title="bbox 219 4201 1821 4271; baseline -0.002 -9"><span class='ocrx_word' id='word_1_509' title='bbox 219 4216 379 4269; x_wconf 86' lang='lat' dir='ltr'><strong>nata,</strong></span> <span class='ocrx_word' id='word_1_510' title='bbox 413 4212 469 4258; x_wconf 90' lang='lat' dir='ltr'><strong>et</strong></span> <span class='ocrx_word' id='word_1_511' title='bbox 492 4201 561 4258; x_wconf 91' lang='lat' dir='ltr'><strong>ad</strong></span> <span class='ocrx_word' id='word_1_512' title='bbox 586 4211 776 4257; x_wconf 92' lang='lat' dir='ltr'><strong>nostro</strong></span> <span class='ocrx_word' id='word_1_513' title='bbox 803 4202 926 4271; x_wconf 86' lang='lat' dir='ltr'><strong>jure</strong></span> <span class='ocrx_word' id='word_1_514' title='bbox 949 4201 1210 4271; x_wconf 88' lang='lat' dir='ltr'><strong>pertinet,</strong></span> <span class='ocrx_word' id='word_1_515' title='bbox 1232 4211 1289 4257; x_wconf 94' lang='lat' dir='ltr'><strong>et</strong></span> <span class='ocrx_word' id='word_1_516' title='bbox 1315 4202 1513 4257; x_wconf 89' lang='lat' dir='ltr'><strong>alicubi</strong></span> <span class='ocrx_word' id='word_1_517' title='bbox 1542 4217 1652 4257; x_wconf 93' lang='lat' dir='ltr'><strong>non</strong></span> <span class='ocrx_word' id='word_1_518' title='bbox 1674 4203 1821 4259; x_wconf 84' lang='lat' dir='ltr'><strong>dele-</strong></span> 
     </span>
    </p>
   </div>
   <div class='ocr_carea' id='block_1_71' title="bbox 221 4292 1820 4366">
    <p class='ocr_par' dir='ltr' id='par_1_71' title="bbox 221 4292 1820 4366">
     <span class='ocr_line' id='line_1_71' title="bbox 221 4292 1820 4366; baseline -0.001 -16"><span class='ocrx_word' id='word_1_519' title='bbox 221 4296 495 4366; x_wconf 82' lang='lat' dir='ltr'><strong>gavimus,</strong></span> <span class='ocrx_word' id='word_1_520' title='bbox 523 4293 649 4348; x_wconf 90' lang='lat' dir='ltr'><strong>volo</strong></span> <span class='ocrx_word' id='word_1_521' title='bbox 680 4301 739 4347; x_wconf 93' lang='lat' dir='ltr'><strong>ut</strong></span> <span class='ocrx_word' id='word_1_522' title='bbox 766 4293 834 4347; x_wconf 85' lang='lat' dir='ltr'><strong>ad</strong></span> <span class='ocrx_word' id='word_1_523' title='bbox 865 4292 1067 4348; x_wconf 89' lang='lat' dir='ltr'><strong>herede</strong></span> <span class='ocrx_word' id='word_1_524' title='bbox 1089 4307 1264 4347; x_wconf 87' lang='lat' dir='ltr'><strong>meam</strong></span> <span class='ocrx_word' id='word_1_525' title='bbox 1288 4292 1639 4362; x_wconf 89' lang='lat' dir='ltr'><strong>perveniant;</strong></span> <span class='ocrx_word' id='word_1_526' title='bbox 1671 4302 1745 4355; x_wconf 90' lang='lat' dir='ltr'><strong>et,</strong></span> <span class='ocrx_word' id='word_1_527' title='bbox 1775 4294 1820 4348; x_wconf 90' lang='lat' dir='ltr'><strong>si</strong></span> 
     </span>
    </p>
   </div>
   <div class='ocr_carea' id='block_1_72' title="bbox 222 4384 1823 4458">
    <p class='ocr_par' dir='ltr' id='par_1_72' title="bbox 222 4384 1823 4458">
     <span class='ocr_line' id='line_1_72' title="bbox 222 4384 1823 4458; baseline -0.002 -16"><span class='ocrx_word' id='word_1_528' title='bbox 222 4405 335 4458; x_wconf 89' lang='lat' dir='ltr'><strong>qua</strong></span> <span class='ocrx_word' id='word_1_529' title='bbox 366 4386 695 4441; x_wconf 84' lang='lat' dir='ltr'><strong>karaxatura</strong></span> <span class='ocrx_word' id='word_1_530' title='bbox 724 4397 817 4440; x_wconf 89' lang='lat' dir='ltr'><strong>aut</strong></span> <span class='ocrx_word' id='word_1_531' title='bbox 840 4386 1145 4441; x_wconf 89' lang='lat' dir='ltr'><strong>litteratura</strong></span> <span class='ocrx_word' id='word_1_532' title='bbox 1178 4385 1230 4440; x_wconf 92' lang='lat' dir='ltr'><strong>in</strong></span> <span class='ocrx_word' id='word_1_533' title='bbox 1260 4384 1401 4440; x_wconf 89' lang='lat' dir='ltr'><strong>hanc</strong></span> <span class='ocrx_word' id='word_1_534' title='bbox 1429 4386 1678 4455; x_wconf 86' lang='lat' dir='ltr'><strong>paginam</strong></span> <span class='ocrx_word' id='word_1_535' title='bbox 1711 4394 1823 4440; x_wconf 82' lang='lat' dir='ltr'><strong>tes-</strong></span> 
     </span>
    </p>
   </div>
   <div class='ocr_carea' id='block_1_73' title="bbox 223 4477 1819 4548">
    <p class='ocr_par' dir='ltr' id='par_1_73' title="bbox 223 4477 1819 4548">
     <span class='ocr_line' id='line_1_73' title="bbox 223 4477 1819 4548; baseline -0.002 -14"><span class='ocrx_word' id='word_1_536' title='bbox 223 4479 483 4535; x_wconf 84' lang='lat' dir='ltr'><strong>tamentis</strong></span> <span class='ocrx_word' id='word_1_537' title='bbox 514 4480 615 4532; x_wconf 90' lang='lat' dir='ltr'><strong>mei</strong></span> <span class='ocrx_word' id='word_1_538' title='bbox 662 4487 985 4548; x_wconf 84' lang='lat' dir='ltr'><strong>reperteque</strong></span> <span class='ocrx_word' id='word_1_539' title='bbox 1030 4477 1249 4541; x_wconf 83' lang='lat' dir='ltr'><strong>fuerint,</strong></span> <span class='ocrx_word' id='word_1_540' title='bbox 1284 4492 1381 4532; x_wconf 90' lang='lat' dir='ltr'><strong>nos</strong></span> <span class='ocrx_word' id='word_1_541' title='bbox 1416 4492 1481 4532; x_wconf 89' lang='lat' dir='ltr'><strong>ea</strong></span> <span class='ocrx_word' id='word_1_542' title='bbox 1515 4478 1629 4532; x_wconf 83' lang='lat' dir='ltr'><strong>fieri</strong></span> <span class='ocrx_word' id='word_1_543' title='bbox 1660 4490 1819 4546; x_wconf 84' lang='lat' dir='ltr'><strong>roga-</strong></span> 
     </span>
    </p>
   </div>
   <div class='ocr_carea' id='block_1_74' title="bbox 302 4676 1819 4745">
    <p class='ocr_par' dir='ltr' id='par_1_74' title="bbox 302 4676 1819 4745">
     <span class='ocr_line' id='line_1_74' title="bbox 302 4676 1819 4745; baseline -0.001 -12"><span class='ocrx_word' id='word_1_544' title='bbox 302 4693 325 4718; x_wconf 75' lang='grc' dir='ltr'><strong>ι·</strong></span> <span class='ocrx_word' id='word_1_545' title='bbox 354 4680 491 4735; x_wconf 88' lang='lat' dir='ltr'><strong>Ilinc</strong></span> <span class='ocrx_word' id='word_1_546' title='bbox 524 4678 807 4734; x_wconf 84' lang='lat' dir='ltr'><strong>manifeste</strong></span> <span class='ocrx_word' id='word_1_547' title='bbox 850 4687 1000 4745; x_wconf 88' lang='lat' dir='ltr'><strong>patet</strong></span> <span class='ocrx_word' id='word_1_548' title='bbox 1042 4676 1321 4732; x_wconf 81' lang='lat' dir='ltr'><strong>Abhonem</strong></span> <span class='ocrx_word' id='word_1_549' title='bbox 1351 4677 1450 4732; x_wconf 90' lang='lat' dir='ltr'><strong>sub</strong></span> <span class='ocrx_word' id='word_1_550' title='bbox 1481 4676 1819 4732; x_wconf 84' lang='lat' dir='ltr'><strong>Theoderico</strong></span> 
     </span>
    </p>
   </div>
   <div class='ocr_carea' id='block_1_75' title="bbox 224 4747 1818 4813">
    <p class='ocr_par' dir='ltr' id='par_1_75' title="bbox 224 4747 1818 4813">
     <span class='ocr_line' id='line_1_75' title="bbox 224 4747 1818 4813; baseline -0.003 -7"><span class='ocrx_word' id='word_1_551' title='bbox 224 4768 361 4813; x_wconf 68' lang='lat' dir='ltr'><strong>rege</strong></span> <span class='ocrx_word' id='word_1_552' title='bbox 406 4752 471 4804; x_wconf 99' lang='lat' dir='ltr'><strong>IV</strong></span> <span class='ocrx_word' id='word_1_553' title='bbox 523 4757 578 4803; x_wconf 93' lang='lat' dir='ltr'><strong>et</strong></span> <span class='ocrx_word' id='word_1_554' title='bbox 619 4750 815 4804; x_wconf 86' lang='lat' dir='ltr'><strong>Carolo</strong></span> <span class='ocrx_word' id='word_1_555' title='bbox 844 4748 1093 4802; x_wconf 77' lang='lat' dir='ltr'><strong>Martello</strong></span> <span class='ocrx_word' id='word_1_556' title='bbox 1133 4749 1365 4813; x_wconf 79' lang='lat' dir='ltr'><strong>vixisse;</strong></span> <span class='ocrx_word' id='word_1_557' title='bbox 1399 4747 1628 4802; x_wconf 80' lang='lat' dir='ltr'><strong>Carolus</strong></span> <span class='ocrx_word' id='word_1_558' title='bbox 1672 4749 1818 4802; x_wconf 90' lang='lat' dir='ltr'><strong>enim</strong></span> 
     </span>
    </p>
   </div>
   <div class='ocr_carea' id='block_1_76' title="bbox 224 4818 1817 4888">
    <p class='ocr_par' dir='ltr' id='par_1_76' title="bbox 224 4818 1817 4888">
     <span class='ocr_line' id='line_1_76' title="bbox 224 4818 1817 4888; baseline -0.003 -11"><span class='ocrx_word' id='word_1_559' title='bbox 224 4825 436 4877; x_wconf 75' lang='lat' dir='ltr'><strong>illuster</strong></span> <span class='ocrx_word' id='word_1_560' title='bbox 451 4823 530 4874; x_wconf 78' lang='lat' dir='ltr'><strong>vir</strong></span> <span class='ocrx_word' id='word_1_561' title='bbox 548 4820 663 4888; x_wconf 91' lang='lat' dir='ltr'><strong>ipse</strong></span> <span class='ocrx_word' id='word_1_562' title='bbox 685 4828 769 4873; x_wconf 88' lang='lat' dir='ltr'><strong>est</strong></span> <span class='ocrx_word' id='word_1_563' title='bbox 789 4818 1186 4886; x_wconf 88' lang='lat' dir='ltr'><strong>Carolusquem</strong></span> <span class='ocrx_word' id='word_1_564' title='bbox 1213 4819 1508 4872; x_wconf 79' lang='lat' dir='ltr'><strong>Martellum</strong></span> <span class='ocrx_word' id='word_1_565' title='bbox 1534 4832 1817 4888; x_wconf 77' lang='lat' dir='ltr'><strong>vocavere,</strong></span> 
     </span>
    </p>
   </div>
   <div class='ocr_carea' id='block_1_77' title="bbox 226 4887 1821 4960">
    <p class='ocr_par' dir='ltr' id='par_1_77' title="bbox 226 4887 1821 4960">
     <span class='ocr_line' id='line_1_77' title="bbox 226 4887 1821 4960; baseline -0.003 -14"><span class='ocrx_word' id='word_1_566' title='bbox 226 4904 285 4947; x_wconf 84' lang='lat' dir='ltr'><strong>et</strong></span> <span class='ocrx_word' id='word_1_567' title='bbox 315 4895 432 4960; x_wconf 89' lang='lat' dir='ltr'><strong>qui,</strong></span> <span class='ocrx_word' id='word_1_568' title='bbox 457 4887 717 4955; x_wconf 73' lang='lat' dir='ltr'><strong>regnante</strong></span> <span class='ocrx_word' id='word_1_569' title='bbox 746 4890 923 4960; x_wconf 79' lang='lat' dir='ltr'><strong>adhuc</strong></span> <span class='ocrx_word' id='word_1_570' title='bbox 950 4889 1315 4960; x_wconf 72' lang='lat' dir='ltr'><strong>Theodorieo,</strong></span> <span class='ocrx_word' id='word_1_571' title='bbox 1347 4888 1626 4960; x_wconf 20' lang='lat' dir='ltr'><strong>resitotius</strong></span> <span class='ocrx_word' id='word_1_572' title='bbox 1654 4887 1821 4960; x_wconf 85' lang='lat' dir='ltr'><strong>Fran-</strong></span> 
     </span>
    </p>
   </div>
   <div class='ocr_carea' id='block_1_78' title="bbox 226 4957 1761 5028">
    <p class='ocr_par' dir='ltr' id='par_1_78' title="bbox 226 4957 1761 5028">
     <span class='ocr_line' id='line_1_78' title="bbox 226 4957 1761 5028; baseline -0.007 -9"><span class='ocrx_word' id='word_1_573' title='bbox 226 4957 346 5019; x_wconf 49' lang='lat' dir='ltr'><strong>cia!</strong></span> <span class='ocrx_word' id='word_1_574' title='bbox 361 4961 797 5017; x_wconf 87' lang='lat' dir='ltr'><strong>administrabat.</strong></span> <span class='ocrx_word' id='word_1_575' title='bbox 827 4958 965 5013; x_wconf 87' lang='lat' dir='ltr'><strong>Vide</strong></span> <span class='ocrx_word' id='word_1_576' title='bbox 994 4974 1155 5028; x_wconf 73' lang='lat' dir='ltr'><strong>supra</strong></span> <span class='ocrx_word' id='word_1_577' title='bbox 1188 4957 1327 5026; x_wconf 89' lang='lat' dir='ltr'><strong>(Col.</strong></span> <span class='ocrx_word' id='word_1_578' title='bbox 1358 4957 1517 5028; x_wconf 73' lang='lat' dir='ltr'><strong>I290,</strong></span> <span class='ocrx_word' id='word_1_579' title='bbox 1549 4967 1655 5012; x_wconf 86' lang='lat' dir='ltr'><strong>not.</strong></span> <span class='ocrx_word' id='word_1_580' title='bbox 1689 4959 1761 5027; x_wconf 65' lang='grc' dir='ltr'><strong>δ).</strong></span> 
     </span>
    </p>
   </div>
   <div class='ocr_carea' id='block_1_79' title="bbox 306 5027 1822 5099">
    <p class='ocr_par' dir='ltr' id='par_1_79' title="bbox 306 5027 1822 5099">
     <span class='ocr_line' id='line_1_79' title="bbox 306 5027 1822 5099; baseline -0.003 -12"><span class='ocrx_word' id='word_1_581' title='bbox 306 5032 334 5071; x_wconf 68' lang='grc' dir='ltr'>δ</span> <span class='ocrx_word' id='word_1_582' title='bbox 366 5031 511 5087; x_wconf 86' lang='lat' dir='ltr'><strong>Loco</strong></span> <span class='ocrx_word' id='word_1_583' title='bbox 542 5030 693 5084; x_wconf 89' lang='lat' dir='ltr'><strong>vocis</strong></span> <span class='ocrx_word' id='word_1_584' title='bbox 736 5030 1038 5099; x_wconf 77' lang='lat' dir='ltr'><strong>subscripsi,</strong></span> <span class='ocrx_word' id='word_1_585' title='bbox 1065 5027 1179 5083; x_wconf 82' lang='lat' dir='ltr'><strong>hic</strong></span> <span class='ocrx_word' id='word_1_586' title='bbox 1223 5038 1277 5082; x_wconf 92' lang='lat' dir='ltr'><strong>et</strong></span> <span class='ocrx_word' id='word_1_587' title='bbox 1318 5027 1455 5082; x_wconf 89' lang='lat' dir='ltr'><strong>infra</strong></span> <span class='ocrx_word' id='word_1_588' title='bbox 1504 5036 1721 5083; x_wconf 81' lang='lat' dir='ltr'><strong>exstant</strong></span> <span class='ocrx_word' id='word_1_589' title='bbox 1769 5029 1822 5083; x_wconf 90' lang='lat' dir='ltr'><strong>in</strong></span> 
     </span>
    </p>
   </div>
   <div class='ocr_carea' id='block_1_80' title="bbox 227 5100 1662 5167">
    <p class='ocr_par' dir='ltr' id='par_1_80' title="bbox 227 5100 1662 5167">
     <span class='ocr_line' id='line_1_80' title="bbox 227 5100 1662 5167; baseline -0.006 -7"><span class='ocrx_word' id='word_1_590' title='bbox 227 5102 567 5160; x_wconf 86' lang='lat' dir='ltr'><strong>chartulario</strong></span> <span class='ocrx_word' id='word_1_591' title='bbox 597 5101 752 5154; x_wconf 68' lang='lat' dir='ltr'><strong>lineae</strong></span> <span class='ocrx_word' id='word_1_592' title='bbox 780 5100 831 5152; x_wconf 93' lang='lat' dir='ltr'><strong>in</strong></span> <span class='ocrx_word' id='word_1_593' title='bbox 864 5101 1083 5153; x_wconf 90' lang='lat' dir='ltr'><strong>modum</strong></span> <span class='ocrx_word' id='word_1_594' title='bbox 1115 5106 1662 5167; x_wconf 88' lang='lat' dir='ltr'><strong>monogrammatum.</strong></span> 
     </span>
    </p>
   </div>
   <div class='ocr_carea' id='block_1_81' title="bbox 308 5167 1823 5240">
    <p class='ocr_par' dir='ltr' id='par_1_81' title="bbox 308 5167 1823 5240">
     <span class='ocr_line' id='line_1_81' title="bbox 308 5167 1823 5240; baseline -0.004 -15"><span class='ocrx_word' id='word_1_595' title='bbox 308 5183 334 5212; x_wconf 72' lang='grc' dir='ltr'><strong>ε</strong></span> <span class='ocrx_word' id='word_1_596' title='bbox 369 5171 556 5225; x_wconf 81' lang='lat' dir='ltr'><strong>Exstat</strong></span> <span class='ocrx_word' id='word_1_597' title='bbox 584 5170 725 5240; x_wconf 81' lang='lat' dir='ltr'><strong>apud</strong></span> <span class='ocrx_word' id='word_1_598' title='bbox 757 5168 1296 5240; x_wconf 80' lang='lat' dir='ltr'><strong>Dnbletum,IIistor.</strong></span> <span class='ocrx_word' id='word_1_599' title='bbox 1330 5167 1542 5240; x_wconf 47' lang='lat' dir='ltr'><strong>suus.</strong></span> <span class='ocrx_word' id='word_1_600' title='bbox 1574 5168 1823 5240; x_wconf 70' lang='lat' dir='ltr'><strong>Dionys,</strong></span> 
     </span>
    </p>
   </div>
   <div class='ocr_carea' id='block_1_82' title="bbox 229 5238 1821 5314">
    <p class='ocr_par' dir='ltr' id='par_1_82' title="bbox 229 5238 1821 5314">
     <span class='ocr_line' id='line_1_82' title="bbox 229 5238 1821 5314; baseline -0.005 -17"><span class='ocrx_word' id='word_1_601' title='bbox 229 5257 361 5314; x_wconf 85' lang='lat' dir='ltr'><strong>pag.</strong></span> <span class='ocrx_word' id='word_1_602' title='bbox 390 5241 515 5314; x_wconf 58' lang='lat'><strong>996,</strong></span> <span class='ocrx_word' id='word_1_603' title='bbox 544 5253 600 5295; x_wconf 88' lang='lat' dir='ltr'><strong>et</strong></span> <span class='ocrx_word' id='word_1_604' title='bbox 630 5239 987 5314; x_wconf 76' lang='lat' dir='ltr'><strong>Felibianum,</strong></span> <span class='ocrx_word' id='word_1_605' title='bbox 1019 5238 1157 5314; x_wconf 39' lang='lat' dir='ltr'><strong>Hist;</strong></span> <span class='ocrx_word' id='word_1_606' title='bbox 1185 5239 1309 5314; x_wconf 70' lang='lat' dir='ltr'><strong>alib.</strong></span> <span class='ocrx_word' id='word_1_607' title='bbox 1337 5238 1393 5292; x_wconf 85' lang='lat' dir='ltr'><strong>S.</strong></span> <span class='ocrx_word' id='word_1_608' title='bbox 1424 5238 1576 5314; x_wconf 89' lang='lat' dir='ltr'><strong>Dion.</strong></span> <span class='ocrx_word' id='word_1_609' title='bbox 1602 5238 1821 5314; x_wconf 72' lang='lat' dir='ltr'><strong>probat.</strong></span> 
     </span>
    </p>
   </div>
   <div class='ocr_carea' id='block_1_83' title="bbox 228 5308 1821 5385">
    <p class='ocr_par' dir='ltr' id='par_1_83' title="bbox 228 5308 1821 5385">
     <span class='ocr_line' id='line_1_83' title="bbox 228 5308 1821 5385; baseline -0.004 -18"><span class='ocrx_word' id='word_1_610' title='bbox 228 5308 359 5385; x_wconf 77' lang='lat' dir='ltr'><strong>pag.</strong></span> <span class='ocrx_word' id='word_1_611' title='bbox 394 5311 486 5385; x_wconf 53' lang='grc' dir='ltr'>ξε,</span> <span class='ocrx_word' id='word_1_612' title='bbox 518 5308 915 5385; x_wconf 39' lang='grc' dir='ltr'><strong>θιότῇβὶ-ῃαιίς</strong></span> <span class='ocrx_word' id='word_1_613' title='bbox 951 5308 1090 5377; x_wconf 90' lang='lat' dir='ltr'><strong>apud</strong></span> <span class='ocrx_word' id='word_1_614' title='bbox 1119 5309 1413 5385; x_wconf 81' lang='lat' dir='ltr'><strong>Cointiutn,</strong></span> <span class='ocrx_word' id='word_1_615' title='bbox 1444 5308 1641 5385; x_wconf 60' lang='lat' dir='ltr'><strong>Annal.</strong></span> <span class='ocrx_word' id='word_1_616' title='bbox 1687 5318 1725 5362; x_wconf 93' lang='lat' dir='ltr'><strong>t.</strong></span> <span class='ocrx_word' id='word_1_617' title='bbox 1758 5308 1821 5385; x_wconf 84' lang='lat' dir='ltr'><strong>V,</strong></span> 
     </span>
    </p>
   </div>
   <div class='ocr_carea' id='block_1_84' title="bbox 231 5378 1823 5453">
    <p class='ocr_par' dir='ltr' id='par_1_84' title="bbox 231 5378 1823 5453">
     <span class='ocr_line' id='line_1_84' title="bbox 231 5378 1823 5453; baseline -0.003 -17"><span class='ocrx_word' id='word_1_618' title='bbox 231 5378 362 5453; x_wconf 72' lang='lat' dir='ltr'><strong>pag.</strong></span> <span class='ocrx_word' id='word_1_619' title='bbox 395 5380 486 5447; x_wconf 72' lang='grc'>46,</span> <span class='ocrx_word' id='word_1_620' title='bbox 516 5388 570 5435; x_wconf 91' lang='lat' dir='ltr'><strong>et</strong></span> <span class='ocrx_word' id='word_1_621' title='bbox 591 5380 658 5453; x_wconf 68' lang='lat' dir='ltr'><strong>in</strong></span> <span class='ocrx_word' id='word_1_622' title='bbox 682 5380 1019 5453; x_wconf 73' lang='lat' dir='ltr'><strong>Collecti_o_n_e</strong></span> <span class='ocrx_word' id='word_1_623' title='bbox 1046 5380 1369 5453; x_wconf 81' lang='lat' dir='ltr'><strong>scriptorum</strong></span> <span class='ocrx_word' id='word_1_624' title='bbox 1393 5393 1572 5453; x_wconf 58' lang='lat' dir='ltr'><strong>rerum</strong></span> <span class='ocrx_word' id='word_1_625' title='bbox 1602 5378 1823 5453; x_wconf 86' lang='lat' dir='ltr'><strong>Franci-</strong></span> 
     </span>
    </p>
   </div>
   <div class='ocr_carea' id='block_1_85' title="bbox 231 5447 1824 5519">
    <p class='ocr_par' dir='ltr' id='par_1_85' title="bbox 231 5447 1824 5519">
     <span class='ocr_line' id='line_1_85' title="bbox 231 5447 1824 5519; baseline -0.003 -12"><span class='ocrx_word' id='word_1_626' title='bbox 231 5447 451 5519; x_wconf 71' lang='lat' dir='ltr'><strong>earum,</strong></span> <span class='ocrx_word' id='word_1_627' title='bbox 502 5460 543 5505; x_wconf 86' lang='lat' dir='ltr'><strong>t.</strong></span> <span class='ocrx_word' id='word_1_628' title='bbox 591 5449 683 5515; x_wconf 93' lang='lat' dir='ltr'><strong>IV,</strong></span> <span class='ocrx_word' id='word_1_629' title='bbox 728 5465 849 5519; x_wconf 80' lang='lat' dir='ltr'><strong>pag.</strong></span> <span class='ocrx_word' id='word_1_630' title='bbox 899 5448 1019 5506; x_wconf 78' lang='lat'><strong>707.</strong></span> <span class='ocrx_word' id='word_1_631' title='bbox 1064 5465 1131 5504; x_wconf 82' lang='lat' dir='ltr'><strong>ex</strong></span> <span class='ocrx_word' id='word_1_632' title='bbox 1159 5447 1421 5502; x_wconf 79' lang='lat' dir='ltr'><strong>Duhleto.</strong></span> <span class='ocrx_word' id='word_1_633' title='bbox 1473 5447 1675 5519; x_wconf 71' lang='lat' dir='ltr'><strong>Praeter</strong></span> <span class='ocrx_word' id='word_1_634' title='bbox 1705 5451 1824 5513; x_wconf 86' lang='lat' dir='ltr'><strong>hos,</strong></span> 
     </span>
    </p>
   </div>
   <div class='ocr_carea' id='block_1_86' title="bbox 229 5518 1821 5590">
    <p class='ocr_par' dir='ltr' id='par_1_86' title="bbox 229 5518 1821 5590">
     <span class='ocr_line' id='line_1_86' title="bbox 229 5518 1821 5590; baseline -0.006 -10"><span class='ocrx_word' id='word_1_635' title='bbox 229 5518 659 5580; x_wconf 76' lang='lat' dir='ltr'><strong>instrumentum</strong></span> <span class='ocrx_word' id='word_1_636' title='bbox 688 5518 793 5575; x_wconf 80' lang='lat' dir='ltr'><strong>hec</strong></span> <span class='ocrx_word' id='word_1_637' title='bbox 816 5535 923 5590; x_wconf 13' lang='lat' dir='ltr'><strong>pro,</strong></span> <span class='ocrx_word' id='word_1_638' title='bbox 948 5520 1185 5586; x_wconf 84' lang='lat' dir='ltr'><strong>legitimo</strong></span> <span class='ocrx_word' id='word_1_639' title='bbox 1216 5520 1521 5590; x_wconf 82' lang='lat' dir='ltr'><strong>habuerunt</strong></span> <span class='ocrx_word' id='word_1_640' title='bbox 1553 5518 1821 5590; x_wconf 75' lang='lat' dir='ltr'><strong>Labbeus,</strong></span> 
     </span>
    </p>
   </div>
   <div class='ocr_carea' id='block_1_87' title="bbox 235 5589 1826 5659">
    <p class='ocr_par' dir='ltr' id='par_1_87' title="bbox 235 5589 1826 5659">
     <span class='ocr_line' id='line_1_87' title="bbox 235 5589 1826 5659; baseline -0.004 -10"><span class='ocrx_word' id='word_1_641' title='bbox 235 5594 463 5649; x_wconf 80' lang='lat' dir='ltr'><strong>Miscell.</strong></span> <span class='ocrx_word' id='word_1_642' title='bbox 517 5600 555 5645; x_wconf 93' lang='lat' dir='ltr'><strong>t.</strong></span> <span class='ocrx_word' id='word_1_643' title='bbox 603 5589 669 5655; x_wconf 84' lang='lat' dir='ltr'><strong>ll,</strong></span> <span class='ocrx_word' id='word_1_644' title='bbox 704 5589 824 5659; x_wconf 69' lang='lat' dir='ltr'><strong>pag;</strong></span> <span class='ocrx_word' id='word_1_645' title='bbox 859 5589 959 5654; x_wconf 76' lang='lat'><strong>73;</strong></span> <span class='ocrx_word' id='word_1_646' title='bbox 996 5590 1217 5645; x_wconf 80' lang='lat' dir='ltr'><strong>Michael</strong></span> <span class='ocrx_word' id='word_1_647' title='bbox 1247 5589 1521 5659; x_wconf 76' lang='lat' dir='ltr'><strong>Germain,</strong></span> <span class='ocrx_word' id='word_1_648' title='bbox 1556 5589 1607 5641; x_wconf 90' lang='lat' dir='ltr'><strong>in</strong></span> <span class='ocrx_word' id='word_1_649' title='bbox 1643 5590 1826 5643; x_wconf 91' lang='lat' dir='ltr'><strong>libello</strong></span> 
     </span>
    </p>
   </div>
   <div class='ocr_carea' id='block_1_88' title="bbox 237 5658 1825 5727">
    <p class='ocr_par' dir='ltr' id='par_1_88' title="bbox 237 5658 1825 5727">
     <span class='ocr_line' id='line_1_88' title="bbox 237 5658 1825 5727; baseline -0.007 -7"><span class='ocrx_word' id='word_1_650' title='bbox 237 5665 318 5720; x_wconf 82' lang='lat' dir='ltr'><strong>De</strong></span> <span class='ocrx_word' id='word_1_651' title='bbox 343 5664 485 5716; x_wconf 82' lang='lat' dir='ltr'><strong>villis</strong></span> <span class='ocrx_word' id='word_1_652' title='bbox 514 5658 713 5727; x_wconf 61' lang='lat' dir='ltr'><strong>regiis,</strong></span> <span class='ocrx_word' id='word_1_653' title='bbox 732 5662 933 5714; x_wconf 91' lang='lat' dir='ltr'><strong>inserto</strong></span> <span class='ocrx_word' id='word_1_654' title='bbox 967 5662 1018 5714; x_wconf 91' lang='lat' dir='ltr'><strong>in</strong></span> <span class='ocrx_word' id='word_1_655' title='bbox 1045 5674 1211 5725; x_wconf 84' lang='lat' dir='ltr'><strong>opere</strong></span> <span class='ocrx_word' id='word_1_656' title='bbox 1234 5660 1300 5713; x_wconf 89' lang='lat' dir='ltr'><strong>de</strong></span> <span class='ocrx_word' id='word_1_657' title='bbox 1326 5658 1404 5712; x_wconf 82' lang='lat' dir='ltr'><strong>Re</strong></span> <span class='ocrx_word' id='word_1_658' title='bbox 1435 5658 1567 5723; x_wconf 87' lang='lat' dir='ltr'><strong>dipl.</strong></span> <span class='ocrx_word' id='word_1_659' title='bbox 1600 5660 1776 5713; x_wconf 85' lang='lat' dir='ltr'><strong>Mabill</strong></span> <span class='ocrx_word' id='word_1_660' title='bbox 1811 5700 1825 5723; x_wconf 86' lang='lat'><strong>,</strong></span> 
     </span>
    </p>
   </div>
   <div class='ocr_carea' id='block_1_89' title="bbox 238 5728 1824 5804">
    <p class='ocr_par' dir='ltr' id='par_1_89' title="bbox 238 5728 1824 5804">
     <span class='ocr_line' id='line_1_89' title="bbox 238 5728 1824 5804; baseline -0.004 -16"><span class='ocrx_word' id='word_1_661' title='bbox 238 5749 366 5804; x_wconf 80' lang='lat' dir='ltr'><strong>pag.</strong></span> <span class='ocrx_word' id='word_1_662' title='bbox 393 5731 531 5798; x_wconf 70' lang='lat'><strong>275;</strong></span> <span class='ocrx_word' id='word_1_663' title='bbox 555 5741 808 5804; x_wconf 81' lang='lat' dir='ltr'><strong>auctores</strong></span> <span class='ocrx_word' id='word_1_664' title='bbox 832 5731 1198 5804; x_wconf 69' lang='lat' dir='ltr'><strong>Diplomaticze</strong></span> <span class='ocrx_word' id='word_1_665' title='bbox 1223 5743 1392 5804; x_wconf 62' lang='lat' dir='ltr'><strong>nova},</strong></span> <span class='ocrx_word' id='word_1_666' title='bbox 1416 5737 1454 5781; x_wconf 90' lang='lat' dir='ltr'><strong>t.</strong></span> <span class='ocrx_word' id='word_1_667' title='bbox 1477 5728 1680 5804; x_wconf 88' lang='lat' dir='ltr'><strong>V,_pag.</strong></span> <span class='ocrx_word' id='word_1_668' title='bbox 1702 5730 1824 5791; x_wconf 74' lang='lat'><strong>679,</strong></span> 
     </span>
    </p>
   </div>
   <div class='ocr_carea' id='block_1_90' title="bbox 238 5800 1831 5871">
    <p class='ocr_par' dir='ltr' id='par_1_90' title="bbox 238 5800 1831 5871">
     <span class='ocr_line' id='line_1_90' title="bbox 238 5800 1831 5871; baseline -0.004 -12"><span class='ocrx_word' id='word_1_669' title='bbox 238 5800 297 5859; x_wconf 79' lang='lat' dir='ltr'><strong>et</strong></span> <span class='ocrx_word' id='word_1_670' title='bbox 318 5800 689 5866; x_wconf 14' lang='lat' dir='ltr'><strong>iMabilIonius,</strong></span> <span class='ocrx_word' id='word_1_671' title='bbox 719 5802 811 5869; x_wconf 88' lang='lat' dir='ltr'><strong>qui</strong></span> <span class='ocrx_word' id='word_1_672' title='bbox 831 5817 891 5855; x_wconf 89' lang='lat' dir='ltr'><strong>se</strong></span> <span class='ocrx_word' id='word_1_673' title='bbox 920 5802 1317 5871; x_wconf 89' lang='lat' dir='ltr'><strong>autographum</strong></span> <span class='ocrx_word' id='word_1_674' title='bbox 1346 5800 1644 5870; x_wconf 79' lang='lat' dir='ltr'><strong>inspexisse</strong></span> <span class='ocrx_word' id='word_1_675' title='bbox 1666 5810 1831 5854; x_wconf 84' lang='lat' dir='ltr'><strong>testa-</strong></span> 
     </span>
    </p>
   </div>
   <div class='ocr_carea' id='block_1_91' title="bbox 238 5870 1829 5943">
    <p class='ocr_par' dir='ltr' id='par_1_91' title="bbox 238 5870 1829 5943">
     <span class='ocr_line' id='line_1_91' title="bbox 238 5870 1829 5943; baseline -0.004 -13"><span class='ocrx_word' id='word_1_676' title='bbox 238 5885 351 5942; x_wconf 84' lang='lat' dir='ltr'><strong>tur,</strong></span> <span class='ocrx_word' id='word_1_677' title='bbox 381 5875 449 5931; x_wconf 89' lang='lat' dir='ltr'><strong>de</strong></span> <span class='ocrx_word' id='word_1_678' title='bbox 478 5873 557 5929; x_wconf 81' lang='lat' dir='ltr'><strong>Re</strong></span> <span class='ocrx_word' id='word_1_679' title='bbox 596 5872 728 5943; x_wconf 90' lang='lat' dir='ltr'><strong>dipl.</strong></span> <span class='ocrx_word' id='word_1_680' title='bbox 761 5887 880 5943; x_wconf 85' lang='lat' dir='ltr'><strong>pag.</strong></span> <span class='ocrx_word' id='word_1_681' title='bbox 912 5871 1015 5927; x_wconf 85' lang='lat' dir='ltr'><strong>I89</strong></span> <span class='ocrx_word' id='word_1_682' title='bbox 1036 5870 1181 5938; x_wconf 40' lang='lat' dir='ltr'><strong>;&#39;nec</strong></span> <span class='ocrx_word' id='word_1_683' title='bbox 1211 5886 1277 5926; x_wconf 89' lang='lat' dir='ltr'><strong>eo</strong></span> <span class='ocrx_word' id='word_1_684' title='bbox 1315 5870 1492 5925; x_wconf 88' lang='lat' dir='ltr'><strong>minus</strong></span> <span class='ocrx_word' id='word_1_685' title='bbox 1518 5880 1829 5941; x_wconf 86' lang='lat' dir='ltr'><strong>suspectum</strong></span> 
     </span>
    </p>
   </div>
   <div class='ocr_carea' id='block_1_92' title="bbox 1851 4563 1901 4621">
    <p class='ocr_par' dir='ltr' id='par_1_92' title="bbox 1851 4563 1901 4621">
     <span class='ocr_line' id='line_1_92' title="bbox 1851 4563 1901 4621; baseline 0 0"><span class='ocrx_word' id='word_1_686' title='bbox 1851 4563 1901 4621; x_wconf 89' lang='lat' dir='ltr'><strong>D</strong></span> 
     </span>
    </p>
   </div>
   <div class='ocr_carea' id='block_1_93' title="bbox 1923 3297 3511 3354">
    <p class='ocr_par' dir='ltr' id='par_1_93' title="bbox 1923 3297 3511 3354">
     <span class='ocr_line' id='line_1_93' title="bbox 1923 3297 3511 3354; baseline 0.001 -4"><span class='ocrx_word' id='word_1_687' title='bbox 1923 3297 2224 3353; x_wconf 89' lang='lat' dir='ltr'><strong>Domenum</strong></span> <span class='ocrx_word' id='word_1_688' title='bbox 2257 3299 2308 3351; x_wconf 92' lang='lat' dir='ltr'><strong>in</strong></span> <span class='ocrx_word' id='word_1_689' title='bbox 2340 3306 2541 3352; x_wconf 68' lang='lat' dir='ltr'><strong>mterna</strong></span> <span class='ocrx_word' id='word_1_690' title='bbox 2579 3298 2916 3353; x_wconf 88' lang='lat' dir='ltr'><strong>beatitudine</strong></span> <span class='ocrx_word' id='word_1_691' title='bbox 2947 3299 3354 3354; x_wconf 88' lang='lat' dir='ltr'><strong>retribuendum</strong></span> <span class='ocrx_word' id='word_1_692' title='bbox 3382 3315 3511 3354; x_wconf 91' lang='lat' dir='ltr'><strong>con-</strong></span> 
     </span>
    </p>
   </div>
   <div class='ocr_carea' id='block_1_94' title="bbox 1927 3390 3509 3459">
    <p class='ocr_par' dir='ltr' id='par_1_94' title="bbox 1927 3390 3509 3459">
     <span class='ocr_line' id='line_1_94' title="bbox 1927 3390 3509 3459; baseline 0.001 -16"><span class='ocrx_word' id='word_1_693' title='bbox 1927 3392 2173 3445; x_wconf 82' lang='lat' dir='ltr'><strong>ﬁdemus.</strong></span> <span class='ocrx_word' id='word_1_694' title='bbox 2209 3391 2373 3458; x_wconf 80' lang='lat' dir='ltr'><strong>Igitur</strong></span> <span class='ocrx_word' id='word_1_695' title='bbox 2404 3404 2503 3459; x_wconf 85' lang='lat' dir='ltr'><strong>ego</strong></span> <span class='ocrx_word' id='word_1_696' title='bbox 2535 3391 2586 3444; x_wconf 92' lang='lat' dir='ltr'><strong>in</strong></span> <span class='ocrx_word' id='word_1_697' title='bbox 2617 3390 2709 3444; x_wconf 85' lang='lat' dir='ltr'><strong>Dei</strong></span> <span class='ocrx_word' id='word_1_698' title='bbox 2736 3406 2969 3445; x_wconf 88' lang='lat' dir='ltr'><strong>nomene</strong></span> <span class='ocrx_word' id='word_1_699' title='bbox 3000 3391 3224 3447; x_wconf 87' lang='lat' dir='ltr'><strong>inluster</strong></span> <span class='ocrx_word' id='word_1_700' title='bbox 3261 3392 3343 3446; x_wconf 89' lang='lat' dir='ltr'><strong>vir</strong></span> <span class='ocrx_word' id='word_1_701' title='bbox 3374 3391 3509 3446; x_wconf 83' lang='lat' dir='ltr'><strong>Kar-</strong></span> 
     </span>
    </p>
   </div>
   <div class='ocr_carea' id='block_1_95' title="bbox 1921 3478 3510 3549">
    <p class='ocr_par' dir='ltr' id='par_1_95' title="bbox 1921 3478 3510 3549">
     <span class='ocr_line' id='line_1_95' title="bbox 1921 3478 3510 3549; baseline 0 -14"><span class='ocrx_word' id='word_1_702' title='bbox 1921 3481 2025 3547; x_wconf 91' lang='lat' dir='ltr'><strong>lus,</strong></span> <span class='ocrx_word' id='word_1_703' title='bbox 2047 3480 2535 3549; x_wconf 88' lang='lat' dir='ltr'><strong>majorim-domus,</strong></span> <span class='ocrx_word' id='word_1_704' title='bbox 2556 3479 2698 3534; x_wconf 84' lang='lat' dir='ltr'><strong>ﬁlius</strong></span> <span class='ocrx_word' id='word_1_705' title='bbox 2722 3478 2934 3549; x_wconf 90' lang='lat' dir='ltr'><strong>Pippini</strong></span> <span class='ocrx_word' id='word_1_706' title='bbox 2959 3480 3255 3549; x_wconf 89' lang='lat' dir='ltr'><strong>quondam,</strong></span> <span class='ocrx_word' id='word_1_707' title='bbox 3273 3480 3343 3535; x_wconf 90' lang='lat' dir='ltr'><strong>ob</strong></span> <span class='ocrx_word' id='word_1_708' title='bbox 3361 3495 3510 3536; x_wconf 85' lang='lat' dir='ltr'><strong>amo—</strong></span> 
     </span>
    </p>
   </div>
   <div class='ocr_carea' id='block_1_96' title="bbox 1920 3570 3509 3636">
    <p class='ocr_par' dir='ltr' id='par_1_96' title="bbox 1920 3570 3509 3636">
     <span class='ocr_line' id='line_1_96' title="bbox 1920 3570 3509 3636; baseline 0.001 -12"><span class='ocrx_word' id='word_1_709' title='bbox 1920 3586 2034 3624; x_wconf 92' lang='lat' dir='ltr'><strong>rem</strong></span> <span class='ocrx_word' id='word_1_710' title='bbox 2085 3570 2313 3625; x_wconf 89' lang='lat' dir='ltr'><strong>Domeni</strong></span> <span class='ocrx_word' id='word_1_711' title='bbox 2358 3570 2529 3625; x_wconf 90' lang='lat' dir='ltr'><strong>nostri</strong></span> <span class='ocrx_word' id='word_1_712' title='bbox 2558 3570 2949 3636; x_wconf 67' lang='lat' dir='ltr'><strong>Iesu-Christi,</strong></span> <span class='ocrx_word' id='word_1_713' title='bbox 2998 3571 3085 3625; x_wconf 85' lang='lat' dir='ltr'><strong>vel</strong></span> <span class='ocrx_word' id='word_1_714' title='bbox 3131 3571 3509 3628; x_wconf 87' lang='lat' dir='ltr'><strong>remissionem</strong></span> 
     </span>
    </p>
   </div>
   <div class='ocr_carea' id='block_1_97' title="bbox 1922 3660 3512 3728">
    <p class='ocr_par' dir='ltr' id='par_1_97' title="bbox 1922 3660 3512 3728">
     <span class='ocr_line' id='line_1_97' title="bbox 1922 3660 3512 3728; baseline 0.001 -14"><span class='ocrx_word' id='word_1_715' title='bbox 1922 3668 2269 3728; x_wconf 84' lang='lat' dir='ltr'><strong>peccatorum</strong></span> <span class='ocrx_word' id='word_1_716' title='bbox 2314 3674 2585 3726; x_wconf 76' lang='lat' dir='ltr'><strong>meorum,</strong></span> <span class='ocrx_word' id='word_1_717' title='bbox 2628 3671 2688 3714; x_wconf 90' lang='lat' dir='ltr'><strong>ut</strong></span> <span class='ocrx_word' id='word_1_718' title='bbox 2732 3662 2945 3715; x_wconf 88' lang='lat' dir='ltr'><strong>veniam</strong></span> <span class='ocrx_word' id='word_1_719' title='bbox 2994 3660 3063 3716; x_wconf 91' lang='lat' dir='ltr'><strong>de</strong></span> <span class='ocrx_word' id='word_1_720' title='bbox 3110 3660 3336 3716; x_wconf 91' lang='lat' dir='ltr'><strong>delectis</strong></span> <span class='ocrx_word' id='word_1_721' title='bbox 3379 3663 3512 3717; x_wconf 81' lang='lat' dir='ltr'><strong>meis</strong></span> 
     </span>
    </p>
   </div>
   <div class='ocr_carea' id='block_1_98' title="bbox 1921 3751 3506 3822">
    <p class='ocr_par' dir='ltr' id='par_1_98' title="bbox 1921 3751 3506 3822">
     <span class='ocr_line' id='line_1_98' title="bbox 1921 3751 3506 3822; baseline -0.001 -17"><span class='ocrx_word' id='word_1_722' title='bbox 1921 3751 2183 3820; x_wconf 90' lang='lat' dir='ltr'><strong>consequi</strong></span> <span class='ocrx_word' id='word_1_723' title='bbox 2224 3765 2439 3806; x_wconf 89' lang='lat' dir='ltr'><strong>merear</strong></span> <span class='ocrx_word' id='word_1_724' title='bbox 2466 3751 2519 3805; x_wconf 92' lang='lat' dir='ltr'><strong>in</strong></span> <span class='ocrx_word' id='word_1_725' title='bbox 2551 3751 2815 3818; x_wconf 89' lang='lat' dir='ltr'><strong>futurum,</strong></span> <span class='ocrx_word' id='word_1_726' title='bbox 2859 3751 3003 3806; x_wconf 89' lang='lat' dir='ltr'><strong>dono</strong></span> <span class='ocrx_word' id='word_1_727' title='bbox 3043 3751 3415 3822; x_wconf 89' lang='lat' dir='ltr'><strong>donatumque</strong></span> <span class='ocrx_word' id='word_1_728' title='bbox 3456 3752 3506 3806; x_wconf 92' lang='lat' dir='ltr'><strong>iu</strong></span> 
     </span>
    </p>
   </div>
   <div class='ocr_carea' id='block_1_99' title="bbox 1922 3838 3511 3911">
    <p class='ocr_par' dir='ltr' id='par_1_99' title="bbox 1922 3838 3511 3911">
     <span class='ocr_line' id='line_1_99' title="bbox 1922 3838 3511 3911; baseline 0 -17"><span class='ocrx_word' id='word_1_729' title='bbox 1922 3848 2243 3909; x_wconf 75' lang='lat' dir='ltr'><strong>perpetuum</strong></span> <span class='ocrx_word' id='word_1_730' title='bbox 2272 3854 2394 3895; x_wconf 87' lang='lat' dir='ltr'><strong>esse</strong></span> <span class='ocrx_word' id='word_1_731' title='bbox 2442 3840 2568 3895; x_wconf 89' lang='lat' dir='ltr'><strong>volo</strong></span> <span class='ocrx_word' id='word_1_732' title='bbox 2617 3841 2683 3893; x_wconf 88' lang='lat' dir='ltr'><strong>ad</strong></span> <span class='ocrx_word' id='word_1_733' title='bbox 2726 3840 2963 3895; x_wconf 88' lang='lat' dir='ltr'><strong>basileca</strong></span> <span class='ocrx_word' id='word_1_734' title='bbox 3011 3840 3199 3895; x_wconf 88' lang='lat' dir='ltr'><strong>Sancti</strong></span> <span class='ocrx_word' id='word_1_735' title='bbox 3244 3838 3511 3911; x_wconf 87' lang='lat' dir='ltr'><strong>Dionysii,</strong></span> 
     </span>
    </p>
   </div>
   <div class='ocr_carea' id='block_1_100' title="bbox 1923 3932 3508 4002">
    <p class='ocr_par' dir='ltr' id='par_1_100' title="bbox 1923 3932 3508 4002">
     <span class='ocr_line' id='line_1_100' title="bbox 1923 3932 3508 4002; baseline 0 -17"><span class='ocrx_word' id='word_1_736' title='bbox 1923 3932 2014 3986; x_wconf 90' lang='lat' dir='ltr'><strong>ubi</strong></span> <span class='ocrx_word' id='word_1_737' title='bbox 2065 3934 2182 4002; x_wconf 90' lang='lat' dir='ltr'><strong>ipse</strong></span> <span class='ocrx_word' id='word_1_738' title='bbox 2230 3932 2509 4001; x_wconf 90' lang='lat' dir='ltr'><strong>preciosus</strong></span> <span class='ocrx_word' id='word_1_739' title='bbox 2552 3932 2789 3988; x_wconf 90' lang='lat' dir='ltr'><strong>domnus</strong></span> <span class='ocrx_word' id='word_1_740' title='bbox 2820 3933 2873 3986; x_wconf 90' lang='lat' dir='ltr'><strong>in</strong></span> <span class='ocrx_word' id='word_1_741' title='bbox 2915 3948 3149 4002; x_wconf 89' lang='lat' dir='ltr'><strong>corpore</strong></span> <span class='ocrx_word' id='word_1_742' title='bbox 3195 3932 3508 4001; x_wconf 78' lang='lat' dir='ltr'><strong>requiescit,</strong></span> 
     </span>
    </p>
   </div>
   <div class='ocr_carea' id='block_1_101' title="bbox 1923 4022 3509 4093">
    <p class='ocr_par' dir='ltr' id='par_1_101' title="bbox 1923 4022 3509 4093">
     <span class='ocr_line' id='line_1_101' title="bbox 1923 4022 3509 4093; baseline 0.001 -18"><span class='ocrx_word' id='word_1_743' title='bbox 1923 4024 2045 4077; x_wconf 86' lang='lat' dir='ltr'><strong>villa</strong></span> <span class='ocrx_word' id='word_1_744' title='bbox 2095 4030 2403 4091; x_wconf 91' lang='lat' dir='ltr'><strong>nuncupata</strong></span> <span class='ocrx_word' id='word_1_745' title='bbox 2450 4022 2782 4091; x_wconf 88' lang='lat' dir='ltr'><strong>Clippiacum</strong></span> <span class='ocrx_word' id='word_1_746' title='bbox 2829 4022 2894 4086; x_wconf 72' lang='grc' dir='ltr'>ά,</span> <span class='ocrx_word' id='word_1_747' title='bbox 2945 4024 2998 4078; x_wconf 92' lang='lat' dir='ltr'><strong>in</strong></span> <span class='ocrx_word' id='word_1_748' title='bbox 3045 4038 3183 4093; x_wconf 86' lang='lat' dir='ltr'><strong>pago</strong></span> <span class='ocrx_word' id='word_1_749' title='bbox 3233 4024 3509 4078; x_wconf 87' lang='lat' dir='ltr'><strong>Parisiaco</strong></span> 
     </span>
    </p>
   </div>
   <div class='ocr_carea' id='block_1_102' title="bbox 1923 4114 3512 4182">
    <p class='ocr_par' dir='ltr' id='par_1_102' title="bbox 1923 4114 3512 4182">
     <span class='ocr_line' id='line_1_102' title="bbox 1923 4114 3512 4182; baseline 0 -12"><span class='ocrx_word' id='word_1_750' title='bbox 1923 4116 2270 4170; x_wconf 89' lang='lat' dir='ltr'><strong>constitutam</strong></span> <span class='ocrx_word' id='word_1_751' title='bbox 2302 4131 2317 4178; x_wconf 91' lang='lat'><strong>;</strong></span> <span class='ocrx_word' id='word_1_752' title='bbox 2347 4129 2469 4168; x_wconf 91' lang='lat' dir='ltr'><strong>cum</strong></span> <span class='ocrx_word' id='word_1_753' title='bbox 2514 4116 2690 4180; x_wconf 91' lang='lat' dir='ltr'><strong>terris,</strong></span> <span class='ocrx_word' id='word_1_754' title='bbox 2733 4114 3016 4182; x_wconf 89' lang='lat' dir='ltr'><strong>domebus,</strong></span> <span class='ocrx_word' id='word_1_755' title='bbox 3047 4114 3320 4181; x_wconf 72' lang='lat' dir='ltr'><strong>:edeliciis,</strong></span> <span class='ocrx_word' id='word_1_756' title='bbox 3352 4130 3512 4170; x_wconf 79' lang='lat' dir='ltr'><strong>acco-</strong></span> 
     </span>
    </p>
   </div>
   <div class='ocr_carea' id='block_1_103' title="bbox 1924 4207 3516 4279">
    <p class='ocr_par' dir='ltr' id='par_1_103' title="bbox 1924 4207 3516 4279">
     <span class='ocr_line' id='line_1_103' title="bbox 1924 4207 3516 4279; baseline 0.001 -18"><span class='ocrx_word' id='word_1_757' title='bbox 1924 4207 2096 4272; x_wconf 88' lang='lat' dir='ltr'><strong>labus,</strong></span> <span class='ocrx_word' id='word_1_758' title='bbox 2132 4208 2445 4278; x_wconf 89' lang='lat' dir='ltr'><strong>mancepiis,</strong></span> <span class='ocrx_word' id='word_1_759' title='bbox 2478 4209 2669 4274; x_wconf 90' lang='lat' dir='ltr'><strong>vineis,</strong></span> <span class='ocrx_word' id='word_1_760' title='bbox 2702 4209 2887 4279; x_wconf 89' lang='lat' dir='ltr'><strong>sylvis,</strong></span> <span class='ocrx_word' id='word_1_761' title='bbox 2913 4209 3144 4278; x_wconf 88' lang='lat' dir='ltr'><strong>campis,</strong></span> <span class='ocrx_word' id='word_1_762' title='bbox 3175 4208 3366 4279; x_wconf 86' lang='lat' dir='ltr'><strong>pratis,</strong></span> <span class='ocrx_word' id='word_1_763' title='bbox 3394 4222 3516 4277; x_wconf 82' lang='lat' dir='ltr'><strong>pas-</strong></span> 
     </span>
    </p>
   </div>
   <div class='ocr_carea' id='block_1_104' title="bbox 1926 4299 3508 4371">
    <p class='ocr_par' dir='ltr' id='par_1_104' title="bbox 1926 4299 3508 4371">
     <span class='ocr_line' id='line_1_104' title="bbox 1926 4299 3508 4371; baseline 0.001 -18"><span class='ocrx_word' id='word_1_764' title='bbox 1926 4299 2061 4365; x_wconf 87' lang='lat' dir='ltr'><strong>cuis,</strong></span> <span class='ocrx_word' id='word_1_765' title='bbox 2109 4300 2314 4368; x_wconf 70' lang='lat' dir='ltr'><strong>aquise</strong></span> <span class='ocrx_word' id='word_1_766' title='bbox 2360 4316 2694 4369; x_wconf 87' lang='lat' dir='ltr'><strong>aquarumve</strong></span> <span class='ocrx_word' id='word_1_767' title='bbox 2723 4300 3075 4365; x_wconf 88' lang='lat' dir='ltr'><strong>decursebus,</strong></span> <span class='ocrx_word' id='word_1_768' title='bbox 3122 4316 3244 4357; x_wconf 91' lang='lat' dir='ltr'><strong>cum</strong></span> <span class='ocrx_word' id='word_1_769' title='bbox 3292 4301 3508 4371; x_wconf 89' lang='lat' dir='ltr'><strong>peculio</strong></span> 
     </span>
    </p>
   </div>
   <div class='ocr_carea' id='block_1_105' title="bbox 1924 4391 3504 4461">
    <p class='ocr_par' dir='ltr' id='par_1_105' title="bbox 1924 4391 3504 4461">
     <span class='ocr_line' id='line_1_105' title="bbox 1924 4391 3504 4461; baseline 0.001 -18"><span class='ocrx_word' id='word_1_770' title='bbox 1924 4391 2205 4457; x_wconf 59' lang='lat' dir='ltr'><strong>utriusque</strong></span> <span class='ocrx_word' id='word_1_771' title='bbox 2232 4406 2416 4455; x_wconf 84' lang='lat' dir='ltr'><strong>sexus,</strong></span> <span class='ocrx_word' id='word_1_772' title='bbox 2449 4392 2627 4445; x_wconf 88' lang='lat' dir='ltr'><strong>omnia</strong></span> <span class='ocrx_word' id='word_1_773' title='bbox 2659 4401 2713 4444; x_wconf 91' lang='lat' dir='ltr'><strong>et</strong></span> <span class='ocrx_word' id='word_1_774' title='bbox 2738 4408 2803 4445; x_wconf 80' lang='lat' dir='ltr'><strong>ex</strong></span> <span class='ocrx_word' id='word_1_775' title='bbox 2828 4392 3113 4457; x_wconf 89' lang='lat' dir='ltr'><strong>omnebus,</strong></span> <span class='ocrx_word' id='word_1_776' title='bbox 3138 4392 3408 4461; x_wconf 82' lang='lat' dir='ltr'><strong>quecquid</strong></span> <span class='ocrx_word' id='word_1_777' title='bbox 3438 4392 3504 4446; x_wconf 88' lang='lat' dir='ltr'><strong>ad</strong></span> 
     </span>
    </p>
   </div>
   <div class='ocr_carea' id='block_1_106' title="bbox 1926 4482 3511 4555">
    <p class='ocr_par' dir='ltr' id='par_1_106' title="bbox 1926 4482 3511 4555">
     <span class='ocr_line' id='line_1_106' title="bbox 1926 4482 3511 4555; baseline 0 -18"><span class='ocrx_word' id='word_1_778' title='bbox 1926 4484 2038 4551; x_wconf 84' lang='lat' dir='ltr'><strong>ipsa</strong></span> <span class='ocrx_word' id='word_1_779' title='bbox 2083 4484 2207 4538; x_wconf 86' lang='lat' dir='ltr'><strong>villa</strong></span> <span class='ocrx_word' id='word_1_780' title='bbox 2246 4482 2517 4555; x_wconf 88' lang='lat' dir='ltr'><strong>Clipiaeus</strong></span> <span class='ocrx_word' id='word_1_781' title='bbox 2562 4484 2804 4553; x_wconf 84' lang='lat' dir='ltr'><strong>aspecire</strong></span> <span class='ocrx_word' id='word_1_782' title='bbox 2846 4484 2933 4540; x_wconf 87' lang='lat' dir='ltr'><strong>vel</strong></span> <span class='ocrx_word' id='word_1_783' title='bbox 2963 4484 3236 4553; x_wconf 89' lang='lat' dir='ltr'><strong>pertenire</strong></span> <span class='ocrx_word' id='word_1_784' title='bbox 3276 4482 3511 4547; x_wconf 90' lang='lat' dir='ltr'><strong>videtur,</strong></span> 
     </span>
    </p>
   </div>
   <div class='ocr_carea' id='block_1_107' title="bbox 1926 4674 3513 4747">
    <p class='ocr_par' dir='ltr' id='par_1_107' title="bbox 1926 4674 3513 4747">
     <span class='ocr_line' id='line_1_107' title="bbox 1926 4674 3513 4747; baseline -0.001 -16"><span class='ocrx_word' id='word_1_785' title='bbox 1926 4676 2026 4731; x_wconf 87' lang='lat' dir='ltr'><strong>fuit</strong></span> <span class='ocrx_word' id='word_1_786' title='bbox 2054 4676 2370 4741; x_wconf 87' lang='lat' dir='ltr'><strong>Germonio,</strong></span> <span class='ocrx_word' id='word_1_787' title='bbox 2400 4679 2470 4733; x_wconf 89' lang='lat' dir='ltr'><strong>de</strong></span> <span class='ocrx_word' id='word_1_788' title='bbox 2493 4687 2602 4732; x_wconf 92' lang='lat' dir='ltr'><strong>vet.</strong></span> <span class='ocrx_word' id='word_1_789' title='bbox 2635 4692 2750 4746; x_wconf 89' lang='lat' dir='ltr'><strong>reg.</strong></span> <span class='ocrx_word' id='word_1_790' title='bbox 2785 4678 2872 4731; x_wconf 87' lang='lat' dir='ltr'><strong>Fr.</strong></span> <span class='ocrx_word' id='word_1_791' title='bbox 2905 4678 3042 4746; x_wconf 92' lang='lat' dir='ltr'><strong>Dipl.</strong></span> <span class='ocrx_word' id='word_1_792' title='bbox 3077 4686 3115 4731; x_wconf 92' lang='lat' dir='ltr'><strong>t.</strong></span> <span class='ocrx_word' id='word_1_793' title='bbox 3142 4677 3205 4741; x_wconf 90' lang='lat' dir='ltr'><strong>Il,</strong></span> <span class='ocrx_word' id='word_1_794' title='bbox 3231 4692 3352 4747; x_wconf 90' lang='lat' dir='ltr'><strong>pag.</strong></span> <span class='ocrx_word' id='word_1_795' title='bbox 3384 4674 3513 4745; x_wconf 70' lang='grc'>152,</span> 
     </span>
    </p>
   </div>
   <div class='ocr_carea' id='block_1_108' title="bbox 1925 4747 3504 4818">
    <p class='ocr_par' dir='ltr' id='par_1_108' title="bbox 1925 4747 3504 4818">
     <span class='ocr_line' id='line_1_108' title="bbox 1925 4747 3504 4818; baseline -0.001 -18"><span class='ocrx_word' id='word_1_796' title='bbox 1925 4749 2128 4818; x_wconf 88' lang='lat' dir='ltr'><strong>chartis</strong></span> <span class='ocrx_word' id='word_1_797' title='bbox 2160 4747 2607 4818; x_wconf 82' lang='lat' dir='ltr'><strong>Sandionysianis</strong></span> <span class='ocrx_word' id='word_1_798' title='bbox 2629 4749 2827 4816; x_wconf 61' lang='lat' dir='ltr'><strong>saepius</strong></span> <span class='ocrx_word' id='word_1_799' title='bbox 2855 4749 2993 4802; x_wconf 86' lang='lat' dir='ltr'><strong>ultra</strong></span> <span class='ocrx_word' id='word_1_800' title='bbox 3024 4748 3242 4806; x_wconf 88' lang='lat' dir='ltr'><strong>modum</strong></span> <span class='ocrx_word' id='word_1_801' title='bbox 3275 4747 3504 4801; x_wconf 89' lang='lat' dir='ltr'><strong>infenso.</strong></span> 
     </span>
    </p>
   </div>
   <div class='ocr_carea' id='block_1_109' title="bbox 1928 4817 3506 4887">
    <p class='ocr_par' dir='ltr' id='par_1_109' title="bbox 1928 4817 3506 4887">
     <span class='ocr_line' id='line_1_109' title="bbox 1928 4817 3506 4887; baseline -0.001 -17"><span class='ocrx_word' id='word_1_802' title='bbox 1928 4817 2170 4871; x_wconf 86' lang='lat' dir='ltr'><strong>Levioris</strong></span> <span class='ocrx_word' id='word_1_803' title='bbox 2190 4817 2444 4887; x_wconf 85' lang='lat' dir='ltr'><strong>ponderis</strong></span> <span class='ocrx_word' id='word_1_804' title='bbox 2461 4829 2774 4884; x_wconf 88' lang='lat' dir='ltr'><strong>argumenta</strong></span> <span class='ocrx_word' id='word_1_805' title='bbox 2793 4820 3099 4884; x_wconf 63' lang='lat' dir='ltr'><strong>expendere</strong></span> <span class='ocrx_word' id='word_1_806' title='bbox 3115 4818 3326 4881; x_wconf 83' lang='lat' dir='ltr'><strong>longum</strong></span> <span class='ocrx_word' id='word_1_807' title='bbox 3339 4825 3506 4887; x_wconf 74' lang='lat' dir='ltr'><strong>esset:</strong></span> 
     </span>
    </p>
   </div>
   <div class='ocr_carea' id='block_1_110' title="bbox 1927 4886 3516 4955">
    <p class='ocr_par' dir='ltr' id='par_1_110' title="bbox 1927 4886 3516 4955">
     <span class='ocr_line' id='line_1_110' title="bbox 1927 4886 3516 4955; baseline 0.003 -15"><span class='ocrx_word' id='word_1_808' title='bbox 1927 4888 2133 4943; x_wconf 83' lang='lat' dir='ltr'><strong>dixisse</strong></span> <span class='ocrx_word' id='word_1_809' title='bbox 2173 4886 2305 4941; x_wconf 83' lang='lat' dir='ltr'><strong>satis</strong></span> <span class='ocrx_word' id='word_1_810' title='bbox 2334 4890 2403 4942; x_wconf 90' lang='lat' dir='ltr'><strong>sit</strong></span> <span class='ocrx_word' id='word_1_811' title='bbox 2433 4889 2629 4942; x_wconf 89' lang='lat' dir='ltr'><strong>nemini</strong></span> <span class='ocrx_word' id='word_1_812' title='bbox 2663 4890 2778 4942; x_wconf 81' lang='lat' dir='ltr'><strong>falsi</strong></span> <span class='ocrx_word' id='word_1_813' title='bbox 2809 4889 3063 4942; x_wconf 89' lang='lat' dir='ltr'><strong>indicium</strong></span> <span class='ocrx_word' id='word_1_814' title='bbox 3110 4888 3225 4941; x_wconf 85' lang='lat' dir='ltr'><strong>fore</strong></span> <span class='ocrx_word' id='word_1_815' title='bbox 3253 4887 3420 4955; x_wconf 82' lang='lat' dir='ltr'><strong>quod,</strong></span> <span class='ocrx_word' id='word_1_816' title='bbox 3456 4886 3516 4944; x_wconf 86' lang='lat' dir='ltr'><strong>itt</strong></span> 
     </span>
    </p>
   </div>
   <div class='ocr_carea' id='block_1_111' title="bbox 1927 4958 3511 5025">
    <p class='ocr_par' dir='ltr' id='par_1_111' title="bbox 1927 4958 3511 5025">
     <span class='ocr_line' id='line_1_111' title="bbox 1927 4958 3511 5025; baseline -0.001 -14"><span class='ocrx_word' id='word_1_817' title='bbox 1927 4959 2114 5011; x_wconf 88' lang='lat' dir='ltr'><strong>charta</strong></span> <span class='ocrx_word' id='word_1_818' title='bbox 2142 4958 2319 5013; x_wconf 82' lang='lat' dir='ltr'><strong>Caroli</strong></span> <span class='ocrx_word' id='word_1_819' title='bbox 2359 4960 2580 5023; x_wconf 86' lang='lat' dir='ltr'><strong>majoris</strong></span> <span class='ocrx_word' id='word_1_820' title='bbox 2620 4960 2835 5019; x_wconf 90' lang='lat' dir='ltr'><strong>domus,</strong></span> <span class='ocrx_word' id='word_1_821' title='bbox 2870 4958 3114 5011; x_wconf 68' lang='lat' dir='ltr'><strong>formula:</strong></span> <span class='ocrx_word' id='word_1_822' title='bbox 3140 4958 3453 5025; x_wconf 84' lang='lat' dir='ltr'><strong>discrepent</strong></span> <span class='ocrx_word' id='word_1_823' title='bbox 3482 4973 3511 5009; x_wconf 88' lang='lat' dir='ltr'><strong>a</strong></span> 
     </span>
    </p>
   </div>
   <div class='ocr_carea' id='block_1_112' title="bbox 1927 5026 3512 5096">
    <p class='ocr_par' dir='ltr' id='par_1_112' title="bbox 1927 5026 3512 5096">
     <span class='ocr_line' id='line_1_112' title="bbox 1927 5026 3512 5096; baseline -0.002 -15"><span class='ocrx_word' id='word_1_824' title='bbox 1927 5027 2177 5083; x_wconf 82' lang='lat' dir='ltr'><strong>formulis</strong></span> <span class='ocrx_word' id='word_1_825' title='bbox 2206 5043 2325 5096; x_wconf 66' lang='lat' dir='ltr'><strong>qua!</strong></span> <span class='ocrx_word' id='word_1_826' title='bbox 2373 5030 2427 5081; x_wconf 87' lang='lat' dir='ltr'><strong>in</strong></span> <span class='ocrx_word' id='word_1_827' title='bbox 2474 5044 2658 5095; x_wconf 83' lang='lat' dir='ltr'><strong>regum</strong></span> <span class='ocrx_word' id='word_1_828' title='bbox 2713 5028 3094 5081; x_wconf 80' lang='lat' dir='ltr'><strong>Meroveadum</strong></span> <span class='ocrx_word' id='word_1_829' title='bbox 3126 5026 3512 5093; x_wconf 87' lang='lat' dir='ltr'><strong>diplomatibus</strong></span> 
     </span>
    </p>
   </div>
   <div class='ocr_carea' id='block_1_113' title="bbox 1929 5097 3511 5165">
    <p class='ocr_par' dir='ltr' id='par_1_113' title="bbox 1929 5097 3511 5165">
     <span class='ocr_line' id='line_1_113' title="bbox 1929 5097 3511 5165; baseline -0.002 -14"><span class='ocrx_word' id='word_1_830' title='bbox 1929 5099 2176 5165; x_wconf 88' lang='lat' dir='ltr'><strong>usurpari</strong></span> <span class='ocrx_word' id='word_1_831' title='bbox 2205 5100 2471 5153; x_wconf 88' lang='lat' dir='ltr'><strong>solebant.</strong></span> <span class='ocrx_word' id='word_1_832' title='bbox 2506 5098 2771 5152; x_wconf 85' lang='lat' dir='ltr'><strong>Caeterum</strong></span> <span class='ocrx_word' id='word_1_833' title='bbox 2804 5100 2920 5164; x_wconf 87' lang='lat' dir='ltr'><strong>ipse</strong></span> <span class='ocrx_word' id='word_1_834' title='bbox 2950 5097 3272 5151; x_wconf 86' lang='lat' dir='ltr'><strong>Cermonius</strong></span> <span class='ocrx_word' id='word_1_835' title='bbox 3313 5097 3511 5148; x_wconf 82' lang='lat' dir='ltr'><strong>fatetur</strong></span> 
     </span>
    </p>
   </div>
   <div class='ocr_carea' id='block_1_114' title="bbox 1929 5167 3511 5237">
    <p class='ocr_par' dir='ltr' id='par_1_114' title="bbox 1929 5167 3511 5237">
     <span class='ocr_line' id='line_1_114' title="bbox 1929 5167 3511 5237; baseline -0.001 -18"><span class='ocrx_word' id='word_1_836' title='bbox 1929 5168 2096 5221; x_wconf 89' lang='lat' dir='ltr'><strong>videri</strong></span> <span class='ocrx_word' id='word_1_837' title='bbox 2124 5168 2223 5224; x_wconf 88' lang='lat' dir='ltr'><strong>sibi</strong></span> <span class='ocrx_word' id='word_1_838' title='bbox 2246 5184 2312 5222; x_wconf 84' lang='lat' dir='ltr'><strong>ex</strong></span> <span class='ocrx_word' id='word_1_839' title='bbox 2336 5170 2516 5237; x_wconf 86' lang='lat' dir='ltr'><strong>aliquo</strong></span> <span class='ocrx_word' id='word_1_840' title='bbox 2536 5170 2769 5233; x_wconf 85' lang='lat' dir='ltr'><strong>genuino</strong></span> <span class='ocrx_word' id='word_1_841' title='bbox 2793 5169 3150 5220; x_wconf 88' lang='lat' dir='ltr'><strong>instrumento</strong></span> <span class='ocrx_word' id='word_1_842' title='bbox 3171 5167 3511 5237; x_wconf 80' lang='lat' dir='ltr'><strong>desumptatn</strong></span> 
     </span>
    </p>
   </div>
   <div class='ocr_carea' id='block_1_115' title="bbox 1930 5236 3514 5307">
    <p class='ocr_par' dir='ltr' id='par_1_115' title="bbox 1930 5236 3514 5307">
     <span class='ocr_line' id='line_1_115' title="bbox 1930 5236 3514 5307; baseline -0.001 -19"><span class='ocrx_word' id='word_1_843' title='bbox 1930 5236 2096 5292; x_wconf 86' lang='lat' dir='ltr'><strong>fuisse</strong></span> <span class='ocrx_word' id='word_1_844' title='bbox 2126 5249 2309 5292; x_wconf 90' lang='lat' dir='ltr'><strong>notam</strong></span> <span class='ocrx_word' id='word_1_845' title='bbox 2342 5236 2779 5307; x_wconf 85' lang='lat' dir='ltr'><strong>chronologicatn</strong></span> <span class='ocrx_word' id='word_1_846' title='bbox 2811 5239 3139 5307; x_wconf 73' lang='lat' dir='ltr'><strong>singularem</strong></span> <span class='ocrx_word' id='word_1_847' title='bbox 3169 5236 3514 5307; x_wconf 65' lang='lat' dir='ltr'><strong>quamexhi-</strong></span> 
     </span>
    </p>
   </div>
   <div class='ocr_carea' id='block_1_116' title="bbox 1930 5304 3514 5377">
    <p class='ocr_par' dir='ltr' id='par_1_116' title="bbox 1930 5304 3514 5377">
     <span class='ocr_line' id='line_1_116' title="bbox 1930 5304 3514 5377; baseline -0.003 -17"><span class='ocrx_word' id='word_1_848' title='bbox 1930 5307 2021 5361; x_wconf 91' lang='lat' dir='ltr'><strong>bet</strong></span> <span class='ocrx_word' id='word_1_849' title='bbox 2051 5310 2236 5362; x_wconf 88' lang='lat' dir='ltr'><strong>charta</strong></span> <span class='ocrx_word' id='word_1_850' title='bbox 2261 5309 2464 5374; x_wconf 86' lang='lat' dir='ltr'><strong>Caroli,</strong></span> <span class='ocrx_word' id='word_1_851' title='bbox 2491 5304 2775 5377; x_wconf 80' lang='lat' dir='ltr'><strong>repetitam</strong></span> <span class='ocrx_word' id='word_1_852' title='bbox 2818 5306 3122 5377; x_wconf 11' lang='lat' dir='ltr'><strong>scilicetiah‘</strong></span> <span class='ocrx_word' id='word_1_853' title='bbox 3154 5305 3305 5377; x_wconf 80' lang='lat' dir='ltr'><strong>obitu</strong></span> <span class='ocrx_word' id='word_1_854' title='bbox 3337 5304 3514 5377; x_wconf 57' lang='lat' dir='ltr'><strong>Theo-</strong></span> 
     </span>
    </p>
   </div>
   <div class='ocr_carea' id='block_1_117' title="bbox 1928 5374 3515 5448">
    <p class='ocr_par' dir='ltr' id='par_1_117' title="bbox 1928 5374 3515 5448">
     <span class='ocr_line' id='line_1_117' title="bbox 1928 5374 3515 5448; baseline -0.003 -17"><span class='ocrx_word' id='word_1_855' title='bbox 1928 5378 2100 5431; x_wconf 90' lang='lat' dir='ltr'><strong>dorici</strong></span> <span class='ocrx_word' id='word_1_856' title='bbox 2131 5380 2287 5438; x_wconf 59' lang='lat' dir='ltr'><strong>regis.</strong></span> <span class='ocrx_word' id='word_1_857' title='bbox 2320 5374 2921 5448; x_wconf 67' lang='lat' dir='ltr'><strong>[Autographumquud</strong></span> <span class='ocrx_word' id='word_1_858' title='bbox 2947 5375 3287 5429; x_wconf 71' lang='lat' dir='ltr'><strong>Mabiilonius</strong></span> <span class='ocrx_word' id='word_1_859' title='bbox 3309 5374 3515 5427; x_wconf 83' lang='lat' dir='ltr'><strong>viderat</strong></span> 
     </span>
    </p>
   </div>
   <div class='ocr_carea' id='block_1_118' title="bbox 1930 5446 3428 5523">
    <p class='ocr_par' dir='ltr' id='par_1_118' title="bbox 1930 5446 3428 5523">
     <span class='ocr_line' id='line_1_118' title="bbox 1930 5446 3428 5523; baseline -0.001 -22"><span class='ocrx_word' id='word_1_860' title='bbox 1930 5462 2039 5523; x_wconf 85' lang='lat' dir='ltr'><strong>non</strong></span> <span class='ocrx_word' id='word_1_861' title='bbox 2069 5446 2779 5523; x_wconf 57' lang='lat' dir='ltr'><strong>adestinarchivoregnﬂ</strong></span> <span class='ocrx_word' id='word_1_862' title='bbox 2871 5516 2882 5523; x_wconf 87' lang='lat'>_</span> <span class='ocrx_word' id='word_1_863' title='bbox 3276 5513 3287 5523; x_wconf 91' lang='lat'><em>_</em></span> 
     </span>
    </p>
   </div>
   <div class='ocr_carea' id='block_1_119' title="bbox 2003 5513 3514 5587">
    <p class='ocr_par' dir='ltr' id='par_1_119' title="bbox 2003 5513 3514 5587">
     <span class='ocr_line' id='line_1_119' title="bbox 2003 5513 3514 5587; baseline -0.002 -16"><span class='ocrx_word' id='word_1_864' title='bbox 2003 5518 2026 5553; x_wconf 75' lang='grc'><strong><em>⁸³</em></strong></span> <span class='ocrx_word' id='word_1_865' title='bbox 2066 5520 2138 5573; x_wconf 87' lang='lat' dir='ltr'><strong>De</strong></span> <span class='ocrx_word' id='word_1_866' title='bbox 2177 5519 2453 5587; x_wconf 91' lang='lat' dir='ltr'><strong>Clippiaco</strong></span> <span class='ocrx_word' id='word_1_867' title='bbox 2497 5513 2669 5581; x_wconf 60' lang='lat' dir='ltr'><strong>villa:</strong></span> <span class='ocrx_word' id='word_1_868' title='bbox 2716 5513 2822 5571; x_wconf 85' lang='lat' dir='ltr'><strong>hoc</strong></span> <span class='ocrx_word' id='word_1_869' title='bbox 2869 5516 3239 5587; x_wconf 77' lang='lat' dir='ltr'><strong>instrumento</strong></span> <span class='ocrx_word' id='word_1_870' title='bbox 3276 5513 3514 5587; x_wconf 71' lang='lat' dir='ltr'><strong>basilica:</strong></span> 
     </span>
    </p>
   </div>
   <div class='ocr_carea' id='block_1_120' title="bbox 1930 5583 3513 5659">
    <p class='ocr_par' dir='ltr' id='par_1_120' title="bbox 1930 5583 3513 5659">
     <span class='ocr_line' id='line_1_120' title="bbox 1930 5583 3513 5659; baseline -0.004 -17"><span class='ocrx_word' id='word_1_871' title='bbox 1930 5588 2117 5644; x_wconf 85' lang='lat' dir='ltr'><strong>Sancti</strong></span> <span class='ocrx_word' id='word_1_872' title='bbox 2150 5583 2386 5659; x_wconf 67' lang='lat' dir='ltr'><strong>Dionvsii</strong></span> <span class='ocrx_word' id='word_1_873' title='bbox 2412 5588 2839 5659; x_wconf 14' lang='lat' dir='ltr'><strong>concessa,vfuse</strong></span> <span class='ocrx_word' id='word_1_874' title='bbox 2880 5586 3095 5641; x_wconf 88' lang='lat' dir='ltr'><strong>disserit</strong></span> <span class='ocrx_word' id='word_1_875' title='bbox 3119 5583 3349 5638; x_wconf 83' lang='lat' dir='ltr'><strong>Michael</strong></span> <span class='ocrx_word' id='word_1_876' title='bbox 3381 5584 3513 5637; x_wconf 74' lang='lat' dir='ltr'><strong>Ger-</strong></span> 
     </span>
    </p>
   </div>
   <div class='ocr_carea' id='block_1_121' title="bbox 1930 5656 3232 5734">
    <p class='ocr_par' dir='ltr' id='par_1_121' title="bbox 1930 5656 3232 5734">
     <span class='ocr_line' id='line_1_121' title="bbox 1930 5656 3232 5734; baseline -0.001 -23"><span class='ocrx_word' id='word_1_877' title='bbox 1930 5659 2099 5734; x_wconf 65' lang='lat' dir='ltr'><strong>main,</strong></span> <span class='ocrx_word' id='word_1_878' title='bbox 2126 5661 2177 5714; x_wconf 93' lang='lat' dir='ltr'><strong>in</strong></span> <span class='ocrx_word' id='word_1_879' title='bbox 2200 5656 2459 5734; x_wconf 83' lang='lat' dir='ltr'><strong>opusculo</strong></span> <span class='ocrx_word' id='word_1_880' title='bbox 2491 5675 2609 5729; x_wconf 90' lang='lat' dir='ltr'><strong>sup.</strong></span> <span class='ocrx_word' id='word_1_881' title='bbox 2642 5656 2803 5734; x_wconf 58' lang='lat' dir='ltr'><strong>laudl</strong></span> <span class='ocrx_word' id='word_1_882' title='bbox 2852 5726 2865 5734; x_wconf 87' lang='lat'><em>_</em></span> <span class='ocrx_word' id='word_1_883' title='bbox 2891 5726 2904 5734; x_wconf 85' lang='lat'>_</span> <span class='ocrx_word' id='word_1_884' title='bbox 2947 5732 2955 5734; x_wconf 23' lang='grc' dir='ltr'><strong>Α</strong></span> <span class='ocrx_word' id='word_1_885' title='bbox 3221 5724 3232 5734; x_wconf 82' lang='lat'><strong>_</strong></span> 
     </span>
    </p>
   </div>
   <div class='ocr_carea' id='block_1_122' title="bbox 1934 5724 3514 5855">
    <p class='ocr_par' dir='ltr' id='par_1_122' title="bbox 1934 5724 3514 5855">
     <span class='ocr_line' id='line_1_122' title="bbox 1934 5724 3514 5855; baseline 0.009 -74"><span class='ocrx_word' id='word_1_886' title='bbox 1934 5800 1972 5853; x_wconf 55' lang='grc' dir='ltr'>Ρ</span> <span class='ocrx_word' id='word_1_887' title='bbox 2008 5730 2176 5855; x_wconf 51' lang='grc' dir='ltr'><strong>ὶχᾶζοι</strong></span> <span class='ocrx_word' id='word_1_888' title='bbox 2205 5724 2352 5800; x_wconf 66' lang='lat' dir='ltr'><strong>aqua</strong></span> <span class='ocrx_word' id='word_1_889' title='bbox 2382 5724 2728 5802; x_wconf 60' lang='lat' dir='ltr'><strong>exstat&#39;apud</strong></span> <span class='ocrx_word' id='word_1_890' title='bbox 2769 5726 3080 5792; x_wconf 87' lang='lat' dir='ltr'><strong>Dubletum,</strong></span> <span class='ocrx_word' id='word_1_891' title='bbox 3125 5724 3327 5782; x_wconf 76' lang='lat' dir='ltr'><strong>omissa</strong></span> <span class='ocrx_word' id='word_1_892' title='bbox 3369 5724 3514 5794; x_wconf 72' lang='lat' dir='ltr'><strong>apud</strong></span> 
     </span>
     <span class='ocr_line' id='line_1_123' title="bbox 1976 5817 2284 5855; baseline 0 0"><span class='ocrx_word' id='word_1_893' title='bbox 1976 5817 2044 5855; x_wconf 74' lang='lat' dir='ltr'><strong>Cl</strong></span> <span class='ocrx_word' id='word_1_894' title='bbox 2087 5817 2284 5855; x_wconf 70' lang='lat' dir='ltr'><strong>I&#39;tNlUIII.</strong></span> 
     </span>
    </p>
   </div>
   <div class='ocr_carea' id='block_1_123' title="bbox 1976 5817 2284 5858">
    <p class='ocr_par' dir='ltr' id='par_1_123' title="bbox 1976 5817 2284 5858">
     <span class='ocr_line' id='line_1_124' title="bbox 1976 5817 2284 5858; baseline 0.003 -3"><span class='ocrx_word' id='word_1_895' title='bbox 1976 5817 2284 5858; x_wconf 64' lang='lat' dir='ltr'><strong>CIIDIRIIUIII.</strong></span> 
     </span>
    </p>
   </div>
  </div>
