4206 6550
793 420 816 472 l
830 418 935 472 395

1573 413 1841 468 SECL‘L.
1891 411 1972 464 Vll
2019 411 2104 466 ET
2153 410 2258 465 Vill
2302 411 2824 466 ECCLICSIASTICA
2867 409 3310 466 NONUMENTA.

3931 413 3952 467 l
3963 413 4064 469 504

788 537 895 590 hoc
924 542 1098 589 totum
1142 529 1212 586 ad
1244 531 1358 601 ipsa
1389 529 1624 584 basileca
1665 527 1726 582 8.
1761 525 2003 598 Dionysii
2048 541 2170 580 cum
2213 518 2374 580 omne
2407 529 2453 588 Α
2487 526 2623 580 facta
2674 526 2792 589 fuit,
2848 542 2989 580 anno
3037 526 3301 596 superiori
3343 525 3411 578 sit
3459 524 3580 592 igne
3621 535 3971 581 concremata
4000 528 4066 581 ob

789 627 1104 696 integritate
1131 624 1396 680 donamus
1438 621 1524 675 vel
1570 618 1942 681 concidemus,
1985 619 2058 671 ita
2088 627 2147 672 ut
2176 618 2242 671 ab
2273 618 2376 672 hoc

790 719 903 786 die,
952 719 1075 774 villa
1119 715 1369 787 superius
1411 713 1688 768 nominata
1733 709 2070 782 Clippiacum
2121 709 2377 776 habendi,

789 810 1034 874 tenendi,
1083 808 1171 864 vel
1222 805 1498 878 quecquid
1549 803 1827 874 prmfatttm
1878 803 2265 856 monasterium
2318 801 2375 857 8.

792 901 1037 972 Dionysii
1069 908 1162 957 aut
1190 899 1399 970 agentis
1429 897 1510 951 sui
1544 911 1642 966 pro
1679 893 2051 966 oportunitate
2079 894 2247 963 ipsius
2273 909 2380 946 mo-

794 994 1018 1052 nasterii
1046 993 1214 1050 facire
1240 989 1538 1053 voluerint,
1571 988 1794 1043 liberam
1825 1001 1889 1041 ac
1921 986 2296 1040 fermissimam
2327 987 2378 1039 in

796 1086 1064 1144 omnebus
1106 1081 1332 1139 habiant
1375 1088 1724 1152 potestatem.
1758 1077 1830 1133 Se
1879 1076 2002 1146 quis
2041 1091 2192 1142 vero,
2237 1074 2381 1144 quod

795 1175 1041 1234 futurum
1071 1190 1192 1230 esse
1237 1190 1345 1229 non
1375 1172 1685 1238 credemus,
1727 1184 1786 1224 se
1823 1183 1924 1223 nos
1953 1168 2077 1238 ipsi,
2110 1175 2203 1222 aut
2243 1167 2384 1222 ullus

800 1268 871 1322 de
919 1266 1221 1322 beredebus
1268 1265 1492 1328 nostris,
1548 1278 1644 1317 seu
1689 1261 1956 1331 qumlebet
2002 1261 2248 1329 opposita
2300 1260 2384 1313 vel

797 1368 1057 1414 extranea
1088 1371 1334 1426 persona,
1361 1363 1551 1409 contra
1585 1353 1726 1407 hanc
1753 1351 2040 1422 epistolam
2070 1351 2381 1405 donationis

800 1459 1023 1515 nostrae,
1053 1463 1212 1517 quam
1253 1463 1350 1501 nos
1389 1455 1615 1516 propter
1646 1460 1845 1498 nomen
1895 1443 2118 1498 Domeni
2169 1443 2282 1496 ﬁeri
2331 1452 2383 1495 et

803 1541 1116 1598 conﬁrmari
1145 1539 1504 1606 decrevimus,
1540 1537 1722 1592 venire
1771 1545 1863 1590 aut
1907 1550 2091 1605 agere,
2134 1543 2226 1588 aut
2273 1533 2378 1587 alc-

803 1651 967 1706 quam
997 1633 1321 1690 calumniam
1353 1633 1607 1700 partebus
1636 1629 1691 1683 S.
1728 1628 1966 1698 Dionysii
1997 1626 2193 1680 exinde
2225 1640 2386 1694 gene-

805 1743 928 1782 rare
955 1725 1212 1791 voluerit,
1244 1724 1490 1793 inprimis
1518 1723 1651 1778 iram
1683 1720 1780 1774 Dei
1809 1719 2026 1774 celestis
2055 1717 2302 1783 incurrit,
2335 1724 2390 1770 et

804 1820 1028 1889 insuper
1055 1817 1236 1871 inferit
1274 1814 1531 1886 partebus
1564 1813 1735 1882 ipsius
1775 1809 2117 1875 monasterii,
2163 1813 2390 1876 cogente

2484 618 2868 685 negligentiam
2898 617 3269 672 custodientis.
3302 615 3468 671 Nobis
3495 615 3601 671 hoc
3621 617 3782 686 petiit
3811 625 3871 671 ut
3899 615 4064 687 ipsam

2485 714 2878 767 immunitatem
2905 728 2969 766 ex
3000 723 3192 766 nostro
3221 711 3437 766 nomine
3464 711 3529 765 ad
3559 712 3732 780 ipsam
3763 724 3947 767 casam
3975 709 4066 765 Dei

2484 819 2747 858 renovare
2791 804 2873 857 vel
2917 803 3204 857 adlirmare
3231 803 3584 867 deberemus;
3627 801 3776 870 quod
3806 815 3910 856 nos
3948 814 4068 870 gra-

2486 897 2620 949 tanti
2645 897 2827 948 animo
2851 911 2950 963 pro
2966 896 3266 949 reverentia
3292 895 3459 963 ipsius
3483 895 3658 949 sancti
3682 894 3788 949 loci
3813 892 4065 957 fecimus;

2487 998 2541 1044 et
2574 990 2678 1043 tale
2722 989 2943 1057 insuper
2972 1003 3072 1056 pro
3114 996 3316 1040 mterna
3357 985 3711 1041 retributione
3747 984 4067 1040 beneﬁcium

2486 1083 2584 1137 visi
2634 1082 2830 1136 fuimus
2877 1079 3186 1143 indulsisse,
3218 1089 3280 1133 ut
3319 1078 3372 1133 in
3420 1077 3574 1134 villas
3616 1076 3866 1132 ecclesia:
3909 1077 4066 1140 illius,

2486 1188 2621 1242 quas
2672 1170 2936 1226 moderno
2974 1178 3222 1238 tempore
3265 1176 3360 1223 aut
3407 1176 3597 1223 nostro
3641 1174 3737 1221 aut
3785 1164 4072 1234 cujuslibet

2488 1277 2710 1316 munere
2763 1261 2963 1314 habere
2991 1257 3229 1325 videtur,
3262 1258 3359 1313 vel
3377 1273 3514 1328 quas
3555 1256 3815 1326 deinceps
3856 1257 3913 1311 in
3953 1255 4070 1324 jure

2490 1357 2658 1424 ipsius
2707 1353 2809 1408 loci
2860 1353 3092 1406 voluerit
3128 1353 3309 1406 divina
3347 1352 3519 1421 pietas
3564 1351 3850 1421 ampliare,
3898 1349 4071 1404 nullus

2485 1447 2647 1516 jude
2681 1445 2922 1514 publicus
2953 1443 3018 1496 ad
3049 1458 3240 1498 causas
3270 1441 3585 1508 audiendas,
3616 1450 3710 1495 aut
3740 1441 3891 1494 [reda
3923 1439 4073 1494 undi-

2489 1555 2595 1609 que
2626 1537 2908 1607 exigenda,
2940 1536 3090 1590 nullo
3120 1535 3341 1590 numine
3372 1543 3619 1604 tempore
3662 1540 3961 1602 praesumat
3988 1545 4073 1586 ac-

2492 1633 2707 1696 cedere,
2742 1641 2796 1684 et
2835 1630 2955 1683 loco
2996 1629 3070 1682 illi
3105 1628 3419 1694 Domnulus,
3449 1627 3534 1681 vel
3564 1641 3911 1682 successores
3940 1627 4071 1693 ejus.

2494 1736 2717 1795 propter
2746 1738 2945 1776 nomen
2979 1721 3069 1774 Dei
3101 1722 3200 1775 sub
3230 1722 3441 1788 integro
3471 1720 3828 1774 immunitatis
3860 1721 4074 1774 nomine

2499 1817 2714 1869 valeant
2743 1814 3035 1868 dominari.
3070 1813 3367 1866 Statuimus
3398 1825 3528 1879 ergo
3550 1819 3608 1865 ut
3629 1825 3806 1879 neque
3834 1825 3956 1875 vos,
3986 1827 4076 1864 ne-

805 1888 954 1978 liscn,
987 1911 1101 1964 auri
1133 1909 1295 1962 libras
1322 1906 1530 1970 decem,
1561 1901 1770 1972 argenti
1798 1901 1982 1972 pondo
2007 1899 2195 1968 viginti
2225 1914 2387 1953 coac-

2497 1921 2602 1974 que
2625 1905 2896 1972 juniores,
2930 1918 3105 1970 neque
3134 1917 3476 1956 successores
3497 1901 3684 1964 vestri,
3719 1914 3821 1954 nec
3844 1900 3951 1953 ulla
3984 1915 4075 1968 pu-

809 2013 912 2066 tus,
944 2011 998 2056 et
1026 2000 1170 2070 quod
1200 1999 1385 2068 repitit
1412 1996 1719 2052 cvindicare
1748 2009 1854 2049 non
1897 1992 2106 2056 valeat;
2133 1993 2225 2046 sed
2253 2006 2390 2061 pra:-

806 2108 934 2146 seus
957 2090 1185 2160 epistola
1209 2088 1520 2144 donationis
1548 2094 1746 2141 nostrae
1768 2099 1929 2139 omne
1953 2092 2198 2152 tempore
2219 2081 2388 2135 ferma

805 2193 861 2236 ct
895 2182 1116 2236 stabelis
1145 2181 1328 2235 debiat
1370 2178 1698 2248 permanire,
1746 2175 2096 2244 stipulatione
2139 2174 2386 2228 subnixa.

817 2280 1002 2325 Actum
1024 2269 1316 2325 Careciaco
1343 2269 1487 2333 villa,
1522 2269 1576 2321 in
1606 2267 1828 2336 palatio,
1859 2263 2006 2333 quod
2047 2262 2157 2318 ﬁcit
2188 2263 2392 2316 mensis

808 2361 1131 2430 September
1154 2359 1241 2414 die
1269 2376 1324 2412 xv
1347 2383 1394 2427 α,
1429 2374 1624 2411 annutn
1649 2356 1898 2424 quintum
1929 2361 2056 2423 post
2078 2351 2392 2407 defunctum

809 2450 1210 2506 Theodericum
1235 2464 1418 2517 regem
1445 2457 1493 2501 ο.
1525 2448 1747 2515 Signum
1782 2447 2031 2502 inllustro
2067 2447 2186 2499 viro
2230 2445 2397 2499 Karlo

813 2543 1310 2612 majorim-domus,
1337 2542 1428 2609 qui
1458 2542 1596 2594 hanc
1621 2539 1908 2608 epistolam
1939 2537 2251 2593 donationis
2282 2537 2396 2591 ﬁeri

810 2631 1053 2687 donavit.
1107 2631 1147 2701 -ιι
1201 2630 1258 2684 8.
1318 2630 1572 2684 lladberti
1620 2630 1854 2683 comitis.
1912 2627 1970 2682 8.
2030 2627 2395 2700 Raygaubaldi

817 2723 1052 2778 comitis.
1101 2722 1158 2776 S.
1192 2721 1470 2776 Salaconis
1516 2722 1750 2776 comitis.
1791 2721 1849 2776 S.
1884 2721 2124 2775 inlustris
2152 2730 2398 2774 matrone

811 2812 1152 2868 Sonechildis
1197 2821 1442 2868 consent.
1473 2811 1531 2867 S.
1585 2811 1824 2866 Critonis
1868 2811 1961 2865 lilii
2017 2811 2101 2865 sui
2144 2819 2392 2864 consent.

811 2904 870 2958 S.
903 2903 1204 2956 l‘lroderici.
1254 2903 1311 2957 8.
1358 2901 1639 2956 Adabaldi.
1671 2905 1728 2956 S.
1779 2900 2028 2956 Dcodati.
2073 2902 2129 2954 8.
2179 2901 2391 2954 lleline-

818 2995 976 3047 bcrti.
1011 2993 1300 3046 Audoenus
1329 2991 1676 3060 cappcllanus
1705 2991 2041 3060 subscripsit.
2075 2989 2187 3059 Ego
2216 2991 2394 3044 Theu-

816 3085 1032 3139 dericus
1068 3084 1380 3153 subscripsi.
1414 3082 1789 3154 Crothgangus
1815 3083 1994 3154 jussus
2022 3083 2162 3139 hanc
2190 3084 2394 3153 episto-

815 3182 923 3232 lam
956 3177 1260 3233 donationis
1291 3178 1604 3247 recognovi.

1513 3330 1696 3386 LXXI.

815 3423 1011 3477 Char'a
1032 3439 1129 3494 qua
1158 3422 1378 3492 Pipinus
1399 3424 1572 3493 major
1594 3425 1776 3477 domus
1806 3434 2185 3480 concrematam
2214 3429 2401 3480 immu-

888 3493 1070 3547 nitatis’
1107 3494 1340 3546 chartam
1371 3495 1602 3547 ecclesia:
1643 3494 1825 3547 Sancti
1869 3494 2123 3549 Vincentii
2154 3497 2404 3552 Matisco—

889 3567 1062 3618 nensis
1087 3579 1380 3617 concessam
1408 3575 1620 3618 renovat
1641 3561 1665 3600 ¹³
1695 3567 1846 3634 (arm.
1875 3565 2020 3636 745).

893 3698 950 3752 ln
981 3697 1074 3751 Dei
1106 3697 1342 3761 nomine,
1373 3694 1595 3766 Pipinus
1621 3697 2038 3766 major-domus.
2089 3699 2259 3770 Regni
2300 3718 2396 3757 no«

821 3791 923 3846 stri
945 3804 1144 3859 augere
1188 3789 1460 3846 credimus
1489 3791 1900 3856 monimentum,
1935 3793 1979 3847 si
2009 3794 2271 3848 beneﬁcia
2303 3811 2401 3865 op-

831 3891 1062 3953 portuna
1113 3881 1246 3936 locis
1301 3881 1651 3937 ecclesiarum
1709 3882 1973 3938 benevola
2015 3884 2406 3940 deliberatione

833 3973 1204 4035 concedimus,
1249 3988 1314 4027 ac
1358 3973 1587 4030 Domino
1618 3981 1940 4042 protegente
1985 3975 2250 4031 stabiliter
2279 3993 2403 4046 pro.

830 4067 1032 4122 ducere
1074 4064 1414 4119 conﬁdimus.
1467 4064 1633 4134 Igitur
1679 4065 1890 4118 noverit
1932 4065 2154 4120 solertia
2202 4078 2402 4134 vestra,

826 4159 971 4228 quod
996 4157 1061 4219 ad
1095 4157 1412 4226 petitionem
1446 4158 1597 4223 cleri,
1648 4158 1822 4213 ﬁdelis
1863 4169 2051 4214 noster
2081 4161 2398 4227 Domnolus,

824 4258 1026 4305 sancta:
1070 4251 1213 4304 sedis
1255 4251 1624 4318 episcopatum
1663 4259 1851 4306 tenens
1881 4252 1933 4304 in
1972 4252 2190 4307 civitate
2222 4253 2406 4310 Matis-

825 4341 996 4403 censi,
1045 4342 1097 4394 in
1126 4340 1390 4394 honorem
1420 4342 1478 4396 S.
1513 4341 1802 4406 Vincentii,
1843 4341 2000 4396 nobis
2030 4346 2301 4412 suggessit
2341 4361 2406 4398 eo

823 4435 970 4503 quod
995 4435 1086 4488 illa
1119 4435 1430 4491 immunitas
1481 4449 1604 4504 qua:
1634 4444 1794 4490 antea
1821 4436 1888 4490 ad
1921 4437 2090 4508 ipsam
2114 4453 2291 4493 casam
2313 4438 2409 4494 Dei

2494 1997 2634 2052 blica
2679 1996 2964 2064 judiciaria
3013 2004 3272 2064 potestas,
3317 2008 3661 2062 quocumque
3710 2001 3980 2062 tempore,
4026 1992 4076 2044 in

2501 2089 2655 2144 villas
2699 2089 2866 2156 ipsius
2911 2087 3173 2148 ecclesia),
3207 2095 3302 2141 aut
3329 2087 3652 2154 ubicumque
3681 2093 3774 2139 aut
3802 2085 3946 2151 regis
3989 2092 4079 2136 aut

2500 2182 2838 2251 privatorum
2864 2179 3111 2245 largitate
3133 2178 3396 2244 conlatas,
3424 2186 3515 2231 aut
3535 2192 3655 2246 qua:
3677 2186 3835 2230 antea
3864 2176 4078 2237 fuerint,

2502 2274 2568 2327 ad
2600 2271 2894 2326 audiendas
2923 2269 3322 2332 altercationes,
3354 2283 3508 2322 casas
3549 2266 3964 2321 iudominicatas
4001 2266 4079 2316 in-

2502 2363 2674 2432 gredi,
2723 2377 2823 2416 nec
2871 2361 3178 2414 mansiones
3220 2367 3312 2412 aut
3356 2368 3571 2428 paratas
3601 2368 3694 2412 aut
3740 2358 4082 2424 tidejussores

2503 2452 2693 2506 tollere
2748 2466 2852 2504 non
2909 2449 3270 2518 praesumatis.
3322 2449 3427 2504 Sed
3477 2449 3730 2518 quicquid
3781 2447 3984 2502 exinde
4031 2448 4079 2500 in

2503 2557 2662 2611 agros
2709 2541 2795 2594 vel
2843 2540 2976 2595 ﬁnes
3007 2555 3102 2594 seu
3145 2555 3306 2609 super
3337 2549 3509 2594 terras
3538 2539 3803 2609 przedictae
3840 2537 4080 2592 ecclesia:

2503 2641 2909 2685 commanentes
2935 2629 3092 2684 ﬁscus
3114 2631 3468 2698 undequaque
3493 2628 3731 2698 potuerit
3753 2642 3994 2696 sperare,
4015 2641 4080 2680 ex

2506 2735 2689 2780 nostra
2724 2723 3074 2790 indulgentia,
3101 2737 3198 2791 pro
3231 2721 3405 2774 futura
3436 2720 3628 2784 salute,
3653 2719 3707 2772 in
3736 2719 4081 2772 luminaribus

2505 2817 2671 2886 ipsius
2703 2815 2942 2870 ecclesiae
2971 2830 3068 2884 per
3098 2829 3284 2868 manus
3315 2812 3583 2881 agentium
3625 2827 3809 2865 eorum
3841 2809 4082 2880 proﬁciat

2505 2910 2557 2962 in
2591 2918 2942 2978 perpetuum;
2983 2917 3037 2962 et
3079 2906 3220 2975 quod
3256 2922 3357 2960 nos
3394 2914 3615 2974 propter
3645 2920 3841 2959 nomen
3874 2903 4080 2957 Domini

2505 3009 2559 3054 et
2606 3000 2799 3054 anima:
2849 3008 3046 3054 nostra:
3089 2997 3406 3060 remedium,
3437 2998 3704 3066 simulque
3749 3012 3847 3066 pro
3900 3005 4079 3050 nostra

2507 3094 2873 3160 subsequente
2903 3091 3163 3160 progenie
3205 3090 3360 3160 plena
3405 3088 3694 3143 devotione
3740 3088 4077 3151 indulsimus,

2423 3217 2472 3280 ο
2514 3199 2612 3239 nec
2641 3184 2834 3253 regalis
2863 3183 3182 3245 sublimitas,
3228 3197 3328 3236 nec
3353 3182 3641 3250 cujuslibet
3677 3181 3960 3249 judiciaria
3991 3197 4080 3248 po-

2508 3281 2674 3329 testas
2703 3272 2977 3342 refragare
3005 3273 3242 3326 tentetis.
3275 3271 3400 3334 Sed,
3435 3279 3490 3324 ut
3517 3286 3751 3340 przeseus
3783 3272 4080 3325 authoriias

2505 3370 2614 3416 tam
2644 3365 3005 3431 prmsentibus
3026 3379 3186 3432 quam
3217 3364 3409 3418 futuris
3439 3364 3773 3432 temporibus
3801 3363 4078 3426 inviolata,

2505 3456 2737 3512 Domino
2786 3457 3055 3526 adjutore,
3108 3465 3441 3526 permaneat,
3490 3471 3680 3511 manus
3719 3463 3921 3510 nostra:
3962 3457 4081 3511 sub-

2505 3551 2801 3620 scriptione
2840 3551 2979 3606 infra
3030 3553 3294 3606 rohorare
3322 3549 3680 3606 decrevimus.
3714 3549 3828 3615 Sig.
3871 3547 4082 3618 Pipinus

2508 3645 2926 3714 major-domus.
2975 3645 3087 3712 Ego
3127 3644 3401 3713 Rodolgus
3425 3643 3606 3711 jussus
3645 3643 3863 3710 scripsi.
3893 3641 4080 3695 Actum

2513 3735 2756 3790 kalendis
2793 3734 3054 3800 Januarii,
3099 3736 3151 3789 iu
3191 3750 3334 3788 anno
3372 3732 3610 3788 secundo
3639 3732 3976 3801 principatus
4006 3731 4084 3785 Pi-

2508 3828 2620 3898 pini
2652 3827 2916 3896 ejusdem,
2952 3828 3005 3881 in
3033 3827 3251 3882 civitate
3279 3826 3455 3892 Metis,
3487 3826 3541 3880 in
3573 3825 3775 3894 palatio
3801 3825 3972 3895 regio.

3193 3982 3400 4038 LXX".

2509 4076 2701 4132 Charta
2728 4093 2827 4145 qua
2861 4075 3026 4145 Felix,
3053 4074 3326 4145 presbyter,
3357 4073 3588 4145 concedit
3633 4072 3885 4145 Sithiensi
3912 4091 4080 4127 mana-

2582 4142 2948 4284 ἒιῖήόεεέιιιζῖι
2996 4144 3175 4199 Sancti
3201 4142 3491 4208 Michaelis,
3522 4145 3577 4196 in
3604 4160 3740 4214 pago
3767 4142 4082 4199 Flandrenu

2658 4233 2781 4269 ann.
2856 4237 2892 4266 ι.
2941 4254 2955 4267 .

2658 4233 2781 4269 αηη.
2816 4233 2834 4267 l
2855 4233 2955 4269 tm.

2583 4349 2694 4418 Ego
2716 4351 2766 4403 in
2793 4349 2885 4404 Dei
2912 4349 3130 4404 nomine
3163 4349 3330 4411 Felix,
3360 4349 3659 4419 presbyter,
3693 4350 3989 4419 inspirante
4012 4349 4084 4405 dis

2513 4444 2634 4497 vina
2666 4442 2949 4496 clementia
2974 4451 3135 4511 atque
3166 4457 3261 4512 pro
3301 4441 3491 4495 animae
3518 4456 3652 4496 mea:
3683 4443 3922 4497 remedio
3943 4481 3961 4508 ,
3995 4441 4082 4496 de-

899 4605 922 4630 υ
957 4592 1080 4649 llzec
1108 4595 1293 4648 charta
1318 4610 1423 4648 non
1454 4597 1605 4663 parvi
1638 4597 1896 4651 momenti
1930 4604 2049 4660 est;
2078 4597 2241 4652 docet
2265 4600 2405 4654 enim
2435 4575 2487 4632 D
2519 4600 2656 4652 inter
2683 4600 3031 4658 parentbeses
3055 4606 3201 4650 recte
3229 4595 3419 4650 afﬁxus
3446 4597 3545 4649 fuit
3573 4613 3742 4650 annus
3763 4595 3967 4652 Christ.
3990 4600 4078 4652 cir-

826 4667 1194 4736 interregnum
1226 4665 1468 4736 quinque
1497 4681 1764 4720 annorum
1791 4669 2064 4721 exstitisse
2095 4677 2216 4736 post
2261 4685 2407 4723 mor-

828 4747 935 4789 tem
968 4734 1289 4788 Theoderici
1328 4735 1420 4799 ιν,
1461 4737 1658 4803 quibus
1686 4737 1833 4790 solus
1865 4734 2147 4805 imperavit
2187 4739 2412 4793 Carolus

828 4809 1004 4871 major
1033 4805 1252 4866 domus;
1288 4805 1428 4857 unde
1458 4805 1508 4858 in
1539 4807 1911 4860 instrumentis
1933 4807 2160 4874 publicis
2190 4823 2411 4863 necesse

827 4879 930 4928 tuit
961 4889 1139 4929 annos.
1180 4882 1496 4941 computare
1541 4878 1608 4930 ab
1654 4891 1877 4930 excessu
1909 4878 2082 4930 ultimi
2128 4879 2290 4942 regis,
2324 4881 2408 4931 cui

829 4945 1008 4998 nullus
1054 4952 1407 4998 successerat.
1442 4943 1662 4999 Obierat
1705 4956 1887 5000 autem
1937 4945 2305 5001 Theodericus
2343 4948 2408 5002 ιν

828 5029 973 5067 anno
1004 5014 1127 5074 757,
1158 5015 1300 5068 circa
1331 5029 1567 5070 mensem
1598 5015 1867 5084 Aprilem;
1901 5031 2029 5083 ergo
2059 5032 2230 5070 annus
2254 5019 2413 5084 quin-

831 5095 918 5139 tus
943 5086 1008 5137 ab
1039 5085 1196 5151 hujus
1228 5093 1421 5145 morte,
1459 5100 1644 5140 mense
1675 5087 2002 5154 Septembri,
2047 5090 2412 5142 concurrebat

830 5169 952 5207 cum
978 5169 1118 5207 anno
1149 5154 1345 5206 Christi
1380 5155 1502 5208 741.

904 5221 930 5258 ι’
971 5224 1262 5276 Ediderunt
1307 5233 1557 5277 auctores
1606 5224 1765 5279 Nova:
1817 5224 2000 5278 Gallia:
2048 5225 2364 5278 Christiana:
2395 5265 2410 5288 ,

832 5301 871 5345 ι.
907 5293 996 5355 IV,
1028 5294 1275 5346 instrum.
1311 5295 1415 5350 col.
1450 5293 1576 5354 265,
1617 5308 1684 5347 ex
1713 5296 1987 5349 chartario
2034 5295 2411 5348 Matisconensi

837 5364 1160 5417 Boheriauo.
1214 5363 1936 5432 Fragmentumvulgaverat
1976 5365 2243 5428 Labheus,
2288 5366 2413 5417 Mis-

834 5434 954 5486 cell.
1011 5441 1048 5503 tr.
1099 5431 1166 5499 ll,
1216 5449 1336 5500 pay.
1370 5433 1490 5495 445,
1525 5433 1870 5503 etchartam
1919 5436 2180 5503 integram
2212 5436 2410 5502 publici

835 5503 968 5569 juris
1015 5502 1216 5556 fecerat
1268 5511 1566 5564 severtius,
1601 5502 1651 5554 iu
1685 5505 1958 5572 episcopis
1997 5502 2277 5557 Matiscon.
2313 5508 2412 5556 sub

838 5573 1149 5639 episcopatu
1202 5574 1468 5629 Domnoli,
1515 5574 1864 5638 depravatam
1908 5576 1956 5627 in
2007 5575 2248 5642 pluribus
2280 5575 2413 5629 locis

840 5658 975 5707 quos
1023 5643 1253 5702 restituit
1281 5642 1549 5706 Cointius,
1577 5644 1667 5709 qui
1720 5644 1892 5710 ipsam
1938 5645 2164 5706 recudit,
2216 5645 2409 5697 Annal.

843 5727 881 5761 ι.
936 5711 995 5773 V,
1033 5726 1150 5779 pag.
1182 5711 1250 5764 77
1296 5731 1306 5762 :
1351 5712 1510 5778 hujus
1553 5713 1838 5766 lectionem
1885 5719 2177 5780 sequimur.
2230 5713 2414 5766 Exstat

842 5781 1004 5850 etiam
1037 5783 1219 5833 charta
1252 5782 1361 5833 lucc
1394 5783 1441 5834 in
1487 5782 1817 5834 (ἓοηυοιίυηε
1861 5785 2177 5850 scriptorum
2209 5784 2410 5837 Herum

848 5849 1241 5916 Fraucicarum,
1276 5861 1313 5905 t.
1358 5851 1445 5918 ιν,
1479 5869 1529 5921 p.
1563 5850 1687 5917 705,
1723 5867 1783 5904 ex
1817 5849 2030 5907 Cointio
2056 5855 2368 5923 deprompta
2396 5871 2407 5908 :

2517 4671 2651 4722 citer
2681 4667 2820 4730 743;
2853 4683 2972 4721 cum
3004 4668 3144 4720 enim
3177 4666 3417 4734 Pipinus,
3450 4675 3602 4734 patre
3630 4683 3728 4720 suo
3754 4666 3953 4721 Carolo
3982 4685 4082 4720 ma-

2511 4739 2631 4805 jore
2653 4739 2844 4791 domus
2874 4736 3148 4796 defuncto,
3194 4737 3710 4790 administrationem
3743 4739 3896 4802 regni
3931 4740 4080 4790 Fran-

2516 4824 2702 4861 corum
2735 4809 3027 4874 susceperit
3059 4821 3202 4859 auno
3227 4806 3352 4871 741,
3397 4822 3567 4860 annus
3609 4807 3878 4860 secundus
3927 4809 4082 4861 admi-

2519 4879 2850 4931 nistrationis
2895 4892 2990 4929 seu
3039 4877 3366 4943 principatus
3412 4876 3556 4939 ejus,
3605 4892 3786 4929 mense
3831 4876 4080 4930 Januarin

2517 4948 2755 5009 ineunte,
2781 4947 3055 4999 concurrit
3083 4961 3201 4998 cum
3239 4961 3381 4998 anno
3405 4946 3598 4999 Christ.
3632 4945 3755 4998 743.
3791 4946 3977 5000 Annus
4001 4963 4081 4997 au-

2516 5025 2622 5070 tem
2655 5019 2706 5069 in
2740 5018 2838 5068 hac
2865 5020 3049 5068 charta
3081 5018 3338 5082 signatus,
3371 5015 3437 5068 de
3477 5014 3664 5082 l’ipino
3689 5015 3867 5069 adhuc
3894 5016 4082 5081 major.-

2516 5086 2704 5138 domus
2736 5086 3106 5151 intelligendus
3135 5095 3239 5150 est,
3284 5096 3337 5137 ut
3389 5101 3453 5137 ex
3490 5084 3661 5151 Pipini
3700 5085 4082 5153 subscriptione

2518 5164 2698 5223 patet;
2749 5157 3026 5207 Severtius
3056 5171 3184 5207 vero
3226 5155 3290 5207 de
3334 5154 3522 5222 Pipino
3551 5169 3768 5221 regnum
3795 5153 3906 5220 jam
3945 5168 4080 5205 asse-

2517 5236 2640 5278 cuto
2671 5228 3068 5292 interpretatur.
3095 5235 3148 5276 ut
3177 5225 3296 5276 ideo
3323 5228 3560 5278 chartam
3599 5223 3934 5276 referendam
3965 5239 4079 5276 cen-

2516 5305 2597 5346 set
2629 5296 2691 5345 ail
2726 5311 2920 5346 annum
2966 5293 3099 5352 752;
3151 5294 3242 5346 sed
3291 5294 3341 5346 in
3384 5293 3486 5345 hoc
3532 5293 3750 5357 fallitur,
3804 5303 3862 5347 ut
3903 5296 4082 5347 merito

2517 5366 2691 5430 arguit
2722 5365 2979 5422 Cointius,
3014 5366 3097 5416 cui
3129 5365 3345 5416 munitio
3370 5363 3739 5428 srtllragantur.

2593 5446 2612 5472 ε
2659 5433 2732 5486 Ex
2757 5433 3080 5485 chartulario
3113 5431 3346 5499 Folquiui
3376 5432 3709 5499 deprompsit
3748 5431 4082 5497 Malbraneq,

2521 5504 2594 5556 De
2641 5504 2875 5566 Morinis,
2911 5513 2947 5555 t.
2999 5501 3035 5567 l,
3087 5517 3204 5569 pag.
3239 5502 3371 5565 £480;
3423 5505 3626 5556 rccudit
3669 5502 3946 5564 Cointius,
3988 5504 4082 5558 An-

2518 5573 2624 5627 nal.
2685 5583 2722 5626 t.
2762 5576 2795 5624 V
2823 5615 2837 5636 ,
2878 5588 2998 5640 pag.
3058 5573 3178 5625 lti8.
3233 5573 3397 5638 llujns
3435 5575 3633 5626 charta:
3681 5573 3884 5625 mentio
3944 5572 3998 5622 ﬁt
4038 5573 4079 5620 in

2518 5643 2672 5711 [perii
2696 5644 2876 5697 Sancti
2907 5645 3101 5696 Bertini
3121 5645 3393 5700 (gltronico.
3419 5643 3557 5710 apud
3582 5642 3804 5694 Marten.
3831 5642 4075 5696 TheSaur.

2518 5714 2708 5768 anecd.
2732 5721 2772 5768 t.
2803 5711 2888 5775 lll,
2922 5715 3025 5767 col.
3059 5714 3185 5776 41M,
3214 5721 3266 5767 et
3317 5713 3438 5764 hinc
3484 5721 3632 5780 patet
3669 5713 3924 5764 omissum
3974 5727 4078 5761 esse

2518 5785 2838 5852 prommium
2871 5787 2919 5836 in
2950 5785 3198 5851 exemplo
3235 5784 3299 5834 ad
3332 5782 3485 5848 cujus
3519 5781 3674 5835 ﬁdem
3717 5784 3954 5835 chartam
3979 5782 4078 5832 edi-

2520 5855 2694 5910 dimus
2715 5873 2726 5920 ;
2751 5855 2902 5924 juxta
2935 5856 3163 5925 lpcriutn
3185 5855 3346 5918 enim,
3366 5867 3439 5910 sic
3463 5853 3749 5921 incipiebat
3779 5855 3876 5908 hoc
3900 5853 4076 5905 instru-
