  <div class='ocr_page' id='page_1' title='image "/cluster/home/n/w/nwhite01/storage/ocr_20150623/88-89/uc1.31175000868714/656.png"; bbox 0 0 4206 6534; ppageno 0'>
   <div class='ocr_carea' id='block_1_1' title="bbox 194 419 339 480">
    <p class='ocr_par' dir='ltr' id='par_1_1' title="bbox 194 419 339 480">
     <span class='ocr_line' id='line_1_1' title="bbox 194 419 339 480; baseline -0.007 -2"><span class='ocrx_word' id='word_1_1' title='bbox 194 419 339 480; x_wconf 76' lang='grc'><strong>1305</strong></span> 
     </span>
    </p>
   </div>
   <div class='ocr_carea' id='block_1_2' title="bbox 953 414 2722 482">
    <p class='ocr_par' dir='ltr' id='par_1_2' title="bbox 953 414 2722 482">
     <span class='ocr_line' id='line_1_2' title="bbox 953 414 2722 482; baseline -0.002 -10"><span class='ocrx_word' id='word_1_2' title='bbox 953 414 1392 474; x_wconf 76' lang='lat' dir='ltr'><strong>DONATIONES</strong></span> <span class='ocrx_word' id='word_1_3' title='bbox 1430 414 1518 472; x_wconf 85' lang='lat' dir='ltr'><strong>AC</strong></span> <span class='ocrx_word' id='word_1_4' title='bbox 1557 414 2023 473; x_wconf 75' lang='lat' dir='ltr'><strong>TESTAM‘ENTA</strong></span> <span class='ocrx_word' id='word_1_5' title='bbox 2069 414 2306 482; x_wconf 71' lang='lat' dir='ltr'><strong>EI‘ISC.,</strong></span> <span class='ocrx_word' id='word_1_6' title='bbox 2350 415 2526 478; x_wconf 60' lang='lat' dir='ltr'><strong>ABR,</strong></span> <span class='ocrx_word' id='word_1_7' title='bbox 2574 416 2722 470; x_wconf 74' lang='lat' dir='ltr'><strong>ETC.</strong></span> 
     </span>
    </p>
   </div>
   <div class='ocr_carea' id='block_1_3' title="bbox 3346 418 3488 478">
    <p class='ocr_par' dir='ltr' id='par_1_3' title="bbox 3346 418 3488 478">
     <span class='ocr_line' id='line_1_3' title="bbox 3346 418 3488 478; baseline -0.007 -1"><span class='ocrx_word' id='word_1_8' title='bbox 3346 418 3488 478; x_wconf 71' lang='lat'><strong>1306</strong></span> 
     </span>
    </p>
   </div>
   <div class='ocr_carea' id='block_1_4' title="bbox 186 529 3490 609">
    <p class='ocr_par' dir='ltr' id='par_1_4' title="bbox 186 529 3490 609">
     <span class='ocr_line' id='line_1_4' title="bbox 186 529 3490 609; baseline -0.001 -17"><span class='ocrx_word' id='word_1_9' title='bbox 186 537 377 609; x_wconf 85' lang='lat' dir='ltr'><strong>putavi</strong></span> <span class='ocrx_word' id='word_1_10' title='bbox 405 543 462 592; x_wconf 89' lang='lat' dir='ltr'><strong>et</strong></span> <span class='ocrx_word' id='word_1_11' title='bbox 481 532 726 591; x_wconf 81' lang='lat' dir='ltr'><strong>concessi</strong></span> <span class='ocrx_word' id='word_1_12' title='bbox 747 540 907 602; x_wconf 87' lang='lat' dir='ltr'><strong>atque</strong></span> <span class='ocrx_word' id='word_1_13' title='bbox 924 531 1166 600; x_wconf 79' lang='lat' dir='ltr'><strong>delegavi</strong></span> <span class='ocrx_word' id='word_1_14' title='bbox 1217 546 1313 601; x_wconf 88' lang='lat' dir='ltr'><strong>per</strong></span> <span class='ocrx_word' id='word_1_15' title='bbox 1359 531 1499 587; x_wconf 80' lang='lat' dir='ltr'><strong>hanc</strong></span> <span class='ocrx_word' id='word_1_16' title='bbox 1546 531 1792 601; x_wconf 78' lang='lat' dir='ltr'><strong>paginam</strong></span> <span class='ocrx_word' id='word_1_17' title='bbox 1826 535 1868 590; x_wconf 78' lang='grc' dir='ltr'><strong>Α</strong></span> <span class='ocrx_word' id='word_1_18' title='bbox 1898 531 2219 603; x_wconf 83' lang='lat' dir='ltr'><strong>[Michaelis]</strong></span> <span class='ocrx_word' id='word_1_19' title='bbox 2246 531 2571 600; x_wconf 79' lang='lat' dir='ltr'><strong>archangeli,</strong></span> <span class='ocrx_word' id='word_1_20' title='bbox 2600 533 2681 587; x_wconf 91' lang='lat' dir='ltr'><strong>vel</strong></span> <span class='ocrx_word' id='word_1_21' title='bbox 2711 531 2881 587; x_wconf 92' lang='lat' dir='ltr'><strong>sancti</strong></span> <span class='ocrx_word' id='word_1_22' title='bbox 2910 529 3170 590; x_wconf 81' lang='lat' dir='ltr'><strong>Johannis</strong></span> <span class='ocrx_word' id='word_1_23' title='bbox 3195 534 3490 604; x_wconf 82' lang='lat' dir='ltr'><strong>Baptistae,</strong></span> 
     </span>
    </p>
   </div>
   <div class='ocr_carea' id='block_1_5' title="bbox 186 622 1788 687">
    <p class='ocr_par' dir='ltr' id='par_1_5' title="bbox 186 622 1788 687">
     <span class='ocr_line' id='line_1_5' title="bbox 186 622 1788 687; baseline -0.002 -8"><span class='ocrx_word' id='word_1_24' title='bbox 186 626 519 687; x_wconf 80' lang='lat' dir='ltr'><strong>donationis.</strong></span> <span class='ocrx_word' id='word_1_25' title='bbox 544 624 609 678; x_wconf 91' lang='lat' dir='ltr'><strong>ad</strong></span> <span class='ocrx_word' id='word_1_26' title='bbox 638 626 1022 678; x_wconf 81' lang='lat' dir='ltr'><strong>monasterium</strong></span> <span class='ocrx_word' id='word_1_27' title='bbox 1072 622 1247 677; x_wconf 90' lang='lat' dir='ltr'><strong>Sithiu</strong></span> <span class='ocrx_word' id='word_1_28' title='bbox 1277 622 1468 677; x_wconf 86' lang='lat' dir='ltr'><strong>cellam</strong></span> <span class='ocrx_word' id='word_1_29' title='bbox 1498 638 1673 676; x_wconf 88' lang='lat' dir='ltr'><strong>meam</strong></span> <span class='ocrx_word' id='word_1_30' title='bbox 1736 622 1788 676; x_wconf 90' lang='lat' dir='ltr'><strong>in</strong></span> 
     </span>
    </p>
   </div>
   <div class='ocr_carea' id='block_1_6' title="bbox 188 712 1787 786">
    <p class='ocr_par' dir='ltr' id='par_1_6' title="bbox 188 712 1787 786">
     <span class='ocr_line' id='line_1_6' title="bbox 188 712 1787 786; baseline -0.006 -12"><span class='ocrx_word' id='word_1_31' title='bbox 188 717 315 774; x_wconf 89' lang='lat' dir='ltr'><strong>loco</strong></span> <span class='ocrx_word' id='word_1_32' title='bbox 356 723 703 786; x_wconf 88' lang='lat' dir='ltr'><strong>nuncupante</strong></span> <span class='ocrx_word' id='word_1_33' title='bbox 735 714 1072 770; x_wconf 75' lang='lat' dir='ltr'><strong>Rochashem</strong></span> <span class='ocrx_word' id='word_1_34' title='bbox 1102 714 1215 768; x_wconf 87' lang='lat' dir='ltr'><strong>sive</strong></span> <span class='ocrx_word' id='word_1_35' title='bbox 1242 712 1544 768; x_wconf 87' lang='lat' dir='ltr'><strong>Therealdo</strong></span> <span class='ocrx_word' id='word_1_36' title='bbox 1575 713 1696 767; x_wconf 90' lang='lat' dir='ltr'><strong>luco</strong></span> <span class='ocrx_word' id='word_1_37' title='bbox 1736 713 1787 765; x_wconf 92' lang='lat' dir='ltr'><strong>in</strong></span> 
     </span>
    </p>
   </div>
   <div class='ocr_carea' id='block_1_7' title="bbox 182 802 1790 880">
    <p class='ocr_par' dir='ltr' id='par_1_7' title="bbox 182 802 1790 880">
     <span class='ocr_line' id='line_1_7' title="bbox 182 802 1790 880; baseline -0.004 -17"><span class='ocrx_word' id='word_1_38' title='bbox 182 824 330 880; x_wconf 78' lang='lat' dir='ltr'><strong>pago</strong></span> <span class='ocrx_word' id='word_1_39' title='bbox 358 807 696 871; x_wconf 87' lang='lat' dir='ltr'><strong>Flandrinse,</strong></span> <span class='ocrx_word' id='word_1_40' title='bbox 725 820 886 875; x_wconf 90' lang='lat' dir='ltr'><strong>quam</strong></span> <span class='ocrx_word' id='word_1_41' title='bbox 926 820 1028 874; x_wconf 92' lang='lat' dir='ltr'><strong>ego</strong></span> <span class='ocrx_word' id='word_1_42' title='bbox 1078 804 1132 859; x_wconf 92' lang='lat' dir='ltr'><strong>in</strong></span> <span class='ocrx_word' id='word_1_43' title='bbox 1163 805 1371 859; x_wconf 87' lang='lat' dir='ltr'><strong>honore</strong></span> <span class='ocrx_word' id='word_1_44' title='bbox 1413 802 1471 858; x_wconf 99' lang='grc'><strong>8.</strong></span> <span class='ocrx_word' id='word_1_45' title='bbox 1518 802 1790 858; x_wconf 82' lang='lat' dir='ltr'><strong>Michaelis</strong></span> 
     </span>
    </p>
   </div>
   <div class='ocr_carea' id='block_1_8' title="bbox 185 891 1789 965">
    <p class='ocr_par' dir='ltr' id='par_1_8' title="bbox 185 891 1789 965">
     <span class='ocr_line' id='line_1_8' title="bbox 185 891 1789 965; baseline -0.006 -12"><span class='ocrx_word' id='word_1_46' title='bbox 185 898 524 965; x_wconf 81' lang='lat' dir='ltr'><strong>archangeli,</strong></span> <span class='ocrx_word' id='word_1_47' title='bbox 578 897 662 952; x_wconf 85' lang='lat' dir='ltr'><strong>vel</strong></span> <span class='ocrx_word' id='word_1_48' title='bbox 710 895 766 952; x_wconf 91' lang='lat' dir='ltr'><strong>S.</strong></span> <span class='ocrx_word' id='word_1_49' title='bbox 817 895 1040 950; x_wconf 85' lang='lat' dir='ltr'><strong>Joannis</strong></span> <span class='ocrx_word' id='word_1_50' title='bbox 1078 893 1458 963; x_wconf 68' lang='lat' dir='ltr'><strong>Baptistm,ve!</strong></span> <span class='ocrx_word' id='word_1_51' title='bbox 1500 892 1558 948; x_wconf 91' lang='lat' dir='ltr'><strong>S.</strong></span> <span class='ocrx_word' id='word_1_52' title='bbox 1608 891 1789 945; x_wconf 65' lang='lat' dir='ltr'><strong>Mariae</strong></span> 
     </span>
    </p>
   </div>
   <div class='ocr_carea' id='block_1_9' title="bbox 183 986 1786 1061">
    <p class='ocr_par' dir='ltr' id='par_1_9' title="bbox 183 986 1786 1061">
     <span class='ocr_line' id='line_1_9' title="bbox 183 986 1786 1061; baseline -0.006 -14"><span class='ocrx_word' id='word_1_53' title='bbox 183 992 466 1061; x_wconf 80' lang='lat' dir='ltr'><strong>genitricis</strong></span> <span class='ocrx_word' id='word_1_54' title='bbox 506 989 718 1045; x_wconf 85' lang='lat' dir='ltr'><strong>Domini</strong></span> <span class='ocrx_word' id='word_1_55' title='bbox 762 989 933 1044; x_wconf 85' lang='lat' dir='ltr'><strong>nostri</strong></span> <span class='ocrx_word' id='word_1_56' title='bbox 958 987 1083 1043; x_wconf 87' lang='lat' dir='ltr'><strong>Jesu</strong></span> <span class='ocrx_word' id='word_1_57' title='bbox 1113 986 1438 1049; x_wconf 88' lang='lat' dir='ltr'><strong>Christi,vel</strong></span> <span class='ocrx_word' id='word_1_58' title='bbox 1470 993 1786 1039; x_wconf 71' lang='lat' dir='ltr'><strong>czeteroruin</strong></span> 
     </span>
    </p>
   </div>
   <div class='ocr_carea' id='block_1_10' title="bbox 183 1078 1785 1152">
    <p class='ocr_par' dir='ltr' id='par_1_10' title="bbox 183 1078 1785 1152">
     <span class='ocr_line' id='line_1_10' title="bbox 183 1078 1785 1152; baseline -0.006 -14"><span class='ocrx_word' id='word_1_59' title='bbox 183 1093 523 1149; x_wconf 88' lang='lat' dir='ltr'><strong>sanctorum,</strong></span> <span class='ocrx_word' id='word_1_60' title='bbox 566 1096 732 1152; x_wconf 83' lang='lat' dir='ltr'><strong>Opere</strong></span> <span class='ocrx_word' id='word_1_61' title='bbox 758 1081 1232 1152; x_wconf 79' lang='lat' dir='ltr'><strong>construxi,quam</strong></span> <span class='ocrx_word' id='word_1_62' title='bbox 1265 1080 1331 1133; x_wconf 92' lang='lat' dir='ltr'><strong>ab</strong></span> <span class='ocrx_word' id='word_1_63' title='bbox 1358 1078 1631 1133; x_wconf 82' lang='lat' dir='ltr'><strong>extraneis</strong></span> <span class='ocrx_word' id='word_1_64' title='bbox 1663 1091 1785 1147; x_wconf 78' lang='lat' dir='ltr'><strong>per-</strong></span> 
     </span>
    </p>
   </div>
   <div class='ocr_carea' id='block_1_11' title="bbox 182 1170 1787 1247">
    <p class='ocr_par' dir='ltr' id='par_1_11' title="bbox 182 1170 1787 1247">
     <span class='ocr_line' id='line_1_11' title="bbox 182 1170 1787 1247; baseline -0.004 -17"><span class='ocrx_word' id='word_1_65' title='bbox 182 1178 337 1232; x_wconf 80' lang='lat' dir='ltr'><strong>sonis</strong></span> <span class='ocrx_word' id='word_1_66' title='bbox 378 1178 503 1232; x_wconf 88' lang='lat' dir='ltr'><strong>dato</strong></span> <span class='ocrx_word' id='word_1_67' title='bbox 536 1176 712 1247; x_wconf 88' lang='lat' dir='ltr'><strong>pretio</strong></span> <span class='ocrx_word' id='word_1_68' title='bbox 738 1174 1085 1245; x_wconf 85' lang='lat' dir='ltr'><strong>comparavi;</strong></span> <span class='ocrx_word' id='word_1_69' title='bbox 1128 1182 1184 1228; x_wconf 92' lang='lat' dir='ltr'><strong>et</strong></span> <span class='ocrx_word' id='word_1_70' title='bbox 1227 1173 1592 1242; x_wconf 87' lang='lat' dir='ltr'><strong>supplicamus</strong></span> <span class='ocrx_word' id='word_1_71' title='bbox 1643 1170 1787 1239; x_wconf 90' lang='lat' dir='ltr'><strong>ipsos</strong></span> 
     </span>
    </p>
   </div>
   <div class='ocr_carea' id='block_1_12' title="bbox 183 1261 1786 1335">
    <p class='ocr_par' dir='ltr' id='par_1_12' title="bbox 183 1261 1786 1335">
     <span class='ocr_line' id='line_1_12' title="bbox 183 1261 1786 1335; baseline -0.006 -15"><span class='ocrx_word' id='word_1_72' title='bbox 183 1266 387 1323; x_wconf 81' lang='lat' dir='ltr'><strong>fratres</strong></span> <span class='ocrx_word' id='word_1_73' title='bbox 417 1277 471 1321; x_wconf 89' lang='lat' dir='ltr'><strong>et</strong></span> <span class='ocrx_word' id='word_1_74' title='bbox 496 1274 735 1321; x_wconf 90' lang='lat' dir='ltr'><strong>rectores</strong></span> <span class='ocrx_word' id='word_1_75' title='bbox 764 1265 931 1335; x_wconf 89' lang='lat' dir='ltr'><strong>ipsius</strong></span> <span class='ocrx_word' id='word_1_76' title='bbox 960 1262 1273 1318; x_wconf 86' lang='lat' dir='ltr'><strong>monasterii</strong></span> <span class='ocrx_word' id='word_1_77' title='bbox 1302 1261 1476 1315; x_wconf 68' lang='lat' dir='ltr'><strong>Sithiu</strong></span> <span class='ocrx_word' id='word_1_78' title='bbox 1502 1268 1562 1314; x_wconf 92' lang='lat' dir='ltr'><strong>ut</strong></span> <span class='ocrx_word' id='word_1_79' title='bbox 1588 1302 1603 1322; x_wconf 88' lang='lat'><strong>,</strong></span> <span class='ocrx_word' id='word_1_80' title='bbox 1656 1274 1786 1329; x_wconf 88' lang='lat' dir='ltr'><strong>pro-</strong></span> 
     </span>
    </p>
   </div>
   <div class='ocr_carea' id='block_1_13' title="bbox 183 1349 1788 1425">
    <p class='ocr_par' dir='ltr' id='par_1_13' title="bbox 183 1349 1788 1425">
     <span class='ocr_line' id='line_1_13' title="bbox 183 1349 1788 1425; baseline -0.008 -13"><span class='ocrx_word' id='word_1_81' title='bbox 183 1366 310 1425; x_wconf 90' lang='lat' dir='ltr'><strong>pter</strong></span> <span class='ocrx_word' id='word_1_82' title='bbox 356 1357 641 1413; x_wconf 91' lang='lat' dir='ltr'><strong>Dominum</strong></span> <span class='ocrx_word' id='word_1_83' title='bbox 671 1364 725 1410; x_wconf 93' lang='lat' dir='ltr'><strong>et</strong></span> <span class='ocrx_word' id='word_1_84' title='bbox 751 1355 1054 1409; x_wconf 89' lang='lat' dir='ltr'><strong>mercedem</strong></span> <span class='ocrx_word' id='word_1_85' title='bbox 1088 1361 1325 1406; x_wconf 91' lang='lat' dir='ltr'><strong>nostram</strong></span> <span class='ocrx_word' id='word_1_86' title='bbox 1352 1349 1685 1413; x_wconf 80' lang='lat' dir='ltr'><strong>Iucrandam,</strong></span> <span class='ocrx_word' id='word_1_87' title='bbox 1727 1356 1788 1401; x_wconf 91' lang='lat' dir='ltr'><strong>ut</strong></span> 
     </span>
    </p>
   </div>
   <div class='ocr_carea' id='block_1_14' title="bbox 186 1437 1783 1514">
    <p class='ocr_par' dir='ltr' id='par_1_14' title="bbox 186 1437 1783 1514">
     <span class='ocr_line' id='line_1_14' title="bbox 186 1437 1783 1514; baseline -0.006 -15"><span class='ocrx_word' id='word_1_88' title='bbox 186 1448 305 1514; x_wconf 84' lang='lat' dir='ltr'><strong>ipsa</strong></span> <span class='ocrx_word' id='word_1_89' title='bbox 333 1446 467 1501; x_wconf 88' lang='lat' dir='ltr'><strong>cella</strong></span> <span class='ocrx_word' id='word_1_90' title='bbox 499 1460 661 1513; x_wconf 92' lang='lat' dir='ltr'><strong>quam</strong></span> <span class='ocrx_word' id='word_1_91' title='bbox 713 1443 909 1497; x_wconf 86' lang='lat' dir='ltr'><strong>ibidem</strong></span> <span class='ocrx_word' id='word_1_92' title='bbox 942 1441 1443 1500; x_wconf 82' lang='lat' dir='ltr'><strong>transﬁrmavimus,</strong></span> <span class='ocrx_word' id='word_1_93' title='bbox 1471 1438 1538 1492; x_wconf 90' lang='lat' dir='ltr'><strong>de</strong></span> <span class='ocrx_word' id='word_1_94' title='bbox 1581 1437 1783 1500; x_wconf 85' lang='lat' dir='ltr'><strong>missis,</strong></span> 
     </span>
    </p>
   </div>
   <div class='ocr_carea' id='block_1_15' title="bbox 184 1529 1788 1600">
    <p class='ocr_par' dir='ltr' id='par_1_15' title="bbox 184 1529 1788 1600">
     <span class='ocr_line' id='line_1_15' title="bbox 184 1529 1788 1600; baseline -0.006 -10"><span class='ocrx_word' id='word_1_95' title='bbox 184 1538 254 1591; x_wconf 88' lang='lat' dir='ltr'><strong>de</strong></span> <span class='ocrx_word' id='word_1_96' title='bbox 284 1551 465 1600; x_wconf 87' lang='lat' dir='ltr'><strong>curso,</strong></span> <span class='ocrx_word' id='word_1_97' title='bbox 490 1535 557 1590; x_wconf 91' lang='lat' dir='ltr'><strong>de</strong></span> <span class='ocrx_word' id='word_1_98' title='bbox 586 1533 902 1598; x_wconf 91' lang='lat' dir='ltr'><strong>Iuminariis,</strong></span> <span class='ocrx_word' id='word_1_99' title='bbox 937 1547 1119 1586; x_wconf 89' lang='lat' dir='ltr'><strong>curam</strong></span> <span class='ocrx_word' id='word_1_100' title='bbox 1178 1530 1377 1584; x_wconf 89' lang='lat' dir='ltr'><strong>habere</strong></span> <span class='ocrx_word' id='word_1_101' title='bbox 1405 1529 1693 1594; x_wconf 78' lang='lat' dir='ltr'><strong>studeant;</strong></span> <span class='ocrx_word' id='word_1_102' title='bbox 1734 1534 1788 1581; x_wconf 94' lang='lat' dir='ltr'><strong>et</strong></span> 
     </span>
    </p>
   </div>
   <div class='ocr_carea' id='block_1_16' title="bbox 184 1619 1787 1695">
    <p class='ocr_par' dir='ltr' id='par_1_16' title="bbox 184 1619 1787 1695">
     <span class='ocr_line' id='line_1_16' title="bbox 184 1619 1787 1695; baseline -0.006 -14"><span class='ocrx_word' id='word_1_103' title='bbox 184 1627 255 1681; x_wconf 88' lang='lat' dir='ltr'><strong>de</strong></span> <span class='ocrx_word' id='word_1_104' title='bbox 286 1626 591 1695; x_wconf 89' lang='lat' dir='ltr'><strong>hospitibus</strong></span> <span class='ocrx_word' id='word_1_105' title='bbox 614 1634 669 1680; x_wconf 91' lang='lat' dir='ltr'><strong>et</strong></span> <span class='ocrx_word' id='word_1_106' title='bbox 715 1623 1011 1694; x_wconf 86' lang='lat' dir='ltr'><strong>peregrinis</strong></span> <span class='ocrx_word' id='word_1_107' title='bbox 1039 1622 1355 1677; x_wconf 88' lang='lat' dir='ltr'><strong>cbaritatem</strong></span> <span class='ocrx_word' id='word_1_108' title='bbox 1382 1628 1436 1673; x_wconf 90' lang='lat' dir='ltr'><strong>et</strong></span> <span class='ocrx_word' id='word_1_109' title='bbox 1482 1619 1787 1674; x_wconf 83' lang='lat' dir='ltr'><strong>mercedem</strong></span> 
     </span>
    </p>
   </div>
   <div class='ocr_carea' id='block_1_17' title="bbox 185 1714 1787 1782">
    <p class='ocr_par' dir='ltr' id='par_1_17' title="bbox 185 1714 1787 1782">
     <span class='ocr_line' id='line_1_17' title="bbox 185 1714 1787 1782; baseline -0.006 -7"><span class='ocrx_word' id='word_1_110' title='bbox 185 1718 392 1775; x_wconf 78' lang='lat' dir='ltr'><strong>exinde</strong></span> <span class='ocrx_word' id='word_1_111' title='bbox 413 1718 614 1772; x_wconf 90' lang='lat' dir='ltr'><strong>habere</strong></span> <span class='ocrx_word' id='word_1_112' title='bbox 640 1718 875 1771; x_wconf 85' lang='lat' dir='ltr'><strong>debeant</strong></span> <span class='ocrx_word' id='word_1_113' title='bbox 902 1734 916 1768; x_wconf 88' lang='lat'><strong>:</strong></span> <span class='ocrx_word' id='word_1_114' title='bbox 950 1725 1128 1768; x_wconf 87' lang='lat' dir='ltr'><strong>tamen</strong></span> <span class='ocrx_word' id='word_1_115' title='bbox 1156 1714 1207 1768; x_wconf 91' lang='lat' dir='ltr'><strong>in</strong></span> <span class='ocrx_word' id='word_1_116' title='bbox 1238 1729 1300 1768; x_wconf 91' lang='lat' dir='ltr'><strong>ea</strong></span> <span class='ocrx_word' id='word_1_117' title='bbox 1333 1714 1563 1779; x_wconf 80' lang='lat' dir='ltr'><strong>ratione,</strong></span> <span class='ocrx_word' id='word_1_118' title='bbox 1595 1727 1787 1782; x_wconf 89' lang='lat' dir='ltr'><strong>qnam-</strong></span> 
     </span>
    </p>
   </div>
   <div class='ocr_carea' id='block_1_18' title="bbox 184 1806 1786 1879">
    <p class='ocr_par' dir='ltr' id='par_1_18' title="bbox 184 1806 1786 1879">
     <span class='ocr_line' id='line_1_18' title="bbox 184 1806 1786 1879; baseline -0.004 -14"><span class='ocrx_word' id='word_1_119' title='bbox 184 1810 283 1865; x_wconf 89' lang='lat' dir='ltr'><strong>diu</strong></span> <span class='ocrx_word' id='word_1_120' title='bbox 310 1824 412 1879; x_wconf 81' lang='lat' dir='ltr'><strong>ego</strong></span> <span class='ocrx_word' id='word_1_121' title='bbox 466 1810 517 1863; x_wconf 92' lang='lat' dir='ltr'><strong>in</strong></span> <span class='ocrx_word' id='word_1_122' title='bbox 547 1809 650 1865; x_wconf 88' lang='lat' dir='ltr'><strong>hoc</strong></span> <span class='ocrx_word' id='word_1_123' title='bbox 676 1808 881 1872; x_wconf 90' lang='lat' dir='ltr'><strong>seculo,</strong></span> <span class='ocrx_word' id='word_1_124' title='bbox 914 1807 1129 1861; x_wconf 85' lang='lat' dir='ltr'><strong>Christo</strong></span> <span class='ocrx_word' id='word_1_125' title='bbox 1176 1806 1414 1875; x_wconf 87' lang='lat' dir='ltr'><strong>pr0pitio</strong></span> <span class='ocrx_word' id='word_1_126' title='bbox 1437 1845 1452 1869; x_wconf 97' lang='lat'><strong>,</strong></span> <span class='ocrx_word' id='word_1_127' title='bbox 1503 1806 1786 1869; x_wconf 90' lang='lat' dir='ltr'><strong>advivero,</strong></span> 
     </span>
    </p>
   </div>
   <div class='ocr_carea' id='block_1_19' title="bbox 1894 624 3490 695">
    <p class='ocr_par' dir='ltr' id='par_1_19' title="bbox 1894 624 3490 695">
     <span class='ocr_line' id='line_1_19' title="bbox 1894 624 3490 695; baseline 0.002 -16"><span class='ocrx_word' id='word_1_128' title='bbox 1894 625 1979 680; x_wconf 91' lang='lat' dir='ltr'><strong>vel</strong></span> <span class='ocrx_word' id='word_1_129' title='bbox 2022 635 2244 681; x_wconf 79' lang='lat' dir='ltr'><strong>sanctae</strong></span> <span class='ocrx_word' id='word_1_130' title='bbox 2275 624 2475 680; x_wconf 80' lang='lat' dir='ltr'><strong>Mariae</strong></span> <span class='ocrx_word' id='word_1_131' title='bbox 2501 625 2791 694; x_wconf 83' lang='lat' dir='ltr'><strong>genetricis</strong></span> <span class='ocrx_word' id='word_1_132' title='bbox 2820 625 3028 680; x_wconf 86' lang='lat' dir='ltr'><strong>domini</strong></span> <span class='ocrx_word' id='word_1_133' title='bbox 3062 626 3229 680; x_wconf 75' lang='lat' dir='ltr'><strong>nostri</strong></span> <span class='ocrx_word' id='word_1_134' title='bbox 3258 626 3353 680; x_wconf 91' lang='lat' dir='ltr'><strong>lbu</strong></span> <span class='ocrx_word' id='word_1_135' title='bbox 3384 626 3490 695; x_wconf 74' lang='lat' dir='ltr'><strong>Xpi</strong></span> 
     </span>
    </p>
   </div>
   <div class='ocr_carea' id='block_1_20' title="bbox 1893 716 3488 786">
    <p class='ocr_par' dir='ltr' id='par_1_20' title="bbox 1893 716 3488 786">
     <span class='ocr_line' id='line_1_20' title="bbox 1893 716 3488 786; baseline 0.001 -16"><span class='ocrx_word' id='word_1_136' title='bbox 1893 717 1976 772; x_wconf 88' lang='lat' dir='ltr'><strong>vel</strong></span> <span class='ocrx_word' id='word_1_137' title='bbox 2005 725 2312 771; x_wconf 90' lang='lat' dir='ltr'><strong>ceterorum</strong></span> <span class='ocrx_word' id='word_1_138' title='bbox 2343 726 2656 771; x_wconf 89' lang='lat' dir='ltr'><strong>sanctorum</strong></span> <span class='ocrx_word' id='word_1_139' title='bbox 2700 716 2790 771; x_wconf 91' lang='lat' dir='ltr'><strong>vili</strong></span> <span class='ocrx_word' id='word_1_140' title='bbox 2817 732 2982 786; x_wconf 89' lang='lat' dir='ltr'><strong>opere</strong></span> <span class='ocrx_word' id='word_1_141' title='bbox 3003 718 3301 783; x_wconf 87' lang='lat' dir='ltr'><strong>construxi,</strong></span> <span class='ocrx_word' id='word_1_142' title='bbox 3326 732 3488 786; x_wconf 84' lang='lat' dir='ltr'><strong>quam</strong></span> 
     </span>
    </p>
   </div>
   <div class='ocr_carea' id='block_1_21' title="bbox 1892 806 3491 877">
    <p class='ocr_par' dir='ltr' id='par_1_21' title="bbox 1892 806 3491 877">
     <span class='ocr_line' id='line_1_21' title="bbox 1892 806 3491 877; baseline -0.001 -16"><span class='ocrx_word' id='word_1_143' title='bbox 1892 808 1959 862; x_wconf 90' lang='lat' dir='ltr'><strong>ab</strong></span> <span class='ocrx_word' id='word_1_144' title='bbox 1987 808 2259 862; x_wconf 82' lang='lat' dir='ltr'><strong>extraneis</strong></span> <span class='ocrx_word' id='word_1_145' title='bbox 2285 807 2535 877; x_wconf 89' lang='lat' dir='ltr'><strong>personis</strong></span> <span class='ocrx_word' id='word_1_146' title='bbox 2557 807 2683 862; x_wconf 90' lang='lat' dir='ltr'><strong>dato</strong></span> <span class='ocrx_word' id='word_1_147' title='bbox 2714 807 2898 877; x_wconf 88' lang='lat' dir='ltr'><strong>precio</strong></span> <span class='ocrx_word' id='word_1_148' title='bbox 2925 806 3236 875; x_wconf 88' lang='lat' dir='ltr'><strong>comparavi</strong></span> <span class='ocrx_word' id='word_1_149' title='bbox 3264 850 3277 870; x_wconf 91' lang='lat'><strong>,</strong></span> <span class='ocrx_word' id='word_1_150' title='bbox 3320 806 3389 860; x_wconf 82' lang='lat' dir='ltr'><strong>ita</strong></span> <span class='ocrx_word' id='word_1_151' title='bbox 3434 816 3491 860; x_wconf 94' lang='lat' dir='ltr'><strong>ut</strong></span> 
     </span>
    </p>
   </div>
   <div class='ocr_carea' id='block_1_22' title="bbox 1892 896 3487 971">
    <p class='ocr_par' dir='ltr' id='par_1_22' title="bbox 1892 896 3487 971">
     <span class='ocr_line' id='line_1_22' title="bbox 1892 896 3487 971; baseline -0.002 -17"><span class='ocrx_word' id='word_1_152' title='bbox 1892 900 2018 955; x_wconf 89' lang='lat' dir='ltr'><strong>mihi</strong></span> <span class='ocrx_word' id='word_1_153' title='bbox 2043 897 2250 971; x_wconf 78' lang='lat' dir='ltr'><strong>[michi]</strong></span> <span class='ocrx_word' id='word_1_154' title='bbox 2274 898 2624 969; x_wconf 82' lang='lat' dir='ltr'><strong>cumplacuit,</strong></span> <span class='ocrx_word' id='word_1_155' title='bbox 2650 899 2701 951; x_wconf 91' lang='lat' dir='ltr'><strong>in</strong></span> <span class='ocrx_word' id='word_1_156' title='bbox 2736 899 2841 952; x_wconf 69' lang='lat' dir='ltr'><strong>tale</strong></span> <span class='ocrx_word' id='word_1_157' title='bbox 2860 898 3067 953; x_wconf 89' lang='lat' dir='ltr'><strong>ratione</strong></span> <span class='ocrx_word' id='word_1_158' title='bbox 3094 897 3208 970; x_wconf 92' lang='lat' dir='ltr'><strong>[tali</strong></span> <span class='ocrx_word' id='word_1_159' title='bbox 3234 896 3487 968; x_wconf 83' lang='lat' dir='ltr'><strong>ratione],</strong></span> 
     </span>
    </p>
   </div>
   <div class='ocr_carea' id='block_1_23' title="bbox 1893 988 3490 1060">
    <p class='ocr_par' dir='ltr' id='par_1_23' title="bbox 1893 988 3490 1060">
     <span class='ocr_line' id='line_1_23' title="bbox 1893 988 3490 1060; baseline -0.001 -15"><span class='ocrx_word' id='word_1_160' title='bbox 1893 1000 1950 1046; x_wconf 92' lang='lat' dir='ltr'><strong>ut</strong></span> <span class='ocrx_word' id='word_1_161' title='bbox 1977 990 2045 1046; x_wconf 93' lang='lat' dir='ltr'><strong>ad</strong></span> <span class='ocrx_word' id='word_1_162' title='bbox 2071 992 2246 1060; x_wconf 85' lang='lat' dir='ltr'><strong>ipsum</strong></span> <span class='ocrx_word' id='word_1_163' title='bbox 2278 990 2660 1045; x_wconf 80' lang='lat' dir='ltr'><strong>monasterium</strong></span> <span class='ocrx_word' id='word_1_164' title='bbox 2690 988 2861 1043; x_wconf 85' lang='lat' dir='ltr'><strong>Sitdiu</strong></span> <span class='ocrx_word' id='word_1_165' title='bbox 2893 989 2958 1043; x_wconf 90' lang='lat' dir='ltr'><strong>ad</strong></span> <span class='ocrx_word' id='word_1_166' title='bbox 2984 1003 3121 1059; x_wconf 90' lang='lat' dir='ltr'><strong>opus</strong></span> <span class='ocrx_word' id='word_1_167' title='bbox 3141 989 3313 1044; x_wconf 85' lang='lat' dir='ltr'><strong>sancti</strong></span> <span class='ocrx_word' id='word_1_168' title='bbox 3344 988 3490 1044; x_wconf 77' lang='lat' dir='ltr'><strong>Petri</strong></span> 
     </span>
    </p>
   </div>
   <div class='ocr_carea' id='block_1_24' title="bbox 1885 1078 3489 1153">
    <p class='ocr_par' dir='ltr' id='par_1_24' title="bbox 1885 1078 3489 1153">
     <span class='ocr_line' id='line_1_24' title="bbox 1885 1078 3489 1153; baseline -0.003 -15"><span class='ocrx_word' id='word_1_169' title='bbox 1885 1084 1997 1153; x_wconf 90' lang='lat' dir='ltr'><strong>jam</strong></span> <span class='ocrx_word' id='word_1_170' title='bbox 2040 1082 2186 1138; x_wconf 88' lang='lat' dir='ltr'><strong>dicta</strong></span> <span class='ocrx_word' id='word_1_171' title='bbox 2215 1082 2349 1137; x_wconf 82' lang='lat' dir='ltr'><strong>cella</strong></span> <span class='ocrx_word' id='word_1_172' title='bbox 2376 1096 2497 1135; x_wconf 89' lang='lat' dir='ltr'><strong>cum</strong></span> <span class='ocrx_word' id='word_1_173' title='bbox 2527 1081 2674 1136; x_wconf 90' lang='lat' dir='ltr'><strong>omni</strong></span> <span class='ocrx_word' id='word_1_174' title='bbox 2704 1079 3009 1147; x_wconf 71' lang='lat' dir='ltr'><strong>integritate</strong></span> <span class='ocrx_word' id='word_1_175' title='bbox 3036 1080 3119 1134; x_wconf 89' lang='lat' dir='ltr'><strong>vel</strong></span> <span class='ocrx_word' id='word_1_176' title='bbox 3140 1080 3412 1135; x_wconf 87' lang='lat' dir='ltr'><strong>soliditate</strong></span> <span class='ocrx_word' id='word_1_177' title='bbox 3434 1078 3489 1133; x_wconf 93' lang='lat' dir='ltr'><strong>in</strong></span> 
     </span>
    </p>
   </div>
   <div class='ocr_carea' id='block_1_25' title="bbox 1890 1170 3490 1247">
    <p class='ocr_par' dir='ltr' id='par_1_25' title="bbox 1890 1170 3490 1247">
     <span class='ocr_line' id='line_1_25' title="bbox 1890 1170 3490 1247; baseline -0.006 -13"><span class='ocrx_word' id='word_1_178' title='bbox 1890 1194 1951 1234; x_wconf 91' lang='lat' dir='ltr'><strong>se</strong></span> <span class='ocrx_word' id='word_1_179' title='bbox 1976 1175 2291 1247; x_wconf 88' lang='lat' dir='ltr'><strong>aspicientia</strong></span> <span class='ocrx_word' id='word_1_180' title='bbox 2319 1175 2398 1229; x_wconf 85' lang='lat' dir='ltr'><strong>vel</strong></span> <span class='ocrx_word' id='word_1_181' title='bbox 2423 1174 2745 1245; x_wconf 88' lang='lat' dir='ltr'><strong>pertinentia</strong></span> <span class='ocrx_word' id='word_1_182' title='bbox 2772 1173 2968 1227; x_wconf 79' lang='lat' dir='ltr'><strong>ibidem</strong></span> <span class='ocrx_word' id='word_1_183' title='bbox 2990 1170 3244 1241; x_wconf 79' lang='lat' dir='ltr'><strong>delegare</strong></span> <span class='ocrx_word' id='word_1_184' title='bbox 3263 1172 3490 1227; x_wconf 88' lang='lat' dir='ltr'><strong>debere-</strong></span> 
     </span>
    </p>
   </div>
   <div class='ocr_carea' id='block_1_26' title="bbox 1889 1263 3492 1339">
    <p class='ocr_par' dir='ltr' id='par_1_26' title="bbox 1889 1263 3492 1339">
     <span class='ocr_line' id='line_1_26' title="bbox 1889 1263 3492 1339; baseline -0.004 -14"><span class='ocrx_word' id='word_1_185' title='bbox 1889 1286 2044 1338; x_wconf 89' lang='lat' dir='ltr'><strong>mus,</strong></span> <span class='ocrx_word' id='word_1_186' title='bbox 2085 1267 2235 1339; x_wconf 90' lang='lat' dir='ltr'><strong>quod</strong></span> <span class='ocrx_word' id='word_1_187' title='bbox 2265 1268 2337 1323; x_wconf 90' lang='lat' dir='ltr'><strong>ita</strong></span> <span class='ocrx_word' id='word_1_188' title='bbox 2368 1276 2423 1322; x_wconf 88' lang='lat' dir='ltr'><strong>et</strong></span> <span class='ocrx_word' id='word_1_189' title='bbox 2446 1266 2687 1330; x_wconf 83' lang='lat' dir='ltr'><strong>fecimus,</strong></span> <span class='ocrx_word' id='word_1_190' title='bbox 2719 1265 2785 1320; x_wconf 85' lang='lat' dir='ltr'><strong>ad</strong></span> <span class='ocrx_word' id='word_1_191' title='bbox 2812 1266 3076 1333; x_wconf 85' lang='lat' dir='ltr'><strong>integrum</strong></span> <span class='ocrx_word' id='word_1_192' title='bbox 3101 1263 3492 1334; x_wconf 88' lang='lat' dir='ltr'><strong>perpetualiter</strong></span> 
     </span>
    </p>
   </div>
   <div class='ocr_carea' id='block_1_27' title="bbox 1889 1358 3492 1434">
    <p class='ocr_par' dir='ltr' id='par_1_27' title="bbox 1889 1358 3492 1434">
     <span class='ocr_line' id='line_1_27' title="bbox 1889 1358 3492 1434; baseline -0.004 -16"><span class='ocrx_word' id='word_1_193' title='bbox 1889 1365 1955 1418; x_wconf 91' lang='lat' dir='ltr'><strong>ad</strong></span> <span class='ocrx_word' id='word_1_194' title='bbox 2002 1362 2409 1434; x_wconf 88' lang='lat' dir='ltr'><strong>possidendum,</strong></span> <span class='ocrx_word' id='word_1_195' title='bbox 2440 1370 2498 1415; x_wconf 93' lang='lat' dir='ltr'><strong>ut</strong></span> <span class='ocrx_word' id='word_1_196' title='bbox 2542 1359 2739 1414; x_wconf 87' lang='lat' dir='ltr'><strong>ibidem</strong></span> <span class='ocrx_word' id='word_1_197' title='bbox 2790 1360 3012 1429; x_wconf 89' lang='lat' dir='ltr'><strong>aspiciat</strong></span> <span class='ocrx_word' id='word_1_198' title='bbox 3055 1369 3111 1415; x_wconf 88' lang='lat' dir='ltr'><strong>et</strong></span> <span class='ocrx_word' id='word_1_199' title='bbox 3138 1358 3381 1428; x_wconf 87' lang='lat' dir='ltr'><strong>subjecta</strong></span> <span class='ocrx_word' id='word_1_200' title='bbox 3420 1358 3492 1412; x_wconf 87' lang='lat' dir='ltr'><strong>sit</strong></span> 
     </span>
    </p>
   </div>
   <div class='ocr_carea' id='block_1_28' title="bbox 1890 1449 3491 1527">
    <p class='ocr_par' dir='ltr' id='par_1_28' title="bbox 1890 1449 3491 1527">
     <span class='ocr_line' id='line_1_28' title="bbox 1890 1449 3491 1527; baseline -0.008 -12"><span class='ocrx_word' id='word_1_201' title='bbox 1890 1460 2038 1515; x_wconf 85' lang='lat' dir='ltr'><strong>omni</strong></span> <span class='ocrx_word' id='word_1_202' title='bbox 2064 1466 2329 1527; x_wconf 90' lang='lat' dir='ltr'><strong>tempore,</strong></span> <span class='ocrx_word' id='word_1_203' title='bbox 2356 1471 2461 1509; x_wconf 90' lang='lat' dir='ltr'><strong>una</strong></span> <span class='ocrx_word' id='word_1_204' title='bbox 2490 1471 2614 1511; x_wconf 89' lang='lat' dir='ltr'><strong>cmn</strong></span> <span class='ocrx_word' id='word_1_205' title='bbox 2645 1454 2823 1517; x_wconf 88' lang='lat' dir='ltr'><strong>terris,</strong></span> <span class='ocrx_word' id='word_1_206' title='bbox 2860 1455 3082 1517; x_wconf 84' lang='lat' dir='ltr'><strong>mansis,</strong></span> <span class='ocrx_word' id='word_1_207' title='bbox 3107 1453 3268 1516; x_wconf 86' lang='lat' dir='ltr'><strong>casis,</strong></span> <span class='ocrx_word' id='word_1_208' title='bbox 3302 1449 3491 1507; x_wconf 81' lang='lat' dir='ltr'><strong>aediﬁ-</strong></span> 
     </span>
    </p>
   </div>
   <div class='ocr_carea' id='block_1_29' title="bbox 1891 1544 3490 1617">
    <p class='ocr_par' dir='ltr' id='par_1_29' title="bbox 1891 1544 3490 1617">
     <span class='ocr_line' id='line_1_29' title="bbox 1891 1544 3490 1617; baseline -0.004 -12"><span class='ocrx_word' id='word_1_209' title='bbox 1891 1552 2008 1616; x_wconf 90' lang='lat' dir='ltr'><strong>ciis,</strong></span> <span class='ocrx_word' id='word_1_210' title='bbox 2033 1549 2313 1617; x_wconf 88' lang='lat' dir='ltr'><strong>mancipiis</strong></span> <span class='ocrx_word' id='word_1_211' title='bbox 2340 1556 2447 1600; x_wconf 88' lang='lat' dir='ltr'><strong>tam</strong></span> <span class='ocrx_word' id='word_1_212' title='bbox 2496 1547 2739 1615; x_wconf 89' lang='lat' dir='ltr'><strong>ingenuis</strong></span> <span class='ocrx_word' id='word_1_213' title='bbox 2768 1561 2927 1615; x_wconf 86' lang='lat' dir='ltr'><strong>quam</strong></span> <span class='ocrx_word' id='word_1_214' title='bbox 2952 1553 3006 1599; x_wconf 89' lang='lat' dir='ltr'><strong>et</strong></span> <span class='ocrx_word' id='word_1_215' title='bbox 3034 1544 3221 1607; x_wconf 87' lang='lat' dir='ltr'><strong>servis,</strong></span> <span class='ocrx_word' id='word_1_216' title='bbox 3252 1558 3373 1598; x_wconf 80' lang='lat' dir='ltr'><strong>eum</strong></span> <span class='ocrx_word' id='word_1_217' title='bbox 3403 1557 3490 1598; x_wconf 87' lang='lat' dir='ltr'><strong>re-</strong></span> 
     </span>
    </p>
   </div>
   <div class='ocr_carea' id='block_1_30' title="bbox 1892 1632 3489 1711">
    <p class='ocr_par' dir='ltr' id='par_1_30' title="bbox 1892 1632 3489 1711">
     <span class='ocr_line' id='line_1_30' title="bbox 1892 1632 3489 1711; baseline -0.006 -16"><span class='ocrx_word' id='word_1_218' title='bbox 1892 1642 2035 1711; x_wconf 90' lang='lat' dir='ltr'><strong>liqua</strong></span> <span class='ocrx_word' id='word_1_219' title='bbox 2058 1638 2411 1710; x_wconf 88' lang='lat' dir='ltr'><strong>plenitudine,</strong></span> <span class='ocrx_word' id='word_1_220' title='bbox 2439 1635 2703 1701; x_wconf 88' lang='lat' dir='ltr'><strong>videlicet,</strong></span> <span class='ocrx_word' id='word_1_221' title='bbox 2735 1635 2957 1705; x_wconf 87' lang='lat' dir='ltr'><strong>campis,</strong></span> <span class='ocrx_word' id='word_1_222' title='bbox 2990 1634 3159 1699; x_wconf 86' lang='lat' dir='ltr'><strong>silvis,</strong></span> <span class='ocrx_word' id='word_1_223' title='bbox 3186 1632 3375 1701; x_wconf 81' lang='lat' dir='ltr'><strong>pratis,</strong></span> <span class='ocrx_word' id='word_1_224' title='bbox 3396 1648 3489 1702; x_wconf 90' lang='lat' dir='ltr'><strong>pa-</strong></span> 
     </span>
    </p>
   </div>
   <div class='ocr_carea' id='block_1_31' title="bbox 1891 1726 3490 1803">
    <p class='ocr_par' dir='ltr' id='par_1_31' title="bbox 1891 1726 3490 1803">
     <span class='ocr_line' id='line_1_31' title="bbox 1891 1726 3490 1803; baseline -0.006 -15"><span class='ocrx_word' id='word_1_225' title='bbox 1891 1734 2053 1799; x_wconf 89' lang='lat' dir='ltr'><strong>scuis,</strong></span> <span class='ocrx_word' id='word_1_226' title='bbox 2083 1732 2238 1803; x_wconf 90' lang='lat' dir='ltr'><strong>aquis</strong></span> <span class='ocrx_word' id='word_1_227' title='bbox 2264 1744 2593 1800; x_wconf 89' lang='lat' dir='ltr'><strong>aquarumve</strong></span> <span class='ocrx_word' id='word_1_228' title='bbox 2632 1729 2966 1791; x_wconf 90' lang='lat' dir='ltr'><strong>decursibus,</strong></span> <span class='ocrx_word' id='word_1_229' title='bbox 3002 1726 3291 1789; x_wconf 87' lang='lat' dir='ltr'><strong>farinariis,</strong></span> <span class='ocrx_word' id='word_1_230' title='bbox 3323 1740 3490 1794; x_wconf 90' lang='lat' dir='ltr'><strong>pecu-</strong></span> 
     </span>
    </p>
   </div>
   <div class='ocr_carea' id='block_1_32' title="bbox 1893 1818 3492 1895">
    <p class='ocr_par' dir='ltr' id='par_1_32' title="bbox 1893 1818 3492 1895">
     <span class='ocr_line' id='line_1_32' title="bbox 1893 1818 3492 1895; baseline -0.006 -14"><span class='ocrx_word' id='word_1_231' title='bbox 1893 1828 1997 1888; x_wconf 87' lang='lat' dir='ltr'><strong>liis,</strong></span> <span class='ocrx_word' id='word_1_232' title='bbox 2026 1823 2326 1895; x_wconf 87' lang='lat' dir='ltr'><strong>praesidiis,</strong></span> <span class='ocrx_word' id='word_1_233' title='bbox 2361 1822 2654 1877; x_wconf 89' lang='lat' dir='ltr'><strong>mobilibus</strong></span> <span class='ocrx_word' id='word_1_234' title='bbox 2682 1828 2737 1875; x_wconf 91' lang='lat' dir='ltr'><strong>et</strong></span> <span class='ocrx_word' id='word_1_235' title='bbox 2779 1819 3172 1882; x_wconf 78' lang='lat' dir='ltr'><strong>immobilibus;</strong></span> <span class='ocrx_word' id='word_1_236' title='bbox 3215 1818 3395 1873; x_wconf 87' lang='lat' dir='ltr'><strong>omnia</strong></span> <span class='ocrx_word' id='word_1_237' title='bbox 3435 1826 3492 1872; x_wconf 89' lang='lat' dir='ltr'><strong>et</strong></span> 
     </span>
    </p>
   </div>
   <div class='ocr_carea' id='block_1_33' title="bbox 187 1894 3485 1981">
    <p class='ocr_par' dir='ltr' id='par_1_33' title="bbox 187 1894 3485 1981">
     <span class='ocr_line' id='line_1_33' title="bbox 187 1894 3485 1981; baseline 0.003 -28"><span class='ocrx_word' id='word_1_238' title='bbox 187 1900 362 1968; x_wconf 87' lang='lat' dir='ltr'><strong>ipsam</strong></span> <span class='ocrx_word' id='word_1_239' title='bbox 386 1897 576 1953; x_wconf 87' lang='lat' dir='ltr'><strong>cellam</strong></span> <span class='ocrx_word' id='word_1_240' title='bbox 607 1896 866 1951; x_wconf 89' lang='lat' dir='ltr'><strong>usualiter</strong></span> <span class='ocrx_word' id='word_1_241' title='bbox 886 1911 985 1965; x_wconf 93' lang='lat' dir='ltr'><strong>pro</strong></span> <span class='ocrx_word' id='word_1_242' title='bbox 1007 1897 1269 1951; x_wconf 79' lang='lat' dir='ltr'><strong>beneficio</strong></span> <span class='ocrx_word' id='word_1_243' title='bbox 1293 1895 1457 1966; x_wconf 91' lang='lat' dir='ltr'><strong>ipsius</strong></span> <span class='ocrx_word' id='word_1_244' title='bbox 1476 1894 1787 1950; x_wconf 81' lang='lat' dir='ltr'><strong>monasterii</strong></span> <span class='ocrx_word' id='word_1_245' title='bbox 1823 1896 1866 1953; x_wconf 82' lang='grc' dir='ltr'><strong>Β</strong></span> <span class='ocrx_word' id='word_1_246' title='bbox 1894 1932 1961 1971; x_wconf 66' lang='grc' dir='ltr'><strong>εχ</strong></span> <span class='ocrx_word' id='word_1_247' title='bbox 1991 1894 2239 1971; x_wconf 55' lang='lat' dir='ltr'><strong>omnibus</strong></span> <span class='ocrx_word' id='word_1_248' title='bbox 2266 1930 2379 1970; x_wconf 60' lang='lat' dir='ltr'><strong>rem</strong></span> <span class='ocrx_word' id='word_1_249' title='bbox 2413 1914 2815 1981; x_wconf 72' lang='lat' dir='ltr'><strong>inexquisitam,</strong></span> <span class='ocrx_word' id='word_1_250' title='bbox 2848 1910 3101 1980; x_wconf 83' lang='lat' dir='ltr'><strong>quicquid</strong></span> <span class='ocrx_word' id='word_1_251' title='bbox 3128 1909 3232 1964; x_wconf 88' lang='lat' dir='ltr'><strong>dici</strong></span> <span class='ocrx_word' id='word_1_252' title='bbox 3262 1909 3345 1964; x_wconf 85' lang='lat' dir='ltr'><strong>vel</strong></span> <span class='ocrx_word' id='word_1_253' title='bbox 3384 1924 3485 1963; x_wconf 89' lang='lat' dir='ltr'><strong>no-</strong></span> 
     </span>
    </p>
   </div>
   <div class='ocr_carea' id='block_1_34' title="bbox 188 1988 1783 2058">
    <p class='ocr_par' dir='ltr' id='par_1_34' title="bbox 188 1988 1783 2058">
     <span class='ocr_line' id='line_1_34' title="bbox 188 1988 1783 2058; baseline -0.002 -15"><span class='ocrx_word' id='word_1_254' title='bbox 188 1990 325 2043; x_wconf 80' lang='lat' dir='ltr'><strong>milii</strong></span> <span class='ocrx_word' id='word_1_255' title='bbox 349 1990 508 2043; x_wconf 91' lang='lat' dir='ltr'><strong>liceat</strong></span> <span class='ocrx_word' id='word_1_256' title='bbox 534 1990 830 2058; x_wconf 83' lang='lat' dir='ltr'><strong>possidere.</strong></span> <span class='ocrx_word' id='word_1_257' title='bbox 869 1990 1056 2043; x_wconf 83' lang='lat' dir='ltr'><strong>Actum</strong></span> <span class='ocrx_word' id='word_1_258' title='bbox 1089 1988 1264 2042; x_wconf 88' lang='lat' dir='ltr'><strong>Sitbiu</strong></span> <span class='ocrx_word' id='word_1_259' title='bbox 1307 1989 1655 2051; x_wconf 90' lang='lat' dir='ltr'><strong>monasterio,</strong></span> <span class='ocrx_word' id='word_1_260' title='bbox 1682 2003 1783 2056; x_wconf 83' lang='lat' dir='ltr'><strong>pu-</strong></span> 
     </span>
    </p>
   </div>
   <div class='ocr_carea' id='block_1_35' title="bbox 188 2080 1787 2151">
    <p class='ocr_par' dir='ltr' id='par_1_35' title="bbox 188 2080 1787 2151">
     <span class='ocr_line' id='line_1_35' title="bbox 188 2080 1787 2151; baseline -0.002 -15"><span class='ocrx_word' id='word_1_261' title='bbox 188 2082 354 2149; x_wconf 85' lang='lat' dir='ltr'><strong>blice,</strong></span> <span class='ocrx_word' id='word_1_262' title='bbox 385 2082 531 2150; x_wconf 83' lang='lat' dir='ltr'><strong>xviiij</strong></span> <span class='ocrx_word' id='word_1_263' title='bbox 564 2082 667 2137; x_wconf 90' lang='lat' dir='ltr'><strong>cal.</strong></span> <span class='ocrx_word' id='word_1_264' title='bbox 687 2082 932 2151; x_wconf 84' lang='lat' dir='ltr'><strong>Augusti,</strong></span> <span class='ocrx_word' id='word_1_265' title='bbox 966 2097 1108 2135; x_wconf 91' lang='lat' dir='ltr'><strong>anno</strong></span> <span class='ocrx_word' id='word_1_266' title='bbox 1130 2082 1184 2149; x_wconf 88' lang='lat' dir='ltr'><strong>iij</strong></span> <span class='ocrx_word' id='word_1_267' title='bbox 1210 2083 1358 2149; x_wconf 80' lang='lat' dir='ltr'><strong>regni</strong></span> <span class='ocrx_word' id='word_1_268' title='bbox 1388 2081 1593 2135; x_wconf 89' lang='lat' dir='ltr'><strong>domini</strong></span> <span class='ocrx_word' id='word_1_269' title='bbox 1616 2080 1787 2135; x_wconf 91' lang='lat' dir='ltr'><strong>nostri</strong></span> 
     </span>
    </p>
   </div>
   <div class='ocr_carea' id='block_1_36' title="bbox 190 2172 1786 2243">
    <p class='ocr_par' dir='ltr' id='par_1_36' title="bbox 190 2172 1786 2243">
     <span class='ocr_line' id='line_1_36' title="bbox 190 2172 1786 2243; baseline -0.001 -16"><span class='ocrx_word' id='word_1_270' title='bbox 190 2173 448 2227; x_wconf 85' lang='lat' dir='ltr'><strong>llilderici</strong></span> <span class='ocrx_word' id='word_1_271' title='bbox 470 2174 691 2243; x_wconf 71' lang='lat' dir='ltr'><strong>gloriosi</strong></span> <span class='ocrx_word' id='word_1_272' title='bbox 718 2173 877 2241; x_wconf 87' lang='lat' dir='ltr'><strong>regis.</strong></span> <span class='ocrx_word' id='word_1_273' title='bbox 911 2172 1020 2241; x_wconf 86' lang='lat' dir='ltr'><strong>Ego</strong></span> <span class='ocrx_word' id='word_1_274' title='bbox 1044 2173 1191 2228; x_wconf 80' lang='lat' dir='ltr'><strong>Felix</strong></span> <span class='ocrx_word' id='word_1_275' title='bbox 1225 2174 1325 2228; x_wconf 90' lang='lat' dir='ltr'><strong>hoc</strong></span> <span class='ocrx_word' id='word_1_276' title='bbox 1352 2182 1725 2227; x_wconf 88' lang='lat' dir='ltr'><strong>testamentum</strong></span> <span class='ocrx_word' id='word_1_277' title='bbox 1757 2189 1786 2226; x_wconf 89' lang='lat' dir='ltr'><strong>a</strong></span> 
     </span>
    </p>
   </div>
   <div class='ocr_carea' id='block_1_37' title="bbox 186 2267 1788 2337">
    <p class='ocr_par' dir='ltr' id='par_1_37' title="bbox 186 2267 1788 2337">
     <span class='ocr_line' id='line_1_37' title="bbox 186 2267 1788 2337; baseline 0.001 -16"><span class='ocrx_word' id='word_1_278' title='bbox 186 2283 281 2323; x_wconf 89' lang='lat' dir='ltr'><strong>me</strong></span> <span class='ocrx_word' id='word_1_279' title='bbox 311 2268 509 2323; x_wconf 88' lang='lat' dir='ltr'><strong>factmn</strong></span> <span class='ocrx_word' id='word_1_280' title='bbox 549 2268 713 2336; x_wconf 85' lang='lat' dir='ltr'><strong>relegi</strong></span> <span class='ocrx_word' id='word_1_281' title='bbox 744 2277 800 2323; x_wconf 90' lang='lat' dir='ltr'><strong>et</strong></span> <span class='ocrx_word' id='word_1_282' title='bbox 826 2268 1137 2337; x_wconf 82' lang='lat' dir='ltr'><strong>subscripsi.</strong></span> <span class='ocrx_word' id='word_1_283' title='bbox 1189 2267 1245 2323; x_wconf 90' lang='lat' dir='ltr'><strong>S.</strong></span> <span class='ocrx_word' id='word_1_284' title='bbox 1291 2267 1638 2337; x_wconf 71' lang='lat' dir='ltr'><strong>Cbrogilgarii</strong></span> <span class='ocrx_word' id='word_1_285' title='bbox 1671 2267 1788 2322; x_wconf 82' lang='lat' dir='ltr'><strong>illu-</strong></span> 
     </span>
    </p>
   </div>
   <div class='ocr_carea' id='block_1_38' title="bbox 185 2358 1785 2415">
    <p class='ocr_par' dir='ltr' id='par_1_38' title="bbox 185 2358 1785 2415">
     <span class='ocr_line' id='line_1_38' title="bbox 185 2358 1785 2415; baseline -0.001 -1"><span class='ocrx_word' id='word_1_286' title='bbox 185 2359 338 2414; x_wconf 85' lang='lat' dir='ltr'><strong>stris.</strong></span> <span class='ocrx_word' id='word_1_287' title='bbox 374 2360 429 2414; x_wconf 90' lang='lat' dir='ltr'><strong>S.</strong></span> <span class='ocrx_word' id='word_1_288' title='bbox 461 2358 745 2414; x_wconf 84' lang='lat' dir='ltr'><strong>Rimberti.</strong></span> <span class='ocrx_word' id='word_1_289' title='bbox 776 2359 832 2415; x_wconf 92' lang='lat' dir='ltr'><strong>S.</strong></span> <span class='ocrx_word' id='word_1_290' title='bbox 865 2358 1111 2415; x_wconf 88' lang='lat' dir='ltr'><strong>Odberti.</strong></span> <span class='ocrx_word' id='word_1_291' title='bbox 1147 2361 1202 2414; x_wconf 86' lang='lat' dir='ltr'><strong>S.</strong></span> <span class='ocrx_word' id='word_1_292' title='bbox 1231 2359 1526 2415; x_wconf 86' lang='lat' dir='ltr'><strong>Godobcrti</strong></span> <span class='ocrx_word' id='word_1_293' title='bbox 1579 2361 1785 2415; x_wconf 86' lang='lat' dir='ltr'><strong>Guniu-</strong></span> 
     </span>
    </p>
   </div>
   <div class='ocr_carea' id='block_1_39' title="bbox 186 2450 1784 2519">
    <p class='ocr_par' dir='ltr' id='par_1_39' title="bbox 186 2450 1784 2519">
     <span class='ocr_line' id='line_1_39' title="bbox 186 2450 1784 2519; baseline 0.002 -16"><span class='ocrx_word' id='word_1_294' title='bbox 186 2452 325 2506; x_wconf 85' lang='lat' dir='ltr'><strong>vini.</strong></span> <span class='ocrx_word' id='word_1_295' title='bbox 346 2450 404 2505; x_wconf 91' lang='lat' dir='ltr'><strong>S.</strong></span> <span class='ocrx_word' id='word_1_296' title='bbox 448 2450 717 2519; x_wconf 79' lang='lat' dir='ltr'><strong>Waningi.</strong></span> <span class='ocrx_word' id='word_1_297' title='bbox 749 2452 806 2506; x_wconf 90' lang='lat' dir='ltr'><strong>S.</strong></span> <span class='ocrx_word' id='word_1_298' title='bbox 836 2451 1139 2507; x_wconf 68' lang='lat' dir='ltr'><strong>(lontberti.</strong></span> <span class='ocrx_word' id='word_1_299' title='bbox 1182 2452 1239 2506; x_wconf 93' lang='lat' dir='ltr'><strong>S.</strong></span> <span class='ocrx_word' id='word_1_300' title='bbox 1290 2452 1560 2505; x_wconf 89' lang='lat' dir='ltr'><strong>Cbramni.</strong></span> <span class='ocrx_word' id='word_1_301' title='bbox 1594 2452 1649 2507; x_wconf 92' lang='grc'><strong>8.</strong></span> <span class='ocrx_word' id='word_1_302' title='bbox 1684 2452 1784 2506; x_wconf 84' lang='lat' dir='ltr'><strong>Er-</strong></span> 
     </span>
    </p>
   </div>
   <div class='ocr_carea' id='block_1_40' title="bbox 188 2543 1786 2603">
    <p class='ocr_par' dir='ltr' id='par_1_40' title="bbox 188 2543 1786 2603">
     <span class='ocr_line' id='line_1_40' title="bbox 188 2543 1786 2603; baseline -0.001 -4"><span class='ocrx_word' id='word_1_303' title='bbox 188 2546 336 2601; x_wconf 83' lang='lat' dir='ltr'><strong>Iarii.</strong></span> <span class='ocrx_word' id='word_1_304' title='bbox 364 2545 421 2598; x_wconf 92' lang='lat' dir='ltr'><strong>S.</strong></span> <span class='ocrx_word' id='word_1_305' title='bbox 446 2544 744 2601; x_wconf 85' lang='lat' dir='ltr'><strong>Clodbaldi.</strong></span> <span class='ocrx_word' id='word_1_306' title='bbox 774 2544 832 2601; x_wconf 90' lang='lat' dir='ltr'><strong>S.</strong></span> <span class='ocrx_word' id='word_1_307' title='bbox 862 2543 1179 2601; x_wconf 61' lang='lat' dir='ltr'><strong>Clixlebaldi.</strong></span> <span class='ocrx_word' id='word_1_308' title='bbox 1212 2546 1268 2599; x_wconf 86' lang='lat' dir='ltr'><strong>S.</strong></span> <span class='ocrx_word' id='word_1_309' title='bbox 1290 2544 1578 2603; x_wconf 20' lang='lat' dir='ltr'><strong>,Guntharii</strong></span> <span class='ocrx_word' id='word_1_310' title='bbox 1609 2559 1786 2598; x_wconf 87' lang='lat' dir='ltr'><strong>sacer-</strong></span> 
     </span>
    </p>
   </div>
   <div class='ocr_carea' id='block_1_41' title="bbox 188 2636 1781 2694">
    <p class='ocr_par' dir='ltr' id='par_1_41' title="bbox 188 2636 1781 2694">
     <span class='ocr_line' id='line_1_41' title="bbox 188 2636 1781 2694; baseline -0.003 -3"><span class='ocrx_word' id='word_1_311' title='bbox 188 2638 358 2694; x_wconf 84' lang='lat' dir='ltr'><strong>dotis.</strong></span> <span class='ocrx_word' id='word_1_312' title='bbox 404 2640 460 2694; x_wconf 92' lang='lat' dir='ltr'><strong>S.</strong></span> <span class='ocrx_word' id='word_1_313' title='bbox 509 2639 850 2693; x_wconf 80' lang='lat' dir='ltr'><strong>Chercuvini.</strong></span> <span class='ocrx_word' id='word_1_314' title='bbox 910 2638 968 2692; x_wconf 91' lang='lat' dir='ltr'><strong>S.</strong></span> <span class='ocrx_word' id='word_1_315' title='bbox 1017 2638 1320 2693; x_wconf 76' lang='lat' dir='ltr'><strong>Austroaldi</strong></span> <span class='ocrx_word' id='word_1_316' title='bbox 1364 2638 1675 2691; x_wconf 87' lang='lat' dir='ltr'><strong>centenarii.</strong></span> <span class='ocrx_word' id='word_1_317' title='bbox 1725 2636 1781 2689; x_wconf 90' lang='lat' dir='ltr'><strong>S.</strong></span> 
     </span>
    </p>
   </div>
   <div class='ocr_carea' id='block_1_42' title="bbox 190 2728 1782 2799">
    <p class='ocr_par' dir='ltr' id='par_1_42' title="bbox 190 2728 1782 2799">
     <span class='ocr_line' id='line_1_42' title="bbox 190 2728 1782 2799; baseline -0.003 -14"><span class='ocrx_word' id='word_1_318' title='bbox 190 2731 546 2786; x_wconf 87' lang='lat' dir='ltr'><strong>Theodberti.</strong></span> <span class='ocrx_word' id='word_1_319' title='bbox 579 2729 692 2799; x_wconf 87' lang='lat' dir='ltr'><strong>Ego</strong></span> <span class='ocrx_word' id='word_1_320' title='bbox 722 2729 989 2785; x_wconf 78' lang='lat' dir='ltr'><strong>Vioradus</strong></span> <span class='ocrx_word' id='word_1_321' title='bbox 1028 2730 1286 2785; x_wconf 83' lang='lat' dir='ltr'><strong>diaconus</strong></span> <span class='ocrx_word' id='word_1_322' title='bbox 1326 2738 1543 2796; x_wconf 74' lang='lat' dir='ltr'><strong>rogatus</strong></span> <span class='ocrx_word' id='word_1_323' title='bbox 1596 2728 1782 2796; x_wconf 81' lang='lat' dir='ltr'><strong>scripsi</strong></span> 
     </span>
    </p>
   </div>
   <div class='ocr_carea' id='block_1_43' title="bbox 188 2823 582 2894">
    <p class='ocr_par' dir='ltr' id='par_1_43' title="bbox 188 2823 582 2894">
     <span class='ocr_line' id='line_1_43' title="bbox 188 2823 582 2894; baseline -0.003 -16"><span class='ocrx_word' id='word_1_324' title='bbox 188 2834 247 2878; x_wconf 91' lang='lat' dir='ltr'><strong>et</strong></span> <span class='ocrx_word' id='word_1_325' title='bbox 271 2823 582 2894; x_wconf 86' lang='lat' dir='ltr'><strong>subscripsi.</strong></span> 
     </span>
    </p>
   </div>
   <div class='ocr_carea' id='block_1_44' title="bbox 868 2934 1093 2989">
    <p class='ocr_par' dir='ltr' id='par_1_44' title="bbox 868 2934 1093 2989">
     <span class='ocr_line' id='line_1_44' title="bbox 868 2934 1093 2989; baseline -0.009 0"><span class='ocrx_word' id='word_1_326' title='bbox 868 2934 1093 2989; x_wconf 81' lang='lat' dir='ltr'><strong>LXXIII.</strong></span> 
     </span>
    </p>
   </div>
   <div class='ocr_carea' id='block_1_45' title="bbox 189 3024 1785 3097">
    <p class='ocr_par' dir='ltr' id='par_1_45' title="bbox 189 3024 1785 3097">
     <span class='ocr_line' id='line_1_45' title="bbox 189 3024 1785 3097; baseline -0.002 -17"><span class='ocrx_word' id='word_1_327' title='bbox 189 3025 393 3080; x_wconf 80' lang='lat' dir='ltr'><strong>Charta</strong></span> <span class='ocrx_word' id='word_1_328' title='bbox 423 3025 708 3097; x_wconf 56' lang='lat' dir='ltr'><strong>qnaFelia&#39;</strong></span> <span class='ocrx_word' id='word_1_329' title='bbox 741 3026 1005 3097; x_wconf 74' lang='lat' dir='ltr'><strong>presbyter</strong></span> <span class='ocrx_word' id='word_1_330' title='bbox 1047 3025 1275 3079; x_wconf 82' lang='lat' dir='ltr'><strong>concedit</strong></span> <span class='ocrx_word' id='word_1_331' title='bbox 1300 3024 1571 3097; x_wconf 11' lang='lat' dir='ltr'><strong>[Sit/densi</strong></span> <span class='ocrx_word' id='word_1_332' title='bbox 1601 3042 1785 3078; x_wconf 80' lang='lat' dir='ltr'><strong>mona-</strong></span> 
     </span>
    </p>
   </div>
   <div class='ocr_carea' id='block_1_46' title="bbox 263 3095 1783 3165">
    <p class='ocr_par' dir='ltr' id='par_1_46' title="bbox 263 3095 1783 3165">
     <span class='ocr_line' id='line_1_46' title="bbox 263 3095 1783 3165; baseline -0.001 -17"><span class='ocrx_word' id='word_1_333' title='bbox 263 3095 628 3149; x_wconf 24' lang='lat' dir='ltr'><strong>sterio‘cellam</strong></span> <span class='ocrx_word' id='word_1_334' title='bbox 652 3096 711 3149; x_wconf 89' lang='lat' dir='ltr'><strong>S.</strong></span> <span class='ocrx_word' id='word_1_335' title='bbox 747 3096 1018 3148; x_wconf 78' lang='lat' dir='ltr'><strong>Michaelis</strong></span> <span class='ocrx_word' id='word_1_336' title='bbox 1052 3098 1105 3148; x_wconf 81' lang='lat' dir='ltr'><strong>in</strong></span> <span class='ocrx_word' id='word_1_337' title='bbox 1129 3113 1260 3165; x_wconf 82' lang='lat' dir='ltr'><strong>pago</strong></span> <span class='ocrx_word' id='word_1_338' title='bbox 1288 3095 1613 3149; x_wconf 75' lang='lat' dir='ltr'><strong>Flaudrense</strong></span> <span class='ocrx_word' id='word_1_339' title='bbox 1644 3100 1783 3164; x_wconf 82' lang='lat' dir='ltr'><strong>(tex-</strong></span> 
     </span>
    </p>
   </div>
   <div class='ocr_carea' id='block_1_47' title="bbox 266 3166 1026 3236">
    <p class='ocr_par' dir='ltr' id='par_1_47' title="bbox 266 3166 1026 3236">
     <span class='ocr_line' id='line_1_47' title="bbox 266 3166 1026 3236; baseline -0.001 -17"><span class='ocrx_word' id='word_1_340' title='bbox 266 3174 353 3219; x_wconf 85' lang='lat' dir='ltr'><strong>tus</strong></span> <span class='ocrx_word' id='word_1_341' title='bbox 376 3168 602 3235; x_wconf 86' lang='lat' dir='ltr'><strong>integer)</strong></span> <span class='ocrx_word' id='word_1_342' title='bbox 638 3177 662 3203; x_wconf 74' lang='grc'>⁸</span> <span class='ocrx_word' id='word_1_343' title='bbox 696 3169 845 3236; x_wconf 84' lang='lat' dir='ltr'><strong>(ann.</strong></span> <span class='ocrx_word' id='word_1_344' title='bbox 882 3166 1026 3236; x_wconf 70' lang='grc'>745).</span> 
     </span>
    </p>
   </div>
   <div class='ocr_carea' id='block_1_48' title="bbox 263 3277 1780 3347">
    <p class='ocr_par' dir='ltr' id='par_1_48' title="bbox 263 3277 1780 3347">
     <span class='ocr_line' id='line_1_48' title="bbox 263 3277 1780 3347; baseline -0.004 -14"><span class='ocrx_word' id='word_1_345' title='bbox 263 3279 419 3333; x_wconf 89' lang='lat' dir='ltr'><strong>Sicut</strong></span> <span class='ocrx_word' id='word_1_346' title='bbox 450 3279 705 3335; x_wconf 89' lang='lat' dir='ltr'><strong>Dominus</strong></span> <span class='ocrx_word' id='word_1_347' title='bbox 734 3280 787 3335; x_wconf 93' lang='lat' dir='ltr'><strong>in</strong></span> <span class='ocrx_word' id='word_1_348' title='bbox 817 3278 1109 3347; x_wconf 85' lang='lat' dir='ltr'><strong>Evangelio</strong></span> <span class='ocrx_word' id='word_1_349' title='bbox 1158 3278 1269 3331; x_wconf 88' lang='lat' dir='ltr'><strong>ait:</strong></span> <span class='ocrx_word' id='word_1_350' title='bbox 1302 3278 1401 3344; x_wconf 89' lang='lat' dir='ltr'><strong>Qui</strong></span> <span class='ocrx_word' id='word_1_351' title='bbox 1430 3277 1516 3331; x_wconf 90' lang='lat' dir='ltr'><strong>dat</strong></span> <span class='ocrx_word' id='word_1_352' title='bbox 1549 3291 1733 3345; x_wconf 88' lang='lat' dir='ltr'><strong>parum</strong></span> <span class='ocrx_word' id='word_1_353' title='bbox 1766 3318 1780 3342; x_wconf 91' lang='lat'><strong>,</strong></span> 
     </span>
    </p>
   </div>
   <div class='ocr_carea' id='block_1_49' title="bbox 186 3368 1784 3441">
    <p class='ocr_par' dir='ltr' id='par_1_49' title="bbox 186 3368 1784 3441">
     <span class='ocr_line' id='line_1_49' title="bbox 186 3368 1784 3441; baseline -0.003 -17"><span class='ocrx_word' id='word_1_354' title='bbox 186 3378 476 3437; x_wconf 84' lang='lat' dir='ltr'><strong>comparat</strong></span> <span class='ocrx_word' id='word_1_355' title='bbox 506 3369 650 3441; x_wconf 81' lang='lat' dir='ltr'><strong>[sibi]</strong></span> <span class='ocrx_word' id='word_1_356' title='bbox 684 3385 907 3439; x_wconf 89' lang='lat' dir='ltr'><strong>regnum</strong></span> <span class='ocrx_word' id='word_1_357' title='bbox 941 3413 955 3435; x_wconf 90' lang='lat'><strong>,</strong></span> <span class='ocrx_word' id='word_1_358' title='bbox 1014 3378 1069 3423; x_wconf 88' lang='lat' dir='ltr'><strong>et</strong></span> <span class='ocrx_word' id='word_1_359' title='bbox 1097 3369 1186 3437; x_wconf 88' lang='lat' dir='ltr'><strong>qui</strong></span> <span class='ocrx_word' id='word_1_360' title='bbox 1241 3368 1423 3421; x_wconf 87' lang='lat' dir='ltr'><strong>tribuit</strong></span> <span class='ocrx_word' id='word_1_361' title='bbox 1471 3383 1657 3436; x_wconf 85' lang='lat' dir='ltr'><strong>parum</strong></span> <span class='ocrx_word' id='word_1_362' title='bbox 1692 3383 1784 3435; x_wconf 85' lang='lat' dir='ltr'><strong>pc—</strong></span> 
     </span>
    </p>
   </div>
   <div class='ocr_carea' id='block_1_50' title="bbox 186 3456 1784 3527">
    <p class='ocr_par' dir='ltr' id='par_1_50' title="bbox 186 3456 1784 3527">
     <span class='ocr_line' id='line_1_50' title="bbox 186 3456 1784 3527; baseline -0.002 -14"><span class='ocrx_word' id='word_1_363' title='bbox 186 3459 406 3523; x_wconf 89' lang='lat' dir='ltr'><strong>cuniae,</strong></span> <span class='ocrx_word' id='word_1_364' title='bbox 439 3461 741 3513; x_wconf 90' lang='lat' dir='ltr'><strong>mercedem</strong></span> <span class='ocrx_word' id='word_1_365' title='bbox 771 3458 997 3527; x_wconf 90' lang='lat' dir='ltr'><strong>accipiet</strong></span> <span class='ocrx_word' id='word_1_366' title='bbox 1021 3458 1135 3511; x_wconf 88' lang='lat' dir='ltr'><strong>sine</strong></span> <span class='ocrx_word' id='word_1_367' title='bbox 1167 3456 1270 3511; x_wconf 76' lang='lat' dir='ltr'><strong>fine</strong></span> <span class='ocrx_word' id='word_1_368' title='bbox 1296 3458 1560 3510; x_wconf 88' lang='lat' dir='ltr'><strong>manentis</strong></span> <span class='ocrx_word' id='word_1_369' title='bbox 1582 3458 1784 3524; x_wconf 83' lang='lat' dir='ltr'><strong>gloriae</strong></span> 
     </span>
    </p>
   </div>
   <div class='ocr_carea' id='block_1_51' title="bbox 184 3546 1602 3623">
    <p class='ocr_par' dir='ltr' id='par_1_51' title="bbox 184 3546 1602 3623">
     <span class='ocr_line' id='line_1_51' title="bbox 184 3546 1602 3623; baseline 0.001 -23"><span class='ocrx_word' id='word_1_370' title='bbox 184 3548 409 3623; x_wconf 88' lang='lat' dir='ltr'><strong>[parum</strong></span> <span class='ocrx_word' id='word_1_371' title='bbox 436 3548 713 3617; x_wconf 81' lang='lat' dir='ltr'><strong>pecuniae.</strong></span> <span class='ocrx_word' id='word_1_372' title='bbox 746 3550 940 3617; x_wconf 88' lang='lat' dir='ltr'><strong>accipit</strong></span> <span class='ocrx_word' id='word_1_373' title='bbox 962 3549 1078 3603; x_wconf 90' lang='lat' dir='ltr'><strong>sine</strong></span> <span class='ocrx_word' id='word_1_374' title='bbox 1117 3548 1221 3602; x_wconf 86' lang='lat' dir='ltr'><strong>line</strong></span> <span class='ocrx_word' id='word_1_375' title='bbox 1250 3546 1602 3617; x_wconf 82' lang='lat' dir='ltr'><strong>mensuram].</strong></span> 
     </span>
    </p>
   </div>
   <div class='ocr_carea' id='block_1_52' title="bbox 266 3637 1782 3710">
    <p class='ocr_par' dir='ltr' id='par_1_52' title="bbox 266 3637 1782 3710">
     <span class='ocr_line' id='line_1_52' title="bbox 266 3637 1782 3710; baseline 0.001 -19"><span class='ocrx_word' id='word_1_376' title='bbox 266 3638 380 3708; x_wconf 87' lang='lat' dir='ltr'><strong>Ego</strong></span> <span class='ocrx_word' id='word_1_377' title='bbox 421 3637 608 3710; x_wconf 81' lang='lat' dir='ltr'><strong>[Igitur</strong></span> <span class='ocrx_word' id='word_1_378' title='bbox 635 3640 761 3710; x_wconf 83' lang='lat' dir='ltr'><strong>ego]</strong></span> <span class='ocrx_word' id='word_1_379' title='bbox 792 3639 843 3692; x_wconf 92' lang='lat' dir='ltr'><strong>in</strong></span> <span class='ocrx_word' id='word_1_380' title='bbox 877 3639 969 3693; x_wconf 89' lang='lat' dir='ltr'><strong>Dei</strong></span> <span class='ocrx_word' id='word_1_381' title='bbox 1024 3640 1240 3693; x_wconf 89' lang='lat' dir='ltr'><strong>nomine</strong></span> <span class='ocrx_word' id='word_1_382' title='bbox 1266 3638 1414 3693; x_wconf 85' lang='lat' dir='ltr'><strong>Felix</strong></span> <span class='ocrx_word' id='word_1_383' title='bbox 1440 3640 1734 3708; x_wconf 87' lang='lat' dir='ltr'><strong>praesbiter</strong></span> <span class='ocrx_word' id='word_1_384' title='bbox 1767 3679 1782 3705; x_wconf 95' lang='lat'><strong>,</strong></span> 
     </span>
    </p>
   </div>
   <div class='ocr_carea' id='block_1_53' title="bbox 181 3731 1786 3800">
    <p class='ocr_par' dir='ltr' id='par_1_53' title="bbox 181 3731 1786 3800">
     <span class='ocr_line' id='line_1_53' title="bbox 181 3731 1786 3800; baseline -0.002 -13"><span class='ocrx_word' id='word_1_385' title='bbox 181 3731 488 3800; x_wconf 87' lang='lat' dir='ltr'><strong>inspirante</strong></span> <span class='ocrx_word' id='word_1_386' title='bbox 508 3731 683 3785; x_wconf 81' lang='lat' dir='ltr'><strong>divina</strong></span> <span class='ocrx_word' id='word_1_387' title='bbox 712 3731 997 3785; x_wconf 87' lang='lat' dir='ltr'><strong>clementia</strong></span> <span class='ocrx_word' id='word_1_388' title='bbox 1022 3774 1036 3795; x_wconf 84' lang='lat'><strong>,</strong></span> <span class='ocrx_word' id='word_1_389' title='bbox 1079 3740 1242 3798; x_wconf 90' lang='lat' dir='ltr'><strong>atque</strong></span> <span class='ocrx_word' id='word_1_390' title='bbox 1273 3746 1370 3798; x_wconf 90' lang='lat' dir='ltr'><strong>pro</strong></span> <span class='ocrx_word' id='word_1_391' title='bbox 1402 3731 1580 3784; x_wconf 83' lang='lat' dir='ltr'><strong>anime</strong></span> <span class='ocrx_word' id='word_1_392' title='bbox 1635 3746 1786 3785; x_wconf 88' lang='lat' dir='ltr'><strong>meae</strong></span> 
     </span>
    </p>
   </div>
   <div class='ocr_carea' id='block_1_54' title="bbox 184 3819 1760 3892">
    <p class='ocr_par' dir='ltr' id='par_1_54' title="bbox 184 3819 1760 3892">
     <span class='ocr_line' id='line_1_54' title="bbox 184 3819 1760 3892; baseline -0.003 -15"><span class='ocrx_word' id='word_1_393' title='bbox 184 3821 432 3877; x_wconf 84' lang='lat' dir='ltr'><strong>remedio</strong></span> <span class='ocrx_word' id='word_1_394' title='bbox 456 3859 472 3884; x_wconf 88' lang='lat'><strong>,</strong></span> <span class='ocrx_word' id='word_1_395' title='bbox 511 3820 703 3875; x_wconf 87' lang='lat' dir='ltr'><strong>devote</strong></span> <span class='ocrx_word' id='word_1_396' title='bbox 725 3821 971 3876; x_wconf 89' lang='lat' dir='ltr'><strong>concessi</strong></span> <span class='ocrx_word' id='word_1_397' title='bbox 1014 3820 1289 3892; x_wconf 88' lang='lat' dir='ltr'><strong>[deputavi</strong></span> <span class='ocrx_word' id='word_1_398' title='bbox 1321 3828 1377 3874; x_wconf 90' lang='lat' dir='ltr'><strong>et</strong></span> <span class='ocrx_word' id='word_1_399' title='bbox 1401 3819 1671 3891; x_wconf 86' lang='lat' dir='ltr'><strong>concessi]</strong></span> <span class='ocrx_word' id='word_1_400' title='bbox 1704 3829 1760 3873; x_wconf 92' lang='lat' dir='ltr'><strong>at</strong></span> 
     </span>
    </p>
   </div>
   <div class='ocr_carea' id='block_1_55' title="bbox 184 3902 1781 3981">
    <p class='ocr_par' dir='ltr' id='par_1_55' title="bbox 184 3902 1781 3981">
     <span class='ocr_line' id='line_1_55' title="bbox 184 3902 1781 3981; baseline 0.001 -16"><span class='ocrx_word' id='word_1_401' title='bbox 184 3927 299 3981; x_wconf 89' lang='lat' dir='ltr'><strong>que</strong></span> <span class='ocrx_word' id='word_1_402' title='bbox 343 3911 583 3979; x_wconf 78' lang='lat' dir='ltr'><strong>delegavi</strong></span> <span class='ocrx_word' id='word_1_403' title='bbox 636 3926 734 3979; x_wconf 90' lang='lat' dir='ltr'><strong>per</strong></span> <span class='ocrx_word' id='word_1_404' title='bbox 759 3911 903 3966; x_wconf 88' lang='lat' dir='ltr'><strong>hanc</strong></span> <span class='ocrx_word' id='word_1_405' title='bbox 952 3911 1197 3980; x_wconf 87' lang='lat' dir='ltr'><strong>paginam</strong></span> <span class='ocrx_word' id='word_1_406' title='bbox 1226 3902 1532 3965; x_wconf 89' lang='lat' dir='ltr'><strong>donationis</strong></span> <span class='ocrx_word' id='word_1_407' title='bbox 1560 3910 1629 3964; x_wconf 92' lang='lat' dir='ltr'><strong>ad</strong></span> <span class='ocrx_word' id='word_1_408' title='bbox 1665 3925 1781 3966; x_wconf 92' lang='lat' dir='ltr'><strong>mo-</strong></span> 
     </span>
    </p>
   </div>
   <div class='ocr_carea' id='block_1_56' title="bbox 182 4000 1786 4069">
    <p class='ocr_par' dir='ltr' id='par_1_56' title="bbox 182 4000 1786 4069">
     <span class='ocr_line' id='line_1_56' title="bbox 182 4000 1786 4069; baseline -0.002 -11"><span class='ocrx_word' id='word_1_409' title='bbox 182 4003 488 4058; x_wconf 86' lang='lat' dir='ltr'><strong>nasterium</strong></span> <span class='ocrx_word' id='word_1_410' title='bbox 519 4001 711 4066; x_wconf 91' lang='lat' dir='ltr'><strong>Sitdiu,</strong></span> <span class='ocrx_word' id='word_1_411' title='bbox 738 4002 881 4069; x_wconf 90' lang='lat' dir='ltr'><strong>quod</strong></span> <span class='ocrx_word' id='word_1_412' title='bbox 906 4010 989 4056; x_wconf 92' lang='lat' dir='ltr'><strong>est</strong></span> <span class='ocrx_word' id='word_1_413' title='bbox 1016 4002 1070 4055; x_wconf 90' lang='lat' dir='ltr'><strong>in</strong></span> <span class='ocrx_word' id='word_1_414' title='bbox 1111 4002 1316 4056; x_wconf 88' lang='lat' dir='ltr'><strong>honore</strong></span> <span class='ocrx_word' id='word_1_415' title='bbox 1346 4001 1518 4055; x_wconf 83' lang='lat' dir='ltr'><strong>sancti</strong></span> <span class='ocrx_word' id='word_1_416' title='bbox 1550 4000 1692 4055; x_wconf 83' lang='lat' dir='ltr'><strong>Petri</strong></span> <span class='ocrx_word' id='word_1_417' title='bbox 1732 4011 1786 4055; x_wconf 90' lang='lat' dir='ltr'><strong>et</strong></span> 
     </span>
    </p>
   </div>
   <div class='ocr_carea' id='block_1_57' title="bbox 184 4092 1785 4162">
    <p class='ocr_par' dir='ltr' id='par_1_57' title="bbox 184 4092 1785 4162">
     <span class='ocr_line' id='line_1_57' title="bbox 184 4092 1785 4162; baseline -0.002 -12"><span class='ocrx_word' id='word_1_418' title='bbox 184 4096 366 4150; x_wconf 85' lang='lat' dir='ltr'><strong>sancti</strong></span> <span class='ocrx_word' id='word_1_419' title='bbox 393 4094 541 4148; x_wconf 85' lang='lat' dir='ltr'><strong>Pauli</strong></span> <span class='ocrx_word' id='word_1_420' title='bbox 558 4094 947 4162; x_wconf 85' lang='lat' dir='ltr'><strong>apostolorum,</strong></span> <span class='ocrx_word' id='word_1_421' title='bbox 977 4100 1035 4147; x_wconf 91' lang='lat' dir='ltr'><strong>et</strong></span> <span class='ocrx_word' id='word_1_422' title='bbox 1054 4092 1225 4147; x_wconf 88' lang='lat' dir='ltr'><strong>sancti</strong></span> <span class='ocrx_word' id='word_1_423' title='bbox 1249 4092 1483 4158; x_wconf 81' lang='lat' dir='ltr'><strong>Martini,</strong></span> <span class='ocrx_word' id='word_1_424' title='bbox 1504 4094 1785 4160; x_wconf 86' lang='lat' dir='ltr'><strong>sanctique</strong></span> 
     </span>
    </p>
   </div>
   <div class='ocr_carea' id='block_1_58' title="bbox 191 4184 1783 4265">
    <p class='ocr_par' dir='ltr' id='par_1_58' title="bbox 191 4184 1783 4265">
     <span class='ocr_line' id='line_1_58' title="bbox 191 4184 1783 4265; baseline -0.001 -24"><span class='ocrx_word' id='word_1_425' title='bbox 191 4189 309 4265; x_wconf 77' lang='lat' dir='ltr'><strong>[vel</strong></span> <span class='ocrx_word' id='word_1_426' title='bbox 333 4184 531 4255; x_wconf 84' lang='lat' dir='ltr'><strong>sancti]</strong></span> <span class='ocrx_word' id='word_1_427' title='bbox 561 4186 764 4241; x_wconf 86' lang='lat' dir='ltr'><strong>Bertini</strong></span> <span class='ocrx_word' id='word_1_428' title='bbox 794 4186 1138 4249; x_wconf 85' lang='lat' dir='ltr'><strong>confessoris,</strong></span> <span class='ocrx_word' id='word_1_429' title='bbox 1188 4185 1278 4240; x_wconf 90' lang='lat' dir='ltr'><strong>ubi</strong></span> <span class='ocrx_word' id='word_1_430' title='bbox 1306 4186 1420 4255; x_wconf 85' lang='lat' dir='ltr'><strong>ipse</strong></span> <span class='ocrx_word' id='word_1_431' title='bbox 1448 4185 1678 4240; x_wconf 90' lang='lat' dir='ltr'><strong>domnus</strong></span> <span class='ocrx_word' id='word_1_432' title='bbox 1730 4186 1783 4239; x_wconf 91' lang='lat' dir='ltr'><strong>in</strong></span> 
     </span>
    </p>
   </div>
   <div class='ocr_carea' id='block_1_59' title="bbox 185 4277 1785 4348">
    <p class='ocr_par' dir='ltr' id='par_1_59' title="bbox 185 4277 1785 4348">
     <span class='ocr_line' id='line_1_59' title="bbox 185 4277 1785 4348; baseline -0.002 -13"><span class='ocrx_word' id='word_1_433' title='bbox 185 4294 426 4348; x_wconf 87' lang='lat' dir='ltr'><strong>corpore</strong></span> <span class='ocrx_word' id='word_1_434' title='bbox 449 4278 757 4348; x_wconf 90' lang='lat' dir='ltr'><strong>requiescit,</strong></span> <span class='ocrx_word' id='word_1_435' title='bbox 788 4279 873 4333; x_wconf 90' lang='lat' dir='ltr'><strong>vel</strong></span> <span class='ocrx_word' id='word_1_436' title='bbox 903 4279 992 4334; x_wconf 91' lang='lat' dir='ltr'><strong>ubi</strong></span> <span class='ocrx_word' id='word_1_437' title='bbox 1018 4279 1339 4333; x_wconf 87' lang='lat' dir='ltr'><strong>venerabilis</strong></span> <span class='ocrx_word' id='word_1_438' title='bbox 1361 4278 1439 4331; x_wconf 90' lang='lat' dir='ltr'><strong>vir</strong></span> <span class='ocrx_word' id='word_1_439' title='bbox 1460 4277 1785 4333; x_wconf 84' lang='lat' dir='ltr'><strong>Nantharius</strong></span> 
     </span>
    </p>
   </div>
   <div class='ocr_carea' id='block_1_60' title="bbox 184 4368 1783 4439">
    <p class='ocr_par' dir='ltr' id='par_1_60' title="bbox 184 4368 1783 4439">
     <span class='ocr_line' id='line_1_60' title="bbox 184 4368 1783 4439; baseline -0.001 -14"><span class='ocrx_word' id='word_1_440' title='bbox 184 4372 359 4425; x_wconf 87' lang='lat' dir='ltr'><strong>abbas</strong></span> <span class='ocrx_word' id='word_1_441' title='bbox 402 4384 657 4439; x_wconf 85' lang='lat' dir='ltr'><strong>praeesse</strong></span> <span class='ocrx_word' id='word_1_442' title='bbox 697 4370 928 4435; x_wconf 90' lang='lat' dir='ltr'><strong>videtur,</strong></span> <span class='ocrx_word' id='word_1_443' title='bbox 968 4369 1159 4423; x_wconf 89' lang='lat' dir='ltr'><strong>cellam</strong></span> <span class='ocrx_word' id='word_1_444' title='bbox 1189 4384 1363 4423; x_wconf 88' lang='lat' dir='ltr'><strong>meam</strong></span> <span class='ocrx_word' id='word_1_445' title='bbox 1390 4368 1443 4422; x_wconf 88' lang='lat' dir='ltr'><strong>in</strong></span> <span class='ocrx_word' id='word_1_446' title='bbox 1494 4369 1616 4424; x_wconf 93' lang='lat' dir='ltr'><strong>loco</strong></span> <span class='ocrx_word' id='word_1_447' title='bbox 1641 4385 1783 4423; x_wconf 90' lang='lat' dir='ltr'><strong>nun-</strong></span> 
     </span>
    </p>
   </div>
   <div class='ocr_carea' id='block_1_61' title="bbox 184 4456 1782 4531">
    <p class='ocr_par' dir='ltr' id='par_1_61' title="bbox 184 4456 1782 4531">
     <span class='ocr_line' id='line_1_61' title="bbox 184 4456 1782 4531; baseline -0.002 -16"><span class='ocrx_word' id='word_1_448' title='bbox 184 4468 427 4531; x_wconf 88' lang='lat' dir='ltr'><strong>cupante</strong></span> <span class='ocrx_word' id='word_1_449' title='bbox 471 4458 835 4514; x_wconf 81' lang='lat' dir='ltr'><strong>Ilrocbashem</strong></span> <span class='ocrx_word' id='word_1_450' title='bbox 886 4459 999 4513; x_wconf 87' lang='lat' dir='ltr'><strong>sive</strong></span> <span class='ocrx_word' id='word_1_451' title='bbox 1052 4456 1321 4512; x_wconf 90' lang='lat' dir='ltr'><strong>llerualdo</strong></span> <span class='ocrx_word' id='word_1_452' title='bbox 1372 4458 1498 4526; x_wconf 87' lang='lat' dir='ltr'><strong>lugo</strong></span> <span class='ocrx_word' id='word_1_453' title='bbox 1541 4459 1594 4512; x_wconf 91' lang='lat' dir='ltr'><strong>in</strong></span> <span class='ocrx_word' id='word_1_454' title='bbox 1644 4473 1782 4527; x_wconf 89' lang='lat' dir='ltr'><strong>pago</strong></span> 
     </span>
    </p>
   </div>
   <div class='ocr_carea' id='block_1_62' title="bbox 1892 2003 3488 2075">
    <p class='ocr_par' dir='ltr' id='par_1_62' title="bbox 1892 2003 3488 2075">
     <span class='ocr_line' id='line_1_62' title="bbox 1892 2003 3488 2075; baseline -0.004 -15"><span class='ocrx_word' id='word_1_455' title='bbox 1892 2008 2099 2061; x_wconf 88' lang='lat' dir='ltr'><strong>minare</strong></span> <span class='ocrx_word' id='word_1_456' title='bbox 2138 2014 2345 2075; x_wconf 83' lang='lat' dir='ltr'><strong>potest;</strong></span> <span class='ocrx_word' id='word_1_457' title='bbox 2380 2006 2481 2058; x_wconf 91' lang='lat' dir='ltr'><strong>hoc</strong></span> <span class='ocrx_word' id='word_1_458' title='bbox 2532 2003 2823 2067; x_wconf 80' lang='lat' dir='ltr'><strong>fratribus,</strong></span> <span class='ocrx_word' id='word_1_459' title='bbox 2872 2003 2957 2056; x_wconf 88' lang='lat' dir='ltr'><strong>vel</strong></span> <span class='ocrx_word' id='word_1_460' title='bbox 2987 2003 3052 2055; x_wconf 91' lang='lat' dir='ltr'><strong>ad</strong></span> <span class='ocrx_word' id='word_1_461' title='bbox 3109 2017 3245 2070; x_wconf 91' lang='lat' dir='ltr'><strong>opus</strong></span> <span class='ocrx_word' id='word_1_462' title='bbox 3296 2016 3488 2054; x_wconf 91' lang='lat' dir='ltr'><strong>mona-</strong></span> 
     </span>
    </p>
   </div>
   <div class='ocr_carea' id='block_1_63' title="bbox 1891 2095 3488 2166">
    <p class='ocr_par' dir='ltr' id='par_1_63' title="bbox 1891 2095 3488 2166">
     <span class='ocr_line' id='line_1_63' title="bbox 1891 2095 3488 2166; baseline -0.003 -13"><span class='ocrx_word' id='word_1_463' title='bbox 1891 2100 2040 2154; x_wconf 85' lang='lat' dir='ltr'><strong>sterii</strong></span> <span class='ocrx_word' id='word_1_464' title='bbox 2073 2099 2243 2153; x_wconf 90' lang='lat' dir='ltr'><strong>Sitdiu</strong></span> <span class='ocrx_word' id='word_1_465' title='bbox 2275 2114 2303 2151; x_wconf 92' lang='lat' dir='ltr'><strong>a</strong></span> <span class='ocrx_word' id='word_1_466' title='bbox 2327 2098 2413 2153; x_wconf 84' lang='lat' dir='ltr'><strong>die</strong></span> <span class='ocrx_word' id='word_1_467' title='bbox 2438 2098 2726 2166; x_wconf 82' lang='lat' dir='ltr'><strong>praesenti,</strong></span> <span class='ocrx_word' id='word_1_468' title='bbox 2761 2095 2925 2159; x_wconf 89' lang='lat' dir='ltr'><strong>dono,</strong></span> <span class='ocrx_word' id='word_1_469' title='bbox 2952 2095 3104 2148; x_wconf 89' lang='lat' dir='ltr'><strong>trado</strong></span> <span class='ocrx_word' id='word_1_470' title='bbox 3131 2103 3289 2164; x_wconf 85' lang='lat' dir='ltr'><strong>atque</strong></span> <span class='ocrx_word' id='word_1_471' title='bbox 3313 2103 3488 2148; x_wconf 88' lang='lat' dir='ltr'><strong>trans-</strong></span> 
     </span>
    </p>
   </div>
   <div class='ocr_carea' id='block_1_64' title="bbox 1896 2187 3486 2260">
    <p class='ocr_par' dir='ltr' id='par_1_64' title="bbox 1896 2187 3486 2260">
     <span class='ocr_line' id='line_1_64' title="bbox 1896 2187 3486 2260; baseline -0.004 -14"><span class='ocrx_word' id='word_1_472' title='bbox 1896 2190 2059 2246; x_wconf 89' lang='lat' dir='ltr'><strong>fundo</strong></span> <span class='ocrx_word' id='word_1_473' title='bbox 2084 2190 2471 2260; x_wconf 88' lang='lat' dir='ltr'><strong>perpetualiter</strong></span> <span class='ocrx_word' id='word_1_474' title='bbox 2492 2189 2559 2242; x_wconf 89' lang='lat' dir='ltr'><strong>ad</strong></span> <span class='ocrx_word' id='word_1_475' title='bbox 2592 2187 2972 2259; x_wconf 85' lang='lat' dir='ltr'><strong>possidendum</strong></span> <span class='ocrx_word' id='word_1_476' title='bbox 2998 2204 3010 2251; x_wconf 90' lang='lat'><strong>;</strong></span> <span class='ocrx_word' id='word_1_477' title='bbox 3051 2196 3105 2240; x_wconf 92' lang='lat' dir='ltr'><strong>et</strong></span> <span class='ocrx_word' id='word_1_478' title='bbox 3136 2193 3257 2255; x_wconf 88' lang='lat' dir='ltr'><strong>post</strong></span> <span class='ocrx_word' id='word_1_479' title='bbox 3306 2201 3486 2240; x_wconf 90' lang='lat' dir='ltr'><strong>meum</strong></span> 
     </span>
    </p>
   </div>
   <div class='ocr_carea' id='block_1_65' title="bbox 1894 2276 3483 2354">
    <p class='ocr_par' dir='ltr' id='par_1_65' title="bbox 1894 2276 3483 2354">
     <span class='ocr_line' id='line_1_65' title="bbox 1894 2276 3483 2354; baseline -0.006 -15"><span class='ocrx_word' id='word_1_480' title='bbox 1894 2286 2100 2339; x_wconf 89' lang='lat' dir='ltr'><strong>obitum</strong></span> <span class='ocrx_word' id='word_1_481' title='bbox 2143 2285 2256 2354; x_wconf 91' lang='lat' dir='ltr'><strong>ipse</strong></span> <span class='ocrx_word' id='word_1_482' title='bbox 2282 2282 2373 2351; x_wconf 87' lang='lat' dir='ltr'><strong>qui</strong></span> <span class='ocrx_word' id='word_1_483' title='bbox 2404 2289 2533 2336; x_wconf 90' lang='lat' dir='ltr'><strong>tunc</strong></span> <span class='ocrx_word' id='word_1_484' title='bbox 2562 2280 2771 2335; x_wconf 88' lang='lat' dir='ltr'><strong>abbatis</strong></span> <span class='ocrx_word' id='word_1_485' title='bbox 2818 2277 3055 2346; x_wconf 86' lang='lat' dir='ltr'><strong>fungitur</strong></span> <span class='ocrx_word' id='word_1_486' title='bbox 3084 2276 3433 2329; x_wconf 87' lang='lat' dir='ltr'><strong>moderamen</strong></span> <span class='ocrx_word' id='word_1_487' title='bbox 3464 2312 3483 2337; x_wconf 88' lang='lat'><strong>,</strong></span> 
     </span>
    </p>
   </div>
   <div class='ocr_carea' id='block_1_66' title="bbox 1894 2369 3486 2441">
    <p class='ocr_par' dir='ltr' id='par_1_66' title="bbox 1894 2369 3486 2441">
     <span class='ocr_line' id='line_1_66' title="bbox 1894 2369 3486 2441; baseline -0.005 -12"><span class='ocrx_word' id='word_1_488' title='bbox 1894 2376 1980 2430; x_wconf 88' lang='lat' dir='ltr'><strong>vel</strong></span> <span class='ocrx_word' id='word_1_489' title='bbox 2019 2376 2213 2429; x_wconf 82' lang='lat' dir='ltr'><strong>fratres</strong></span> <span class='ocrx_word' id='word_1_490' title='bbox 2239 2373 2307 2428; x_wconf 92' lang='lat' dir='ltr'><strong>de</strong></span> <span class='ocrx_word' id='word_1_491' title='bbox 2344 2373 2454 2441; x_wconf 88' lang='lat' dir='ltr'><strong>jam</strong></span> <span class='ocrx_word' id='word_1_492' title='bbox 2484 2380 2670 2425; x_wconf 84' lang='lat' dir='ltr'><strong>taxato</strong></span> <span class='ocrx_word' id='word_1_493' title='bbox 2720 2370 2893 2424; x_wconf 88' lang='lat' dir='ltr'><strong>Sitdiu</strong></span> <span class='ocrx_word' id='word_1_494' title='bbox 2940 2369 3270 2423; x_wconf 89' lang='lat' dir='ltr'><strong>monasterio</strong></span> <span class='ocrx_word' id='word_1_495' title='bbox 3322 2374 3486 2436; x_wconf 88' lang='lat' dir='ltr'><strong>agant</strong></span> 
     </span>
    </p>
   </div>
   <div class='ocr_carea' id='block_1_67' title="bbox 1896 2460 3484 2535">
    <p class='ocr_par' dir='ltr' id='par_1_67' title="bbox 1896 2460 3484 2535">
     <span class='ocr_line' id='line_1_67' title="bbox 1896 2460 3484 2535; baseline -0.005 -14"><span class='ocrx_word' id='word_1_496' title='bbox 1896 2468 2089 2522; x_wconf 78' lang='lat' dir='ltr'><strong>exinde</strong></span> <span class='ocrx_word' id='word_1_497' title='bbox 2117 2464 2371 2535; x_wconf 88' lang='lat' dir='ltr'><strong>quicquid</strong></span> <span class='ocrx_word' id='word_1_498' title='bbox 2400 2465 2607 2519; x_wconf 88' lang='lat' dir='ltr'><strong>libitum</strong></span> <span class='ocrx_word' id='word_1_499' title='bbox 2649 2462 3011 2532; x_wconf 84' lang='lat' dir='ltr'><strong>placitumque</strong></span> <span class='ocrx_word' id='word_1_500' title='bbox 3055 2460 3235 2522; x_wconf 88' lang='lat' dir='ltr'><strong>fuerit,</strong></span> <span class='ocrx_word' id='word_1_501' title='bbox 3267 2467 3322 2514; x_wconf 91' lang='lat' dir='ltr'><strong>et</strong></span> <span class='ocrx_word' id='word_1_502' title='bbox 3349 2475 3484 2529; x_wconf 91' lang='lat' dir='ltr'><strong>qua-</strong></span> 
     </span>
    </p>
   </div>
   <div class='ocr_carea' id='block_1_68' title="bbox 1894 2551 3484 2625">
    <p class='ocr_par' dir='ltr' id='par_1_68' title="bbox 1894 2551 3484 2625">
     <span class='ocr_line' id='line_1_68' title="bbox 1894 2551 3484 2625; baseline -0.004 -16"><span class='ocrx_word' id='word_1_503' title='bbox 1894 2558 2231 2624; x_wconf 90' lang='lat' dir='ltr'><strong>lemcmnque</strong></span> <span class='ocrx_word' id='word_1_504' title='bbox 2253 2555 2620 2625; x_wconf 89' lang='lat' dir='ltr'><strong>praepositum</strong></span> <span class='ocrx_word' id='word_1_505' title='bbox 2666 2551 2957 2621; x_wconf 90' lang='lat' dir='ltr'><strong>superponi</strong></span> <span class='ocrx_word' id='word_1_506' title='bbox 2981 2551 3267 2615; x_wconf 87' lang='lat' dir='ltr'><strong>voluerint,</strong></span> <span class='ocrx_word' id='word_1_507' title='bbox 3299 2558 3484 2617; x_wconf 87' lang='lat' dir='ltr'><strong>potes-</strong></span> 
     </span>
    </p>
   </div>
   <div class='ocr_carea' id='block_1_69' title="bbox 1897 2643 3483 2725">
    <p class='ocr_par' dir='ltr' id='par_1_69' title="bbox 1897 2643 3483 2725">
     <span class='ocr_line' id='line_1_69' title="bbox 1897 2643 3483 2725; baseline -0.003 -24"><span class='ocrx_word' id='word_1_508' title='bbox 1897 2658 2057 2702; x_wconf 77' lang='lat' dir='ltr'><strong>tatem</strong></span> <span class='ocrx_word' id='word_1_509' title='bbox 2107 2649 2161 2702; x_wconf 94' lang='lat' dir='ltr'><strong>in</strong></span> <span class='ocrx_word' id='word_1_510' title='bbox 2213 2647 2461 2701; x_wconf 89' lang='lat' dir='ltr'><strong>omnibus</strong></span> <span class='ocrx_word' id='word_1_511' title='bbox 2510 2645 2741 2699; x_wconf 88' lang='lat' dir='ltr'><strong>habeant</strong></span> <span class='ocrx_word' id='word_1_512' title='bbox 2788 2657 2998 2725; x_wconf 83' lang='lat' dir='ltr'><strong>secure.</strong></span> <span class='ocrx_word' id='word_1_513' title='bbox 3032 2643 3134 2709; x_wconf 87' lang='lat' dir='ltr'><strong>Et,</strong></span> <span class='ocrx_word' id='word_1_514' title='bbox 3177 2650 3236 2696; x_wconf 91' lang='lat' dir='ltr'><strong>ut</strong></span> <span class='ocrx_word' id='word_1_515' title='bbox 3274 2656 3483 2697; x_wconf 87' lang='lat' dir='ltr'><strong>merces</strong></span> 
     </span>
    </p>
   </div>
   <div class='ocr_carea' id='block_1_70' title="bbox 1894 2734 3476 2808">
    <p class='ocr_par' dir='ltr' id='par_1_70' title="bbox 1894 2734 3476 2808">
     <span class='ocr_line' id='line_1_70' title="bbox 1894 2734 3476 2808; baseline -0.003 -15"><span class='ocrx_word' id='word_1_516' title='bbox 1894 2750 2078 2793; x_wconf 91' lang='lat' dir='ltr'><strong>nostra</strong></span> <span class='ocrx_word' id='word_1_517' title='bbox 2109 2739 2161 2793; x_wconf 90' lang='lat' dir='ltr'><strong>in</strong></span> <span class='ocrx_word' id='word_1_518' title='bbox 2192 2739 2371 2793; x_wconf 91' lang='lat' dir='ltr'><strong>futuro</strong></span> <span class='ocrx_word' id='word_1_519' title='bbox 2400 2738 2616 2794; x_wconf 90' lang='lat' dir='ltr'><strong>saeculo</strong></span> <span class='ocrx_word' id='word_1_520' title='bbox 2647 2737 2787 2808; x_wconf 91' lang='lat' dir='ltr'><strong>apud</strong></span> <span class='ocrx_word' id='word_1_521' title='bbox 2815 2737 3094 2792; x_wconf 91' lang='lat' dir='ltr'><strong>Dominum</strong></span> <span class='ocrx_word' id='word_1_522' title='bbox 3119 2734 3476 2808; x_wconf 70' lang='lat' dir='ltr'><strong>[Deumjglo-</strong></span> 
     </span>
    </p>
   </div>
   <div class='ocr_carea' id='block_1_71' title="bbox 1890 2827 3476 2899">
    <p class='ocr_par' dir='ltr' id='par_1_71' title="bbox 1890 2827 3476 2899">
     <span class='ocr_line' id='line_1_71' title="bbox 1890 2827 3476 2899; baseline -0.003 -15"><span class='ocrx_word' id='word_1_523' title='bbox 1890 2832 2090 2885; x_wconf 88' lang='lat' dir='ltr'><strong>riosior</strong></span> <span class='ocrx_word' id='word_1_524' title='bbox 2116 2828 2227 2895; x_wconf 85' lang='lat' dir='ltr'><strong>fiat,</strong></span> <span class='ocrx_word' id='word_1_525' title='bbox 2261 2830 2557 2885; x_wconf 90' lang='lat' dir='ltr'><strong>humillima</strong></span> <span class='ocrx_word' id='word_1_526' title='bbox 2586 2830 2847 2899; x_wconf 88' lang='lat' dir='ltr'><strong>petitione</strong></span> <span class='ocrx_word' id='word_1_527' title='bbox 2873 2827 3110 2896; x_wconf 75' lang='lat' dir='ltr'><strong>efflagito</strong></span> <span class='ocrx_word' id='word_1_528' title='bbox 3137 2870 3152 2895; x_wconf 92' lang='lat'><strong>,</strong></span> <span class='ocrx_word' id='word_1_529' title='bbox 3202 2836 3476 2883; x_wconf 91' lang='lat' dir='ltr'><strong>rectorum</strong></span> 
     </span>
    </p>
   </div>
   <div class='ocr_carea' id='block_1_72' title="bbox 1893 2921 3477 2991">
    <p class='ocr_par' dir='ltr' id='par_1_72' title="bbox 1893 2921 3477 2991">
     <span class='ocr_line' id='line_1_72' title="bbox 1893 2921 3477 2991; baseline -0.002 -17"><span class='ocrx_word' id='word_1_530' title='bbox 1893 2922 2224 2989; x_wconf 88' lang='lat' dir='ltr'><strong>fratrumque</strong></span> <span class='ocrx_word' id='word_1_531' title='bbox 2247 2923 2521 2991; x_wconf 87' lang='lat' dir='ltr'><strong>pietatem,</strong></span> <span class='ocrx_word' id='word_1_532' title='bbox 2548 2929 2604 2974; x_wconf 90' lang='lat' dir='ltr'><strong>ut</strong></span> <span class='ocrx_word' id='word_1_533' title='bbox 2651 2922 2819 2991; x_wconf 84' lang='lat' dir='ltr'><strong>ipsam</strong></span> <span class='ocrx_word' id='word_1_534' title='bbox 2860 2921 3051 2975; x_wconf 85' lang='lat' dir='ltr'><strong>cellam</strong></span> <span class='ocrx_word' id='word_1_535' title='bbox 3101 2935 3263 2987; x_wconf 89' lang='lat' dir='ltr'><strong>quam</strong></span> <span class='ocrx_word' id='word_1_536' title='bbox 3292 2927 3477 2972; x_wconf 88' lang='lat' dir='ltr'><strong>nostro</strong></span> 
     </span>
    </p>
   </div>
   <div class='ocr_carea' id='block_1_73' title="bbox 1892 3011 3476 3087">
    <p class='ocr_par' dir='ltr' id='par_1_73' title="bbox 1892 3011 3476 3087">
     <span class='ocr_line' id='line_1_73' title="bbox 1892 3011 3476 3087; baseline -0.001 -20"><span class='ocrx_word' id='word_1_537' title='bbox 1892 3013 2114 3087; x_wconf 82' lang='lat' dir='ltr'><strong>[vestro]</strong></span> <span class='ocrx_word' id='word_1_538' title='bbox 2139 3016 2258 3082; x_wconf 88' lang='lat' dir='ltr'><strong>jure</strong></span> <span class='ocrx_word' id='word_1_539' title='bbox 2284 3012 2494 3067; x_wconf 89' lang='lat' dir='ltr'><strong>subdidi</strong></span> <span class='ocrx_word' id='word_1_540' title='bbox 2525 3014 2827 3068; x_wconf 79' lang='lat' dir='ltr'><strong>conexione</strong></span> <span class='ocrx_word' id='word_1_541' title='bbox 2863 3022 3154 3082; x_wconf 71' lang='lat' dir='ltr'><strong>perpetuae</strong></span> <span class='ocrx_word' id='word_1_542' title='bbox 3178 3011 3476 3083; x_wconf 84' lang='lat' dir='ltr'><strong>[perpetua]</strong></span> 
     </span>
    </p>
   </div>
   <div class='ocr_carea' id='block_1_74' title="bbox 1896 3100 3481 3167">
    <p class='ocr_par' dir='ltr' id='par_1_74' title="bbox 1896 3100 3481 3167">
     <span class='ocr_line' id='line_1_74' title="bbox 1896 3100 3481 3167; baseline 0 -14"><span class='ocrx_word' id='word_1_543' title='bbox 1896 3102 2178 3164; x_wconf 77' lang='lat' dir='ltr'><strong>firmitatis,</strong></span> <span class='ocrx_word' id='word_1_544' title='bbox 2214 3103 2279 3155; x_wconf 89' lang='lat' dir='ltr'><strong>de</strong></span> <span class='ocrx_word' id='word_1_545' title='bbox 2301 3104 2482 3167; x_wconf 88' lang='lat' dir='ltr'><strong>missa,</strong></span> <span class='ocrx_word' id='word_1_546' title='bbox 2515 3102 2581 3155; x_wconf 84' lang='lat' dir='ltr'><strong>de</strong></span> <span class='ocrx_word' id='word_1_547' title='bbox 2610 3118 2791 3167; x_wconf 90' lang='lat' dir='ltr'><strong>cursu,</strong></span> <span class='ocrx_word' id='word_1_548' title='bbox 2819 3102 2885 3155; x_wconf 88' lang='lat' dir='ltr'><strong>de</strong></span> <span class='ocrx_word' id='word_1_549' title='bbox 2916 3101 3218 3165; x_wconf 89' lang='lat' dir='ltr'><strong>luminaria,</strong></span> <span class='ocrx_word' id='word_1_550' title='bbox 3244 3100 3481 3155; x_wconf 82' lang='lat' dir='ltr'><strong>honora-</strong></span> 
     </span>
    </p>
   </div>
   <div class='ocr_carea' id='block_1_75' title="bbox 1819 3194 3475 3266">
    <p class='ocr_par' dir='ltr' id='par_1_75' title="bbox 1819 3194 3475 3266">
     <span class='ocr_line' id='line_1_75' title="bbox 1819 3194 3475 3266; baseline -0.001 -17"><span class='ocrx_word' id='word_1_551' title='bbox 1819 3206 1861 3266; x_wconf 71' lang='grc' dir='ltr'><strong>(ζ</strong></span> <span class='ocrx_word' id='word_1_552' title='bbox 1894 3195 2057 3250; x_wconf 89' lang='lat' dir='ltr'><strong>bilem</strong></span> <span class='ocrx_word' id='word_1_553' title='bbox 2085 3196 2231 3248; x_wconf 90' lang='lat' dir='ltr'><strong>omni</strong></span> <span class='ocrx_word' id='word_1_554' title='bbox 2261 3203 2455 3248; x_wconf 84' lang='lat' dir='ltr'><strong>conatu</strong></span> <span class='ocrx_word' id='word_1_555' title='bbox 2482 3194 2738 3248; x_wconf 84' lang='lat' dir='ltr'><strong>exhibere</strong></span> <span class='ocrx_word' id='word_1_556' title='bbox 2767 3194 3001 3250; x_wconf 86' lang='lat' dir='ltr'><strong>studeat.</strong></span> <span class='ocrx_word' id='word_1_557' title='bbox 3034 3209 3133 3248; x_wconf 91' lang='lat' dir='ltr'><strong>nec</strong></span> <span class='ocrx_word' id='word_1_558' title='bbox 3161 3209 3268 3247; x_wconf 92' lang='lat' dir='ltr'><strong>non</strong></span> <span class='ocrx_word' id='word_1_559' title='bbox 3292 3194 3475 3261; x_wconf 86' lang='lat' dir='ltr'><strong>liospi-</strong></span> 
     </span>
    </p>
   </div>
   <div class='ocr_carea' id='block_1_76' title="bbox 1892 3286 3477 3356">
    <p class='ocr_par' dir='ltr' id='par_1_76' title="bbox 1892 3286 3477 3356">
     <span class='ocr_line' id='line_1_76' title="bbox 1892 3286 3477 3356; baseline 0.001 -16"><span class='ocrx_word' id='word_1_560' title='bbox 1892 3288 2032 3341; x_wconf 90' lang='lat' dir='ltr'><strong>tibus</strong></span> <span class='ocrx_word' id='word_1_561' title='bbox 2059 3286 2462 3356; x_wconf 70' lang='lat' dir='ltr'><strong>peregrinisque</strong></span> <span class='ocrx_word' id='word_1_562' title='bbox 2494 3301 2619 3340; x_wconf 87' lang='lat' dir='ltr'><strong>ante</strong></span> <span class='ocrx_word' id='word_1_563' title='bbox 2646 3287 2824 3340; x_wconf 86' lang='lat' dir='ltr'><strong>omnia</strong></span> <span class='ocrx_word' id='word_1_564' title='bbox 2855 3286 3218 3355; x_wconf 83' lang='lat' dir='ltr'><strong>providendis,</strong></span> <span class='ocrx_word' id='word_1_565' title='bbox 3255 3294 3314 3340; x_wconf 93' lang='lat' dir='ltr'><strong>ut</strong></span> <span class='ocrx_word' id='word_1_566' title='bbox 3335 3302 3477 3341; x_wconf 88' lang='lat' dir='ltr'><strong>mer-</strong></span> 
     </span>
    </p>
   </div>
   <div class='ocr_carea' id='block_1_77' title="bbox 1887 3376 3477 3449">
    <p class='ocr_par' dir='ltr' id='par_1_77' title="bbox 1887 3376 3477 3449">
     <span class='ocr_line' id='line_1_77' title="bbox 1887 3376 3477 3449; baseline -0.001 -16"><span class='ocrx_word' id='word_1_567' title='bbox 1887 3378 2073 3434; x_wconf 86' lang='lat' dir='ltr'><strong>cedem</strong></span> <span class='ocrx_word' id='word_1_568' title='bbox 2139 3379 2333 3432; x_wconf 85' lang='lat' dir='ltr'><strong>exinde</strong></span> <span class='ocrx_word' id='word_1_569' title='bbox 2400 3394 2429 3431; x_wconf 89' lang='lat' dir='ltr'><strong>a</strong></span> <span class='ocrx_word' id='word_1_570' title='bbox 2480 3376 2552 3449; x_wconf 93' lang='lat' dir='ltr'><strong>[el</strong></span> <span class='ocrx_word' id='word_1_571' title='bbox 2600 3388 2785 3432; x_wconf 90' lang='lat' dir='ltr'><strong>ternae</strong></span> <span class='ocrx_word' id='word_1_572' title='bbox 2847 3377 3116 3432; x_wconf 87' lang='lat' dir='ltr'><strong>beatitatis</strong></span> <span class='ocrx_word' id='word_1_573' title='bbox 3168 3386 3477 3433; x_wconf 84' lang='lat' dir='ltr'><strong>mereantur</strong></span> 
     </span>
    </p>
   </div>
   <div class='ocr_carea' id='block_1_78' title="bbox 1888 3467 3475 3539">
    <p class='ocr_par' dir='ltr' id='par_1_78' title="bbox 1888 3467 3475 3539">
     <span class='ocr_line' id='line_1_78' title="bbox 1888 3467 3475 3539; baseline 0 -15"><span class='ocrx_word' id='word_1_574' title='bbox 1888 3470 2167 3539; x_wconf 88' lang='lat' dir='ltr'><strong>consequi.</strong></span> <span class='ocrx_word' id='word_1_575' title='bbox 2201 3470 2281 3523; x_wconf 86' lang='lat' dir='ltr'><strong>Me</strong></span> <span class='ocrx_word' id='word_1_576' title='bbox 2308 3478 2488 3524; x_wconf 90' lang='lat' dir='ltr'><strong>autem</strong></span> <span class='ocrx_word' id='word_1_577' title='bbox 2518 3511 2543 3534; x_wconf 84' lang='lat'><strong>,</strong></span> <span class='ocrx_word' id='word_1_578' title='bbox 2588 3470 2822 3539; x_wconf 91' lang='lat' dir='ltr'><strong>quandiu</strong></span> <span class='ocrx_word' id='word_1_579' title='bbox 2853 3470 2907 3523; x_wconf 94' lang='lat' dir='ltr'><strong>in</strong></span> <span class='ocrx_word' id='word_1_580' title='bbox 2954 3471 3055 3524; x_wconf 88' lang='lat' dir='ltr'><strong>hoc</strong></span> <span class='ocrx_word' id='word_1_581' title='bbox 3105 3470 3324 3524; x_wconf 68' lang='lat' dir='ltr'><strong>sacc;.lo</strong></span> <span class='ocrx_word' id='word_1_582' title='bbox 3354 3467 3475 3538; x_wconf 70' lang='grc' dir='ltr'><strong>Χῦο</strong></span> 
     </span>
    </p>
   </div>
   <div class='ocr_carea' id='block_1_79' title="bbox 1889 3562 3479 3632">
    <p class='ocr_par' dir='ltr' id='par_1_79' title="bbox 1889 3562 3479 3632">
     <span class='ocr_line' id='line_1_79' title="bbox 1889 3562 3479 3632; baseline 0.001 -17"><span class='ocrx_word' id='word_1_583' title='bbox 1889 3563 2119 3632; x_wconf 87' lang='lat' dir='ltr'><strong>propitio</strong></span> <span class='ocrx_word' id='word_1_584' title='bbox 2151 3564 2444 3628; x_wconf 81' lang='lat' dir='ltr'><strong>advixcro,</strong></span> <span class='ocrx_word' id='word_1_585' title='bbox 2505 3564 2621 3632; x_wconf 86' lang='lat' dir='ltr'><strong>ipsa</strong></span> <span class='ocrx_word' id='word_1_586' title='bbox 2670 3562 2805 3617; x_wconf 85' lang='lat' dir='ltr'><strong>cella</strong></span> <span class='ocrx_word' id='word_1_587' title='bbox 2855 3563 3109 3616; x_wconf 86' lang='lat' dir='ltr'><strong>usualiter</strong></span> <span class='ocrx_word' id='word_1_588' title='bbox 3161 3578 3257 3631; x_wconf 92' lang='lat' dir='ltr'><strong>pro</strong></span> <span class='ocrx_word' id='word_1_589' title='bbox 3313 3562 3479 3631; x_wconf 77' lang='lat' dir='ltr'><strong>ipsius</strong></span> 
     </span>
    </p>
   </div>
   <div class='ocr_carea' id='block_1_80' title="bbox 1888 3655 3475 3725">
    <p class='ocr_par' dir='ltr' id='par_1_80' title="bbox 1888 3655 3475 3725">
     <span class='ocr_line' id='line_1_80' title="bbox 1888 3655 3475 3725; baseline 0 -17"><span class='ocrx_word' id='word_1_590' title='bbox 1888 3657 2196 3710; x_wconf 70' lang='lat' dir='ltr'><strong>monasterii</strong></span> <span class='ocrx_word' id='word_1_591' title='bbox 2252 3655 2519 3710; x_wconf 80' lang='lat' dir='ltr'><strong>beneficio</strong></span> <span class='ocrx_word' id='word_1_592' title='bbox 2573 3655 2853 3725; x_wconf 88' lang='lat' dir='ltr'><strong>possidere</strong></span> <span class='ocrx_word' id='word_1_593' title='bbox 2904 3655 3275 3710; x_wconf 78' lang='lat' dir='ltr'><strong>concedatur:</strong></span> <span class='ocrx_word' id='word_1_594' title='bbox 3328 3655 3378 3708; x_wconf 93' lang='lat' dir='ltr'><strong>in</strong></span> <span class='ocrx_word' id='word_1_595' title='bbox 3411 3670 3475 3708; x_wconf 91' lang='lat' dir='ltr'><strong>eo</strong></span> 
     </span>
    </p>
   </div>
   <div class='ocr_carea' id='block_1_81' title="bbox 1889 3744 3472 3817">
    <p class='ocr_par' dir='ltr' id='par_1_81' title="bbox 1889 3744 3472 3817">
     <span class='ocr_line' id='line_1_81' title="bbox 1889 3744 3472 3817; baseline -0.001 -18"><span class='ocrx_word' id='word_1_596' title='bbox 1889 3755 2097 3809; x_wconf 91' lang='lat' dir='ltr'><strong>tenore,</strong></span> <span class='ocrx_word' id='word_1_597' title='bbox 2127 3755 2183 3800; x_wconf 92' lang='lat' dir='ltr'><strong>ut</strong></span> <span class='ocrx_word' id='word_1_598' title='bbox 2203 3747 2369 3800; x_wconf 90' lang='lat' dir='ltr'><strong>aliubi</strong></span> <span class='ocrx_word' id='word_1_599' title='bbox 2402 3761 2501 3801; x_wconf 87' lang='lat' dir='ltr'><strong>nec</strong></span> <span class='ocrx_word' id='word_1_600' title='bbox 2525 3747 2697 3815; x_wconf 87' lang='lat' dir='ltr'><strong>ipsam</strong></span> <span class='ocrx_word' id='word_1_601' title='bbox 2721 3744 2880 3817; x_wconf 73' lang='lat' dir='ltr'><strong>lipsa]</strong></span> <span class='ocrx_word' id='word_1_602' title='bbox 2900 3745 3093 3800; x_wconf 87' lang='lat' dir='ltr'><strong>cellam</strong></span> <span class='ocrx_word' id='word_1_603' title='bbox 3119 3744 3472 3816; x_wconf 84' lang='lat' dir='ltr'><strong>[cella]quam</strong></span> 
     </span>
    </p>
   </div>
   <div class='ocr_carea' id='block_1_82' title="bbox 1888 3836 3478 3907">
    <p class='ocr_par' dir='ltr' id='par_1_82' title="bbox 1888 3836 3478 3907">
     <span class='ocr_line' id='line_1_82' title="bbox 1888 3836 3478 3907; baseline 0 -16"><span class='ocrx_word' id='word_1_604' title='bbox 1888 3838 1953 3892; x_wconf 87' lang='lat' dir='ltr'><strong>ad</strong></span> <span class='ocrx_word' id='word_1_605' title='bbox 1984 3838 2158 3907; x_wconf 87' lang='lat' dir='ltr'><strong>ipsum</strong></span> <span class='ocrx_word' id='word_1_606' title='bbox 2192 3838 2580 3893; x_wconf 89' lang='lat' dir='ltr'><strong>monasterium</strong></span> <span class='ocrx_word' id='word_1_607' title='bbox 2610 3836 2874 3904; x_wconf 84' lang='lat' dir='ltr'><strong>delegavi,</strong></span> <span class='ocrx_word' id='word_1_608' title='bbox 2907 3852 3007 3891; x_wconf 92' lang='lat' dir='ltr'><strong>nec</strong></span> <span class='ocrx_word' id='word_1_609' title='bbox 3054 3838 3195 3905; x_wconf 91' lang='lat' dir='ltr'><strong>ipsas</strong></span> <span class='ocrx_word' id='word_1_610' title='bbox 3222 3852 3308 3890; x_wconf 82' lang='lat' dir='ltr'><strong>res</strong></span> <span class='ocrx_word' id='word_1_611' title='bbox 3337 3851 3478 3904; x_wconf 87' lang='lat' dir='ltr'><strong>quae</strong></span> 
     </span>
    </p>
   </div>
   <div class='ocr_carea' id='block_1_83' title="bbox 1888 3927 3478 4000">
    <p class='ocr_par' dir='ltr' id='par_1_83' title="bbox 1888 3927 3478 4000">
     <span class='ocr_line' id='line_1_83' title="bbox 1888 3927 3478 4000; baseline -0.001 -17"><span class='ocrx_word' id='word_1_612' title='bbox 1888 3930 1956 3983; x_wconf 90' lang='lat' dir='ltr'><strong>ad</strong></span> <span class='ocrx_word' id='word_1_613' title='bbox 1982 3930 2156 4000; x_wconf 90' lang='lat' dir='ltr'><strong>ipsum</strong></span> <span class='ocrx_word' id='word_1_614' title='bbox 2181 3930 2361 3984; x_wconf 86' lang='lat' dir='ltr'><strong>iocum</strong></span> <span class='ocrx_word' id='word_1_615' title='bbox 2395 3929 2684 3997; x_wconf 88' lang='lat' dir='ltr'><strong>pertinent,</strong></span> <span class='ocrx_word' id='word_1_616' title='bbox 2713 3928 2875 3982; x_wconf 88' lang='lat' dir='ltr'><strong>aliubi</strong></span> <span class='ocrx_word' id='word_1_617' title='bbox 2904 3943 3005 3982; x_wconf 87' lang='lat' dir='ltr'><strong>nec</strong></span> <span class='ocrx_word' id='word_1_618' title='bbox 3026 3927 3158 3982; x_wconf 90' lang='lat' dir='ltr'><strong>dare</strong></span> <span class='ocrx_word' id='word_1_619' title='bbox 3201 3943 3303 3983; x_wconf 91' lang='lat' dir='ltr'><strong>nec</strong></span> <span class='ocrx_word' id='word_1_620' title='bbox 3346 3943 3478 3983; x_wconf 87' lang='lat' dir='ltr'><strong>ven-</strong></span> 
     </span>
    </p>
   </div>
   <div class='ocr_carea' id='block_1_84' title="bbox 1887 4018 3478 4087">
    <p class='ocr_par' dir='ltr' id='par_1_84' title="bbox 1887 4018 3478 4087">
     <span class='ocr_line' id='line_1_84' title="bbox 1887 4018 3478 4087; baseline -0.002 -12"><span class='ocrx_word' id='word_1_621' title='bbox 1887 4022 2037 4085; x_wconf 89' lang='lat' dir='ltr'><strong>dere,</strong></span> <span class='ocrx_word' id='word_1_622' title='bbox 2065 4036 2165 4076; x_wconf 87' lang='lat' dir='ltr'><strong>ncc</strong></span> <span class='ocrx_word' id='word_1_623' title='bbox 2194 4028 2551 4086; x_wconf 88' lang='lat' dir='ltr'><strong>commutare,</strong></span> <span class='ocrx_word' id='word_1_624' title='bbox 2586 4035 2687 4074; x_wconf 90' lang='lat' dir='ltr'><strong>nec</strong></span> <span class='ocrx_word' id='word_1_625' title='bbox 2713 4020 2973 4086; x_wconf 91' lang='lat' dir='ltr'><strong>alienare,</strong></span> <span class='ocrx_word' id='word_1_626' title='bbox 3006 4034 3107 4074; x_wconf 92' lang='lat' dir='ltr'><strong>nec</strong></span> <span class='ocrx_word' id='word_1_627' title='bbox 3137 4018 3478 4087; x_wconf 88' lang='lat' dir='ltr'><strong>naufragare,</strong></span> 
     </span>
    </p>
   </div>
   <div class='ocr_carea' id='block_1_85' title="bbox 1890 4110 3478 4181">
    <p class='ocr_par' dir='ltr' id='par_1_85' title="bbox 1890 4110 3478 4181">
     <span class='ocr_line' id='line_1_85' title="bbox 1890 4110 3478 4181; baseline -0.001 -15"><span class='ocrx_word' id='word_1_628' title='bbox 1890 4111 2186 4181; x_wconf 87' lang='lat' dir='ltr'><strong>potentiam</strong></span> <span class='ocrx_word' id='word_1_629' title='bbox 2214 4111 2461 4165; x_wconf 91' lang='lat' dir='ltr'><strong>habeam.</strong></span> <span class='ocrx_word' id='word_1_630' title='bbox 2494 4110 2752 4181; x_wconf 89' lang='lat' dir='ltr'><strong>Supplico</strong></span> <span class='ocrx_word' id='word_1_631' title='bbox 2780 4111 2961 4178; x_wconf 88' lang='lat' dir='ltr'><strong>igitur,</strong></span> <span class='ocrx_word' id='word_1_632' title='bbox 2992 4118 3051 4163; x_wconf 87' lang='lat' dir='ltr'><strong>ut</strong></span> <span class='ocrx_word' id='word_1_633' title='bbox 3076 4125 3268 4165; x_wconf 90' lang='lat' dir='ltr'><strong>nomen</strong></span> <span class='ocrx_word' id='word_1_634' title='bbox 3298 4125 3478 4164; x_wconf 89' lang='lat' dir='ltr'><strong>meum</strong></span> 
     </span>
    </p>
   </div>
   <div class='ocr_carea' id='block_1_86' title="bbox 1888 4201 3480 4272">
    <p class='ocr_par' dir='ltr' id='par_1_86' title="bbox 1888 4201 3480 4272">
     <span class='ocr_line' id='line_1_86' title="bbox 1888 4201 3480 4272; baseline 0.003 -17"><span class='ocrx_word' id='word_1_635' title='bbox 1888 4202 1940 4256; x_wconf 92' lang='lat' dir='ltr'><strong>in</strong></span> <span class='ocrx_word' id='word_1_636' title='bbox 1971 4202 2107 4257; x_wconf 92' lang='lat' dir='ltr'><strong>libro</strong></span> <span class='ocrx_word' id='word_1_637' title='bbox 2135 4202 2277 4257; x_wconf 88' lang='lat' dir='ltr'><strong>vitae</strong></span> <span class='ocrx_word' id='word_1_638' title='bbox 2302 4201 2327 4240; x_wconf 72' lang='grc' dir='ltr'>δ</span> <span class='ocrx_word' id='word_1_639' title='bbox 2358 4202 2457 4271; x_wconf 91' lang='lat' dir='ltr'><strong>ipsi</strong></span> <span class='ocrx_word' id='word_1_640' title='bbox 2477 4203 2788 4257; x_wconf 90' lang='lat' dir='ltr'><strong>sacerdotes</strong></span> <span class='ocrx_word' id='word_1_641' title='bbox 2810 4203 2902 4270; x_wconf 90' lang='lat' dir='ltr'><strong>qui</strong></span> <span class='ocrx_word' id='word_1_642' title='bbox 2926 4203 2977 4256; x_wconf 92' lang='lat' dir='ltr'><strong>in</strong></span> <span class='ocrx_word' id='word_1_643' title='bbox 3009 4203 3125 4272; x_wconf 92' lang='lat' dir='ltr'><strong>ipso</strong></span> <span class='ocrx_word' id='word_1_644' title='bbox 3151 4203 3480 4260; x_wconf 89' lang='lat' dir='ltr'><strong>monasterio</strong></span> 
     </span>
    </p>
   </div>
   <div class='ocr_carea' id='block_1_87' title="bbox 1887 4290 3479 4363">
    <p class='ocr_par' dir='ltr' id='par_1_87' title="bbox 1887 4290 3479 4363">
     <span class='ocr_line' id='line_1_87' title="bbox 1887 4290 3479 4363; baseline 0.002 -18"><span class='ocrx_word' id='word_1_645' title='bbox 1887 4290 2088 4361; x_wconf 83' lang='lat' dir='ltr'><strong>degunt</strong></span> <span class='ocrx_word' id='word_1_646' title='bbox 2116 4291 2319 4346; x_wconf 87' lang='lat' dir='ltr'><strong>habere</strong></span> <span class='ocrx_word' id='word_1_647' title='bbox 2342 4291 2647 4360; x_wconf 88' lang='lat' dir='ltr'><strong>dignentur.</strong></span> <span class='ocrx_word' id='word_1_648' title='bbox 2684 4291 2752 4345; x_wconf 79' lang='lat' dir='ltr'><strong>Et</strong></span> <span class='ocrx_word' id='word_1_649' title='bbox 2798 4302 2922 4363; x_wconf 90' lang='lat' dir='ltr'><strong>post</strong></span> <span class='ocrx_word' id='word_1_650' title='bbox 2952 4308 3129 4348; x_wconf 92' lang='lat' dir='ltr'><strong>meum</strong></span> <span class='ocrx_word' id='word_1_651' title='bbox 3159 4294 3363 4349; x_wconf 92' lang='lat' dir='ltr'><strong>obitum</strong></span> <span class='ocrx_word' id='word_1_652' title='bbox 3397 4303 3479 4349; x_wconf 83' lang='lat' dir='ltr'><strong>at-</strong></span> 
     </span>
    </p>
   </div>
   <div class='ocr_carea' id='block_1_88' title="bbox 1887 4382 3478 4458">
    <p class='ocr_par' dir='ltr' id='par_1_88' title="bbox 1887 4382 3478 4458">
     <span class='ocr_line' id='line_1_88' title="bbox 1887 4382 3478 4458; baseline 0.003 -21"><span class='ocrx_word' id='word_1_653' title='bbox 1887 4398 1993 4452; x_wconf 92' lang='lat' dir='ltr'><strong>que</strong></span> <span class='ocrx_word' id='word_1_654' title='bbox 2040 4382 2108 4438; x_wconf 92' lang='lat' dir='ltr'><strong>de</strong></span> <span class='ocrx_word' id='word_1_655' title='bbox 2153 4383 2257 4438; x_wconf 89' lang='lat' dir='ltr'><strong>hac</strong></span> <span class='ocrx_word' id='word_1_656' title='bbox 2311 4383 2430 4438; x_wconf 90' lang='lat' dir='ltr'><strong>luce</strong></span> <span class='ocrx_word' id='word_1_657' title='bbox 2468 4382 2799 4448; x_wconf 86' lang='lat' dir='ltr'><strong>dissessum,</strong></span> <span class='ocrx_word' id='word_1_658' title='bbox 2855 4387 3217 4456; x_wconf 88' lang='lat' dir='ltr'><strong>suprascripta</strong></span> <span class='ocrx_word' id='word_1_659' title='bbox 3267 4386 3478 4458; x_wconf 87' lang='lat' dir='ltr'><strong>[supra-</strong></span> 
     </span>
    </p>
   </div>
   <div class='ocr_carea' id='block_1_89' title="bbox 1887 4474 3476 4549">
    <p class='ocr_par' dir='ltr' id='par_1_89' title="bbox 1887 4474 3476 4549">
     <span class='ocr_line' id='line_1_89' title="bbox 1887 4474 3476 4549; baseline 0.004 -20"><span class='ocrx_word' id='word_1_660' title='bbox 1887 4474 2109 4546; x_wconf 91' lang='lat' dir='ltr'><strong>scribta]</strong></span> <span class='ocrx_word' id='word_1_661' title='bbox 2139 4476 2278 4530; x_wconf 92' lang='lat' dir='ltr'><strong>cella</strong></span> <span class='ocrx_word' id='word_1_662' title='bbox 2302 4490 2422 4529; x_wconf 88' lang='lat' dir='ltr'><strong>cum</strong></span> <span class='ocrx_word' id='word_1_663' title='bbox 2451 4476 2704 4531; x_wconf 90' lang='lat' dir='ltr'><strong>omnibus</strong></span> <span class='ocrx_word' id='word_1_664' title='bbox 2742 4477 2903 4532; x_wconf 83' lang='lat' dir='ltr'><strong>rebus</strong></span> <span class='ocrx_word' id='word_1_665' title='bbox 2932 4478 3265 4535; x_wconf 88' lang='lat' dir='ltr'><strong>emelioratis</strong></span> <span class='ocrx_word' id='word_1_666' title='bbox 3312 4489 3476 4549; x_wconf 87' lang='lat' dir='ltr'><strong>atque</strong></span> 
     </span>
    </p>
   </div>
   <div class='ocr_carea' id='block_1_90' title="bbox 184 4549 3474 4636">
    <p class='ocr_par' dir='ltr' id='par_1_90' title="bbox 184 4549 3474 4636">
     <span class='ocr_line' id='line_1_90' title="bbox 184 4549 3474 4636; baseline 0.001 -14"><span class='ocrx_word' id='word_1_667' title='bbox 184 4550 534 4616; x_wconf 58' lang='lat' dir='ltr'><strong>Flaﬂd&#39;i‘lsei</strong></span> <span class='ocrx_word' id='word_1_668' title='bbox 563 4566 723 4621; x_wconf 71' lang='lat' dir='ltr'><strong>quam</strong></span> <span class='ocrx_word' id='word_1_669' title='bbox 749 4563 848 4619; x_wconf 66' lang='lat'><strong>930</strong></span> <span class='ocrx_word' id='word_1_670' title='bbox 894 4550 948 4603; x_wconf 76' lang='grc' dir='ltr'><strong>ί¹¹</strong></span> <span class='ocrx_word' id='word_1_671' title='bbox 997 4549 1204 4604; x_wconf 54' lang='lat' dir='ltr'><strong>“more</strong></span> <span class='ocrx_word' id='word_1_672' title='bbox 1250 4549 1423 4604; x_wconf 63' lang='lat' dir='ltr'><strong>sane”</strong></span> <span class='ocrx_word' id='word_1_673' title='bbox 1474 4549 1783 4606; x_wconf 66' lang='lat' dir='ltr'><strong>MiChaheIIS</strong></span> <span class='ocrx_word' id='word_1_674' title='bbox 1808 4568 1859 4627; x_wconf 83' lang='grc' dir='ltr'>υ</span> <span class='ocrx_word' id='word_1_675' title='bbox 1886 4566 2255 4635; x_wconf 89' lang='lat' dir='ltr'><strong>superpositis,</strong></span> <span class='ocrx_word' id='word_1_676' title='bbox 2273 4566 2467 4621; x_wconf 82' lang='lat' dir='ltr'><strong>fratres</strong></span> <span class='ocrx_word' id='word_1_677' title='bbox 2481 4567 2735 4636; x_wconf 89' lang='lat' dir='ltr'><strong>praedicti</strong></span> <span class='ocrx_word' id='word_1_678' title='bbox 2758 4570 3072 4623; x_wconf 89' lang='lat' dir='ltr'><strong>monasterii</strong></span> <span class='ocrx_word' id='word_1_679' title='bbox 3090 4570 3258 4625; x_wconf 81' lang='lat' dir='ltr'><strong>Sitdiu</strong></span> <span class='ocrx_word' id='word_1_680' title='bbox 3276 4582 3474 4626; x_wconf 88' lang='lat' dir='ltr'><strong>cuncta</strong></span> 
     </span>
    </p>
   </div>
   <div class='ocr_carea' id='block_1_91' title="bbox 185 4721 1784 4793">
    <p class='ocr_par' dir='ltr' id='par_1_91' title="bbox 185 4721 1784 4793">
     <span class='ocr_line' id='line_1_91' title="bbox 185 4721 1784 4793; baseline 0 -14"><span class='ocrx_word' id='word_1_681' title='bbox 185 4732 467 4779; x_wconf 88' lang='lat' dir='ltr'><strong>mentum:</strong></span> <span class='ocrx_word' id='word_1_682' title='bbox 503 4724 649 4777; x_wconf 81' lang='lat' dir='ltr'><strong>Sicut</strong></span> <span class='ocrx_word' id='word_1_683' title='bbox 679 4722 930 4780; x_wconf 79' lang='lat' dir='ltr'><strong>Dominus</strong></span> <span class='ocrx_word' id='word_1_684' title='bbox 957 4725 1012 4777; x_wconf 85' lang='lat' dir='ltr'><strong>in</strong></span> <span class='ocrx_word' id='word_1_685' title='bbox 1041 4721 1321 4793; x_wconf 79' lang='lat' dir='ltr'><strong>Erangelio</strong></span> <span class='ocrx_word' id='word_1_686' title='bbox 1353 4726 1444 4789; x_wconf 75' lang='lat' dir='ltr'><strong>ait,</strong></span> <span class='ocrx_word' id='word_1_687' title='bbox 1469 4732 1577 4778; x_wconf 91' lang='lat' dir='ltr'><strong>etc.</strong></span> <span class='ocrx_word' id='word_1_688' title='bbox 1617 4725 1784 4779; x_wconf 85' lang='lat' dir='ltr'><strong>Nemo</strong></span> 
     </span>
    </p>
   </div>
   <div class='ocr_carea' id='block_1_92' title="bbox 185 4793 1787 4863">
    <p class='ocr_par' dir='ltr' id='par_1_92' title="bbox 185 4793 1787 4863">
     <span class='ocr_line' id='line_1_92' title="bbox 185 4793 1787 4863; baseline -0.001 -14"><span class='ocrx_word' id='word_1_689' title='bbox 185 4796 371 4849; x_wconf 86' lang='lat' dir='ltr'><strong>nescit</strong></span> <span class='ocrx_word' id='word_1_690' title='bbox 412 4793 676 4863; x_wconf 87' lang='lat' dir='ltr'><strong>ejusmodi</strong></span> <span class='ocrx_word' id='word_1_691' title='bbox 708 4794 969 4863; x_wconf 65' lang='lat' dir='ltr'><strong>prooemia</strong></span> <span class='ocrx_word' id='word_1_692' title='bbox 1017 4795 1323 4862; x_wconf 67' lang='lat' dir='ltr'><strong>praitigendi</strong></span> <span class='ocrx_word' id='word_1_693' title='bbox 1349 4795 1449 4848; x_wconf 90' lang='lat' dir='ltr'><strong>hac</strong></span> <span class='ocrx_word' id='word_1_694' title='bbox 1487 4803 1647 4848; x_wconf 61' lang='lat' dir='ltr'><strong>aetate</strong></span> <span class='ocrx_word' id='word_1_695' title='bbox 1676 4812 1787 4848; x_wconf 86' lang='lat' dir='ltr'><strong>mu-</strong></span> 
     </span>
    </p>
   </div>
   <div class='ocr_carea' id='block_1_93' title="bbox 184 4862 1782 4933">
    <p class='ocr_par' dir='ltr' id='par_1_93' title="bbox 184 4862 1782 4933">
     <span class='ocr_line' id='line_1_93' title="bbox 184 4862 1782 4933; baseline -0.003 -13"><span class='ocrx_word' id='word_1_696' title='bbox 184 4881 309 4920; x_wconf 88' lang='lat' dir='ltr'><strong>rem</strong></span> <span class='ocrx_word' id='word_1_697' title='bbox 342 4863 525 4917; x_wconf 90' lang='lat' dir='ltr'><strong>fuisse.</strong></span> <span class='ocrx_word' id='word_1_698' title='bbox 556 4862 717 4917; x_wconf 82' lang='lat' dir='ltr'><strong>Adde</strong></span> <span class='ocrx_word' id='word_1_699' title='bbox 753 4862 1138 4928; x_wconf 83' lang='lat' dir='ltr'><strong>Mabillonium,</strong></span> <span class='ocrx_word' id='word_1_700' title='bbox 1175 4866 1364 4917; x_wconf 85' lang='lat' dir='ltr'><strong>Annal.</strong></span> <span class='ocrx_word' id='word_1_701' title='bbox 1400 4872 1436 4917; x_wconf 94' lang='lat' dir='ltr'><strong>t.</strong></span> <span class='ocrx_word' id='word_1_702' title='bbox 1471 4866 1533 4927; x_wconf 92' lang='lat' dir='ltr'><strong>ll,</strong></span> <span class='ocrx_word' id='word_1_703' title='bbox 1568 4881 1620 4933; x_wconf 94' lang='lat' dir='ltr'><strong>p.</strong></span> <span class='ocrx_word' id='word_1_704' title='bbox 1654 4865 1782 4931; x_wconf 64' lang='grc' dir='ltr'><strong>ηε,</strong></span> 
     </span>
    </p>
   </div>
   <div class='ocr_carea' id='block_1_94' title="bbox 186 4934 1785 4989">
    <p class='ocr_par' dir='ltr' id='par_1_94' title="bbox 186 4934 1785 4989">
     <span class='ocr_line' id='line_1_94' title="bbox 186 4934 1785 4989; baseline 0 0"><span class='ocrx_word' id='word_1_705' title='bbox 186 4936 383 4989; x_wconf 89' lang='lat' dir='ltr'><strong>testari</strong></span> <span class='ocrx_word' id='word_1_706' title='bbox 410 4935 609 4987; x_wconf 85' lang='lat' dir='ltr'><strong>donum</strong></span> <span class='ocrx_word' id='word_1_707' title='bbox 642 4935 743 4988; x_wconf 89' lang='lat' dir='ltr'><strong>hac</strong></span> <span class='ocrx_word' id='word_1_708' title='bbox 768 4934 957 4988; x_wconf 86' lang='lat' dir='ltr'><strong>charta</strong></span> <span class='ocrx_word' id='word_1_709' title='bbox 1004 4934 1260 4988; x_wconf 88' lang='lat' dir='ltr'><strong>collatum</strong></span> <span class='ocrx_word' id='word_1_710' title='bbox 1292 4935 1455 4988; x_wconf 89' lang='lat' dir='ltr'><strong>fuisse</strong></span> <span class='ocrx_word' id='word_1_711' title='bbox 1482 4950 1545 4989; x_wconf 91' lang='lat' dir='ltr'><strong>ea</strong></span> <span class='ocrx_word' id='word_1_712' title='bbox 1595 4937 1785 4989; x_wconf 86' lang='lat' dir='ltr'><strong>condi-</strong></span> 
     </span>
    </p>
   </div>
   <div class='ocr_carea' id='block_1_95' title="bbox 186 5003 1783 5071">
    <p class='ocr_par' dir='ltr' id='par_1_95' title="bbox 186 5003 1783 5071">
     <span class='ocr_line' id='line_1_95' title="bbox 186 5003 1783 5071; baseline 0 -12"><span class='ocrx_word' id='word_1_713' title='bbox 186 5008 346 5059; x_wconf 87' lang='lat' dir='ltr'><strong>tione</strong></span> <span class='ocrx_word' id='word_1_714' title='bbox 372 5014 431 5058; x_wconf 94' lang='lat' dir='ltr'><strong>ut</strong></span> <span class='ocrx_word' id='word_1_715' title='bbox 457 5005 738 5059; x_wconf 89' lang='lat' dir='ltr'><strong>donatoris</strong></span> <span class='ocrx_word' id='word_1_716' title='bbox 768 5019 966 5059; x_wconf 89' lang='lat' dir='ltr'><strong>nomen</strong></span> <span class='ocrx_word' id='word_1_717' title='bbox 1025 5003 1160 5059; x_wconf 91' lang='lat' dir='ltr'><strong>libro</strong></span> <span class='ocrx_word' id='word_1_718' title='bbox 1188 5006 1313 5058; x_wconf 61' lang='lat' dir='ltr'><strong>vitae</strong></span> <span class='ocrx_word' id='word_1_719' title='bbox 1359 5006 1741 5059; x_wconf 89' lang='lat' dir='ltr'><strong>inscriberetur</strong></span> <span class='ocrx_word' id='word_1_720' title='bbox 1768 5049 1783 5071; x_wconf 91' lang='lat'><strong>,</strong></span> 
     </span>
    </p>
   </div>
   <div class='ocr_carea' id='block_1_96' title="bbox 184 5072 1786 5145">
    <p class='ocr_par' dir='ltr' id='par_1_96' title="bbox 184 5072 1786 5145">
     <span class='ocr_line' id='line_1_96' title="bbox 184 5072 1786 5145; baseline 0.002 -18"><span class='ocrx_word' id='word_1_721' title='bbox 184 5074 342 5145; x_wconf 89' lang='lat' dir='ltr'><strong>quod</strong></span> <span class='ocrx_word' id='word_1_722' title='bbox 371 5076 536 5128; x_wconf 91' lang='lat' dir='ltr'><strong>etiam</strong></span> <span class='ocrx_word' id='word_1_723' title='bbox 566 5075 655 5128; x_wconf 92' lang='lat' dir='ltr'><strong>hic</strong></span> <span class='ocrx_word' id='word_1_724' title='bbox 680 5074 1099 5144; x_wconf 64' lang='lat' dir='ltr'><strong>praetermissum</strong></span> <span class='ocrx_word' id='word_1_725' title='bbox 1112 5072 1229 5129; x_wconf 85' lang='lat' dir='ltr'><strong>fuit.</strong></span> <span class='ocrx_word' id='word_1_726' title='bbox 1261 5075 1559 5144; x_wconf 90' lang='lat' dir='ltr'><strong>Ipsissimas</strong></span> <span class='ocrx_word' id='word_1_727' title='bbox 1583 5074 1786 5145; x_wconf 89' lang='lat' dir='ltr'><strong>lperius</strong></span> 
     </span>
    </p>
   </div>
   <div class='ocr_carea' id='block_1_97' title="bbox 185 5144 1783 5213">
    <p class='ocr_par' dir='ltr' id='par_1_97' title="bbox 185 5144 1783 5213">
     <span class='ocr_line' id='line_1_97' title="bbox 185 5144 1783 5213; baseline -0.001 -14"><span class='ocrx_word' id='word_1_728' title='bbox 185 5144 484 5212; x_wconf 78' lang='lat' dir='ltr'><strong>exscripsit</strong></span> <span class='ocrx_word' id='word_1_729' title='bbox 511 5152 666 5206; x_wconf 77' lang='lat' dir='ltr'><strong>notas</strong></span> <span class='ocrx_word' id='word_1_730' title='bbox 710 5145 1120 5211; x_wconf 85' lang='lat' dir='ltr'><strong>chronologicas</strong></span> <span class='ocrx_word' id='word_1_731' title='bbox 1143 5184 1159 5208; x_wconf 91' lang='lat'><strong>,</strong></span> <span class='ocrx_word' id='word_1_732' title='bbox 1189 5159 1323 5213; x_wconf 90' lang='lat' dir='ltr'><strong>quas</strong></span> <span class='ocrx_word' id='word_1_733' title='bbox 1358 5146 1577 5200; x_wconf 80' lang='lat' dir='ltr'><strong>exhibet</strong></span> <span class='ocrx_word' id='word_1_734' title='bbox 1602 5144 1783 5199; x_wconf 79' lang='lat' dir='ltr'><strong>exem-</strong></span> 
     </span>
    </p>
   </div>
   <div class='ocr_carea' id='block_1_98' title="bbox 186 5213 1784 5293">
    <p class='ocr_par' dir='ltr' id='par_1_98' title="bbox 186 5213 1784 5293">
     <span class='ocr_line' id='line_1_98' title="bbox 186 5213 1784 5293; baseline 0.001 -25"><span class='ocrx_word' id='word_1_735' title='bbox 186 5215 518 5293; x_wconf 36' lang='lat' dir='ltr'><strong>plum-quod</strong></span> <span class='ocrx_word' id='word_1_736' title='bbox 563 5215 859 5293; x_wconf 78' lang='lat' dir='ltr'><strong>sequimur.</strong></span> <span class='ocrx_word' id='word_1_737' title='bbox 919 5213 1014 5268; x_wconf 70' lang='lat' dir='ltr'><strong>Hec</strong></span> <span class='ocrx_word' id='word_1_738' title='bbox 1050 5229 1179 5293; x_wconf 79' lang='lat' dir='ltr'><strong>vero</strong></span> <span class='ocrx_word' id='word_1_739' title='bbox 1197 5215 1634 5293; x_wconf 71' lang='lat' dir='ltr'><strong>_a_n_t_ium_Qliristi</strong></span> <span class='ocrx_word' id='word_1_740' title='bbox 1683 5217 1784 5269; x_wconf 73' lang='grc'><strong>746</strong></span> 
     </span>
    </p>
   </div>
   <div class='ocr_carea' id='block_1_99' title="bbox 185 5284 1785 5356">
    <p class='ocr_par' dir='ltr' id='par_1_99' title="bbox 185 5284 1785 5356">
     <span class='ocr_line' id='line_1_99' title="bbox 185 5284 1785 5356; baseline 0.002 -18"><span class='ocrx_word' id='word_1_741' title='bbox 185 5284 514 5352; x_wconf 80' lang='lat' dir='ltr'><strong>indigitant;</strong></span> <span class='ocrx_word' id='word_1_742' title='bbox 546 5284 807 5356; x_wconf 86' lang='lat' dir='ltr'><strong>siquidem</strong></span> <span class='ocrx_word' id='word_1_743' title='bbox 830 5300 1002 5338; x_wconf 89' lang='lat' dir='ltr'><strong>annus</strong></span> <span class='ocrx_word' id='word_1_744' title='bbox 1018 5284 1165 5356; x_wconf 88' lang='lat' dir='ltr'><strong>regni</strong></span> <span class='ocrx_word' id='word_1_745' title='bbox 1190 5285 1477 5356; x_wconf 85' lang='lat' dir='ltr'><strong>Childerici</strong></span> <span class='ocrx_word' id='word_1_746' title='bbox 1502 5286 1567 5339; x_wconf 93' lang='lat' dir='ltr'><strong>Ill</strong></span> <span class='ocrx_word' id='word_1_747' title='bbox 1589 5302 1751 5342; x_wconf 85' lang='lat' dir='ltr'><strong>secnn</strong></span> <span class='ocrx_word' id='word_1_748' title='bbox 1773 5319 1785 5327; x_wconf 88' lang='lat'><strong>-</strong></span> 
     </span>
    </p>
   </div>
   <div class='ocr_carea' id='block_1_100' title="bbox 187 5355 1784 5423">
    <p class='ocr_par' dir='ltr' id='par_1_100' title="bbox 187 5355 1784 5423">
     <span class='ocr_line' id='line_1_100' title="bbox 187 5355 1784 5423; baseline 0.003 -15"><span class='ocrx_word' id='word_1_749' title='bbox 187 5356 318 5415; x_wconf 79' lang='lat' dir='ltr'><strong>dus,</strong></span> <span class='ocrx_word' id='word_1_750' title='bbox 368 5370 553 5409; x_wconf 89' lang='lat' dir='ltr'><strong>mense</strong></span> <span class='ocrx_word' id='word_1_751' title='bbox 605 5355 798 5421; x_wconf 82' lang='lat' dir='ltr'><strong>Martio</strong></span> <span class='ocrx_word' id='word_1_752' title='bbox 830 5355 1098 5417; x_wconf 72' lang='lat' dir='ltr'><strong>ineunte,</strong></span> <span class='ocrx_word' id='word_1_753' title='bbox 1143 5355 1427 5423; x_wconf 88' lang='lat' dir='ltr'><strong>colligatur</strong></span> <span class='ocrx_word' id='word_1_754' title='bbox 1462 5372 1583 5411; x_wconf 87' lang='lat' dir='ltr'><strong>cum</strong></span> <span class='ocrx_word' id='word_1_755' title='bbox 1641 5373 1784 5413; x_wconf 91' lang='lat' dir='ltr'><strong>anno</strong></span> 
     </span>
    </p>
   </div>
   <div class='ocr_carea' id='block_1_101' title="bbox 186 5425 1783 5493">
    <p class='ocr_par' dir='ltr' id='par_1_101' title="bbox 186 5425 1783 5493">
     <span class='ocr_line' id='line_1_101' title="bbox 186 5425 1783 5493; baseline 0.001 -12"><span class='ocrx_word' id='word_1_756' title='bbox 186 5425 396 5481; x_wconf 70' lang='lat' dir='ltr'><strong>Christi</strong></span> <span class='ocrx_word' id='word_1_757' title='bbox 448 5425 586 5491; x_wconf 70' lang='lat' dir='ltr'><strong>7M,</strong></span> <span class='ocrx_word' id='word_1_758' title='bbox 619 5440 727 5493; x_wconf 92' lang='lat' dir='ltr'><strong>quo</strong></span> <span class='ocrx_word' id='word_1_759' title='bbox 779 5425 1063 5480; x_wconf 90' lang='lat' dir='ltr'><strong>concilium</strong></span> <span class='ocrx_word' id='word_1_760' title='bbox 1095 5425 1484 5481; x_wconf 77' lang='lat' dir='ltr'><strong>Suessmnense</strong></span> <span class='ocrx_word' id='word_1_761' title='bbox 1533 5436 1783 5491; x_wconf 73' lang='lat' dir='ltr'><strong>eoat-turn</strong></span> 
     </span>
    </p>
   </div>
   <div class='ocr_carea' id='block_1_102' title="bbox 188 5494 1784 5569">
    <p class='ocr_par' dir='ltr' id='par_1_102' title="bbox 188 5494 1784 5569">
     <span class='ocr_line' id='line_1_102' title="bbox 188 5494 1784 5569; baseline 0 -17"><span class='ocrx_word' id='word_1_762' title='bbox 188 5505 304 5562; x_wconf 85' lang='lat' dir='ltr'><strong>est,</strong></span> <span class='ocrx_word' id='word_1_763' title='bbox 333 5504 391 5549; x_wconf 95' lang='lat' dir='ltr'><strong>ut</strong></span> <span class='ocrx_word' id='word_1_764' title='bbox 417 5511 578 5565; x_wconf 89' lang='lat' dir='ltr'><strong>supra</strong></span> <span class='ocrx_word' id='word_1_765' title='bbox 607 5496 914 5569; x_wconf 80' lang='lat' dir='ltr'><strong>monuimus</strong></span> <span class='ocrx_word' id='word_1_766' title='bbox 928 5496 1079 5568; x_wconf 60' lang='lat' dir='ltr'><strong>(Col.</strong></span> <span class='ocrx_word' id='word_1_767' title='bbox 1115 5494 1300 5566; x_wconf 71' lang='lat' dir='ltr'><strong>IMR).</strong></span> <span class='ocrx_word' id='word_1_768' title='bbox 1334 5496 1491 5569; x_wconf 84' lang='lat' dir='ltr'><strong>[Vide</strong></span> <span class='ocrx_word' id='word_1_769' title='bbox 1518 5497 1784 5568; x_wconf 89' lang='lat' dir='ltr'><strong>integrum</strong></span> 
     </span>
    </p>
   </div>
   <div class='ocr_carea' id='block_1_103' title="bbox 187 5565 894 5638">
    <p class='ocr_par' dir='ltr' id='par_1_103' title="bbox 187 5565 894 5638">
     <span class='ocr_line' id='line_1_103' title="bbox 187 5565 894 5638; baseline -0.004 -15"><span class='ocrx_word' id='word_1_770' title='bbox 187 5575 405 5638; x_wconf 84' lang='lat' dir='ltr'><strong>textum</strong></span> <span class='ocrx_word' id='word_1_771' title='bbox 432 5565 894 5638; x_wconf 67' lang='lat' dir='ltr'><strong>subsequentem]</strong></span> 
     </span>
    </p>
   </div>
   <div class='ocr_carea' id='block_1_104' title="bbox 270 5637 1783 5706">
    <p class='ocr_par' dir='ltr' id='par_1_104' title="bbox 270 5637 1783 5706">
     <span class='ocr_line' id='line_1_104' title="bbox 270 5637 1783 5706; baseline 0.002 -15"><span class='ocrx_word' id='word_1_772' title='bbox 270 5645 296 5671; x_wconf 76' lang='grc'>³</span> <span class='ocrx_word' id='word_1_773' title='bbox 340 5637 509 5706; x_wconf 90' lang='lat' dir='ltr'><strong>llnjus</strong></span> <span class='ocrx_word' id='word_1_774' title='bbox 540 5639 762 5705; x_wconf 60' lang='lat' dir='ltr'><strong>integrat</strong></span> <span class='ocrx_word' id='word_1_775' title='bbox 788 5637 989 5692; x_wconf 68' lang='lat' dir='ltr'><strong>charta:</strong></span> <span class='ocrx_word' id='word_1_776' title='bbox 1012 5638 1379 5706; x_wconf 90' lang='lat' dir='ltr'><strong>apographum</strong></span> <span class='ocrx_word' id='word_1_777' title='bbox 1407 5646 1585 5693; x_wconf 83' lang='lat' dir='ltr'><strong>exstat</strong></span> <span class='ocrx_word' id='word_1_778' title='bbox 1614 5640 1666 5693; x_wconf 88' lang='lat' dir='ltr'><strong>in</strong></span> <span class='ocrx_word' id='word_1_779' title='bbox 1697 5639 1783 5694; x_wconf 86' lang='lat' dir='ltr'><strong>Bi-</strong></span> 
     </span>
    </p>
   </div>
   <div class='ocr_carea' id='block_1_105' title="bbox 191 5708 1782 5782">
    <p class='ocr_par' dir='ltr' id='par_1_105' title="bbox 191 5708 1782 5782">
     <span class='ocr_line' id='line_1_105' title="bbox 191 5708 1782 5782; baseline 0.003 -24"><span class='ocrx_word' id='word_1_780' title='bbox 191 5708 469 5782; x_wconf 77' lang='lat' dir='ltr'><strong>bliotheca</strong></span> <span class='ocrx_word' id='word_1_781' title='bbox 500 5709 667 5778; x_wconf 87' lang='lat' dir='ltr'><strong>regia,</strong></span> <span class='ocrx_word' id='word_1_782' title='bbox 702 5725 729 5761; x_wconf 91' lang='lat' dir='ltr'><strong>a</strong></span> <span class='ocrx_word' id='word_1_783' title='bbox 760 5708 919 5782; x_wconf 36' lang='lat' dir='ltr'><strong>Dite</strong></span> <span class='ocrx_word' id='word_1_784' title='bbox 952 5709 1118 5763; x_wconf 87' lang='lat' dir='ltr'><strong>Witte</strong></span> <span class='ocrx_word' id='word_1_785' title='bbox 1141 5710 1197 5761; x_wconf 80' lang='grc'><strong>8.</strong></span> <span class='ocrx_word' id='word_1_786' title='bbox 1222 5710 1425 5782; x_wconf 80' lang='lat' dir='ltr'><strong>Bertini</strong></span> <span class='ocrx_word' id='word_1_787' title='bbox 1451 5710 1782 5782; x_wconf 71' lang='lat' dir='ltr'><strong>chartopliy-</strong></span> 
     </span>
    </p>
   </div>
   <div class='ocr_carea' id='block_1_106' title="bbox 191 5777 1782 5846">
    <p class='ocr_par' dir='ltr' id='par_1_106' title="bbox 191 5777 1782 5846">
     <span class='ocr_line' id='line_1_106' title="bbox 191 5777 1782 5846; baseline 0.003 -15"><span class='ocrx_word' id='word_1_788' title='bbox 191 5780 315 5846; x_wconf 83' lang='lat' dir='ltr'><strong>lace</strong></span> <span class='ocrx_word' id='word_1_789' title='bbox 335 5777 580 5844; x_wconf 76' lang='lat' dir='ltr'><strong>missum,</strong></span> <span class='ocrx_word' id='word_1_790' title='bbox 609 5796 752 5836; x_wconf 90' lang='lat' dir='ltr'><strong>anno</strong></span> <span class='ocrx_word' id='word_1_791' title='bbox 780 5777 919 5833; x_wconf 70' lang='grc'>1782</span> <span class='ocrx_word' id='word_1_792' title='bbox 946 5788 1001 5834; x_wconf 92' lang='lat' dir='ltr'><strong>et</strong></span> <span class='ocrx_word' id='word_1_793' title='bbox 1052 5795 1213 5833; x_wconf 87' lang='lat' dir='ltr'><strong>manu</strong></span> <span class='ocrx_word' id='word_1_794' title='bbox 1255 5780 1387 5835; x_wconf 91' lang='lat' dir='ltr'><strong>clari</strong></span> <span class='ocrx_word' id='word_1_795' title='bbox 1414 5780 1509 5833; x_wconf 91' lang='lat' dir='ltr'><strong>viri</strong></span> <span class='ocrx_word' id='word_1_796' title='bbox 1537 5780 1605 5835; x_wconf 90' lang='lat' dir='ltr'><strong>de</strong></span> <span class='ocrx_word' id='word_1_797' title='bbox 1646 5777 1782 5835; x_wconf 72' lang='lat' dir='ltr'><strong>Bre-</strong></span> 
     </span>
    </p>
   </div>
   <div class='ocr_carea' id='block_1_107' title="bbox 193 5849 1777 5921">
    <p class='ocr_par' dir='ltr' id='par_1_107' title="bbox 193 5849 1777 5921">
     <span class='ocr_line' id='line_1_107' title="bbox 193 5849 1777 5921; baseline 0.004 -20"><span class='ocrx_word' id='word_1_798' title='bbox 193 5849 396 5921; x_wconf 79' lang='lat' dir='ltr'><strong>quigny</strong></span> <span class='ocrx_word' id='word_1_799' title='bbox 423 5860 734 5906; x_wconf 81' lang='lat' dir='ltr'><strong>altnolutttm</strong></span> <span class='ocrx_word' id='word_1_800' title='bbox 788 5860 847 5904; x_wconf 91' lang='lat' dir='ltr'><strong>ut</strong></span> <span class='ocrx_word' id='word_1_801' title='bbox 896 5851 947 5905; x_wconf 92' lang='lat' dir='ltr'><strong>in</strong></span> <span class='ocrx_word' id='word_1_802' title='bbox 992 5850 1373 5908; x_wconf 86' lang='lat' dir='ltr'><strong>additamentis</strong></span> <span class='ocrx_word' id='word_1_803' title='bbox 1429 5852 1777 5908; x_wconf 84' lang='lat' dir='ltr'><strong>insercrctur.</strong></span> 
     </span>
    </p>
   </div>
   <div class='ocr_carea' id='block_1_108' title="bbox 1893 4735 3475 4800">
    <p class='ocr_par' dir='ltr' id='par_1_108' title="bbox 1893 4735 3475 4800">
     <span class='ocr_line' id='line_1_108' title="bbox 1893 4735 3475 4800; baseline 0.008 -12"><span class='ocrx_word' id='word_1_804' title='bbox 1893 4735 2064 4791; x_wconf 81' lang='lat' dir='ltr'><strong>Hodie</strong></span> <span class='ocrx_word' id='word_1_805' title='bbox 2090 4745 2337 4791; x_wconf 87' lang='lat' dir='ltr'><strong>servatur</strong></span> <span class='ocrx_word' id='word_1_806' title='bbox 2364 4736 2605 4791; x_wconf 86' lang='lat' dir='ltr'><strong>Gandavi</strong></span> <span class='ocrx_word' id='word_1_807' title='bbox 2653 4739 2705 4793; x_wconf 93' lang='lat' dir='ltr'><strong>in</strong></span> <span class='ocrx_word' id='word_1_808' title='bbox 2748 4740 2966 4795; x_wconf 62' lang='lat' dir='ltr'><strong>archivii</strong></span> <span class='ocrx_word' id='word_1_809' title='bbox 2996 4741 3260 4797; x_wconf 77' lang='lat' dir='ltr'><strong>Flandri:c</strong></span> <span class='ocrx_word' id='word_1_810' title='bbox 3289 4746 3475 4800; x_wconf 80' lang='lat' dir='ltr'><strong>orien-</strong></span> 
     </span>
    </p>
   </div>
   <div class='ocr_carea' id='block_1_109' title="bbox 1891 4806 3476 4879">
    <p class='ocr_par' dir='ltr' id='par_1_109' title="bbox 1891 4806 3476 4879">
     <span class='ocr_line' id='line_1_109' title="bbox 1891 4806 3476 4879; baseline 0.008 -21"><span class='ocrx_word' id='word_1_811' title='bbox 1891 4806 2308 4879; x_wconf 76' lang='lat' dir='ltr'><strong>talisexemplar</strong></span> <span class='ocrx_word' id='word_1_812' title='bbox 2333 4808 2805 4864; x_wconf 90' lang='lat' dir='ltr'><strong>membranacemn</strong></span> <span class='ocrx_word' id='word_1_813' title='bbox 2836 4813 2978 4879; x_wconf 90' lang='lat' dir='ltr'><strong>quod</strong></span> <span class='ocrx_word' id='word_1_814' title='bbox 3007 4814 3072 4865; x_wconf 89' lang='lat' dir='ltr'><strong>ad</strong></span> <span class='ocrx_word' id='word_1_815' title='bbox 3104 4814 3164 4867; x_wconf 91' lang='lat' dir='ltr'><strong>D.</strong></span> <span class='ocrx_word' id='word_1_816' title='bbox 3196 4816 3263 4869; x_wconf 89' lang='lat' dir='ltr'><strong>de</strong></span> <span class='ocrx_word' id='word_1_817' title='bbox 3309 4816 3476 4871; x_wconf 88' lang='lat' dir='ltr'><strong>Witte</strong></span> 
     </span>
    </p>
   </div>
   <div class='ocr_carea' id='block_1_110' title="bbox 1890 4876 3477 4955">
    <p class='ocr_par' dir='ltr' id='par_1_110' title="bbox 1890 4876 3477 4955">
     <span class='ocr_line' id='line_1_110' title="bbox 1890 4876 3477 4955; baseline 0.008 -26"><span class='ocrx_word' id='word_1_818' title='bbox 1890 4877 2212 4955; x_wconf 73' lang='lat' dir='ltr'><strong>pertinuisse</strong></span> <span class='ocrx_word' id='word_1_819' title='bbox 2237 4876 2377 4930; x_wconf 91' lang='lat' dir='ltr'><strong>fama</strong></span> <span class='ocrx_word' id='word_1_820' title='bbox 2408 4886 2511 4940; x_wconf 90' lang='lat' dir='ltr'><strong>est,</strong></span> <span class='ocrx_word' id='word_1_821' title='bbox 2542 4888 2596 4932; x_wconf 91' lang='lat' dir='ltr'><strong>et</strong></span> <span class='ocrx_word' id='word_1_822' title='bbox 2640 4882 2793 4955; x_wconf 81' lang='lat' dir='ltr'><strong>cujus</strong></span> <span class='ocrx_word' id='word_1_823' title='bbox 2824 4876 3119 4955; x_wconf 81' lang='lat' dir='ltr'><strong>specimen,</strong></span> <span class='ocrx_word' id='word_1_824' title='bbox 3144 4885 3308 4939; x_wconf 89' lang='lat' dir='ltr'><strong>modo</strong></span> <span class='ocrx_word' id='word_1_825' title='bbox 3332 4887 3477 4955; x_wconf 86' lang='lat' dir='ltr'><strong>quod</strong></span> 
     </span>
    </p>
   </div>
   <div class='ocr_carea' id='block_1_111' title="bbox 1888 4945 3479 5024">
    <p class='ocr_par' dir='ltr' id='par_1_111' title="bbox 1888 4945 3479 5024">
     <span class='ocr_line' id='line_1_111' title="bbox 1888 4945 3479 5024; baseline 0.008 -26"><span class='ocrx_word' id='word_1_826' title='bbox 1888 4945 2294 5024; x_wconf 58' lang='lat' dir='ltr'><strong>[it/iograpltiam</strong></span> <span class='ocrx_word' id='word_1_827' title='bbox 2323 4963 2619 5024; x_wconf 75' lang='lat' dir='ltr'><strong>vocamus,</strong></span> <span class='ocrx_word' id='word_1_828' title='bbox 2676 4945 2873 5024; x_wconf 63' lang='lat' dir='ltr'><strong>adjecit</strong></span> <span class='ocrx_word' id='word_1_829' title='bbox 2942 4945 3136 5024; x_wconf 78' lang='lat' dir='ltr'><strong>doctus</strong></span> <span class='ocrx_word' id='word_1_830' title='bbox 3203 4945 3479 5024; x_wconf 72' lang='lat' dir='ltr'><strong>professor</strong></span> 
     </span>
    </p>
   </div>
   <div class='ocr_carea' id='block_1_112' title="bbox 1888 5016 3480 5089">
    <p class='ocr_par' dir='ltr' id='par_1_112' title="bbox 1888 5016 3480 5089">
     <span class='ocr_line' id='line_1_112' title="bbox 1888 5016 3480 5089; baseline 0.009 -21"><span class='ocrx_word' id='word_1_831' title='bbox 1888 5016 2244 5089; x_wconf 62' lang='lat' dir='ltr'><strong>YVarnkonig,</strong></span> <span class='ocrx_word' id='word_1_832' title='bbox 2274 5027 2423 5073; x_wconf 89' lang='lat' dir='ltr'><strong>tomo</strong></span> <span class='ocrx_word' id='word_1_833' title='bbox 2450 5020 2470 5073; x_wconf 94' lang='lat' dir='ltr'><strong>l</strong></span> <span class='ocrx_word' id='word_1_834' title='bbox 2502 5016 2755 5077; x_wconf 65' lang='lat' dir='ltr'><strong>Historiae</strong></span> <span class='ocrx_word' id='word_1_835' title='bbox 2788 5020 3135 5079; x_wconf 88' lang='lat' dir='ltr'><strong>Flandrensis</strong></span> <span class='ocrx_word' id='word_1_836' title='bbox 3160 5066 3174 5089; x_wconf 96' lang='lat'><strong>,</strong></span> <span class='ocrx_word' id='word_1_837' title='bbox 3203 5016 3480 5082; x_wconf 57' lang='lat' dir='ltr'><strong>&#39;editionis</strong></span> 
     </span>
    </p>
   </div>
   <div class='ocr_carea' id='block_1_113' title="bbox 1890 5086 3475 5159">
    <p class='ocr_par' dir='ltr' id='par_1_113' title="bbox 1890 5086 3475 5159">
     <span class='ocr_line' id='line_1_113' title="bbox 1890 5086 3475 5159; baseline 0.008 -19"><span class='ocrx_word' id='word_1_838' title='bbox 1890 5086 2126 5159; x_wconf 64' lang='lat' dir='ltr'><strong>Gallicae.</strong></span> <span class='ocrx_word' id='word_1_839' title='bbox 2150 5086 2256 5143; x_wconf 90' lang='lat' dir='ltr'><strong>Pro</strong></span> <span class='ocrx_word' id='word_1_840' title='bbox 2306 5098 2455 5144; x_wconf 90' lang='lat' dir='ltr'><strong>certo</strong></span> <span class='ocrx_word' id='word_1_841' title='bbox 2485 5090 2792 5145; x_wconf 87' lang='lat' dir='ltr'><strong>habendum</strong></span> <span class='ocrx_word' id='word_1_842' title='bbox 2822 5092 3008 5159; x_wconf 86' lang='lat' dir='ltr'><strong>credo,</strong></span> <span class='ocrx_word' id='word_1_843' title='bbox 3039 5110 3106 5148; x_wconf 81' lang='lat' dir='ltr'><strong>ex</strong></span> <span class='ocrx_word' id='word_1_844' title='bbox 3160 5086 3475 5152; x_wconf 88' lang='lat' dir='ltr'><strong>membrana</strong></span> 
     </span>
    </p>
   </div>
   <div class='ocr_carea' id='block_1_114' title="bbox 1888 5156 3474 5227">
    <p class='ocr_par' dir='ltr' id='par_1_114' title="bbox 1888 5156 3474 5227">
     <span class='ocr_line' id='line_1_114' title="bbox 1888 5156 3474 5227; baseline 0.006 -16"><span class='ocrx_word' id='word_1_845' title='bbox 1888 5156 2229 5213; x_wconf 87' lang='lat' dir='ltr'><strong>Gandavensi</strong></span> <span class='ocrx_word' id='word_1_846' title='bbox 2255 5175 2373 5227; x_wconf 74' lang='lat' dir='ltr'><strong>qua:</strong></span> <span class='ocrx_word' id='word_1_847' title='bbox 2394 5175 2532 5214; x_wconf 90' lang='lat' dir='ltr'><strong>anno</strong></span> <span class='ocrx_word' id='word_1_848' title='bbox 2558 5160 2695 5216; x_wconf 72' lang='lat'><strong>1782</strong></span> <span class='ocrx_word' id='word_1_849' title='bbox 2723 5163 2970 5217; x_wconf 84' lang='lat' dir='ltr'><strong>exstabat</strong></span> <span class='ocrx_word' id='word_1_850' title='bbox 2993 5156 3045 5216; x_wconf 84' lang='lat' dir='ltr'><strong>in</strong></span> <span class='ocrx_word' id='word_1_851' title='bbox 3057 5165 3474 5222; x_wconf 89' lang='lat' dir='ltr'><strong>Sanbertiniano</strong></span> 
     </span>
    </p>
   </div>
   <div class='ocr_carea' id='block_1_115' title="bbox 1890 5228 3474 5307">
    <p class='ocr_par' dir='ltr' id='par_1_115' title="bbox 1890 5228 3474 5307">
     <span class='ocr_line' id='line_1_115' title="bbox 1890 5228 3474 5307; baseline 0.008 -27"><span class='ocrx_word' id='word_1_852' title='bbox 1890 5228 2162 5307; x_wconf 66' lang='lat' dir='ltr'><strong>chartario</strong></span> <span class='ocrx_word' id='word_1_853' title='bbox 2190 5230 2518 5307; x_wconf 83' lang='lat' dir='ltr'><strong>exscriptum</strong></span> <span class='ocrx_word' id='word_1_854' title='bbox 2570 5230 2737 5307; x_wconf 84' lang='lat' dir='ltr'><strong>fuisse</strong></span> <span class='ocrx_word' id='word_1_855' title='bbox 2754 5233 2903 5307; x_wconf 66' lang='lat' dir='ltr'><strong>bibl.</strong></span> <span class='ocrx_word' id='word_1_856' title='bbox 2936 5247 3048 5299; x_wconf 85' lang='lat' dir='ltr'><strong>reg.</strong></span> <span class='ocrx_word' id='word_1_857' title='bbox 3082 5238 3474 5307; x_wconf 85' lang='lat' dir='ltr'><strong>apographum.</strong></span> 
     </span>
    </p>
   </div>
   <div class='ocr_carea' id='block_1_116' title="bbox 1888 5297 3479 5372">
    <p class='ocr_par' dir='ltr' id='par_1_116' title="bbox 1888 5297 3479 5372">
     <span class='ocr_line' id='line_1_116' title="bbox 1888 5297 3479 5372; baseline 0.006 -21"><span class='ocrx_word' id='word_1_858' title='bbox 1888 5297 2155 5372; x_wconf 80' lang='lat' dir='ltr'><strong>Quasdam</strong></span> <span class='ocrx_word' id='word_1_859' title='bbox 2180 5308 2359 5372; x_wconf 84' lang='lat' dir='ltr'><strong>tamen</strong></span> <span class='ocrx_word' id='word_1_860' title='bbox 2382 5300 2633 5357; x_wconf 89' lang='lat' dir='ltr'><strong>lectionis</strong></span> <span class='ocrx_word' id='word_1_861' title='bbox 2653 5304 2962 5369; x_wconf 89' lang='lat' dir='ltr'><strong>varietates,</strong></span> <span class='ocrx_word' id='word_1_862' title='bbox 2990 5297 3314 5372; x_wconf 57' lang='grc' dir='ltr'><strong>φιδιὲεῖὠὼ</strong></span> <span class='ocrx_word' id='word_1_863' title='bbox 3337 5310 3479 5363; x_wconf 83' lang='lat' dir='ltr'><strong>osci-</strong></span> 
     </span>
    </p>
   </div>
   <div class='ocr_carea' id='block_1_117' title="bbox 1889 5370 3478 5441">
    <p class='ocr_par' dir='ltr' id='par_1_117' title="bbox 1889 5370 3478 5441">
     <span class='ocr_line' id='line_1_117' title="bbox 1889 5370 3478 5441; baseline 0.008 -20"><span class='ocrx_word' id='word_1_864' title='bbox 1889 5371 2069 5422; x_wconf 73' lang='lat' dir='ltr'><strong>tantist:</strong></span> <span class='ocrx_word' id='word_1_865' title='bbox 2095 5370 2251 5441; x_wconf 84' lang='lat' dir='ltr'><strong>facile</strong></span> <span class='ocrx_word' id='word_1_866' title='bbox 2280 5372 2442 5425; x_wconf 89' lang='lat' dir='ltr'><strong>tribui</strong></span> <span class='ocrx_word' id='word_1_867' title='bbox 2475 5382 2731 5441; x_wconf 90' lang='lat' dir='ltr'><strong>possunt,</strong></span> <span class='ocrx_word' id='word_1_868' title='bbox 2778 5374 2919 5427; x_wconf 89' lang='lat' dir='ltr'><strong>inter</strong></span> <span class='ocrx_word' id='word_1_869' title='bbox 2949 5370 3117 5431; x_wconf 78' lang='lat' dir='ltr'><strong>uncos</strong></span> <span class='ocrx_word' id='word_1_870' title='bbox 3164 5378 3478 5433; x_wconf 80' lang='lat' dir='ltr'><strong>inserendas</strong></span> 
     </span>
    </p>
   </div>
   <div class='ocr_carea' id='block_1_118' title="bbox 1886 5440 3479 5516">
    <p class='ocr_par' dir='ltr' id='par_1_118' title="bbox 1886 5440 3479 5516">
     <span class='ocr_line' id='line_1_118' title="bbox 1886 5440 3479 5516; baseline 0.005 -22"><span class='ocrx_word' id='word_1_871' title='bbox 1886 5441 2092 5516; x_wconf 53' lang='lat' dir='ltr'><strong>curavi:</strong></span> <span class='ocrx_word' id='word_1_872' title='bbox 2148 5440 2264 5516; x_wconf 43' lang='lat' dir='ltr'><strong>lion</strong></span> <span class='ocrx_word' id='word_1_873' title='bbox 2295 5442 2459 5516; x_wconf 79' lang='lat' dir='ltr'><strong>ita_d_e</strong></span> <span class='ocrx_word' id='word_1_874' title='bbox 2479 5440 2639 5516; x_wconf 80' lang='lat' dir='ltr'><strong>textu</strong></span> <span class='ocrx_word' id='word_1_875' title='bbox 2682 5458 2841 5516; x_wconf 80' lang='lat' dir='ltr'><strong>quem</strong></span> <span class='ocrx_word' id='word_1_876' title='bbox 2892 5448 3133 5516; x_wconf 86' lang='lat' dir='ltr'><strong>reperies</strong></span> <span class='ocrx_word' id='word_1_877' title='bbox 3162 5487 3179 5512; x_wconf 90' lang='lat'><strong>,</strong></span> <span class='ocrx_word' id='word_1_878' title='bbox 3228 5462 3350 5516; x_wconf 87' lang='lat' dir='ltr'><strong>pag.</strong></span> <span class='ocrx_word' id='word_1_879' title='bbox 3406 5448 3479 5502; x_wconf 80' lang='lat'><strong>5&#39;5</strong></span> 
     </span>
    </p>
   </div>
   <div class='ocr_carea' id='block_1_119' title="bbox 1886 5510 3477 5588">
    <p class='ocr_par' dir='ltr' id='par_1_119' title="bbox 1886 5510 3477 5588">
     <span class='ocr_line' id='line_1_119' title="bbox 1886 5510 3477 5588; baseline 0.006 -26"><span class='ocrx_word' id='word_1_880' title='bbox 1886 5510 2193 5588; x_wconf 78' lang='lat' dir='ltr'><strong>chartularii</strong></span> <span class='ocrx_word' id='word_1_881' title='bbox 2218 5512 2389 5566; x_wconf 90' lang='lat' dir='ltr'><strong>sancti</strong></span> <span class='ocrx_word' id='word_1_882' title='bbox 2413 5512 2615 5588; x_wconf 76' lang='lat' dir='ltr'><strong>Bertini</strong></span> <span class='ocrx_word' id='word_1_883' title='bbox 2642 5529 2671 5567; x_wconf 92' lang='lat' dir='ltr'><strong>a</strong></span> <span class='ocrx_word' id='word_1_884' title='bbox 2700 5510 2851 5569; x_wconf 72' lang='lat' dir='ltr'><strong>Claro</strong></span> <span class='ocrx_word' id='word_1_885' title='bbox 2874 5510 2987 5588; x_wconf 79' lang='lat' dir='ltr'><strong>viro</strong></span> <span class='ocrx_word' id='word_1_886' title='bbox 3007 5510 3248 5588; x_wconf 81' lang='lat' dir='ltr'><strong>Guérard</strong></span> <span class='ocrx_word' id='word_1_887' title='bbox 3278 5510 3477 5588; x_wconf 54' lang='lat' dir='ltr'><strong>p&#39;ublici</strong></span> 
     </span>
    </p>
   </div>
   <div class='ocr_carea' id='block_1_120' title="bbox 1881 5578 3475 5655">
    <p class='ocr_par' dir='ltr' id='par_1_120' title="bbox 1881 5578 3475 5655">
     <span class='ocr_line' id='line_1_120' title="bbox 1881 5578 3475 5655; baseline 0.006 -20"><span class='ocrx_word' id='word_1_888' title='bbox 1881 5578 2018 5655; x_wconf 74' lang='lat' dir='ltr'><strong>juris</strong></span> <span class='ocrx_word' id='word_1_889' title='bbox 2048 5580 2209 5655; x_wconf 84' lang='lat' dir='ltr'><strong>facto,</strong></span> <span class='ocrx_word' id='word_1_890' title='bbox 2237 5597 2380 5655; x_wconf 90' lang='lat' dir='ltr'><strong>anno</strong></span> <span class='ocrx_word' id='word_1_891' title='bbox 2414 5583 2570 5649; x_wconf 74' lang='grc'>1841,</span> <span class='ocrx_word' id='word_1_892' title='bbox 2618 5593 2674 5639; x_wconf 92' lang='lat' dir='ltr'><strong>et</strong></span> <span class='ocrx_word' id='word_1_893' title='bbox 2703 5600 2863 5655; x_wconf 89' lang='lat' dir='ltr'><strong>quem</strong></span> <span class='ocrx_word' id='word_1_894' title='bbox 2895 5586 2949 5640; x_wconf 92' lang='lat' dir='ltr'><strong>in</strong></span> <span class='ocrx_word' id='word_1_895' title='bbox 2979 5578 3358 5644; x_wconf 65' lang='lat' dir='ltr'><strong>additamentis</strong></span> <span class='ocrx_word' id='word_1_896' title='bbox 3386 5604 3475 5644; x_wconf 83' lang='lat' dir='ltr'><strong>re-</strong></span> 
     </span>
    </p>
   </div>
   <div class='ocr_carea' id='block_1_121' title="bbox 1886 5651 2442 5707">
    <p class='ocr_par' dir='ltr' id='par_1_121' title="bbox 1886 5651 2442 5707">
     <span class='ocr_line' id='line_1_121' title="bbox 1886 5651 2442 5707; baseline 0.002 -1"><span class='ocrx_word' id='word_1_897' title='bbox 1886 5651 2190 5706; x_wconf 82' lang='lat' dir='ltr'><strong>cudendum</strong></span> <span class='ocrx_word' id='word_1_898' title='bbox 2222 5654 2442 5707; x_wconf 88' lang='lat' dir='ltr'><strong>curabo.</strong></span> 
     </span>
    </p>
   </div>
   <div class='ocr_carea' id='block_1_122' title="bbox 1959 5722 3476 5793">
    <p class='ocr_par' dir='ltr' id='par_1_122' title="bbox 1959 5722 3476 5793">
     <span class='ocr_line' id='line_1_122' title="bbox 1959 5722 3476 5793; baseline 0.007 -16"><span class='ocrx_word' id='word_1_899' title='bbox 1959 5722 1982 5758; x_wconf 71' lang='grc' dir='ltr'>δ</span> <span class='ocrx_word' id='word_1_900' title='bbox 2025 5723 2422 5778; x_wconf 85' lang='lat' dir='ltr'><strong>Consulendum</strong></span> <span class='ocrx_word' id='word_1_901' title='bbox 2489 5733 2573 5780; x_wconf 88' lang='lat' dir='ltr'><strong>est</strong></span> <span class='ocrx_word' id='word_1_902' title='bbox 2626 5725 2814 5793; x_wconf 82' lang='lat' dir='ltr'><strong>Cangii</strong></span> <span class='ocrx_word' id='word_1_903' title='bbox 2866 5730 3200 5787; x_wconf 84' lang='lat' dir='ltr'><strong>Glossarium</strong></span> <span class='ocrx_word' id='word_1_904' title='bbox 3252 5730 3476 5788; x_wconf 73' lang='lat' dir='ltr'><strong>vombus</strong></span> 
     </span>
    </p>
   </div>
   <div class='ocr_carea' id='block_1_123' title="bbox 1888 5792 2828 5864">
    <p class='ocr_par' dir='ltr' id='par_1_123' title="bbox 1888 5792 2828 5864">
     <span class='ocr_line' id='line_1_123' title="bbox 1888 5792 2828 5864; baseline 0.011 -18"><span class='ocrx_word' id='word_1_905' title='bbox 1888 5792 2146 5864; x_wconf 75' lang='lat' dir='ltr'><strong>Dip!yclia</strong></span> <span class='ocrx_word' id='word_1_906' title='bbox 2173 5795 2395 5850; x_wconf 79' lang='lat' dir='ltr'><strong>rivorum</strong></span> <span class='ocrx_word' id='word_1_907' title='bbox 2428 5804 2481 5851; x_wconf 89' lang='lat' dir='ltr'><strong>ct</strong></span> <span class='ocrx_word' id='word_1_908' title='bbox 2513 5796 2665 5852; x_wconf 79' lang='lat' dir='ltr'><strong>Liber</strong></span> <span class='ocrx_word' id='word_1_909' title='bbox 2694 5792 2828 5856; x_wconf 75' lang='lat' dir='ltr'><strong>tita&#39;.</strong></span> 
     </span>
    </p>
   </div>
  </div>
