4206 6622
760 463 896 518 1507

1590 457 1854 513 saecvla
1900 456 1986 510 vu
2030 453 2117 508 ετ
2161 453 2270 507 vn:
2317 451 2846 507 lCtZlJ-ZSIASTiCA
2890 451 3327 508 MONUMENTA.

3879 459 4018 516 1308

750 589 889 644 quae
917 580 1121 629 restant
1151 588 1181 627 a
1211 572 1299 628 die
1331 577 1581 641 prcscnte
1604 613 1618 636 ,
1672 571 1849 639 abque
1896 567 2060 623 ullius
2116 565 2339 620 terroris
2370 566 2416 624 Α
2445 562 2850 626 (londustrinse,
2879 562 3121 629 Caldina,
3156 563 3429 630 Mosania,
3478 565 3747 637 Warsipio
3800 579 3855 624 et
3895 571 4030 626 Bar-

749 663 1198 726 contradictione,
1232 663 1336 718 hoc
1364 661 1416 715 in
1438 674 1625 716 eorum
1643 660 1767 728 jure
1788 667 1846 713 et
1882 656 2247 712 dominatione
2269 655 2335 709 ad

750 758 1017 824 integrum
1049 755 1312 825 recipiant
1334 753 1399 808 ad
1427 750 1898 823 possidendum,et
1921 749 2121 804 faciant
2142 747 2336 802 exinde

750 846 1009 918 quidquid
1047 847 1177 901 utile
1200 853 1283 902 cst
1310 844 1455 915 quod
1486 842 1751 912 eligerint.
1785 841 1843 895 Si
1872 839 1992 909 quis
2015 853 2164 901 vero,
2192 835 2335 905 quod

752 940 989 993 futurum
1028 953 1149 993 esse
1187 953 1293 993 non
1322 936 1516 1003 credo,
1567 934 1613 990 si
1667 947 1768 1003 ego
1798 933 1913 1001 ipse
1964 938 2057 984 aut
2085 928 2224 983 ullus
2271 928 2338 982 de

753 1029 1042 1085 heredibus
1071 1032 1153 1083 vel
1179 1027 1317 1101 [seu]
1340 1026 1742 1083 successoribus
1766 1023 1920 1088 meis,
1943 1036 2039 1077 seu
2084 1020 2339 1091 quislibet

748 1129 1043 1175 extraneus
1071 1119 1269 1175 nobilis
1317 1134 1549 1191 persona
1598 1116 1759 1171 fuerit
1805 1130 1943 1185 quae
1994 1119 2184 1168 contra
2235 1112 2339 1166 hoc

753 1211 1062 1265 donationis
1092 1218 1476 1265 testamentum
1516 1206 1703 1262 venire
1744 1213 1837 1259 aut
1881 1219 2000 1259 eam
2048 1201 2339 1271 infringere

751 1301 1055 1369 cenaverit,
1082 1301 1217 1356 iram
1253 1300 1343 1355 Dei
1370 1298 1758 1369 omnipotentis
1797 1296 2056 1361 incurrat,
2077 1294 2338 1363 judicium

751 1402 810 1449 et
837 1392 1114 1457 oﬂ‘ensam,
1142 1400 1197 1447 et
1224 1407 1349 1447 cum
1380 1391 1511 1462 ipsis
1541 1390 1744 1445 sanctis
1772 1387 2033 1458 apostolis
2082 1385 2243 1441 Petro
2286 1394 2341 1439 et

754 1485 923 1541 Paulo
951 1494 1007 1540 et
1034 1493 1224 1540 sancto
1254 1483 1484 1539 Martino
1539 1490 1834 1549 sanctoque
1877 1481 1964 1533 Ben
1979 1478 2114 1544 tino,
2145 1479 2341 1547 quibus

755 1578 928 1647 ipsam
977 1578 1168 1633 cellam
1200 1577 1594 1647 delegavimus,
1650 1584 1778 1629 ante
1822 1572 2061 1629 tribunal
2092 1571 2195 1644 Xpi
2242 1572 2339 1627 de-

755 1676 914 1728 ducat
965 1674 1230 1728 rationem
1254 1680 1308 1727 et
1336 1672 1404 1725 de
1431 1683 1620 1725 eorum
1651 1665 1925 1723 aecclesiis
1976 1664 2344 1720 excommuni~

754 1776 908 1822 catus
929 1775 983 1821 et
1005 1774 1298 1821 extraneos
1328 1762 1612 1826 efliciatur,
1645 1760 1691 1815 si
1727 1774 1786 1814 se
1810 1758 2002 1813 exinde
2026 1772 2123 1827 per
2151 1757 2343 1827 poeni-

756 1859 963 1914 tentiae
982 1857 1331 1926 asperitatem
1384 1868 1491 1909 non
1519 1859 1799 1922 comparat
1824 1866 1839 1916 ;
1879 1856 1935 1905 ct
1964 1849 2181 1918 insuper
2210 1847 2344 1902 infe-

2441 653 2577 711 sina.
2612 668 2820 707 necnon
2852 662 2907 708 et
2932 653 3116 719 Rudis,
3144 652 3403 719 Pronote,
3451 656 3662 724 llaltna,
3686 667 3739 714 et
3768 658 3921 715 llaist
3975 663 4034 717 in

2441 744 2654 797 Gnoldo
2685 759 2894 814 manso,
2919 743 3160 799 Solania.
3212 745 3471 802 Similiter
3499 758 3553 802 et
3582 748 3761 804 villam
3789 766 3908 820 quae
3934 768 4033 808 vo-

2439 843 2592 890 catur
2635 836 2918 892 Wadalino
2958 853 3080 892 cum
3124 839 3370 893 omnibus
3400 840 3723 909 appenditiis
3749 842 3879 906 suis,
3912 842 4030 898 Ru-

2438 926 2544 993 dis,
2573 926 2779 994 Olisna,
2811 928 3049 993 Serario,
3084 927 3348 983 Palatiolo
3377 939 3434 985 ct
3464 929 3748 995 Brabante,
3775 932 3841 987 ad
3885 933 4032 1003 ipsas

2439 1034 2593 1073 casas
2626 1019 2716 1073 Dei
2747 1020 3066 1075 tradidimus
3091 1029 3255 1090 atque
3282 1021 3684 1077 transcribimus
3713 1037 3743 1076 a
3776 1021 3860 1077 die
3887 1038 4032 1092 pra:-

2440 1118 2593 1165 sente
2634 1123 2736 1179 ego
2762 1110 3178 1174 Karlemannus,
3205 1125 3305 1180 pro
3334 1112 3525 1166 animae
3553 1120 3773 1177 nostras,
3796 1112 3882 1165 vel
3919 1112 4034 1166 An-

2441 1200 2607 1268 glino,
2641 1209 2701 1253 ut
2730 1200 2924 1256 melius
2953 1200 3031 1254 eis
3054 1198 3309 1266 delectet,
3340 1215 3440 1269 pro
3484 1214 3584 1255 nos
3608 1199 3695 1254 vel
3739 1199 4035 1254 stabilitate

2442 1291 2594 1360 regni
2626 1290 2794 1345 nostri
2822 1289 2873 1355 δ,
2909 1290 3120 1344 Domini
3173 1290 3601 1345 misericordiam
3630 1290 3890 1345 attentius
3936 1288 4034 1344 de-

2443 1383 2676 1454 precari,
2708 1382 2759 1436 in
2809 1397 2872 1436 ea
2902 1382 3109 1437 scilicet
3132 1382 3361 1444 ratione,
3394 1389 3451 1435 ut
3480 1380 3736 1450 quamdiu
3781 1381 3895 1450 ipse
3924 1380 4034 1433 An—

2444 1480 2617 1548 g'inus
2646 1476 2926 1542 advixcrit,
2962 1478 3102 1545 ipsas
3130 1490 3217 1530 res
3240 1474 3500 1530 usualiter
3527 1474 3777 1529 excolere
3793 1473 3990 1528 debeat
4017 1490 4033 1539 ;

2445 1578 2521 1635 et,
2552 1571 2596 1626 si
2625 1584 2795 1639 nepos
2834 1583 2963 1622 suus
2994 1566 3211 1621 nomine
3244 1564 3543 1621 Gotbaldus
3579 1564 3727 1620 illum
3757 1573 4037 1636 superstes

2448 1663 2625 1724 fuerit,
2655 1662 2820 1732 ipsius
2851 1659 3149 1715 Unadelino
3176 1700 3192 1727 ,
3242 1642 3451 1727 absque
3507 1656 3818 1727 przcjudicio
3846 1665 3903 1710 et
3939 1670 4038 1726 per

2448 1754 2689 1823 precaria
2721 1752 2804 1805 vel
2832 1763 3156 1806 consensum
3191 1748 3359 1818 ipsius
3390 1786 3406 1813 ,
3455 1746 3734 1801 monachis
3775 1746 4039 1815 prmdicto

2455 1844 2749 1899 Unadelino
2782 1853 2966 1898 tenere
2990 1841 3072 1896 vel
3119 1839 3371 1895 excolere
3398 1838 3615 1904 debeat,
3658 1840 3774 1893 sine
3797 1838 3906 1891 ulla
3943 1837 4036 1892 de-

756 1960 860 2015 rat,
891 1959 1116 2020 cogente
1147 1950 1275 2005 fisco
1304 1988 1322 2015 ,
1368 1947 1586 2017 duplam
1613 1944 1970 2001 substantiam
2002 1981 2018 2007 ,
2077 1949 2340 2013 quantmn
2375 1943 2416 2001 B
2447 1936 2732 1990 maritione
2755 1944 2959 1989 tantum
2991 1935 3091 1989 ista
3117 1931 3364 2001 superius
3405 1929 3751 1985 denominata
3782 1937 3955 1983 totum
3983 1934 4039 1981 et

759 2053 885 2097 tunc
921 2042 1177 2113 temporis
1222 2041 1336 2112 ipsa
1388 2039 1522 2095 cella
1574 2035 1888 2092 emeliorata
1942 2032 2173 2087 va'uerit
2203 2073 2219 2099 ,
2260 2030 2346 2085 vel

757 2142 1019 2203 quantum
1058 2148 1159 2201 ego
1188 2132 1427 2186 moriens
1478 2128 1825 2197 relinquere,
1873 2124 2147 2193 duplicare
2198 2136 2351 2189 coga-

761 2239 868 2293 tur,
902 2243 1003 2283 nec
1034 2226 1177 2296 quod
1211 2225 1445 2295 reppetit
1496 2222 1801 2278 evindicare
1841 2220 2048 2283 valeat,
2087 2217 2181 2273 sed
2220 2217 2352 2270 haec

760 2320 981 2377 donatio
1012 2334 1165 2375 meae
1195 2316 1460 2373 mercedis
1490 2314 1636 2369 omni
1689 2322 1935 2380 tempore
1963 2310 2111 2363 llrma
2141 2322 2350 2379 perma«

768 2423 895 2470 neat
914 2430 1035 2469 cum
1065 2412 1411 2481 stipulatione
1439 2408 1689 2463 subnixa.
1738 2406 1929 2459 Actum
1958 2400 2129 2457 Sitdiu
2160 2413 2351 2453 mona-

764 2506 933 2560 sterio
979 2503 1190 2573 puplice
1235 2517 1329 2555 νιιι
1373 2497 1635 2553 kalendas
1681 2493 1943 2563 Augusti,
2002 2505 2144 2545 anno
2176 2506 2231 2543 Ill
2270 2504 2355 2543 re-

765 2602 963 2666 gnante
984 2593 1185 2647 domno
1231 2600 1421 2646 nostro
1459 2585 1763 2643 Childerico
1790 2582 2178 2653 gloriosissimo
2206 2594 2351 2647 rege.

838 2686 950 2754 Ego
981 2684 1128 2738 Felix
1161 2684 1263 2738 hoc
1294 2687 1674 2736 testamentum
1726 2692 1756 2730 a
1783 2690 1871 2730 me
1921 2673 2122 2728 factum
2169 2670 2353 2738 relegi.

771 2778 816 2852 σξ-
844 2779 954 2847 Sig.
981 2775 1175 2831 illustti
1199 2774 1296 2828 viri
1313 2769 1651 2839 Chrodgarii.
1673 2769 1713 2839 -ι-
1736 2767 1850 2835 Sig.
1884 2764 2166 2819 Rimbcrti.
2197 2761 2354 2831 Sigxl-

770 2868 1055 2940 (.‘dbertis,L
1072 2867 1181 2935 Sig.
1205 2862 1524 2920 Godoberti.
1543 2861 1656 2929 Sig.
1672 2859 1713 2929 -ι-
1731 2856 2032 2913 Gumberti.
2049 2855 2089 2924 -ι-
2117 2852 2354 2907 Dramni.

771 2961 814 3035 1'-
864 2959 1069 3014 Erlnlft.
1105 2953 1470 3027 1-(1lodbaldi.
1517 2951 1559 3022 τ
1611 2946 1965 3004 Childebaldi.
1999 2946 2038 3015 δε
2081 2942 2362 2997 Gumbarii

774 3034 1041 3107 Scauuini.
1076 3048 1111 3119 ἦ
1156 3045 1470 3103 Cheriuuni.
1532 3042 1573 3113 1-
1620 3037 1982 3095 Austrohaldo
2041 3034 2359 3091 centenarii.

772 3143 812 3211 οξ·
835 3139 1149 3195 Gumarddi.
1174 3138 1210 3208 ’ξ
1234 3133 1531 3190 Berdberti.
1566 3132 1607 3201 -ι-
1655 3128 1959 3185 Nordberti.
1991 3126 2032 3195 -ι-
2062 3126 2174 3193 Sig.
2222 3125 2366 3177 Una-

2450 2029 2519 2083 ad
2550 2029 2814 2095 integrum
2847 2026 3000 2079 trado
3022 2033 3077 2079 et
3101 2024 3244 2080 dono
3270 2024 3338 2078 ad
3365 2023 3534 2093 ipsius
3559 2019 3909 2084 monasteria,
3940 2033 4038 2088 pro

2452 2120 2643 2175 animae
2668 2128 2881 2180 nostra,
2910 2118 2995 2172 vel
3019 2116 3254 2185 Anglino
3280 2114 3461 2171 abbati
3502 2123 3710 2178 nostro,
3744 2113 3848 2166 hoc
3870 2120 4035 2174 sunt,

2456 2215 2630 2277 terris,
2649 2211 2909 2277 aediliciis,
2941 2206 3568 2276 acc03abus,mancipiis,
3593 2205 3782 2275 pratis,
3809 2203 4037 2272 campis,

2458 2302 2690 2371 pascuis,
2744 2301 2897 2370 aquis
2944 2313 3272 2368 aquarumve
3320 2297 3655 2360 decursibus,
3703 2293 4037 2361 adjacentiis,

2458 2390 2819 2461 appenditiis,
2875 2389 3146 2458 peculium
3203 2386 3481 2455 utriusque
3550 2400 3750 2449 sexus,
3824 2383 4038 2437 mobili-

2458 2485 2556 2538 bus
2585 2494 2638 2538 et
2672 2482 3052 2545 immobilibus,
3084 2496 3295 2535 necnon
3318 2490 3373 2534 et
3395 2479 3447 2533 in
3478 2477 3747 2548 praedictis
3794 2475 3999 2530 locellis
4021 2513 4041 2541 ,

2460 2576 2753 2639 mansellis,
2782 2576 2832 2627 in
2873 2574 3002 2628 locis
3033 2572 3221 2626 Mosali
3247 2580 3303 2627 et
3323 2572 3577 2634 Barsena,
3608 2569 3754 2639 quod
3801 2566 4043 2621 homines

2461 2666 2627 2718 nostri
2654 2681 2714 2719 ex
2744 2680 2942 2731 genere
2993 2662 3377 2717 Condustrensi
3402 2662 3484 2718 his
3516 2660 3840 2723 nominibus,
3864 2658 4040 2712 Adali-

2464 2772 2584 2822 nus,
2607 2768 2659 2810 et
2715 2756 3020 2823 Agibcrtns,
3056 2753 3293 2821 Bertegis
3333 2764 3388 2806 et
3437 2751 3828 2806 Astremundus
3857 2759 4041 2803 tenne-

2460 2859 2602 2913 runt,
2652 2865 2771 2903 cum
2805 2849 2931 2917 ipsis
2957 2845 3230 2916 jamdictis
3253 2844 3559 2900 hominibus
3601 2843 3846 2912 superius
3871 2842 4044 2894 nomi-

2462 2944 2620 3000 natis.
2648 2940 2905 3009 quidquid
2956 2937 3217 2992 moderno
3271 2945 3515 3004 tempore
3544 2933 3657 3003 ipse
3681 2931 3939 2999 Anglinus
3965 2930 4045 2983 vi-

2464 3051 2553 3089 sus
2585 3035 2681 3087 fuit
2712 3043 2912 3095 tenere,
2948 3040 2999 3085 et
3031 3030 3247 3084 inantea
3273 3028 3533 3097 quidquid
3572 3026 3770 3082 ibidem
3795 3023 4044 3078 laborare

2466 3133 2559 3178 aut
2582 3133 2927 3193 augmentare
2952 3121 3033 3175 vel
3062 3119 3340 3174 attrahere
3377 3117 3647 3189 potuerit,
3703 3115 3769 3171 ad
3823 3112 4045 3184 pmfata

772 3210 940 3299 niuei.
965 3238 1002 3302 -ιι
1027 3231 1138 3298 Sig.
1171 3224 1538 3283 Gummnuini.
1559 3222 1726 3293 1-Sig.
1753 3217 2090 3287 Uuidgrimo.
2125 3216 2213 3287 (In
2236 3232 2335 3284 apo
2392 3234 2435 3295 ρ
2470 3215 2792 3270 monasteria
2823 3215 2873 3267 in
2904 3213 3249 3281 eleeinosyna
3281 3219 3463 3265 nostra
3491 3210 3573 3265 vel
3594 3224 3710 3277 sua,
3743 3218 3865 3278 post
3889 3223 4046 3263 suum

774 3326 976 3397 grapho
1007 3323 1143 3377 Bibl.
1177 3338 1282 3390 reg.
1328 3325 1554 3371 mutatus
1600 3322 1678 3369 est
1713 3311 1841 3367 ordo
1876 3311 2176 3374 nominum,
2218 3307 2363 3360 nullo

776 3431 946 3472 tamen
976 3417 1208 3483 desunt.)

850 3509 967 3577 Ego
989 3507 1251 3565 Uioradus
1279 3504 1383 3560 hoc
1410 3508 1815 3564 testamentum,
1840 3502 2062 3564 rogatus
2102 3506 2132 3547 a
2189 3490 2369 3545 Felice

778 3602 1104 3676 presbitero,
1137 3598 1331 3668 scripsi
1355 3605 1410 3652 et
1429 3592 1745 3662 subscripsi.
1846 3632 1849 3634 .

1470 3705 1701 3763 LXXIV.

781 3808 973 3865 Charta
1004 3823 1105 3877 qua
1129 3802 1523 3877 Cariomonnus,
1556 3797 1729 3877 maior
1750 3794 1957 3877 ldomuf,
1986 3790 2125 3872 dono
2171 3795 2372 3877 con‘ert

856 3861 1187 3933 nionariteriis
1220 3861 1520 3929 Stubulensi
1568 3880 1618 3924 et
1640 3861 2119 3923 Matmundariensi
2169 3869 2191 3893 υ
2219 3862 2367 3910 (anu.

854 3948 1005 4019 rte).

860 4016 1062 4096 lccirco
1117 4052 1219 4109 ego
1265 4035 1697 4094 Karlemannus,
1740 4022 2180 4095 major-domus,
2233 4016 2372 4071 filius

785 4127 1271 4202 quondamKaroli,
1297 4126 1562 4181 donamus
1587 4121 1956 4185 donatumque
1987 4113 2374 4182 inperpetuum

791 4200 913 4280 esse
934 4222 1182 4276 volumus
1204 4219 1257 4273 in
1292 4218 1632 4283 eleemosyna
1660 4218 1866 4270 nostra,
1896 4206 1979 4261 vel
2017 4203 2244 4273 Anglino
2284 4200 2377 4254 ab-

788 4316 904 4373 bati
928 4323 1133 4379 nostro,
1164 4313 1231 4367 ad
1276 4307 1604 4365 monasterio
1643 4301 1933 4358 Stabulaus
1960 4313 2055 4353 seu
2114 4295 2376 4350 Malmun-

791 4409 978 4473 dario,
1017 4414 1332 4463 constructo
1379 4403 1433 4458 in
1480 4400 1691 4455 honore
1738 4393 1952 4466 patroni
1984 4389 2157 4445 nostri
2206 4384 2377 4442 sancti

792 4504 939 4561 Petri
968 4512 1024 4559 et
1045 4503 1216 4558 sancti
1246 4501 1398 4565 Paul,
1420 4514 1519 4554 seu
1544 4505 1600 4552 et
1633 4493 1805 4552 sancti
1835 4489 2048 4546 Martini
2100 4487 2184 4542 vel
2233 4492 2381 4540 cete-

793 4611 976 4653 rorum
1006 4602 1301 4665 martyrum
1350 4604 1581 4662 quorum
1605 4586 1829 4658 pignora
1878 4580 2075 4636 ibidem
2130 4574 2375 4631 venerari
2411 4601 2458 4661 η

795 4694 1091 4743 noscuntur
1119 4727 1133 4747 ,
1173 4683 1262 4739 ubi
1311 4681 1566 4750 Anglinus
1612 4677 1748 4731 abba
1778 4718 1794 4743 ,
1843 4672 2060 4728 Christo
2106 4668 2337 4739 propitio
2362 4709 2375 4730 ,

797 4792 1051 4848 praeesse
1082 4775 1418 4831 dinoscitur:
1452 4774 1557 4826 hoc
1574 4776 1718 4835 sunt,
1749 4767 1905 4822 villas
1943 4764 2097 4833 cujus
2123 4759 2379 4815 vocabula

798 4879 942 4937 sunt,
975 4868 1215 4925 Lcnione
1229 4882 1352 4923 cum
1380 4864 1630 4921 omnibus
1651 4857 1983 4931 appendiciis
2011 4855 2142 4920 suis,
2162 4853 2215 4908 in
2246 4865 2382 4923 pago

871 5013 895 5039 ³
939 5002 1157 5056 Edimus
1180 4999 1245 5054 ad
1278 4998 1432 5053 fidem
1465 4994 1733 5060 Martenii,
1764 4989 2013 5060 Ampliss.
2062 4985 2191 5060 coll.
2226 4992 2267 5060 t_.
2299 4982 2341 5060 l_l
2366 5025 2380 5049 ,

801 5075 904 5132 col.
939 5053 978 5126 Ξ
1188 5053 1327 5141 hanc
1352 5069 1594 5123 chartam
1620 5082 1684 5119 ex
1717 5053 1939 5141 archivo
1962 5053 2387 5141 Stlaln‘tlens‘ilde-

799 5123 1478 5218 proni—psitrjitecudegnlt
1522 5144 1770 5218 auctores
1819 5131 1980 5213 l‘iova:
2008 5127 2195 5218 G‘all‘iﬁ
2222 5123 2383 5218 Chii-

802 5194 1081 5277 ἕίὶἷιῆὦέὶζ
1103 5214 1188 5274 IV,
1218 5221 1342 5277 pag.
1366 5206 1491 5270 715,
1521 5221 1587 5260 ex
1608 5203 1890 5277 Martenio,
1920 5201 2061 5255 sicut
2089 5194 2386 5277 etnBertho-

809 5264 1193 5344 ie-t‘usIllistor'.
1221 5264 1489 5334 LJxemb.
1531 5283 1573 5329 t.
1608 5273 1668 5336 Il,
1697 5264 1912 5344 probat.
1941 5283 2064 5344 pag.
2095 5264 2165 5321 36
2189 5265 2344 5344 ,“qui
2370 5301 2386 5325 ,

809 5335 1103 5409 deficiente
1122 5335 1262 5404 ianni
1307 5357 1453 5410 nota,
1485 5335 1914 5399 annum'Christi
1945 5337 2050 5391 746
2102 5335 2387 5410 praefigen-

810 5424 935 5477 dmn
958 5423 1185 5477 censuit.
1215 5419 1351 5472 Male
1407 5425 1585 5470 tamen
1627 5414 1875 5468 convenit
1923 5425 2043 5464 cum
2099 5409 2203 5462 hoc
2248 5418 2390 5477 anno

813 5474 1013 5547 nomen
1037 5474 1248 5559 Ahglini
1281 5488 1487 5542 abbatis
1517 5504 1530 5548 ;
1575 5500 1717 5539 anno
1741 5484 1882 5536 enim
1925 5478 2048 5559 74d,
2072 5474 2391 5559 uoti-Apgli:

813 5543 1409 5628 vsedvx’gilulphus
1459 5543 1687 5625 prazerat
1716 5550 2058 5628 monasteriis
2087 5543 2393 5628 Stabulensi

815 5613 1386 5689 efﬁalinuiidarieusi,
1437 5613 1495 5678 ut
1524 5623 1839 5680 monstravit
1867 5620 2139 5685 Cointius,
2202 5613 2393 5667 Annal.

817 5710 858 5772 ιγ.
896 5705 962 5772 ν,
991 5716 1111 5771 pag.
1148 5699 1250 5772 109
1280 5707 1335 5751 et
1356 5696 1476 5772 _lti7.
1500 5696 1606 5772 Sed
1634 5695 1772 5748 forte
1791 5690 2059 5772 Agilulphi
2083 5697 2397 5772 nomenpro

820 5756 1034 5840 Anglini
1063 5756 1309 5825 “nomine
1354 5767 1636 5840 legendum
1665 5772 1765 5827 est,
1810 5756 1868 5840 ut
1894 5756 2025 5840 alias
2070 5756 2395 5840 monuimus.

823 5826 955 5896 Vide
983 5855 1101 5910 qua:
1130 5843 1195 5895 de
1222 5840 1303 5894 his
1344 5826 1510 5910 fusius
1531 5826 2011 5910 _diccmus_,‘i_nfra,_
2040 5828 2106 5881 ad
2157 5826 2401 5910 chartpm

827 5894 1066 5982 ejusdem
1095 5894 1437 5967 Kailemanni
1466 5908 1564 5965 sub
1604 5920 1744 5960 anno
1776 5902 1877 5956 7'37
1923 5896 2281 5957 referendam.
2313 5894 2402 5948 ιη-

2470 3322 2687 3377 quoque
2727 3305 3015 3359 diScessum
3084 3302 3280 3356 ibidem
3324 3307 3627 3356 revertatur
3683 3299 3889 3369 absque
3944 3297 4045 3352 ulla

2472 3398 2919 3455 contradictione.
2944 3395 3001 3450 Si
3029 3396 3150 3463 quis
3173 3408 3320 3457 vero,
3342 3392 3487 3460 quod
3527 3391 3765 3445 futurum
3794 3403 3915 3445 esse
3942 3404 4046 3443 non

2473 3492 2657 3556 credo,
2675 3498 2865 3544 contra
2894 3488 3033 3542 hanc
3059 3484 3358 3540 traditionis
3387 3490 3587 3538 nostrae
3614 3480 4047 3537 constitozioncm

2474 3588 2651 3640 facere
2676 3580 3096 3651 prmsuznpserit,
3122 3577 3323 3646 judicio
3347 3589 3716 3632 successorum
3743 3580 4049 3628 nostrorum

2476 3690 2658 3746 regum
2708 3690 2831 3729 eum
2882 3672 3216 3739 reliquimus.
3268 3668 3489 3723 Factum
3544 3674 3629 3723 est
3678 3664 4051 3734 astipulationc

2476 3768 2722 3830 subnixa,
2755 3768 2805 3820 in
2837 3764 2958 3817 villa
2986 3761 3222 3817 Wasidio
3248 3802 3263 3829 ,
3307 3759 3537 3829 publice,
3560 3756 3662 3812 sub
3685 3754 3773 3809 die
3802 3754 3946 3823 quod
3973 3750 4048 3806 fe-

2478 3858 2554 3915 cit
2581 3857 2781 3912 mensis
2805 3851 3138 3909 Juniusdies
3165 3851 3217 3920 vj
3250 3890 3267 3916 ,
3318 3855 3586 3917 regnante
3628 3844 3869 3900 Hildrico
3906 3857 4047 3912 rege.

2477 3951 2698 4018 Signum
2726 3948 2949 4003 illustris
2965 3946 3065 4000 viri
3088 3940 3452 4003 Karlemanni,
3476 3934 3935 4006 majoris-domus.
3966 3934 4049 3990 Si-

2477 4059 2641 4113 gnum
2682 4041 2895 4094 illuster
2943 4038 3026 4092 vir
3053 4036 3306 4103 Drogone
3346 4030 3455 4084 ﬁlio
3499 4028 3616 4098 ejus
3661 4027 4050 4082 consentiente.

2480 4137 2593 4206 Ego
2615 4133 2904 4189 Hildradus
2931 4127 3287 4186 cancellarius
3311 4130 3530 4192 rogatus
3549 4120 3655 4175 hoc
3680 4125 4052 4174 testamentum

2479 4227 2669 4298 scripsi
2698 4234 2753 4282 et
2778 4222 3092 4293 subscripsi.

3168 4352 3375 4410 LXXV.

2483 4477 2743 4532 Placitum
2789 4489 2888 4545 quo
2921 4470 3161 4545 Pipinus,
3191 4467 3363 4529 mafor
3400 4464 3610 4545 domus.
3653 4475 3895 4545 mappam
3922 4456 4052 4545 apud

2551 4529 2864 4689 (Horatia?!)
2901 4529 3087 4597 asserit
3144 4529 3453 4593 monasterio
3518 4532 3685 4586 sancti
3744 4529 3985 4598 Dionysii
4028 4537 4049 4563 ε

2577 4635 2704 4672 ann.
2876 4655 2889 4667 .

2553 4750 2683 4805 Cum
2722 4745 3007 4802 resedisset
3036 4742 3259 4797 inluster
3307 4738 3392 4793 vir
3421 4734 3677 4806 Pippinus
3700 4770 3718 4797 ,
3763 4729 4055 4801 majorodo-

2485 4859 2622 4908 mus,
2649 4841 2852 4906 Verno,
2882 4839 2934 4893 in
2957 4836 3158 4908 palatio
3185 4832 3420 4904 publico,
3436 4828 3503 4885 ad
3533 4828 3907 4882 universorum
3938 4838 4059 4878 cau-

2484 4986 2841 5033 strumentum
2877 4988 3005 5028 vero
3053 4968 3199 5040 quod
3248 4982 3389 5040 nunc
3419 4965 3753 5040 exhibemus
3797 4962 4054 5040 protnm'o

2487 5030 2927 5111 carerevidetur,
2952 5053 3007 5097 et
3030 5030 3216 5095 initiali
3242 5035 3487 5111 formula,
3518 5048 3700 5111 qpam,
3723 5031 3879 5111 juxta
3905 5030 4052 5106 hujus

2487 5099 2669 5173 5-156;
2699 5099 2944 5175 morem',
3010 5111 3226 5181 praefert
3271 5099 3665 5181 aliahejus'dem
3722 5099 4056 5155 Karlemanni

2490 5190 2676 5243 tharta
2706 5185 2839 5240 infra
2869 5177 3075 5239 edenda
3107 5177 3449 5250 (Col.i5l(_)).

2566 5240 2608 5297 ἶί
2630 5240 2739 5312 illac
2771 5270 2905 5309 voce
2953 5269 3058 5308 non
3089 5240 3491 5315 intelligendum
3528 5249 3613 5298 est
3645 5240 4056 5315 Karlemannmn

2491 5345 2549 5384 se
2580 5308 2759 5396 regem
2800 5308 3121 5396 prmdicare:
3155 5308 3423 5389 significat
3466 5310 3842 5370 tantummodo
3893 5308 4060 5362 admi-

2493 5395 2866 5457 nistrationem
2890 5395 3061 5462 regni.

2570 5448 2614 5508 ί-
2630 5448 2721 5522 iis
2739 5448 3311 5530 archivoUDionysiano
3352 5453 3685 5530 deprompsit
3706 5448 4059 5530 piabilloains,

2498 5543 2572 5595 De
2603 5519 2912 5605 tadiplom.
2961 5547 3081 5601 pag.
3123 5519 3260 5605 189;
3307 5519 3628 5582 recuderunt
3652 5522 3722 5605 ad
3762 5520 3920 5600 fidem
3963 5519 4064 5571 hia-

2499 5591 2703 5665 billonii
2729 5591 3060 5662 Collectores
3081 5591 3404 5669 scriptorum
3430 5610 3629 5669 rerum
3650 5591 4020 5669 Franciearnm
4042 5624 4059 5650 ,

2500 5660 2817 5748 filiipag.
2865 5675 2991 5748 715.
3047 5660 3237 5748 [llujtis
3262 5668 3443 5748 placiti
3461 5660 4065 5748 .autographumn-inarf

2502 5736 2660 5807 chivo
2686 5736 2834 5818 regio
2862 5746 3004 5818 inter
3022 5736 3126 5798 alia
3153 5736 3581 5818 San'dionysiana
3603 5736 4062 5818 instrumenta-non

2504 5801 2821 5884 éiiiii’fet
2872 5817 2927 5871 in
2970 5801 3559 5884 instrumentornfnad
3617 5805 3756 5884 hanc
3808 5801 4062 5884 abbatiapa

2505 5868 3190 5962 spec—tantiumindicibus,
3247 5897 3315 5939 ex
3364 5875 3667 5936 Mabillonio
3711 5868 4064 5927 tantummodo
