4206 6544
217 393 361 449 1309

212 523 308 563 sas
324 505 624 563 audiendas
638 514 693 562 et
715 506 864 575 justo
881 506 1084 576 judicio
1108 508 1490 574 terminandas,
1518 510 1587 564 ibi
1606 511 1829 570 veniens
1861 519 1902 571 Α

212 596 415 652 femina
442 598 643 667 aliqua,
668 598 884 652 nomine
900 597 1229 667 Christiana,
1258 601 1815 671 hominemaliquem,

214 691 443 747 nomine
467 689 849 760 llrodgarium,
884 691 1210 747 advocatum
1241 692 1424 748 Sancti
1459 695 1701 760 Dionisii,
1738 696 1821 750 vel

216 782 593 839 Amalbertum
624 784 873 838 abbatem
919 783 1334 854 interpellabat,
1369 796 1623 855 repetens
1656 789 1723 841 ab
1753 802 1820 842 eo

215 873 368 943 quod
398 891 521 930 casa
552 876 734 930 Sancti
766 874 987 930 Dionisii
1016 875 1098 930 vel
1122 875 1466 929 Amalbertus
1494 877 1631 930 abba
1657 877 1816 932 habe-

218 979 307 1020 ret
327 982 414 1020 res
436 982 560 1021 suas
584 967 726 1021 malo
757 967 967 1031 ordine,
995 967 1047 1020 in
1074 967 1193 1021 loco
1224 967 1315 1035 qui
1337 966 1533 1020 dicitur
1555 965 1779 1021 Marolio
1803 1008 1817 1032 ,

217 1072 409 1111 casam
441 1067 495 1111 et
542 1073 786 1113 mansum
828 1066 883 1112 et
920 1057 1103 1112 vineas
1146 1067 1201 1112 et
1239 1058 1527 1127 mancipia.
1552 1056 1656 1112 Sed
1709 1058 1821 1126 ipse

215 1145 544 1219 Hrotgarius
570 1149 624 1203 in
667 1149 922 1219 pzmsenti
961 1148 1228 1213 adstabat,
1262 1158 1316 1203 ct
1348 1150 1527 1203 taliter
1556 1149 1704 1203 dedit
1731 1166 1819 1204 re-

213 1255 504 1311 sponsum,
534 1240 682 1311 quod
731 1241 1087 1295 instrumenta
1116 1240 1361 1306 haberet,
1418 1240 1650 1309 qualiter
1679 1241 1822 1309 ipsas

215 1347 312 1388 res
349 1333 685 1401 Witgaudius
714 1348 876 1386 manu
922 1332 1243 1401 potestativa
1298 1332 1364 1386 ad
1419 1333 1588 1400 ipsam
1641 1348 1819 1387 casam

216 1426 410 1481 Sancti
441 1425 663 1480 Dionisii
692 1424 1071 1481 condonasset.
1108 1424 1257 1479 [inde
1297 1431 1352 1478 et
1378 1424 1443 1478 dc
1469 1424 1718 1493 prmsenti
1749 1425 1824 1494 ip-

215 1535 343 1588 sum
371 1518 786 1571 instrumentum
819 1524 947 1571 ante
969 1532 1069 1571 nos
1097 1515 1334 1571 Ostendit
1356 1516 1698 1584 relegendum
1720 1557 1733 1581 ,
1768 1524 1823 1570 et

216 1624 323 1662 nos
354 1608 467 1677 ipsa
515 1608 868 1662 instrumenta
898 1606 1205 1661 invenimus
1252 1607 1487 1662 veracia.
1539 1606 1605 1660 Et
1637 1617 1821 1675 postea

215 1703 338 1770 ipsa
370 1701 678 1755 Christiana
736 1700 1169 1754 instrumentum
1205 1700 1377 1769 ipsum
1433 1701 1545 1753 visa
1599 1701 1699 1755 fuit
1746 1716 1825 1755 re-

220 1793 543 1858 credidisse,
574 1801 627 1847 et
659 1800 843 1861 postea
892 1792 961 1847 de
989 1792 1118 1861 ipsis
1145 1790 1306 1845 rebus
1337 1806 1396 1846 se
1417 1791 1551 1846 dixit
1579 1793 1778 1846 exitam
1804 1833 1819 1858 ,

985 393 1421 451 DllNATIONES
1464 395 1549 449 AC
1590 396 2051 452 TESTAMELNTA
2099 397 2340 463 ΕΗΒοη
2385 394 2566 465 ABE,
2614 398 2761 453 ETC.

3379 408 3523 467 1310

2614 512 2845 568 LXXVI.

1924 599 2183 678 Placitum
2215 606 2268 659 in
2299 623 2397 676 quo
2433 606 2836 669 Carlomamms,
2890 610 3057 678 major
3104 611 3304 674 domus,
3339 616 3512 671 villam

1996 671 2320 749 Letfigrnau,
2340 693 2455 731 cum
2482 680 2819 749 appenditiis',
2853 671 3179 734 monasteriis
3215 671 3515 741 Stribulcnsi

1991 752 2039 795 et
2082 742 2558 802 Malmundariensi
2583 750 2645 803 ab
2691 742 2919 808 at'o'stto
2950 751 3194 805 (Ιοηίιιαηι
3244 763 3292 806 ει
3331 756 3517 811 deinde

1992 814 2181 883 injuste
2208 817 2438 871 ablatam
2468 824 2687 874 restituit
2722 835 2744 859 ει
2782 834 2928 891 (ann.
2965 820 3113 887 717).

1994 945 2228 1002 lnluster
2255 949 2650 1007 Karlemannus
2693 955 3116 1023 major-domus,
3164 956 3301 1016 tilius
3336 958 3515 1016 Caroli

1922 1039 2237 1106 quondam,
2293 1043 2377 1097 cui
2430 1044 2691 1102 Dominus
2737 1049 2960 1118 regendi
3016 1067 3160 1106 curae
3204 1053 3512 1108 committit.

1920 1132 2249 1190 Cunctorum
2304 1136 2481 1208 jurgia
2554 1143 2953 1199 examinatione
3015 1144 3256 1209 diligenti
3314 1149 3514 1202 rimarc

1923 1236 2162 1297 oportet,
2193 1240 2249 1282 ut
2282 1246 2389 1284 non
2419 1231 2736 1288 alterutrum
2766 1235 2997 1290 salubris
3027 1236 3258 1291 donetur
3300 1250 3516 1293 senten-

1925 1320 2016 1383 tia,
2051 1320 2148 1373 nisi
2176 1336 2334 1388 quem
2356 1322 2565 1391 juslitia
2594 1326 2951 1379 consenserit.
2979 1326 3141 1395 Igitur
3174 1343 3294 1382 cum
3331 1344 3429 1382 nos
3461 1328 3513 1381 in

1924 1407 2016 1462 1)ρί
2048 1411 2284 1477 nomine,
2319 1428 2420 1466 una
2448 1428 2568 1467 cum
2593 1415 2940 1484 optimatibus
2969 1427 3024 1473 et
3054 1420 3395 1488 pontiﬁcibus
3418 1436 3514 1475 seu

1925 1509 1981 1553 et
2009 1502 2309 1558 it‘lustribus
2350 1506 2498 1571 viris,
2552 1506 2836 1563 Dunavilla
2887 1509 2954 1564 ad
3009 1511 3285 1566 universas
3326 1528 3517 1567 causas

1925 1593 2254 1663 audiendas,
2296 1597 2381 1650 vel
2419 1596 2564 1666 justa
2605 1599 2808 1668 judicia
2850 1603 3089 1657 rimanda
3133 1605 3517 1673 residerenius,

1926 1685 2107 1753 ibique
2138 1689 2363 1742 veniens
2395 1690 2653 1758 Anglinus
2683 1692 2818 1747 abba
2852 1704 3033 1749 rector
3064 1699 3517 1753 monasteriorum

1924 1777 2213 1833 Stabulaus
2242 1787 2297 1834 et
2324 1779 2761 1849 Malmundarias,
2807 1780 3087 1841 asserebat
3130 1789 3285 1843 nobis
3329 1788 3517 1845 dicens

214 1890 278 1938 ut
307 1883 510 1937 nullam
540 1883 972 1938 recausationem
1004 1890 1193 1937 contra
1225 1898 1406 1937 casam
1427 1883 1608 1937 Sancti
1631 1883 1816 1937 Dioni-

1925 1869 2065 1936 quod
2098 1869 2328 1924 domnus
2356 1882 2411 1926 et
2453 1888 2585 1927 avus
2614 1884 2798 1929 noster
2826 1875 3046 1945 Pipinus
3076 1883 3366 1948 quondam,
3419 1897 3517 1951 pcr

210 1974 283 2029 sii
313 1973 513 2028 exinde
544 1972 724 2029 facere
746 1973 989 2029 deberet.
1016 1971 1247 2028 Proinde
1302 1990 1403 2029 nos
1435 1976 1613 2029 taliter
1635 2014 1652 2041 ,
1714 1991 1819 2029 una

215 2083 347 2122 cum
368 2066 612 2122 ﬁdelibus
634 2068 855 2133 nostris,
876 2066 929 2121 id
955 2076 1060 2131 est,
1095 2068 1393 2135 llaginone,
1420 2068 1815 2134 Theudeberto,

212 2157 509 2225 Remedio,
533 2156 868 2225 Garebardo,
900 2157 1174 2227 Fulgario,
1213 2159 1468 2213 Bovilone
1492 2201 1506 2224 ,
1555 2158 1819 2214 .Walche-

208 2251 321 2312 rio,
352 2248 668 2318 Raucbingo
707 2256 761 2304 et
794 2246 1139 2317 Ermenaldo,
1169 2250 1366 2304 comite
1388 2248 1572 2318 palatii
1604 2258 1812 2315 nostro,

208 2340 297 2392 vel
333 2340 551 2409 reliquis
581 2339 988 2409 quampluribus
1008 2338 1110 2393 visi
1162 2338 1358 2393 fuimus
1399 2339 1690 2407 judicasse,
1720 2348 1811 2406 ut,

207 2430 342 2497 quia
403 2430 518 2498 ipsa
566 2428 784 2499 prwfata
815 2427 1121 2485 Christiana
1170 2429 1343 2499 ipsum
1393 2431 1811 2484 instrumentum

208 2523 325 2576 visa
356 2522 531 2575 fuerat
561 2521 937 2587 recredidisse,
964 2530 1019 2575 et
1047 2537 1145 2576 nos
1175 2523 1287 2591 ipsa
1333 2523 1635 2576 invenimus
1666 2538 1813 2577 vera-

206 2614 318 2676 cia,
349 2621 405 2666 et
460 2613 571 2680 ipsa
604 2611 909 2665 Christiana
939 2627 998 2666 se
1033 2612 1227 2666 exinde
1255 2612 1391 2666 dixit
1412 2614 1609 2667 exitam
1639 2630 1652 2678 ;
1688 2630 1812 2681 pro-

208 2714 400 2773 pterea
428 2703 701 2772 iubemus,
732 2712 790 2757 ut
836 2704 962 2774 quia
993 2705 1108 2758 haec
1135 2720 1296 2759 causa
1329 2706 1399 2758 ita
1433 2715 1551 2760 acta
1580 2707 1663 2760 vel
1690 2722 1812 2775 per-

209 2802 426 2862 petrata
461 2794 654 2861 fuerat,
680 2801 737 2848 ut
759 2794 873 2862 ipse
893 2791 1244 2862 Hrodgarius,
1290 2810 1537 2850 mansum
1567 2798 1813 2863 superius

209 2884 557 2939 nominatum
590 2885 642 2939 in
680 2886 923 2953 Marolio,
948 2901 1191 2940 mansum
1212 2897 1266 2940 et
1291 2903 1492 2948 casam.
1523 2899 1578 2943 et
1607 2890 1810 2955 vineas,

211 2983 273 3029 et
297 2982 491 3042 terras,
524 2984 580 3029 et
608 2978 899 3047 mancipia,
920 2986 1110 3033 contra
1138 2979 1499 3033 Christianam
1554 2981 1605 3035 in
1655 2997 1817 3035 eausa

209 3065 407 3121 Sancti
428 3066 653 3121 Dionisii
680 3069 823 3123 omni
849 3076 1092 3137 tempore
1118 3070 1318 3126 habeat
1343 3072 1702 3127 evindicatum
1736 3081 1819 3125 at-

1927 1974 2081 2013 suum
2118 1968 2497 2016 testamentum
2525 1964 2703 2018 villam
2732 1967 2986 2035 aliquam,
3013 1984 3133 2037 qua:
3162 1982 3389 2026 vocatur
3417 1973 3517 2028 Le-

1930 2052 2176 2117 thernau,
2227 2068 2331 2106 una
2379 2069 2501 2108 cum
2549 2057 2874 2124 appenditiis
2924 2068 2977 2113 et
3024 2060 3339 2127 adjacenliis
3385 2065 3513 2129 suis,

1926 2157 2156 2211 quorum
2211 2145 2474 2198 vocabula
2524 2156 2647 2200 sunt
2681 2149 2900 2212 llrastis,
2945 2148 3198 2216 Fernnio,
3248 2152 3432 2207 Unalia
3463 2166 3520 2209 et

1927 2236 2200 2301 Aldanias,
2235 2237 2299 2291 ad
2332 2252 2512 2292 casam
2565 2237 2623 2292 S.
2666 2238 2811 2293 Petri
2839 2254 2890 2294 ct
2922 2243 2978 2295 Β.
3010 2242 3181 2307 l’auli,
3230 2244 3519 2302 Stabulaus

1928 2334 1982 2379 et
2017 2326 2457 2396 Malmundarias,
2489 2330 2850 2386 condonaeset
2882 2334 2960 2385 vel
2993 2335 3312 2404 delegasset,
3339 2347 3395 2392 et
3416 2354 3519 2396 nos

1923 2420 2095 2487 ipsam
2139 2420 2319 2472 villam
2359 2430 2482 2490 post
2530 2438 2628 2476 nos
2677 2424 2818 2477 malo
2865 2425 3056 2479 ordine
3104 2428 3431 2484 retineamus
3459 2438 3516 2485 et

1919 2511 2138 2579 injuste,
2174 2511 2313 2566 unde
2336 2520 2391 2566 et
2420 2513 2592 2581 ipsum
2628 2522 3009 2569 testamentum
3042 2533 3099 2571 se
3130 2534 3238 2587 pra)
3268 2521 3512 2577 manibus

1923 2602 2129 2655 habere
2160 2602 2425 2667 al'lirmat;
2461 2618 2693 2673 cumque
2739 2606 2803 2658 ad
2853 2607 3194 2674 relegendum
3227 2611 3379 2664 nobis
3409 2620 3516 2665 tra-

1914 2693 2157 2759 didisset,
2198 2695 2497 2748 invenimus
2527 2710 2649 2747 eum
2684 2712 2954 2750 veracem.
3010 2697 3117 2751 Nos
3161 2710 3341 2754 autem
3393 2717 3515 2754 cum

1912 2783 2119 2851 justitia
2169 2785 2575 2841 considerantes
2627 2803 2809 2842 casum
2870 2790 3118 2845 humana:
3170 2792 3514 2861 fragilitatis.

1918 2890 2019 2944 pro
2050 2875 2225 2930 salute
2268 2878 2460 2931 animae
2497 2887 2716 2942 nostrze,
2749 2879 2831 2933 vel
2876 2881 3171 2936 stabilitate
3226 2885 3372 2949 regni
3408 2900 3507 2938 no-

1916 2967 2040 3033 stri,
2083 2967 2253 3036 ipsam
2307 2968 2485 3021 villam
2538 2968 2865 3033 Lethernau,
2903 2987 3005 3025 una
3042 2988 3162 3026 cum
3204 2975 3513 3043 appendit-i-

1919 3058 2021 3113 bus
2052 3060 2137 3112 vel
2166 3059 2485 3127 adjacentiis
2512 3061 2645 3126 suis,
2682 3077 2778 3130 per
2814 3071 3056 3116 nostrum
3086 3065 3316 3118 wadium
3342 3066 3513 3133 ipsum

211 3174 329 3228 que
358 3159 722 3227 elidigactum,
755 3160 998 3229 inspecto
1038 3176 1138 3215 suo
1171 3168 1528 3228 testamento;
1558 3172 1613 3217 et
1637 3164 1705 3215 sit
1729 3164 1810 3216 in-
1848 3198 1891 3260 C
1933 3152 2160 3219 Anglino
2192 3152 2373 3206 abbati
2399 3152 2496 3206 visi
2524 3153 2716 3206 luimus
2748 3153 3060 3219 reddidisse,
3087 3166 3253 3224 etper
3274 3169 3513 3212 nostram

210 3248 563 3320 postmodum
596 3252 733 3306 inter
761 3267 856 3307 eos
884 3260 940 3307 et
968 3253 1069 3308 hac
1122 3268 1181 3308 re
1209 3254 1384 3323 sopita
1412 3256 1675 3310 causatio.
1711 3258 1811 3310 Da-

213 3354 334 3397 tum
362 3358 549 3397 mense
570 3342 885 3410 Februario,
908 3344 995 3399 die
1017 3344 1067 3415 xj
1095 3361 1236 3401 anno
1269 3362 1295 3400 v
1330 3346 1615 3402 Childerici
1650 3348 1810 3417 regis.

212 3437 581 3497 Wilecharius
602 3439 785 3508 jussus
810 3440 1142 3510 recognovit.

212 3808 484 3880 notatum]
516 3807 632 3864 lloc
656 3810 775 3865 solo
810 3810 1122 3865 testimonio
1171 3819 1332 3867 notus
1358 3818 1442 3865 est
1472 3809 1817 3866 Amalbertus

200 3881 406 3938 Sancti
438 3880 673 3950 Dionysii
710 3881 901 3949 abbas,
933 3882 1224 3936 fatentibus
1256 3882 1417 3935 Novae
1447 3880 1634 3935 Gallize
1658 3881 1817 3935 Chri—

212 3953 411 4009 stianas
434 3952 795 4015 auctoribus,‘
822 3960 861 4005 t.
900 3950 1010 4019 Vll,
1030 3952 1138 4007 col.
1168 3952 1293 4012 515,
1342 3950 1405 4005 Hi
1430 3960 1610 4006 autem
1636 3994 1651 4017 ,
1692 3968 1815 4007 cum

214 4022 559 4086 Mabillonio,
593 4022 697 4075 hoc
720 4021 974 4091 placitum
1002 4037 1147 4077 anno
1192 4022 1388 4078 Christi
1426 4021 1532 4075 718
1573 4022 1815 4077 habitum

213 4094 592 4161 pronuntiant,
626 4100 682 4145 et
709 4092 791 4145 sic
809 4092 1073 4154 Cointius,
1093 4093 1289 4147 Annal.
1308 4102 1345 4146 t.
1368 4092 1431 4153 V,
1459 4106 1578 4161 pag.
1605 4092 1730 4158 203,
1756 4109 1820 4148 ac

214 4163 549 4226 Felibianus,
579 4161 718 4232 llist.
776 4162 904 4215 abb.
950 4162 1008 4216 S.
1034 4162 1190 4218 Dion.
1226 4176 1349 4232 pag.
1393 4162 1503 4228 All;
1559 4164 1654 4217 sed
1705 4164 1819 4218 dies

217 4234 507 4287 undecima
552 4231 859 4303 Februarii,
898 4248 1044 4287 anno
1098 4231 1289 4301 quinto
1334 4234 1486 4303 regni
1530 4233 1820 4288 Childerici

217 4303 307 4366 ιξι,
341 4314 399 4355 ut
428 4303 622 4369 legitur
664 4302 717 4355 in
764 4304 907 4358 uotis
960 4303 1359 4373 chronologicis
1382 4302 1413 4370 ,7
1446 4319 1590 4359 anno
1621 4305 1821 4359 Chri~ti

216 4373 326 4426 747
354 4374 564 4427 videtur
591 4373 772 4441 potius
794 4374 1099 4437 tribuenda,
1134 4390 1255 4429 cum
1288 4375 1413 4428 alibi
1447 4376 1821 4430 notaverimus

217 4460 424 4497 annum
464 4442 759 4497 secundum
800 4444 959 4513 hujus
982 4445 1133 4513 regni
1165 4446 1529 4511 concurrisse,
1575 4446 1663 4500 die
1718 4454 1824 4498 ter—

218 4518 295 4567 tia
368 4514 570 4568 mensis
633 4514 838 4578 Martii,
903 4531 1025 4569 cum
1084 4530 1225 4569 anno
1284 4515 1483 4569 Christi
1546 4515 1668 4567 741.
1744 4516 1818 4569 De

1926 3242 2187 3296 festucam
2220 3258 2318 3296 nns
2361 3246 2412 3295 in
2450 3243 2702 3297 omnibus
2755 3245 3083 3298 exhibuiss:-.
3137 3244 3367 3300 Proinde
3418 3262 3516 3303 nos

1928 3334 2108 3387 taliter
2153 3349 2256 3387 una
2303 3350 2425 3387 cum
2479 3334 2723 3389 lidelibus
2771 3337 2989 3399 nostris,
3042 3336 3092 3389 id
3122 3346 3224 3400 est,
3256 3336 3519 3407 Fenaldo,

1924 3424 2268 3486 lHldebaldo,
2302 3422 2621 3490 Hroderlco,
2672 3424 2982 3479 Christiano
3010 3426 3298 3495 episcOpis,
3331 3437 3387 3479 ct
3416 3428 3514 3482 ab-

1928 3516 2053 3570 bate
2090 3515 2385 3569 Ermenero
2412 3526 2467 3569 et
2509 3514 2783 3585 llugberto
2829 3518 3030 3571 comite
3060 3518 3261 3585 palatio
3298 3529 3506 3583 nostro,

1931 3610 2009 3660 vel
2041 3609 2267 3675 reiiquis
2296 3607 2728 3677 quamplurimis,
2758 3608 2856 3662 visi
2896 3608 2968 3662 fui
2994 3625 3093 3662 rus
3136 3610 3429 3677 iudicasse,
3456 3622 3513 3664 ut

1919 3808 2044 3874 686,
2064 3818 2103 3864 t.
2137 3809 2434 3874 lV,Script.
2460 3824 2566 3863 rer.
2597 3807 2737 3862 Gall.
2762 3817 2817 3863 et
2851 3809 3043 3864 Franc.

1994 3890 2019 3917 ι
2052 3879 2302 3947 Vulgavit
2326 3879 2643 3943 Martenius,
2671 3881 2905 3951 Ampliss
2954 3881 3095 3936 Coll.
3128 3888 3168 3934 ι.
3191 3880 3254 3947 ll,
3286 3882 3393 3937 col.
3417 3881 3515 3951 19,

1920 3967 1988 4006 ex
2016 3952 2236 4005 archivo
2267 3951 2608 4014 Stabulensi;
2636 3965 2703 4005 ex
2726 3950 2991 4006 Marteuio
3018 3951 3351 4008 recuderunt
3382 3950 3513 4010 lter?

1922 4022 2185 4086 tboletus,
2217 4022 2351 4077 llist.
2389 4021 2648 4076 Luxemb.
2685 4029 2723 4074 t.
2753 4020 2816 4086 ll,
2847 4036 2967 4091 pag.
3015 4021 3103 4084 59,
3146 4031 3200 4075 et
3236 4024 3509 4079 Collecto-

1923 4108 2011 4147 res
2032 4093 2354 4159 scriptorum
2386 4107 2565 4145 rerum
2596 4092 3002 4149 Francicarum.
3028 4102 3078 4163 γι.
3109 4092 3198 4160 IV,
3230 4109 3353 4163 pag.
3380 4094 3505 4149 712.

1923 4164 2064 4216 Anni
2094 4171 2221 4217 nota
2266 4163 2470 4217 indicat
2497 4178 2697 4216 annum
2732 4163 2929 4216 Christi
2976 4162 3103 4230 747,
3150 4162 3335 4218 verum
3384 4166 3509 4222 hinc

1924 4234 2126 4287 charta:
2162 4235 2528 4287 sinceritatem
2558 4234 2610 4287 in
2642 4233 2865 4287 dubium
2909 4243 3067 4287 vocat
3100 4232 3360 4299 Cnintiu<,
3402 4239 3510 4290 An-

1926 4305 2036 4357 nal.
2083 4312 2123 4357 t.
2152 4303 2218 4368 V,
2253 4318 2374 4372 pag.
2400 4302 2523 4357 109.
2560 4304 2632 4357 lbi
2663 4304 2806 4357 enim
2838 4303 3101 4372 Anglinus
3122 4304 3316 4358 dicitur
3346 4308 3517 4360 abbas

1926 4374 2264 4429 Stabulensis
2310 4381 2366 4427 et
2408 4373 2941 4437 Malmundariensis;
2974 4386 3052 4439 at,
3103 4375 3206 4430 hoc
3240 4384 3506 4444 tempore,

1926 4445 2207 4512 Agilull‘us,
2242 4444 2318 4498 ait
2353 4445 2530 4498 Coint.
2574 4444 2702 4498 ibid.
2746 4460 2870 4512 pag.
2920 4444 3045 4511 lb‘G,
3078 4446 3290 4513 utrique
3324 4463 3513 4501 mona-

1927 4516 2095 4569 Sterio
2127 4523 2372 4584 praeerat,
2406 4525 2462 4568 et
2485 4516 2608 4568 inde
2638 4517 2703 4566 ad
2734 4514 3113 4568 Coloniensem
3142 4518 3510 4584 episc0patum

221 4585 409 4639 Verno
441 4584 643 4652 palatio
684 4600 779 4639 seu
824 4563 1076 4639 ξεί-110110
1126 4586 1330 4648 veteri,
1365 4585 1482 4640 fuse
1531 4587 1708 4651 agitur
1764 4588 1817 4638 in
1852 4563 1899 4623 ί)
1926 4587 2030 4640 hoc
2062 4563 2180 4653 ipsro
2212 4563 2372 4638 anno,
2387 4594 2608 4639 vocatus
2639 4584 2757 4637 l'uil.
2791 4585 3005 4640 Cointio
3050 4563 3296 4638 videntur
3319 4563 3511 4642 srull'ra-

218 4655 486 4723 opusculo
520 4655 862 4725 DHGermain
883 4655 951 4709 de
974 4656 1113 4710 villis
1143 4657 1322 4725 regiis.
1355 4655 1429 4709 De
1460 4655 1537 4709 Re
1560 4657 1689 4725 dipl.
1723 4656 1813 4709 lib.

219 4728 313 4790 IV,
346 4739 466 4794 pag.
496 4723 603 4778 555
621 4733 677 4779 et
713 4740 830 4793 seq.
883 4730 997 4781 lloc
1021 4723 1275 4796 placitum
1303 4735 1568 4782 memorat
1620 4723 1818 4780 Duble-

220 4808 338 4860 tus,
362 4796 547 4863 Antiq.
577 4796 700 4849 abb.
733 4796 791 4849 S.
824 4796 1004 4859 Dion.,
1026 4811 1150 4865 pag.
1181 4797 1279 4851 691
1305 4814 1317 4858 ;
1344 4800 1437 4851 sed
1468 4806 1614 4851 errat
1644 4798 1695 4850 in
1724 4812 1819 4850 ex-

218 4866 527 4936 scribendis
550 4868 693 4920 notis
719 4867 1120 4936 chronologicis
1149 4878 1204 4921 et
1238 4868 1300 4921 .in
1336 4869 1555 4923 nonine
1598 4867 1816 4935 palatii,

219 4935 377 5007 quod
405 4936 709 4991 Vernonem
749 4935 1153 5005 interpretatur.
1198 4937 1313 5007 [Vir
1351 4939 1529 4992 clarus
1571 4936 1811 4998 Lebeut',

219 5011 278 5061 in
308 5008 691 5063 dissertatione
716 5008 927 5078 vulgata
957 5009 1098 5062 inter
1120 5009 1317 5078 Opusc.
1338 5009 1505 5073 varia,
1525 5023 1653 5062 ann.
1677 5008 1815 5062 1768

218 5078 393 5140 edita,
424 5086 464 5133 t.
500 5079 539 5145 l,
568 5093 689 5147 pag.
723 5076 793 5131 88
820 5093 993 5148 seqq.,
1022 5076 1378 5142 demonstrat,
1404 5079 1569 5132 tirmis
1596 5080 1661 5133 ad
1694 5093 1817 5146 pro-

220 5148 462 5201 bandum
496 5150 847 5215 argumentis,
878 5150 1054 5202 villam
1094 5150 1297 5216 regiam
1327 5165 1445 5217 que
1486 5149 1539 5201 in
1562 5150 1664 5203 hoc
1694 5150 1813 5216 pla-

219 5219 338 5273 cito
365 5217 598 5272 Vernum
619 5228 974 5287 nuncupatur,
993 5235 1099 5274 non
1115 5220 1278 5273 fuisse
1296 5219 1603 5274 Vernolium
1622 5219 1814 5273 adlsa-

221 5302 366 5353 ram,
397 5297 455 5341 ut
482 5288 888 5343 existimaverat
914 5290 1142 5345 domnus
1165 5290 1545 5356 Germain,sed
1568 5305 1598 5343 e
1626 5299 1812 5344 contra

231 5358 340 5412 Ver
362 5373 455 5429 seu
498 5358 633 5413 Veni
662 5398 675 5422 ,
728 5358 959 5415 Parisios
984 5361 1122 5414 inter
1161 5371 1215 5414 et
1252 5358 1663 5429 Compendium.
1702 5357 1816 5428 Ope

220 5428 472 5497 ejusdem
500 5429 893 5484 dissertationis
917 5432 1247 5485 emendanda
1281 5428 1490 5484 videtur
1534 5433 1814 5485 annotatio

221 5498 477 5569 qumdam
508 5515 612 5569 qua
635 5499 811 5554 clarus
839 5502 922 5555 vir
944 5502 1012 5555 de
1038 5503 1337 5570 Brequigny
1370 5501 1595 5561 assentit
1614 5501 1813 5555 domno

222 5570 506 5633 tiermain,
546 5570 639 5638 qui
679 5570 1025 5626 Cadolaicum
1071 5581 1127 5627 et
1181 5572 1544 5635 Latiniacuin,
1602 5572 1719 5625 loca
1759 5572 1812 5625 in

224 5642 339 5694 alio
368 5640 589 5712 placito
625 5643 901 5712 nominata
922 5685 937 5707 ,
971 5658 1141 5712 prope
1172 5642 1482 5697 Vernolium
1513 5642 1580 5695 ad
1613 5642 1812 5695 lsaram

222 5711 333 5766 sita
357 5710 521 5764 fuisse
546 5710 847 5766 contendit.
874 5710 996 5766 Haec
1023 5710 1141 5767 loca
1171 5713 1359 5768 eadem
1376 5727 1497 5768 esse
1523 5727 1642 5779 qua:
1670 5726 1815 5767 nunc

223 5783 495 5854 dicuntur,
524 5780 728 5852 Cltailly
769 5790 825 5854 et
848 5782 1264 5854 Lagny-te-Sec,
1299 5784 1492 5852 probat
1512 5784 1679 5854 abbas
1706 5781 1815 5854 lae-

226 5852 379 5919 heuf,
412 5852 499 5907 cui
528 5850 751 5907 assentit
775 5853 836 5909 D.
871 5850 1130 5924 Douquet,
1165 5856 1217 5909 in
1267 5850 1452 5911 annot.
1483 5866 1605 5926 pag.
1630 5850 1735 5909 685
1757 5861 1814 5912 et

1923 4656 2305 4722 gariauctores
2326 4654 2488 4708 Nova:
2510 4654 2696 4708 Gallia:
2715 4653 3055 4720 Christianm,
3085 4664 3123 4709 t.
3139 4654 3224 4719 lll,
3248 4656 3352 4710 col.
3382 4656 3507 4712 941.

1923 4725 2000 4780 Ex
2033 4727 2115 4781 bis
2144 4727 2404 4792 angu‘tiis
2427 4741 2487 4780 se
2509 4726 2765 4794 expedire
2789 4727 3016 4780 arduum
3048 4735 3150 4791 est,
3184 4727 3285 4779 nisi
3311 4743 3510 4783 nomen

1923 4797 2161 4864 Auglini,
2195 4796 2409 4849 aliunde
2458 4812 2564 4850 non
2596 4796 2896 4861 cognitum,
2948 4805 3267 4865 corruptum
3317 4797 3507 4866 fuisse,

1922 4878 1980 4921 et
2030 4866 2244 4935 Agilull’t
2285 4881 2483 4920 nomen
2538 4869 2591 4920 in
2638 4867 2925 4934 Angliuum
2969 4866 3236 4922 deﬂexum
3276 4866 3507 4934 dicatur,

1923 4947 1983 4993 ut
2026 4940 2180 5001 alias,
2238 4936 2687 5004 conjiciebamus.
2732 4937 2921 4991 Restat
2975 4946 3034 4991 ut
3073 4938 3354 5005 probabile
3400 4939 3513 5006 liat,

1920 5022 2107 5063 errore
2167 5018 2582 5077 perseveranter
2639 5008 2906 5076 repetito,
2968 5008 3021 5061 in
3074 5009 3245 5063 tribus
3312 5008 3513 5062 instra-

1922 5079 2117 5132 mentis
2143 5079 2247 5149 hoc
2275 5078 2488 5143 Anglini
2522 5093 2717 5131 nomen
2763 5078 3035 5149 Agilulphi
3066 5079 3269 5149 nomini
3314 5080 3513 5133 subro-

1919 5157 2101 5215 gatum
2133 5148 2317 5202 fuisse.
2347 5150 2471 5201 llznc
2492 5158 2675 5202 autem
2706 5149 2805 5201 tria
2839 5148 3192 5204 instrumenta
3223 5148 3511 5217 desumpta

1921 5220 2133 5273 censeri
2163 5228 2391 5287 possunt
2420 5234 2488 5273 ex
2541 5221 2725 5289 aliquo
2764 5220 3115 5284 chartulario,
3161 5228 3216 5275 et
3246 5222 3297 5273 in
3353 5229 3511 5273 auto-

1918 5289 2138 5357 graphis
2180 5303 2376 5342 nomen
2404 5290 2675 5357 Agilulphi
2711 5292 2783 5359 ita
2815 5289 3073 5359 scriptum
3100 5291 3265 5345 fuisse
3296 5298 3353 5345 ut
3383 5306 3507 5358 spe-

1919 5360 2055 5412 ciem
2106 5360 2594 5430 nominiqunglini
2649 5358 3229 5429 prmferre’videretur
3256 5361 3509 5430 scriptori

1919 5431 2254 5490 chartularii.
2285 5429 2393 5495 cui,
2427 5446 2549 5487 cum
2582 5433 2749 5485 semel
2798 5432 2851 5485 in
2901 5431 3135 5487 lectione
3164 5431 3325 5485 dubia
3357 5429 3510 5485 erra-

1920 5501 2106 5573 visset,
2134 5502 2327 5573 smpius
2367 5502 2421 5555 in
2440 5506 2638 5573 eadem
2682 5517 2895 5573 errasse
2927 5517 3155 5573 pronum
3199 5501 3317 5556 fuit.
3348 5502 3510 5556 Certe

1920 5571 2003 5642 vel
2052 5572 2385 5641 autographa
2433 5572 2577 5627 lectu
2609 5571 2945 5637 ditlicillima,
2980 5573 3067 5626 vel
3104 5589 3229 5628 eum
3258 5573 3350 5642 qui
3396 5576 3510 5628 hmc

1920 5641 2021 5695 tria
2046 5642 2400 5697 instrumenta
2420 5642 2704 5713 descripsit
2725 5644 2778 5697 in
2800 5644 3038 5713 legendis
3058 5641 3329 5699 veteribus
3352 5643 3511 5698 char-

1920 5713 1988 5765 tis
2011 5712 2240 5785 minime
2280 5723 2555 5785 versatum
2600 5712 2770 5769 luisse
2816 5712 2985 5785 patet,
3031 5730 3153 5771 cum
3207 5714 3506 5785 innumeris

1917 5782 2198 5861 scriptum
2226 5783 2434 5840 mendis
2460 5784 2604 5842 [cede
2624 5782 2872 5847 scateant
2893 5786 3201 5857 apographa
3226 5786 3293 5841 de
3318 5784 3513 5855 quibus

1920 5868 2147 5925 agimus.
