4206 6560
653 437 658 443 ⁷
748 432 880 489 1311

1529 427 1793 485 εειεωυι..
1838 426 1926 482 VII
1973 426 2054 480 lz'l'
2102 425 2210 478 \‘iII
2256 419 2783 478 IiClll.liSl.'iSI'IllA
2824 417 3268 474 SIONUMEN'I'A.

3866 412 4009 469 I312

741 545 869 599 dum
894 544 1036 598 hanc
1061 557 1278 598 causam
1297 544 1374 597 sic
1394 550 1568 596 actam
1588 542 1670 597 vel
1689 548 2052 612 perpetratam
2071 539 2323 607 cognovi-
2359 541 2400 597 Λ
2431 535 2827 603 derelinquant,
2860 530 3087 588 faciendi
3116 530 3260 599 quod
3290 527 3560 584 voluerint
3590 527 3763 583 libero
3792 528 3911 599 [al.,
3946 528 4011 581 li-

743 648 888 702 mus,
913 641 970 689 et
997 632 1169 702 ipsum
1192 638 1575 686 testamentum
1611 631 1689 686 sic
1718 644 1963 685 veracem
1996 629 2321 690 invenimus,

745 727 869 783 ideo
893 726 1145 797 jubemus
1165 733 1225 779 ut
1249 728 1365 795 ipse
1397 725 1628 780 domnus
1649 723 1911 793 Anglinus
1936 721 2073 776 abba
2099 720 2183 776 vel
2211 719 2328 789 ejus

746 830 1092 874 successores
1153 816 1270 892 vel.
1305 815 1546 871 rectores
1602 813 2056 869 monasteriorum
2113 812 2325 867 illorum

747 914 920 977 ipsam
960 909 1143 963 villam
1194 907 1524 973 Lethernau,
1550 921 1654 963 una
1675 922 1796 962 cum
1838 903 2160 975 appenditiis
2190 902 2325 965 suis,

743 1017 866 1056 cum
904 1001 1052 1057 omni
1078 1001 1405 1069 integritate,
1432 998 1554 1068 jure
1592 1005 1874 1067 perpetuo,
1907 995 1973 1050 ad
2003 994 2116 1064 ipsa
2130 1003 2327 1069 mona-

743 1096 906 1149 steria
933 1063 1275 1148 habeanthi
1303 1063 1647 1158 vero'aliqu—is
1672 1063 1741 1143 de
1768 1063 2068 1142 bznredibus
2095 1085 2178 1140 vel
2192 1063 2327 1154 ἶπο-

742 1188 1044 1245 heredibus
1086 1187 1285 1243 nostris
1326 1183 1612 1249 exstiterit,
1645 1182 1736 1252 qui
1765 1189 1951 1236 contra
1984 1180 2125 1234 hanc
2154 1177 2326 1232 dona-

741 1282 945 1337 tionem
968 1289 1205 1335 nostram
1232 1277 1408 1332 facere
1440 1274 1689 1338 voluerit,
1705 1286 2076 1328 successorum
2101 1278 2320 1325 nostro-

745 1392 862 1431 rum
895 1376 1110 1444 regibus
1137 1388 1258 1428 enm
1285 1370 1633 1441 judicandum
1656 1366 2034 1435 relinquimus.

817 1471 1011 1525 Datum
1052 1467 1198 1536 quod
1245 1465 1371 1519 fecit
1425 1463 1627 1517 mensis
1679 1464 1945 1524 Augustas
1973 1456 2089 1512 dies
2139 1472 2229 1520 xv,
2272 1455 2323 1509 in

748 1575 892 1615 anno
917 1558 1108 1628 quinto
1138 1563 1400 1623 regnante
1420 1551 1691 1609 llilderico
1715 1564 1862 1618 rege.

819 1653 1043 1721 Signum
1075 1642 1422 1704 Karlontanni
1447 1644 1861 1712 major-domus.

814 1743 928 1814 Ego
955 1741 1277 1797 Childradns
1305 1735 1617 1806 subscripsi.

1409 1851 1665 1908 LXXVII.

746 1958 945 2015 Charta
965 1973 1065 2025 qua
1094 1953 1317 2025 Bodalus
1339 1947 1652 2025 monasterio
1683 1942 1867 2025 Sqncti
1895 1937 2317 2025 Gregoriiﬂo’nat

776 2007 1023 2099 inagis-'4
1052 2007 1198 2078 Ιηιυει
1228 2024 1281 2076 in
1319 2020 1439 2075 villa
1469 2012 1871 2071 llodnlseshaim
1895 2020 1921 2047 -
1953 2018 2100 2078 (ortu.
2132 2007 2281 2076 747).

811 2140 1119 2210 Oportunus
1143 2134 1450 2203 unicuique,
1471 2129 1596 2183 dum
1626 2128 1678 2181 in
1708 2127 1808 2179 hac
1835 2123 1942 2175 vita
1974 2122 2025 2175 in
2058 2122 2163 2174 hoc
2193 2134 2315 2173 eor-

742 2250 877 2305 pore
904 2228 1156 2302 [mortale
1183 2227 1330 2290 vivit,
1359 2224 1428 2279 de
1456 2222 1633 2276 futura
1662 2219 1793 2283 vita,
1823 2214 1913 2270 ubi
1944 2211 2322 2267 immortaliter

746 2298 1135 2395 perpetueqne]
1188 2318 1372 2372 vivere
1416 2320 1617 2384 sperat,
1674 2298 1801 2364 dum
1869 2307 2016 2369 lic‘et,
2079 2304 2321 2377 cogitare

747 2416 984 2470 studeat.
1016 2412 1248 2479 Ideoque
1288 2421 1389 2475 ego
1419 2407 1600 2474 itaque
1632 2400 1885 2464 Bodalns,
1926 2398 2067 2452 tilius
2095 2395 2322 2463 llugona

744 2506 1038 2578 quondam,
1056 2518 1153 2573 pro
1171 2511 1356 2557 eterna
1375 2498 1704 2554 beatitudine
1728 2495 1810 2549 vel
1836 2489 2165 2559 indulgentia
2190 2503 2321 2558 pec—

745 2608 990 2654 catorum
1031 2608 1295 2654 meorum,
1328 2590 1469 2644 dono
1519 2602 1617 2658 pro
1649 2586 1829 2641 anime
1859 2582 1965 2637 mei
2004 2579 2319 2639 remedium,

745 2697 799 2740 et
821 2701 918 2754 pro
947 2686 1123 2738 anima
1166 2681 1275 2735 tilio
1302 2693 1424 2733 meo
1455 2675 1746 2732 Gherhano
1783 2671 1913 2745 [al.,
1945 2664 2319 2737 Egerhaudo],

744 2776 812 2831 ad
878 2771 1205 2836 monasterio
1261 2768 1444 2825 Sancti
1496 2764 1744 2834 Gregorii
1790 2771 1846 2817 et
1912 2770 2326 2825 ceterorumque

744 2877 1077 2930 sanctorum,
1098 2866 1196 2935 qui
1227 2874 1310 2920 est
1335 2870 1677 2918 constructus
1703 2860 1755 2913 in
1781 2858 1993 2926 Vage-o
2023 2856 2164 2909 inter
2191 2852 2326 2906 duas

745 2960 1009 3014 l‘aclzinas
1037 2957 1272 3016 ﬂuvium.
1307 2955 1395 3010 ubi
1427 2955 1479 3009 in
1505 2954 1598 3008 Dei
1629 2965 1825 3006 nomen
1854 2947 2123 3016 Agoaldus
2150 2944 2317 2998 alabas

745 3066 872 3105 cum
919 3049 1197 3103 monachis
1257 3047 1452 3101 ibidem
1521 3041 1939 3099 consistentibus
2004 3039 2327 3107 regulariter

745 3145 941 3199 decere
968 3143 1232 3205 videntur,
1265 3141 1629 3206 donatumque
1667 3137 1718 3190 in
1757 3142 2078 3204 perpetuum
2109 3139 2168 3186 ut
2195 3146 2323 3201 per—

749 3243 1097 3290 maneatesse
1118 3232 1239 3287 volo
1265 3250 1276 3285 :
1301 3231 1404 3285 hoc
1428 3237 1532 3292 est,
1558 3229 1612 3282 in
1642 3227 1764 3280 villa
1797 3225 1882 3279 vel
1910 3225 1961 3279 in
1988 3225 2091 3277 line
2118 3222 2323 3277 Ilodnl-

746 3329 1000 3389 scshaim.
1061 3325 1310 3396 quicquid
1366 3323 1563 3379 ibidem
1607 3321 1751 3376 visus
1793 3335 1911 3374 sum
1942 3317 2164 3380 habere,
2223 3318 2325 3372 hoc

748 3425 833 3473 est
851 3438 859 3468 :
880 3418 1037 3481 casis,
1057 3416 1268 3479 casalis,
1293 3413 1544 3483 granicis,
1563 3410 1833 3473 domibus,
1857 3406 2101 3471 etIiIICIIS,
2129 3406 2326 3470 vineis,

749 3509 1047 3578 mancipiis,
1081 3507 1258 3570 terris,
1298 3504 1521 3574 campis,
1551 3502 1740 3573 pratis,
1773 3500 1945 3568 silvis,
1973 3499 2128 3569 aquis
2155 3511 2323 3566 aqua-

747 3613 979 3667 rumque
1030 3595 1364 3659 deeursibus,
1394 3601 1450 3647 et
1494 3592 1639 3662 quod
1685 3588 1976 3645 Balduiuus
2028 3594 2085 3642 et
2126 3585 2328 3654 conjux

748 3706 843 3746 sua
872 3689 1029 3743 nobis
1059 3686 1343 3757 proscrvit,
1369 3694 1539 3740 totum
1571 3691 1625 3738 et
1646 3682 1710 3737 ad
1729 3683 2014 3750 integrum,
2040 3694 2071 3733 a
2092 3678 2179 3732 die
2207 3693 2328 3747 pre-

748 3791 923 3843 scnte,
956 3781 1023 3835 ad
1073 3781 1190 3849 ipso
1232 3779 1352 3833 loco
1387 3784 1576 3833 sancto
1612 3773 1767 3828 trado
1797 3781 1959 3841 atque
1989 3768 2327 3834 transfuudo,

751 3882 813 3928 ut
835 3873 901 3926 ab
927 3872 1027 3926 hac
1055 3870 1143 3926 die
1169 3870 1336 3938 ipsam
1374 3878 1488 3922 rem
1523 3864 1771 3936 superius
1802 3862 2201 3917 denominatam
2229 3860 2328 3929 ipsi

748 3976 876 4019 casa
901 3959 994 4015 Dei
1016 3960 1099 4015 vel
1124 3953 1608 4026 congregatioejus
1634 3953 1890 4017 habeant,
1923 3959 2143 4005 teneant
2167 3958 2330 4018 atque

748 4050 1083 4124 possideant,
1118 4056 1172 4105 (ι
1198 4063 1381 4102 comm
1412 4043 1818 4101 successoribus
1839 4041 2053 4095 Christo
2094 4038 2330 4110 propitio

826 4194 852 4223 α
882 4183 1060 4237 Exstat
1116 4182 1255 4249 apud
1305 4179 1495 4243 Luuig,
1545 4175 1733 4249 Spicil.
1781 4170 2153 4249 eccl._eoot_in.
2205 4178 2244 4249 t_.
2277 4169 2327 4249 ξ,

750 4270 875 4328 pag.
896 4254 1063 4319 .1096,
1096 4239 1164 4306 et'
1191 4239 1529 4328 Martensium,
1562 4239 1962 4328 'l‘lies._aneed.
1996 4250 2037 4328 tt:
2066 4240 2244 4328 limi.
2275 4239 2329 4320 β,

752 4310 1071 4393 δέῖῖνοηιινῑεὶ
1113 4339 1178 4375 ex
1227 4320 1515 4393 rhart_ario_
1542 4315 1862 4393 monasterii
1983 4310 2243 4393 Dregorii
2268 4310 2329 4393 'in

754 4380 1098 4455 “satiasset!
1122 4390 1305 4444 mutila
1335 4389 1517 4458 plirasi
1542 4386 1750 4458 initiali,
1779 4384 1865 4458 ubi
1893 4380 2331 4458 tlel_ic_iunt_verba

756 4449 877 4533 qua:
901 4449 1230 4533 interuucos
1250 4449 1579 4533 inclusunus.
1607 4456 1678 4507 Ea
1703 4455 1933 4533 restituit
1955 4449 2331 4533 Schupﬂiuus,

759 4525 931 4590 Alsat.
955 4531 1176 4600 diploui.
1209 4536 1245 4581 t.
1273 4529 1315 4591 I,
1352 4541 1470 4597 pag.
1508 4528 1593 4589 I6,
1626 4527 1715 4600 qui
1739 4525 1978 4600 ch_:trt:u_n
2017 4525 2326 4600 hancrocu-

753 4588 835 4659 dit
860 4619 927 4657 ex
950 4588 1139 4656 eodem
1156 4588 1754 4652 chartaiio'accuratius
1782 4593 2130 4662 descriptam.
2168 4588 2335 4662 llujns

755 4658 1043 4729 lectionem
1077 4672 1375 4737 sequimur,
1412 4669 1549 4720 inter
1581 4680 1747 4737 uncos
1769 4658 2045 4737 adhibitis
2087 4658 2334 4737 lectioni—

756 4746 856 4799 bus
888 4743 1011 4795 alis
1038 4730 1170 4807 quas
1201 4740 1312 4807 ipse
1341 4730 1643 4807 esscripsit.
1675 4733 1855 4807 Doriah
1877 4732 2127 4807 chartam
2172 4730 2337 4780 collo-

755 4824 843 4868 r-at
873 4800 1169 4865 Manet-tius
1196 4800 1296 4864 sub
1328 4823 1468 4860 anno
1492 4800 1688 4857 Christi
1713 4803 1836 4865 1’46,
1875 4800 1965 4854 inf.
1987 4801 2337 4868 Ιίοἰιρτςιςιιιιι

755 4884 922 4943 enim,
946 4895 1085 4933 anno
1108 4877 1345 4930 serumlo
1377 4877 1522 4942 regni
1555 4873 1840 4926 Childerici
1877 4869 1961 4935 lll,
1996 4884 2179 4943 "tense
2197 4867 2339 4943 Illur-

758 4955 853 5013 tio,
872 4936 1111 5005 curreret
1126 4962 1297 5000 annus
1313 4936 1506 5000 (λιήέιί
1521 4943 1646 5005 7—H,
1662 4942 1970 5013 utilixiuius
2001 4939 2175 5013 ((301.1
2192 4936 2337 5013 148),

755 5007 865 5089 jam
896 5021 1281 5089 t-xp'ctiis_erat
1310 5014 1638 5089 annusllhr.
1674 5010 1802 5073 7.56,
1832 5026 1973 5089 anno
2004 5007 2338 5089 vjﬂojusdlem

762 5078 1130 5155 regniunense
1151 5087 1191 5138 D
1228 5087 1450 5137 ccmhri.
1469 5085 1680 5155 lict-tius
1699 5079 2208 5155 crgufigfjimplliuns
2240 5078 2340 5155 hoc

764 5146 1177 5212 insitrutnomum
1211 5156 1394 5207 tribuit
1421 5170 1561 5206 anno
1608 5146 1806 5205 Christi
1837 5150 1962 5203 747.
1998 5146 2227 5201 limlalus
2259 5146 2343 5198 hic

765 5231 901 5282 IlIl'III
952 5228 1163 5280 videtur
1211 5224 1301 5292 qui
1363 5233 1583 5277 vocatur
1634 5220 1868 5276 Budoius
1902 5224 1952 5273 in
2002 5220 2187 5273 charta
2238 5215 2339 5268 alia

765 5299 897 5353 inl'ra
928 5295 1131 5349 edenda
1160 5294 1299 5361 (Col.
1331 5293 1351 5345 I
1384 5293 1513 5361 .18).

835 5368 860 5405 δ
896 5366 1142 5431 Vulgavit
1168 5355 1529 5423 hlabilloniu's,
1552 5362 1689 5414 Ann.
1718 5368 1755 5413 t.
1780 5359 1847 5431 II,
1876 5358 2104 5431 appetiti.
2135 5373 2185 5431 p.
2212 5355 2339 5431 {396,

765 5454 829 5490 ex
875 5427 1059 5490 codice
1088 5434 1270 5488 sa'cnli
1313 5450 1382 5486 xu.
1437 5431 1781 5485 Recuderunt
1810 5427 2104 5494 Eccarilus,
2136 5427 2338 5491 Urigin.

770 5506 1066 5573 IIabsburg.
1121 5504 1275 5573 prob.
1329 5516 1446 5570 pag.
1514 5502 1632 5560 101,
1665 5508 1738 5573 et_
1766 5496 2140 5573 Sch-.epllinus,
2172 5496 2340 5573 Alsat.

769 5578 898 5643 dipl.
929 5585 963 5629 t.
997 5566 1044 5639 I,
1069 5566 1189 5642 pag.
1221 5571 1308 5634 ΞΟ,
1331 5566 1420 5625 ἐί
1436 5587 1532 5625 ms.
1559 5569 1741 5643 swculi
1789 5566 2140 5643 xv,eecltesi:e
2166 5566 2344 5643 colle-

769 5635 929 5713 ginta:
949 5635 1179 5699 salienti
1209 5644 1454 5704 senioris,
1480 5650 1535 5713 et
1559 5641 1775 5713 demum
1804 5635 2343 5713 ahha_s_Grandidier,

773 5708 907 5768 iiist.
966 5715 1102 5769 eccl.
1161 5718 1378 5780 Argent.
1440 5721 1479 5764 t.
1514 5711 1565 5775 l,
1599 5710 1752 5778 prob.
1776 5722 1895 5776 pag.
1933 5708 2016 5780 70,
2048 5708 2347 5760 accuratius

769 5802 831 5837 ex
865 5784 1054 5839 eodem
1084 5798 1183 5836 ms.
1217 5778 1273 5836 e't
1308 5798 1374 5835 ex
1426 5780 1753 5836 chartulario
1802 5778 1979 5831 seculi
2034 5793 2140 5842 xw,
2164 5790 2347 5829 recou-

770 5856 883 5911 dito
917 5856 967 5909 iu
1000 5854 1216 5910 urchivo
1241 5851 1593 5907 Tabernensi.
1630 5849 1797 5911 liuius
1835 5847 2220 5915 diligentissimi
2252 5861 2342 5902 cx-

2432 624 2642 698 heram]
2675 628 2909 681 habeant
2938 626 2988 703 in
3019 622 3268 680 omnibus
3297 627 3642 691 potestatem.
3666 619 3725 674 Si
3753 620 3877 690 quis
3905 633 4013 689 ego

2430 720 2549 792 [al.,
2576 717 2750 789 ergo],
2800 723 2893 770 aut
2939 714 3169 771 heredes
3215 713 3321 769 mei
3374 712 3460 768 vel
3499 711 3755 782 quislibet
3795 712 4013 782 aposita

2429 823 2683 878 persona,
2711 822 2818 879 que
2844 815 3034 863 contra
3096 805 3238 861 hanc
3284 803 3632 860 donationem
3678 819 3710 859 a
3739 820 3830 861 me
3867 805 4013 861 facta

2430 902 2552 973 |al.,
2584 900 2812 971 factam]
2860 901 3046 956 venire
3075 898 3420 970 temptaverit
3448 908 3542 953 aut
3577 898 3889 968 inrumpere
3910 915 4015 954 vo-

2430 994 2610 1061 luerit,
2643 1002 2773 1048 tunc
2806 992 3033 1047 inferam
3074 991 3192 1063 [al.,
3225 988 3479 1062 inferant}
3522 990 3676 1045 vobis
3709 991 4015 1061 vestrisque

2428 1084 2847 1149 successoribus,
2883 1082 3050 1152 duplo
3094 1081 3495 1150 repetitionem,
3525 1078 3715 1135 faciam
3758 1079 3879 1151 [αι.
3920 1096 4014 1135 so-

2426 1175 2629 1246 ciantej
2656 1176 2809 1240 lisco,
2838 1173 2954 1227 auri
2979 1172 3162 1227 uncias
3190 1171 3248 1241 ij,
3290 1179 3346 1225 et
3374 1170 3756 1225 nichilomiuus
3783 1185 4015 1239 presens

2427 1264 2648 1319 donatio
2678 1262 2826 1319 omni
2850 1270 3092 1331 tempore
3128 1258 3283 1315 lirma
3313 1266 3630 1331 permaneat
3656 1259 4015 1316 stihulatione

2427 1356 2676 1411 subnixa.

2500 1448 2692 1501 Actum
2751 1445 2804 1501 in
2856 1445 2975 1513 ipso
3021 1441 3352 1500 monasterio
3395 1438 3751 1507 Conﬂuentis,
3804 1439 4012 1509 publici

2426 1537 2610 1592 datum
2634 1551 2704 1592 xv
2733 1535 2844 1590 kal.
2880 1532 3183 1600 Januarias,
3217 1548 3362 1588 anno
3394 1532 3443 1600 vj
3474 1531 3625 1601 regni
3668 1530 3875 1586 domini
3904 1547 4011 1585 no-

2428 1629 2523 1683 stri
2554 1627 2841 1684 Childerici
2870 1627 3015 1696 regis
3044 1625 3218 1697 (deest
3244 1626 3297 1681 in
3336 1624 3512 1681 altero
3540 1623 3841 1694 exemplari
3881 1631 4010 1678 nota

2430 1720 2749 1789 numerica).

2500 1809 2723 1880 Signum
2752 1811 2794 1882 -ι-
2824 1810 3045 1878 Bodalo,
3062 1811 3154 1882 qui
3183 1811 3324 1866 hanc
3343 1809 3687 1863 donationem
3711 1808 3825 1862 fieri
3848 1822 4009 1875 roga-

2358 1895 2397 1952 Il
2428 1900 2523 1956 vit.
2554 1900 2778 1968 Signum
2802 1902 2842 1974 -ι-
2870 1901 3146 1957 Ilucberto
3184 1901 3309 1974 [at.,
3346 1897 3751 1968 Excamherto].
3782 1897 4008 1967 Signum

2424 1994 2461 2063 ·;-
2492 1991 2876 2048 Excomberto.
2909 1994 3130 2061 Signum
3158 1992 3197 2063 σί-
3219 1989 3489 2046 Starcullo
3513 1990 3633 2061 [al.,
3663 1988 4006 2059 Strarculfo).

2425 2084 2573 2152 Sign.
2606 2083 2646 2154 -ι-
2674 2082 3081 2139 Ghisalmondu.
3120 2082 3270 2151 Sign.
3301 2082 3341 2153 -ι-
3382 2081 3612 2138 ιὶὺυὲῐο.
3645 2083 3793 2151 Sign.
3827 2079 4008 2136 Haim-

2428 2176 2603 2229 berto.
2641 2175 2752 2243 Sig.
2778 2172 3101 2228 Warinulfo.
3131 2174 3283 2241 Sign.
3314 2173 3353 2245 -ι-
3383 2172 3828 2228 Ilerchamberto.
3853 2171 4006 2239 Sign.

2424 2265 2463 2335 οξ·
2487 2264 2867 2334 Sigbertamno
2889 2264 3007 2337 [al.,
3032 2260 3453 2332 Sigertmanno].
3471 2261 3619 2329 Sign.
3642 2262 3681 2334 -ιν
3711 2261 3855 2316 Bebo
3883 2260 4007 2332 [al.,

2428 2353 2606 2427 Belo].
2648 2355 2761 2426 Ego
2806 2354 3105 2410 Rodaccius
3132 2362 3349 2421 rogatus
3380 2352 3569 2422 scripsi
3594 2362 3650 2406 ct
3685 2351 4003 2421 subscripsi.

3081 2466 3354 2522 LXXVIII.

2426 2559 2619 2615 (.‘Itarta
2666 2575 2768 2630 qua
2810 2557 3048 2613 Boromu
3101 2557 3818 2630 Ifonaugieltsimonasterio
3868 2556 4010 2611 dona

2909 2630 3108 2700 confert
3138 2626 3165 2666 δ
3198 2625 3342 2697 (ann.
3372 2625 3519 2696 748).

2504 2744 2867 2799 Sacrosancto
2905 2740 3235 2796 monasterio
3272 2740 3452 2797 Sancti
3483 2740 3755 2795 Michaelis
3783 2740 4010 2794 archan.

2434 2835 2559 2904 geli,
2583 2833 2671 2889 vel
2699 2842 3006 2889 ceterorum
3033 2829 3130 2886 SS.
3165 2828 3308 2885 Petri
3329 2840 3381 2885 et
3402 2827 3576 2895 Pauli,
3604 2829 3747 2899 quod
3777 2836 3856 2881 rst
3879 2843 4009 2883 eon-

2434 2931 2693 2980 structum
2724 2921 2861 2977 infra
2911 2920 3138 2975 insulam
3190 2917 3636 2987 IIonaugiensem,
3671 2917 3759 2972 ubi
3810 2917 3862 2970 in
3916 2916 4008 2973 Dei

2436 3015 2653 3071 nomine
2672 3013 2925 3068 Dubanus
2949 3012 3230 3082 episcopus
3270 3025 3488 3081 preesse
3515 3009 3743 3065 videtur.
3769 3009 4010 3065 Boronus

2437 3110 2645 3165 illuster
2675 3108 2778 3175 vir,
2805 3105 3048 3175 cogitans
3068 3118 3248 3160 casum
3288 3104 3588 3173 fragilitatis
3640 3117 3777 3168 mee,
3799 3118 3863 3157 ac
3914 3117 4010 3171 pro

2355 3193 2397 3253 C
2429 3213 2617 3257 eterna
2643 3198 3026 3264 retribucione,
3040 3197 3184 3254 dono
3208 3197 3275 3251 ad
3301 3196 3721 3268 suprascriptum
3746 3203 4011 3251 monaste—

2429 3294 2590 3358 rium,
2621 3293 2989 3360 donatumque
3014 3289 3070 3345 in
3094 3296 3411 3360 perpetuum
3435 3296 3493 3342 ut
3509 3297 3722 3342 maneat
3740 3288 3883 3354 volo,
3910 3288 4009 3343 hoc

2430 3393 2515 3441 est
2559 3383 2696 3439 infra
2722 3383 2998 3438 marcham
3044 3397 3150 3453 que
3177 3381 3373 3437 dicitur
3407 3380 3794 3448 Gamhbapine,
3816 3380 4011 3435 hobam

2431 3489 2590 3529 unam
2620 3488 2782 3543 quam
2805 3472 3092 3528 Wolvinus
3112 3473 3301 3538 tenuit,
3324 3486 3444 3527 cum
3475 3472 3754 3537 casalibus,
3785 3474 4009 3542 eampis,

2435 3566 2600 3637 pratis
2623 3604 2639 3631 ,
2682 3564 2847 3639 sylvis
2903 3563 3239 3631 accessisque
3284 3559 3533 3617 onmibus
3558 3601 3574 3626 ,
3614 3576 3735 3616 cum
3765 3561 4011 3625 ediﬁciis,

2431 3657 2666 3727 pascuis.
2697 3655 2842 3711 Idem
2863 3654 3006 3710 dono
3041 3653 3108 3709 ad
3136 3654 3311 3722 ipsum
3340 3651 3518 3706 locum
3564 3659 3808 3706 sanctum
3851 3668 4011 3721 supe-

2434 3750 2544 3803 rius
2574 3747 2931 3813 nominatum,
2959 3744 3261 3816 portionem
3306 3757 3504 3808 meam,
3533 3741 3674 3812 quod
3721 3749 3804 3796 est
3852 3740 4011 3795 Νίκη-

2434 3856 2603 3907 wern,
2638 3838 2691 3894 id
2720 3846 2821 3905 est,
2855 3846 2964 3892 tam
2990 3835 3166 3899 terris,
3195 3834 3360 3899 silvis,
3390 3833 3579 3903 pratis,
3611 3834 3844 3904 pascuis.
3873 3833 4016 3888 Idem

2434 3934 2575 3989 dono
2600 3933 2908 4001 porcionem
2928 3944 3104 3984 meam
3127 3944 3195 3984 ex
3224 3927 3337 3996 ipsa
3368 3926 3538 3983 insula
3578 3936 3877 3982 memorata
3902 3923 4016 3981 ﬂo-

2434 4023 2780 4093 henaugiensi
2810 4033 2862 4090 ο,
2880 4020 2948 4076 ad
2974 4020 3146 4090 ipsum
3168 4019 3344 4075 locum
3368 4027 3643 4085 sanctum;
3671 4018 3815 4087 quod
3843 4026 4011 4073 totum

2435 4159 2712 4229 scriptoris
2740 4157 3003 4229 lectiones
3019 4153 3323 4229 sequimur.
3349 4151 3602 4229 Eiusdem
3636 4151 3836 4229 Βοιδᾳηί
3864 4150 4015 4229 char-

2437 4221 2896 4297 tam'aliam-supra
2911 4221 3175 4281 edidimus
3192 4222 3526 4297 ((191.1280),
3554 4222 3604 4276 in
3629 4221 3917 4297 gratiamej
3927 4235 4009 4274 us-

2438 4303 2559 4356 detn
2607 4290 2918 4352 monasterii
2947 4290 3221 4350 emissam.
3252 4293 3523 4357 Dubanus,
3560 4294 3650 4363 qui
3697 4291 3787 4345 hic
3819 4290 4013 4363 dicitur

2441 4369 2798 4433 llouaugiensi
2830 4366 3430 4430 monasterioprmesse.
3455 4362 3793 4433 quibusdam,
3817 4362 4012 4433 scilicet

2441 4430 2751 4496 auctoribus
2772 4437 2888 4490 Nov
2931 4435 3283 4489 Gall.'Christ.
3304 4446 3431 4487 tum.
3460 4430 3517 4497 ς’»,
3544 4436 3648 4487 col.
3667 4432 3790 4493 853.
3819 4430 4007 4484 Mabill.

2444 4511 2637 4565 Annal.
2662 4519 2794 4563 tom.
2822 4507 2887 4571 II,
2906 4519 3027 4576 pag.
3053 4505 3296 4576 59.jetc.,
3321 4504 3530 4558 videtur
3552 4504 3688 4556 alius
3716 4517 3745 4555 a
3770 4502 4011 4576 'Ijnbano,

2440 4583 2651 4643 eiudem
2712 4571 3024 4632 monasier‘ii
3073 4571 3289 4641 abbate,
3320 4576 3386 4626 de
3433 4589 3540 4641 quo
3568 4571 4007 4643 supra_diximus.

2442 4641 2615 4705 Unum
2637 4663 2767 4702 vero
2813 4647 3170 4711 cumdemqne
3214 4654 3269 4698 et
3314 4645 3356 4697 Τ
3362 4646 3592 4697 nhannm
3640 4641 3695 4695 et
3738 4641 4009 4711 Dubanum

2440 4724 2734 4774 arbitratur
2762 4717 3011 4770 Historiae
3043 4710 3259 4768 Alsatizn
3286 4714 3537 4783 scriptor,
3569 4713 3656 4765 tibi
3705 4725 3911 4783 supra,_
3932 4710 4008 4783 cui

2442 4792 2669 4845 libenter
2695 4786 3068 4855 suffragantur.
3101 4785 3179 4838 Ad
3212 4784 3264 4837 id
3292 4779 3590 4855 nos'niovet
3615 4779 4011 4855 nominissimi-

2442 4861 2647 4923 litudo;
2680 4873 2781 4912 nec
2810 4850 3347 4923 obstanttemporum
3405 4852 3708 4908 intervalla.
3763 4850 4012 4923 Dubanus

2441 4917 2657 4999 quidem
2683 4937 2907 4999 vocatur
2934 4917 3239 4999 episcopus,
3271 4926 3388 4979 'I‘ub
3410 4940 3553 4999 ‘num
3575 4937 3705 4999 vero
3737 4921 3889 4999 aiunt
3916 4917 4011 4996 hoc

2446 4988 2599 5054 titulo
2631 4998 2904 5061 caruisse;
2960 4988 3142 5049 verum
3173 4993 3462 5062 aliquando
3508 4992 3735 5062 abbatesﬁ
3780 4988 4009 5062 episcopi

2443 5072 2780 5130 dicebautur,
2806 5057 2912 5120 non
2943 5066 3085 5132 quod
3129 5057 3365 5132 aliquam
3418 5062 3601 5117 sedem
3652 5057 4010 5132 episcopalem

2442 5146 2788 5208 occuparent,
2814 5137 2911 5208 sed
2934 5130 3057 5203 quia
3090 5130 3501 5208 inmenastcri-a
3529 5145 3626 5186 suo
3656 5130 4011 5208 fungebantur

2446 5198 2735 5278 cpiscoliali
2767 5198 2993 5278 officio}
3028 5204 3163 5278 e_t_id
3185 5204 3284 5257 hac
3314 5213 3475 5278 quate
3506 5218 3610 5255 nou
3652 5211 3798 5278 erat
3835 5198 4012 5278 insoli:

2448 5265 2578 5331 tum.
2608 5265 2793 5331 A'nuus
2820 5274 3019 5329 Christ.
3038 5273 3143 5326 748
3166 5273 3418 5328 currebat
3434 5286 3614 5325 mense
3636 5269 3804 5338 Aprili
3828 5280 3967 5320 anno
3983 5265 4011 5317 li

2447 5352 2594 5418 regni
2620 5345 2911 5418 Childerici
2938 5343 3023 5408 Ill,
3044 5344 3196 5418 juxta
3219 5351 3457 5418 nostram
3475 5341 3648 5418 hujus
3674 5338 3825 5408 regni
3850 5351 4011 5391 annos

2446 5411 2789 5488 coinputandi
2816 5415 3098 5477 rationem,
3124 5415 3192 5469 de
3216 5428 3320 5488 qua
3350 5411 3569 5488 pluries.

2523 5499 2545 5527 ο
2572 5479 2798 5543 ὐἰειιιηι
2826 5495 2909 5539 est
2934 5500 3092 5554 supra
3123 5479 3424 5554 quo'titulo
3447 5479 4008 5554 Baronusportionetn

2450 5560 2676 5614 haberet
2713 5559 2765 5611 in
2794 5555 2965 5609 insula
2997 5548 3451 5620 Hohéuaugiensi.
3483 5549 3635 5617 Jam,
3659 5548 3848 5606 charta
3895 5548 4012 5620 anni

2450 5628 2572 5693 726,
2601 5642 2762 5697 supra
2789 5626 2922 5696 (Col.
2941 5623 3099 5695 1280)
3130 5619 3311 5694 partes
3343 5622 3599 5697 quasdam
3629 5623 3783 5691 hujus
3815 5619 4013 5688 portio-

2451 5703 2551 5765 nis,
2608 5695 2707 5753 nec
2757 5695 2937 5751 tamen
2994 5697 3287 5763 integram,
3316 5695 3639 5765 donaverat
3692 5698 4014 5765 monasterio

2450 5756 2830 5851 S.‘Michaeiis.
2862 5765 3014 5824 Nune
3034 5756 3199 5823 donat
3229 5756 3455 5833 reliqua,
3481 5764 3667 5819 charta
3697 5762 3763 5819 dc
3805 5774 3908 5829 qva
3935 5756 4016 5813 hic

2451 5849 2645 5911 agitur.
