4206 6534
210 432 352 490 1513

967 412 1399 473 oauartoNss
1441 408 1528 465 ac
1567 401 2035 464 TESTAMENTA
2078 397 2321 464 EPISC.,
2366 396 2544 460 ann,
2590 391 2744 447 src.

3362 384 3501 440 1514

203 561 266 606 et
294 549 563 615 integrum
595 555 625 593 a
656 537 741 593 die
768 532 1007 605 presenti
1048 529 1117 584 ad
1172 528 1345 597 ipsum
1401 528 1806 579 sacrosanctqu
1838 516 1887 574 Α
1914 520 1969 565 et
1996 507 2349 615 becdonacio
2381 506 2527 608 omni
2577 514 2821 615 tempore
2850 499 3082 555 stabilita
3118 506 3173 553 et
3201 496 3351 552 firma
3385 513 3509 569 per~

205 611 599 698 monasterium
633 630 783 686 trado
812 636 974 696 atque
1000 620 1337 684 transfundo,
1368 626 1427 671 ut
1455 618 1522 669 ab
1554 616 1655 668 hac
1698 611 1804 675 die,

207 736 281 789 de
321 733 440 800 ipsa
483 742 566 793 re,
601 732 657 780 et
683 729 904 790 agentes
953 732 1114 787 supra
1159 711 1346 782 scripti
1398 704 1711 763 monasterii
1756 711 1808 757 et

208 824 423 897 posteri
456 836 667 883 eorum,
703 814 929 871 faciendi
961 809 1088 881 quid
1134 806 1331 863 exinde
1370 802 1643 859 voluerint
1682 800 1812 853 libe-

210 895 329 970 ram
355 928 421 969 ac
451 911 808 966 firmissimam
840 905 893 959 in
924 901 1017 957 Dei
1052 899 1270 954 nomine
1309 895 1542 950 habeant
1574 900 1810 961 potesta-

212 1018 347 1061 tem.
372 1006 426 1059 Si
456 1004 574 1075 quis
595 1015 698 1068 ego
721 1010 814 1052 aut
843 993 1070 1051 heredes
1102 991 1227 1056 mei,
1253 988 1337 1043 vel
1366 986 1487 1057 quis
1516 982 1815 1039 calumnia-

212 1108 306 1151 tor
344 1094 649 1155 exstiterit,
684 1090 875 1143 inferat
925 1084 991 1138 ad
1021 1092 1202 1153 partes
1230 1075 1580 1149 suprascripti
1628 1086 1818 1127 mona-

210 1189 372 1243 sterii
398 1186 621 1253 suisque
642 1179 974 1241 custodibus,
1007 1190 1114 1229 una
1160 1186 1285 1228 cum
1326 1168 1475 1225 socio
1525 1166 1677 1229 lisco,
1702 1162 1819 1217 auri

214 1278 414 1334 uncias
464 1286 605 1339 tres,
638 1280 694 1325 et
742 1264 1121 1324 nichilominus
1167 1274 1388 1333 presens
1443 1255 1673 1313 donaeio
1721 1253 1821 1308 bec

214 1371 377 1425 firma
406 1370 741 1438 permaneat,
769 1357 1123 1429 stipulacione
1144 1352 1391 1409 subnixa.

298 1435 492 1512 Actum
524 1452 820 1510 blandouro
846 1457 1045 1510 castro,
1080 1444 1313 1513 publice.
1345 1441 1565 1509 Signum
1602 1435 1817 1499 Boroni,

217 1550 317 1618 qui
344 1549 485 1602 hanc
508 1544 865 1601 donaeiunem
895 1539 1009 1593 fieri
1035 1546 1089 1591 et
1110 1536 1306 1589 firmari
1332 1534 1562 1603 rogavit.
1602 1530 1823 1597 Signum

219 1639 801 1715 Cantsoaldi.Signum
825 1633 1039 1688 Milonis
1063 1631 1231 1685 testis.
1258 1629 1479 1696 Signum
1505 1622 1821 1679 Wolferahi.

218 1733 453 1801 Signum
488 1714 778 1784 Audeberti
808 1725 981 1781 testis.
1012 1722 1123 1792 Ego
1174 1722 1225 1775 in
1274 1721 1365 1774 Dei
1425 1719 1643 1773 nomine
1701 1714 1828 1768 Wa-

221 1824 472 1897 chyndus
500 1824 781 1887 diaconus,
809 1826 1029 1888 rogatus
1056 1816 1245 1885 scripsi
1270 1824 1323 1868 et
1348 1810 1659 1880 subscripsi.
1690 1809 1823 1861 Data

221 1919 461 1975 donacio
484 1916 605 1980 hec,
631 1916 718 1969 die
748 1912 931 1966 Martis
976 1909 1218 1979 proximo
1248 1914 1369 1976 post
1399 1904 1631 1958 medium
1676 1918 1827 1956 men-

222 2028 345 2069 sem
368 2009 588 2081 Aprilis,
613 2022 756 2063 anno
783 2014 939 2061 sexto
964 2003 1112 2072 regni
1143 2000 1346 2055 domini
1371 1996 1544 2052 nostri
1574 1994 1826 2049 llilderici

225 2104 393 2174 regis.

916 2209 1147 2264 LXXIX.

228 2333 429 2389 Charta
458 2347 557 2402 qua
586 2328 740 2401 Hugo
768 2324 1080 2381 monasterio
1109 2320 1466 2391 llonnugiensi
1514 2319 1653 2373 dona
1700 2334 1826 2371 cou-

775 2402 873 2470 {c'rt
903 2406 928 2434 ⁸
965 2397 1115 2466 (αιιη.
1148 2391 1291 2459 748).

799 2408 873 2452 (τι
903 2406 928 2434 ⁸
965 2406 1115 2452 (ann.
1149 2406 1291 2452 ωδ).

310 2538 668 2590 Sacrosancte
702 2530 944 2587 ecclesie
994 2529 1177 2585 Sancti
1221 2525 1696 2593 Michahelis,qucc
1751 2533 1831 2579 est

234 2636 550 2683 constructa
596 2625 649 2678 in
699 2623 869 2678 insula
920 2638 1025 2693 que
1070 2622 1263 2676 dicitur
1311 2619 1691 2687 Hohenaugia,
1742 2615 1829 2669 ιιΙυί

238 2720 498 2774 Dulianus
527 2717 808 2785 episcopus
841 2730 982 2769 nunc
1039 2712 1298 2781 temporis
1338 2725 1554 2780 preesse
1597 2708 1830 2761 videtur.

235 2808 360 2877 Ego
384 2809 437 2863 in
474 2808 565 2860 Dei
601 2806 816 2858 nomine
848 2805 1021 2872 llugo,
1052 2803 1296 2871 cogitans
1324 2800 1390 2854 ad
1437 2800 1609 2865 ipsum
1663 2799 1837 2851 locum

238 2908 496 2953 sanetum
525 2896 595 2950 de
626 2896 789 2949 rebus
819 2896 954 2949 meis
985 2893 1185 2962 aliquid
1217 2892 1349 2947 dare
1378 2893 1576 2946 debere
1606 2889 1839 2960 prepitio

238 2990 382 3053 Deo,
409 2989 550 3057 quod
574 2997 627 3042 et
662 2988 733 3041 ita
768 2986 893 3050 feci,
920 2986 1024 3039 hoc
1071 2992 1173 3051 est,
1206 2982 1341 3037 infra
1384 2983 1556 3051 ipsam
1612 2979 1839 3035 insulam

238 3096 356 3150 que
410 3081 604 3135 dicitur
653 3077 1037 3143 llohenaugia,
1089 3083 1583 3143 quantumcumque
1632 3072 1844 3140 genitor

1915 609 2154 667 maneat,
2184 597 2540 670 stipulacioue
2578 596 2828 651 subnixa.

1985 693 2177 748 Actum
2211 691 2443 761 publice,
2474 689 2525 742 in
2558 687 2728 742 insula
2760 684 3132 755 Hohenaugia.
3185 681 3379 737 Datum
3410 682 3510 737 sub

1914 786 2001 839 die.
2024 793 2216 853 quarto
2241 781 2499 837 kalendas
2524 778 2737 844 Iunias,
2757 794 2899 832 anno
2920 787 3075 832 sexto
3104 775 3308 831 domini
3337 776 3511 829 nostri

1918 875 2175 930 llilderici
2219 875 2379 942 regis.
2431 872 2652 941 Signum
2714 871 2969 939 llugonis,
2999 870 3089 939 qui
3145 868 3304 938 hujus
3342 868 3514 922 dona-

1919 969 2090 1024 eionis
2115 974 2496 1023 testamentum
2530 966 2641 1019 fieri
2665 963 2892 1033 regavit.
2947 962 3167 1031 Signum
3199 959 3512 1014 Gaozberti.

1922 1061 2145 1129 Signum
2214 1057 2515 1129 Agynonis.
2580 1055 2802 1123 Signum
2866 1053 3222 1109 Tlieodoaldi.
3290 1053 3515 1120 Signum

1919 1150 2285 1207 Theothelmi.
2335 1150 2554 1213 Signum
2608 1146 2895 1203 Amaloini.
2949 1145 3171 1213 Signum
3198 1143 3359 1215 Otliy.
3404 1142 3519 1213 Ego

1923 1243 2242 1313 Amalgerus
2278 1241 2435 1311 hujus
2464 1239 2778 1295 donacionis
2810 1246 3190 1294 testamentum
3231 1235 3445 1306 scripsi.

2614 1391 2829 1447 LXXX.

1928 1508 2117 1562 Charta
2144 1524 2243 1579 qua
2294 1504 2501 1579 Ileddo,
2525 1507 2798 1579 episcopus
2850 1501 3305 1579 Stradbu‘rgensis,
3335 1515 3524 1579 mona—

2001 1572 2167 1633 sterio
2185 1576 2584 1645 Amulli-Angor
2612 1593 2641 1626 ιι
2678 1574 2942 1627 [fut/tardo
2967 1583 3010 1645 ct
3034 1574 3153 1625 aliis
3175 1574 3365 1645 co’rlnta
3383 1572 3523 1623 dona

2002 1652 2295 1719 conﬁrmat,
2328 1643 2388 1700 oc
2418 1643 2683 1717 priuilegia
2706 1645 2939 1697 concedit
2972 1643 2995 1680 δ
3024 1648 3171 1713 (amt.
3200 1643 3346 1711 748).
3392 1676 3400 1682 -

2005 1785 2243 1841 Dominis
2274 1780 2473 1838 sanctis
2497 1781 2673 1849 adque
2720 1780 2927 1833 honore
2973 1778 3254 1849 dignissim
3313 1778 3423 1846 (sic
3477 1778 3530 1831 in

1867 1874 1906 1932 Β
1936 1877 2112 1932 tabula
2143 1877 2235 1930 τητὶ
2268 1876 2456 1929 incisa.
2488 1873 2643 1942 Legit
2691 1872 3008 1941 Scbmpllin.
3039 1872 3379 1942 dignissima;
3414 1883 3531 1923 me-

1939 1970 2042 2024 lius
2093 1966 2475 2039 diguissimis),
2541 1964 2854 2035 apostolicis
2910 1962 3153 2030 meisque
3208 1963 3259 2015 in
3318 1960 3533 2016 Christo

1936 2063 2193 2133 patrebus
2253 2059 2469 2124 Heddo,
2502 2058 2673 2128 gratia
2704 2057 2819 2120 Dei,
2851 2056 3190 2124 ecclesieque
3244 2054 3432 2107 matris
3478 2053 3533 2107 in

1938 2157 2275 2225 Stradburgo
2304 2153 2524 2208 civitate
2550 2160 2774 2207 vocatus
2801 2150 3108 2220 episcopus.
3140 2146 3363 2201 Noverit
3410 2160 3535 2200 san-

1937 2261 2021 2307 cta
2050 2250 2312 2305 industria
2344 2255 2521 2301 vestra
2550 2246 2784 2315 qualiter
2812 2256 3052 2309 pasrores
3076 2240 3333 2294 Ecclesia:
3360 2239 3532 2293 soler-

1940 2343 2147 2397 tissime
2171 2355 2300 2394 eura
2331 2352 2649 2405 summoque
2690 2335 2868 2390 studio
2898 2334 3000 2388 dcb
3036 2340 3093 2387 nt
3140 2345 3453 2401 procurare,
3480 2340 3537 2383 nt

1939 2434 2185 2489 Ecclesia
2216 2431 2311 2485 Dei
2344 2430 2505 2484 lucris
2537 2429 2834 2482 animarum
2864 2430 3180 2496 proliceret,
3211 2433 3265 2479 et
3295 2440 3391 2493 per
3437 2438 3538 2477 nos

1939 2526 2159 2581 monitis
2205 2524 2530 2579 salutaribus
2588 2521 2640 2574 in
2698 2529 2958 2589 quantum
3006 2519 3268 2582 valemus,
3295 2519 3537 2586 vigorem

1940 2620 2201 2683 obtineat,
2238 2625 2294 2669 ut
2323 2615 2405 2669 his
2431 2614 2520 2682 qui
2551 2622 2756 2667 mterno
2787 2612 3021 2679 pastoris
3062 2610 3358 2680 spontanize
3406 2609 3537 2664 reli-

1943 2712 2043 2766 ctis
2066 2710 2351 2775 omnibus,
2384 2706 2536 2776 sequi
2594 2705 2835 2774 cupiunt,
2872 2714 3034 2771 atque
3083 2704 3160 2758 sic
3208 2703 3541 2772 abnegantes

1945 2803 2288 2872 semetipsos,
2322 2816 2421 2871 per
2448 2808 2675 2868 angusto
2701 2798 2836 2853 calle
2858 2805 3080 2866 artaque
3102 2798 3183 2852 via
3207 2800 3540 2867 gradientes,

1944 2911 2134 2951 vocem
2158 2904 2373 2949 aeternae
2415 2872 2577 2961 Regis
2608 2908 2670 2947 ac
2699 2892 3081 2961 Redemptoris
3116 2893 3285 2947 nostri
3316 2893 3542 2947 audieno

1948 2996 2027 3043 tes
2059 3006 2069 3040 :
2103 2986 2201 3040 Exi
2231 2987 2297 3040 de
2322 2994 2464 3039 terra
2499 2994 2585 3037 tua
2613 2984 2678 3037 de
2703 2984 3029 3051 cognatione
3062 2992 3172 3046 tria,
3200 2991 3255 3037 et
3304 2983 3438 3036 vade
3485 2983 3536 3035 in

1950 3090 2091 3135 terra
2140 3095 2301 3149 quam
2330 3087 2706 3131 monstravero
2754 3076 2881 3138 tibi,
2945 3076 3027 3129 vel
3061 3074 3189 3127 illud
3223 3094 3233 3127 :
3268 3076 3368 3141 Qui
3415 3076 3542 3128 reli-

240 3187 403 3225 meus
434 3169 665 3223 Bleonus
698 3167 919 3232 ibidem,
962 3166 1014 3220 id
1070 3172 1153 3219 est
1193 3163 1329 3218 infra
1375 3165 1545 3234 ipsam
1592 3162 1839 3227 insulam,

1951 3172 2357 3241 queritpatrem
2394 3178 2486 3222 aut
2527 3175 2752 3221 matrem
2804 3175 2897 3218 aut
2955 3166 3091 3219 lilios
3144 3173 3235 3219 aut
3281 3181 3441 3234 agros
3490 3175 3545 3219 ct

240 3263 412 3318 michi
470 3262 705 3315 moriens
757 3258 1071 3325 dereliquit,
1099 3256 1149 3309 id
1177 3264 1279 3318 est,
1304 3264 1414 3309 tam
1439 3254 1617 3319 terris,
1650 3252 1838 3323 pratis,

243 3373 315 3425 pa
347 3356 479 3419 cuis,
510 3354 678 3409 silvis.
704 3351 859 3420 aquis
888 3364 1219 3420 aquarumve
1266 3348 1599 3409 decursibus,
1645 3346 1841 3399 areali-

244 3452 372 3512 bus,
404 3446 721 3511 arboribus;
767 3445 821 3498 in
849 3457 967 3497 eam
996 3456 1124 3495 vero
1152 3438 1549 3502 condicionem,
1573 3445 1631 3490 ut
1680 3452 1709 3490 a
1758 3436 1844 3489 die

246 3541 510 3610 presenti,
537 3540 680 3605 ipsas
708 3553 793 3592 res
823 3536 889 3591 ad
935 3536 1108 3606 ipsum
1166 3522 1366 3588 locum"
1397 3538 1642 3585 sanctum
1697 3528 1843 3583 omni

245 3644 500 3699 tempore
530 3629 765 3684 stabilita
802 3636 858 3683 et
911 3629 1063 3680 firma
1120 3631 1454 3697 permaneat.
1511 3621 1656 3677 Idem
1706 3622 1846 3675 dono

244 3722 320 3776 ad
350 3722 525 3791 ipsum
580 3720 757 3775 locum
801 3728 1071 3786 sanctum,
1098 3719 1402 3788 portionem
1453 3732 1629 3772 meam
1678 3723 1846 3770 totam

244 3826 360 3882 que
411 3818 493 3864 est
544 3810 597 3863 iu
648 3824 824 3863 marca
855 3806 1263 3870 Odradesbcim.
1293 3824 1415 3862 cum
1446 3807 1625 3873 terris,
1658 3806 1844 3877 pratis,

248 3903 488 3972 pascuis.
521 3900 578 3956 Si
611 3901 763 3971 quis,
788 3915 889 3970 ego
918 3907 1009 3954 aut
1038 3900 1265 3954 heredes
1292 3899 1397 3953 mei
1428 3907 1519 3953 aut
1548 3898 1656 3953 ulla
1679 3913 1848 3968 oppo-

245 3996 356 4050 sita
384 4008 641 4063 persona,
662 3999 853 4047 contra
884 3990 1044 4061 hujus
1086 3989 1407 4045 donacionis
1462 3998 1845 4044 testamentum

246 4086 443 4140 venire
494 4093 589 4137 aut
632 4096 794 4154 agere
833 4082 1212 4152 temptaverit,
1244 4090 1338 4135 aut
1365 4083 1601 4152 aliquam
1636 4082 1847 4155 calum-

252 4180 405 4231 niam
433 4189 693 4244 generare
720 4175 1141 4244 presumpserit,
1171 4173 1317 4242 quod
1347 4190 1449 4229 nec
1497 4173 1613 4228 fieri
1662 4174 1845 4240 credo,

253 4281 387 4323 tunc
414 4266 677 4337 spondeo,
706 4273 798 4319 aut
826 4264 1054 4320 heredes
1081 4266 1207 4328 mei,
1237 4272 1298 4319 ut
1321 4264 1471 4320 vobis
1498 4272 1592 4319 aut
1634 4278 1849 4319 succes-

250 4362 472 4415 soribus
526 4358 720 4412 vestris
767 4357 939 4411 simus
989 4356 1254 4411 reddituri
1308 4355 1529 4425 duplum
1595 4362 1851 4419 tantum,

251 4459 522 4523 quantum
566 4450 619 4503 in
663 4450 766 4504 hac
819 4448 1022 4504 cartula
1078 4448 1335 4517 scriptum
1376 4455 1477 4512 est,
1513 4444 1649 4501 infra
1680 4447 1849 4516 ipsam

1947 3269 2412 3332 emtera,propter
2444 3274 2641 3313 nomen
2702 3272 2904 3321 meum,
2932 3258 3240 3325 centuplum
3297 3257 3540 3328 recipiet,

1948 3368 2001 3411 et
2030 3357 2195 3409 vitam
2222 3362 2464 3407 eternam
2497 3348 2833 3419 possedebit;
2866 3355 2918 3401 et
2950 3366 2961 3399 :
3016 3348 3070 3400 Si
3124 3348 3244 3415 quis
3280 3348 3394 3401 vult
3424 3356 3546 3416 ρυει

1948 3462 2034 3501 me
2056 3445 2260 3508 venire,
2294 3444 2526 3509 abneget
2553 3440 2924 3508 semetipsum,
2953 3438 3105 3492 tollat
3134 3452 3351 3493 erucem
3390 3454 3543 3493 suam

1948 3548 2003 3594 et
2030 3546 2287 3609 sequatur
2319 3551 2426 3590 me.
2458 3534 2684 3603 Oportet
2713 3542 2770 3586 ut
2800 3547 2898 3586 nos
2921 3532 3226 3595 audiamus,
3254 3532 3345 3601 qui
3369 3531 3502 3585 dixit
3529 3550 3542 3585 :

1951 3632 2156 3701 llospes
2187 3629 2260 3683 fui
2290 3636 2345 3683 et
2374 3626 2688 3695 suscepistis
2720 3640 2839 3689 me;
2894 3633 2949 3679 et
2976 3642 2989 3677 :
3022 3626 3124 3691 Qui
3156 3640 3250 3679 vos
3306 3627 3503 3693 recepit
3530 3667 3543 3686 ,

1950 3740 2039 3780 me
2068 3722 2309 3792 recepit;
2359 3729 2416 3775 et
2446 3737 2458 3771 :
2491 3717 2759 3784 Quamdiu
2805 3714 3009 3771 feciStis
3051 3715 3138 3768 uni
3191 3731 3257 3769 ex
3307 3718 3543 3770 minimis

1950 3817 2109 3884 meis,
2129 3814 2261 3869 mihi
2290 3811 2529 3876 fecistis;
2582 3817 2643 3863 ut
2670 3806 2819 3878 quod
2842 3823 2872 3861 a
2904 3808 3142 3876 principe
3173 3808 3545 3877 apostulorum

1951 3909 2007 3964 in
2038 3907 2189 3962 initio
2219 3903 2475 3959 Ecclesia:
2501 3901 2807 3956 institutum
2842 3908 2950 3964 est,
2979 3900 3103 3967 quia
3147 3898 3323 3953 omnis
3362 3899 3546 3953 multi-

1952 4001 2081 4057 tudo
2101 3999 2437 4056 credentium
2463 4005 2583 4052 erat
2610 3996 2664 4050 in
2690 4009 2877 4058 unum,
2901 4006 2957 4048 et
2998 3993 3175 4048 nullus
3214 4008 3372 4047 suum
3418 4007 3546 4062 pro-

1953 4093 2130 4163 prium
2154 4089 2371 4145 dicebat
2391 4085 2592 4156 aliquid
2622 4099 2763 4151 esse,
2792 4085 2888 4140 sed
2910 4093 3027 4140 erat
3053 4085 3157 4139 illis
3188 4085 3367 4138 omnia
3399 4101 3545 4139 eom-

1952 4184 2160 4250 munia,
2191 4191 2246 4237 et
2270 4197 2367 4236 cor
2396 4195 2563 4235 unum
2591 4188 2647 4234 et
2673 4179 2854 4233 anima
2892 4194 3022 4233 una.
3083 4177 3233 4233 Unde
3279 4180 3547 4234 institutio

1954 4283 2139 4330 sancta
2167 4288 2231 4329 ex
2265 4272 2369 4327 hoc
2409 4285 2439 4324 a
2484 4268 2687 4325 sanctis
2730 4268 2979 4324 Patribus
3027 4269 3428 4338 inpostmodum
3480 4273 3550 4325 ab

1954 4363 2175 4419 Oriente
2204 4377 2372 4432 usque
2394 4362 2449 4415 in
2470 4357 2767 4416 Occidente
2794 4368 2850 4415 et
2872 4360 2927 4414 in
2958 4361 3201 4430 partibus
3229 4361 3550 4431 Galliarum,

1955 4456 2283 4513 monasteria
2309 4453 2477 4509 multa
2513 4451 2613 4507 sub
2641 4451 2826 4521 regula
2853 4460 3041 4508 sancta
3074 4454 3264 4507 horum
3296 4457 3545 4523 exemplo

255 4546 513 4609 insulam,
544 4552 600 4599 et
626 4541 991 4598 sacratissimo
1036 4539 1165 4595 fisco
1202 4538 1322 4594 auri
1362 4537 1528 4594 solidi
1571 4538 1839 4608 quinque;

1955 4550 2155 4617 relegio
2177 4547 2326 4604 clara
2361 4543 2738 4617 promulgavit,
2768 4544 3024 4614 precipue
3051 4547 3378 4600 monasteria
3408 4546 3546 4601 Liri-

337 4733 364 4760 ι
391 4720 751 4785 Mabillonius,
785 4718 976 4773 Annal.
1002 4726 1041 4772 t.
1075 4717 1141 4783 ll,
1163 4717 1395 4788 append.
1418 4732 1539 4788 pag.
1564 4716 1687 4781 696,
1713 4718 1851 4773 hanc

258 4794 609 4863 deprompsit
631 4806 701 4846 ex
732 4789 1038 4863 ms_._saac_uli
1067 4805 1158 4855 xl;
1190 4804 1256 4843 ex
1288 4790 1597 4863 ﬂabillonio
1645 4790 1853 4863 recudit

258 4859 778 4930 Eceardus,0rigin.
804 4860 1251 4930 Habsb_nrg.'pag.
1288 4859 1379 4912 101
1406 4876 1421 4924 ;
1468 4860 1849 4929 δοὺωρηὶηυε,

258 4934 469 4991 Alsatia
491 4933 621 5000 dipl.
652 4928 690 4986 tl
722 4932 762 4995 Ι,
783 4946 906 5001 pag.
935 4928 1027 5001 2},
1049 4945 1117 5001 ex
1147 4931 1512 5001 manuscriplo
1541 4928 1721 4985 szeculi
1752 4947 1850 4996 xv;

260 4999 573 5062 accuratius
595 5016 725 5057 vero
754 4999 920 5056 abbas
941 4999 1430 5068 Grandidier,Hist.
1460 5001 1595 5057 ecel.
1627 5004 1849 5059 Ament.

260 5088 305 5131 t.
340 5078 386 5142 Ι,
417 5076 572 5142 prob.
605 5086 727 5141 pag.
763 5073 850 5138 Ἠ,
873 5086 942 5126 ex
963 5070 1279 5142 eodem_ms.
1308 5078 1363 5125 et
1413 5086 1481 5126 ex
1526 5073 1854 5126 chartulario

261 5140 452 5201 seaculi
480 5159 586 5207 xvr,
616 5143 761 5212 quod
801 5144 853 5197 in
890 5140 1109 5212 archiva
1138 5140 1469 5212 Tabernensi
1524 5150 1853 5197 asservatur.

261 5217 477 5272 Omissa
502 5223 585 5267 est
605 5211 744 5281 apud
771 5211 1153 5276 Mabillonium,
1171 5211 1472 5266 Eccardum
1494 5221 1549 5266 et
1568 5212 1853 5281 Schmplli—

265 5302 401 5342 num
430 5283 668 5339 clausula
698 5298 801 5352 qua
844 5283 1145 5353 portionem
1172 5297 1324 5337 suam
1356 5283 1409 5335 in
1462 5297 1645 5353 marca
1690 5281 1856 5346 Odray

266 5356 519 5412 desheim
548 5355 699 5423 Hugo
747 5352 916 5408 donat
946 5353 1307 5420 llonaugiensi
1344 5352 1687 5423 monasterio
1721 5370 1733 5405 :
1788 5369 1856 5407 an

267 5422 675 5483 neotericorum
702 5426 846 5483 curis
874 5432 1078 5477 temere
1106 5423 1312 5477 intrusa
1336 5422 1358 5474 ?
1382 5422 1458 5475 De
1488 5423 1710 5478 Dubano
1739 5426 1858 5491 epi-

268 5514 441 5566 scopo
465 5495 699 5551 diximus
720 5496 775 5550 in
801 5496 943 5550 notis
966 5495 1167 5549 nostris
1189 5495 1255 5547 ad
1285 5494 1529 5549 chartam
1569 5507 1689 5563 qua:
1734 5509 1861 5563 pro-

273 5572 417 5624 xima
448 5566 721 5634 praecedit.

350 5640 374 5677 ιι
416 5633 581 5691 Valde
604 5636 832 5692 ltiulcam
857 5635 1207 5705 vulgaverant
1228 5643 1475 5705 auctores
1493 5633 1652 5687 Nova:
1676 5633 1862 5687 Calliae

271 5708 617 5771 Christiana,
646 5716 685 5759 t.
717 5708 779 5771 V,
801 5704 1087 5762 instr.’col.
1112 5704 1237 5760 458.
1263 5704 1411 5759 Hane
1430 5707 1631 5771 absque
1659 5706 1864 5759 lacunis

276 5776 846 5846 ediditSclitepﬂinus,
891 5778 1060 5831 Alsat.
1107 5776 1327 5845 diplom.
1365 5786 1411 5829 t.
1444 5776 1490 5840 l,
1524 5791 1642 5845 pag.
1676 5774 1762 5841 l7,
1797 5792 1863 5829 ex

279 5848 620 5917 autograplio
678 5852 819 5913 quod
885 5850 1148 5916 scriptura
1216 5852 1424 5902 eursiva
1493 5847 1861 5915 meroviugica

1955 4733 2235 4803 exaratum
2266 4729 2576 4803 asservatur
2604 4722 2659 4803 in
2699 4721 2939 4803 episcopi
2970 4720 3443 4803 Argentoratensis
3476 4733 3549 4778 ta-

1954 4796 2186 4861 bulario,
2217 4802 2273 4849 et
2302 4793 2617 4863 autographi
2660 4793 2932 4861 specimen
2980 4793 3072 4848 teri
3124 4793 3285 4846 incidi
3314 4796 3547 4847 curavit.

1956 4865 2034 4920 Ex
2064 4865 2397 4933 autographa
2426 4878 2645 4933 quoque
2696 4863 2965 4932 descripta
3011 4872 3189 4917 exstat
3235 4866 3303 4916 ab
3350 4866 3453 4917 abb
3493 4875 3547 4918 te

1959 4935 2295 4999 Grandidier,
2318 4935 2518 4989 Hister.
2549 4933 2683 4989 ecel.
2717 4938 2937 5001 Argent.
2968 4942 3007 4987 t.
3034 4933 3082 4997 Ι,
3107 4934 3261 5001 prob.
3296 4948 3419 5001 pag.
3458 4935 3543 4987 72.

1960 5006 2199 5077 Uterque
2249 5007 2661 5077 instrumentum
2694 5003 2819 5077 __lioc
2870 5005 3137 5072 integrum
3181 5005 3436 5071 exhibet,
3484 5022 3551 5059 ex

1958 5074 2271 5131 membrana
2302 5077 2495 5139 lacera,
2514 5074 2607 5129 sed
2640 5074 2867 5128 feliciter
2886 5078 3137 5129 restitutu
3164 5094 3190 5123 υ
3221 5090 3324 5143 ope
3346 5077 3546 5129 charta:

1958 5147 2288 5215 Widegerni,
2333 5160 2521 5215 quam,
2550 5145 2817 5199 edidimus
2884 5144 3223 5215 supraA(Col.
3277 5144 3462 5215 1281),
3494 5156 3550 5200 et

1959 5234 2080 5289 que
2108 5213 2297 5289 iisdem
2336 5214 2578 5269 formulis
2605 5224 2870 5289 concepta
2899 5228 3000 5289 est.
3034 5213 3243 5289 Nomen
3260 5214 3549 5289 _Heddonis

1960 5285 2252 5342 multifarie
2274 5296 2585 5354 corruptum
2618 5285 2736 5350 fuit,
2764 5296 2820 5339 ut
2841 5287 3023 5340 docuit
3053 5285 3431 5353 Sclimpllinus,
3455 5288 3545 5342 ubi

1961 5358 2248 5427 supra,qui
2277 5358 2418 5410 hunc
2438 5356 2730 5409 arbitratur
2754 5354 2971 5427 fratrem
3000 5356 3159 5410 fuisse
3173 5356 3378 5420 Odilim,
3394 5359 3553 5425 cujus

1962 5426 2343 5483 testamentum
2368 5440 2528 5495 supra
2549 5427 2776 5489 videsis;
2807 5426 3140 5480 Rothatdum
3158 5443 3286 5480 vero
3299 5429 3553 5481 comitem

1963 5499 2136 5553 credit
2173 5496 2443 5551 inferioris
2495 5496 2713 5551 Alsatite
2750 5497 3069 5551 comitatum
3100 5498 3421 5551 obtinuisse.
3454 5503 3556 5551 Ar-

1967 5569 2305 5632 num-Auge:
2343 5567 2724 5620 monasterium
2778 5568 2828 5620 in
2883 5568 3083 5620 Alsatia
3136 5569 3389 5622 inferiore
3442 5570 3555 5635 pri-

1966 5642 2127 5692 mitus
2164 5637 2470 5707 conditum,
2513 5647 2569 5691 ut
2614 5652 2679 5691 ex
2724 5636 3011 5707 rlleddonis
3058 5638 3245 5691 charta
3306 5648 3555 5707 constat,

1969 5726 1997 5763 a
2045 5707 2318 5761 Ludovico
2370 5706 2485 5765 Pio.
2519 5723 2661 5761 anno
2708 5706 2835 5774 826,
2880 5709 2929 5761 in
2980 5706 3324 5762 Ortenaviam
3378 5706 3561 5764 trans?-

1970 5780 2134 5832 latum
2186 5786 2298 5840 est,
2350 5778 2412 5857 ad
2462 5775 2660 5833 ﬂumen
2713 5778 3114 5841 Selnvarzacli,
3159 5782 3300 5835 unde
3355 5794 3559 5833 novum

1971 5864 2163 5904 notnen
2194 5858 2441 5915 sumpsrt.
