4206 6572
776 422 916 478 ms

1533 420 1803 477 S£CUL.
1848 422 1931 476 \'ll
1975 421 2067 478 ET
2108 420 2218 478 Vill
2257 422 2788 481 ECCLESIASTICA
2831 427 3278 486 MONUMENTA.

3926 437 4059 498 13:6

772 539 972 603 nensis,
995 537 1736 608 Agauncnsis,Luxoviensis,
1757 547 1809 593 et
1829 538 1880 592 in
1898 538 2146 592 universo
2161 539 2365 594 mundo
2395 544 2444 600 Α
2473 537 2676 593 habent
2704 547 2798 594 aut
2823 555 2852 594 a
2903 555 3245 613 quacumque
3285 545 3354 600 de
3400 545 3603 602 sanctis
3650 547 3922 620 episcopis
3959 555 4060 609 sibi

767 632 868 688 sub
899 633 1080 702 regula
1107 642 1412 690 sanctorum
1444 629 1682 697 Patrum,
1715 630 1947 685 maxime
1998 630 2140 684 beati
2197 632 2364 685 Beric-

768 726 901 777 dicti
933 733 988 778 et
1015 726 1187 780 sancti
1215 722 1534 777 Colutnbani
1581 722 1868 777 abbatibus
1919 721 2026 774 vita
2077 735 2368 775 commune

769 817 976 888 optime
1005 815 1263 886 disposita
1291 824 1344 869 et
1373 831 1467 886 per
1497 815 1821 868 auctoritate
1845 813 2129 867 clementia
2155 827 2364 880 regum,

770 921 827 964 et
856 925 952 978 per
974 908 1249 978 privilegia
1277 911 1477 961 sanctis
1501 915 1664 975 atque
1691 904 1999 960 cattholicis
2021 903 2368 974 pontiﬁcibus

771 1004 998 1058 ﬁrmiter
1032 1003 1306 1064 roborata,
1334 1009 1390 1054 et
1410 1009 1610 1056 sanctae
1639 1013 1874 1052 canones
1904 997 2006 1050 hoc
2051 1010 2160 1049 non
2210 995 2369 1049 dero-

771 1106 921 1167 gant,
948 1096 1043 1152 sed
1070 1097 1251 1166 potius
1280 1094 1584 1150 luculenter
1607 1096 1886 1146 exobtant.
1925 1088 2075 1144 Unde
2097 1105 2195 1143 nos
2221 1104 2371 1143 cuin-

772 1190 913 1260 perti
952 1188 1097 1262 quod
1126 1189 1209 1243 vir
1236 1187 1460 1243 inluster
1491 1183 1822 1244 Rotbardus,
1851 1181 2080 1252 quernis,
2114 1181 2165 1235 in
2198 1179 2370 1234 insula

771 1282 863 1350 qui
895 1289 1120 1336 vocatur
1162 1278 1580 1346 Arnnlfo-Auga,
1609 1275 1760 1344 juxta
1789 1273 2007 1327 fluvium
2043 1272 2202 1336 Reni,
2234 1271 2371 1325 infra

774 1383 958 1428 nostra
988 1371 1292 1442 parrochia,
1326 1370 1377 1424 in
1404 1371 1611 1424 honore
1641 1373 1950 1421 sanctorum
1998 1363 2370 1432 apostulorum

773 1472 830 1517 et
851 1464 1064 1518 Sancta:
1094 1463 1272 1518 Maria:
1305 1463 1398 1517 Dei
1440 1459 1716 1530 genitricis
1770 1467 2187 1525 ceterorumque
2245 1471 2371 1509 san-

774 1568 1010 1621 ctorum,
1039 1569 1160 1610 cum
1192 1553 1286 1608 Dei
1320 1553 1591 1621 adjutorio
1636 1559 1691 1605 et
1737 1559 1924 1604 nostro
1970 1547 2224 1610 consilio,
2257 1562 2374 1600 mo-

775 1649 1016 1718 nastyrio
1046 1647 1100 1702 iu
1129 1662 1230 1701 suo
1255 1647 1471 1715 prOprio
1493 1659 1524 1698 a
1550 1658 1692 1697 novo
1710 1642 1974 1696 aediﬁcare
1998 1649 2224 1694 conatus
2253 1647 2334 1692 est
2358 1657 2372 1703 ;

775 1749 835 1794 at
859 1739 1004 1809 quod
1033 1747 1325 1794 evocantes
1350 1735 1618 1790 Saroardo
1645 1735 1840 1788 abbate
1892 1748 2014 1787 cum
2063 1731 2175 1786 suis
2221 1746 2372 1800 pere'

775 1832 946 1901 grinis
974 1829 1277 1892 monachis,
1309 1829 1505 1884 ibidem
1541 1828 1775 1899 cynobio
1817 1826 1900 1881 vel
1954 1833 2161 1894 sancto.
2187 1824 2376 1879 ordine

2471 630 2749 700 elegerint.
2774 633 2867 701 qui
2895 633 2997 688 hoc
3028 635 3204 690 facere
3231 637 3443 702 debeat,
3487 638 3703 694 licentia
3733 640 3804 696 sit
3843 641 3924 698 eis
3967 659 4056 699 exo

2470 725 2660 792 petire.
2688 724 2752 778 Et
2773 726 2860 780 ille
2883 726 2986 782 hoc
3009 728 3244 792 tradere,
3273 730 3588 811 benedicere
3610 731 3696 787 vel
3717 747 4059 801 consecrare,

2469 825 2524 869 et
2553 817 2732 872 nullus
2768 819 2818 873 in
2847 820 2965 889 ipso
3013 822 3353 890 monastirio,
3385 823 3597 878 inlicito
3641 825 3836 881 ordine
3878 839 4061 882 contra

2469 911 2746 968 voluntate
2803 922 2899 968 aut
2947 922 3130 970 votum
3182 916 3461 985 ipsorum,
3495 918 3827 989 monastyrio
3878 935 4061 976 eorum

2470 1003 2622 1060 adire
2646 1022 2750 1060 non
2785 1017 3118 1076 presumant,
3154 1024 3254 1063 nec
3283 1009 3546 1064 secretius
3573 1010 3844 1078 ingredire
3888 1020 4058 1083 septa.

2483 1093 2549 1146 El
2573 1097 2616 1152 si
2640 1097 2931 1166 aliquando
2978 1115 3076 1170 pro
3126 1100 3489 1168 qualicunque
3539 1116 3703 1156 causa
3752 1103 3963 1172 expetit
4008 1112 4063 1160 ut

2471 1195 2639 1267 ipsius
2661 1202 2842 1248 rector
2861 1194 2951 1248 vel
2977 1193 3108 1266 ipsis
3143 1194 3445 1264 peregrinis
3497 1196 3778 1252 monachis
3827 1210 4064 1267 congrua

2471 1286 2936 1350 fueritvoluntas,
2970 1295 3027 1339 et
3056 1285 3347 1355 episcopus
3375 1284 3634 1341 invitatus
3674 1287 3742 1342 ad
3788 1286 3911 1359 ipso
3953 1301 4062 1342 mo-

2474 1379 2714 1435 nasterio
2769 1377 3002 1443 venerit,
3027 1377 3322 1433 czelebrato
3350 1378 3551 1444 ofﬁcio,
3575 1380 3628 1434 in
3655 1379 3926 1435 honorem
3952 1381 4064 1450 ejus

2473 1474 2715 1546 episcopi
2746 1474 2912 1528 donat
2965 1473 3014 1527 ei
3056 1472 3220 1527 abbas
3246 1482 3577 1543 camputtam
3608 1482 3662 1529 et
3687 1474 3985 1530 subtelaria
4016 1483 4062 1531 ³.

2475 1569 2606 1622 Cum
2630 1582 2758 1622 vero
2775 1567 2912 1620 abba
2940 1566 3044 1620 loci
3066 1564 3230 1635 ipsius
3253 1567 3525 1636 acceperit
3550 1567 4062 1638 trausitum,quem-

2475 1674 2685 1728 cunque
2715 1657 2987 1728 peregrini
3019 1657 3267 1712 monachi
3292 1656 3489 1713 ibidem
3535 1659 3840 1714 habitantes
3868 1659 3938 1714 de
3975 1674 4063 1716 se-

2477 1749 2720 1818 mctipsis
2745 1749 3042 1804 secundum
3070 1747 3238 1802 Deum
3268 1757 3330 1803 et
3360 1749 3600 1818 regulam
3629 1763 3819 1804 eorum
3850 1749 4064 1805 invene-

2478 1841 2602 1900 rint,
2637 1841 2809 1910 ipsum
2835 1840 2934 1894 sibi
2963 1839 3298 1894 constituant
3327 1839 3576 1894 abbatem
3599 1822 3616 1904 ;‘
3643 1839 3791 1910 quod
3822 1839 3867 1894 si
3895 1840 3970 1894 ibi
3996 1839 4065 1897 de

775 1924 876 1977 sub
895 1922 1079 1990 regula
1098 1921 1242 1976 beati
1259 1921 1555 1983 Benedicti,
1575 1919 1852 1984 Deigratia
1867 1927 1919 1972 et
1943 1930 2129 1971 nostro
2161 1916 2375 1983 adjuto-
2408 1911 2452 1969 Β
2479 1949 2537 1988 se
2567 1933 2694 2001 ipsis
2725 1933 2888 1986 talem
2912 1948 3018 1986 ηοη
3049 1932 3370 1994 invenerim.
3404 1932 3472 1986 de
3500 1931 3606 1987 alio
3645 1933 3978 1988 monasterio
3998 1933 4064 1990 de

777 2021 859 2075 rio
875 2020 1136 2089 perﬁcere
1161 2017 1442 2073 deberent.
1460 2013 1611 2070 Unde
1634 2027 1733 2066 nos
1749 2009 2190 2079 congratulantes
2212 2007 2369 2074 hujus

774 2115 876 2170 viri
902 2121 1087 2169 sancte
1113 2111 1400 2166 devotione
1430 2117 1484 2163 et
1511 2107 1748 2176 glorioso
1775 2105 2052 2174 pr0posito
2075 2143 2089 2167 ,
2123 2100 2370 2156 viscirale

773 2209 1005 2264 caritate
1023 2206 1333 2276 pietateque
1348 2197 1922 2263 commoti,devotione
1942 2192 2368 2264 prumptissima,

776 2316 884 2354 una
940 2312 1060 2352 cum
1116 2309 1382 2350 consensi;
1434 2291 1655 2344 fratrum
1704 2296 2013 2342 nostrorum
2070 2285 2367 2347 abbatum,

775 2390 1240 2461 presbyterorum,
1265 2381 1648 2447 archidiaconi,
1673 2380 1928 2446 omnique
1955 2379 2102 2432 c'ero
2130 2375 2372 2430 ecclesia:

777 2484 866 2536 ubi
897 2497 997 2551 ego
1023 2477 1392 2542 deservo,sed
1443 2484 1496 2529 et
1541 2474 1705 2528 duces
1749 2488 1813 2527 ac
1860 2471 2118 2538 judicium
2179 2471 2361 2523 timen-

778 2575 1020 2641 tiumque
1047 2571 1213 2625 Deum
1243 2569 1442 2638 populo
1471 2566 1627 2633 hujus
1653 2564 1942 2634 provincia:
1992 2561 2287 2626 catholico,
2316 2568 2373 2613 ut

778 2665 846 2718 ad
880 2664 996 2733 ipso
1053 2658 1372 2714 monastirio
1421 2670 1518 2708 seu
1565 2653 1796 2726 cynubio
1843 2650 2374 2719 congregationeque

781 2754 1193 2825 peregrinorum
1223 2747 1634 2812 monachorum,
1662 2759 1758 2813 per
1788 2751 1970 2797 nostra
1994 2753 2047 2796 et
2068 2757 2165 2811 per
2191 2748 2372 2795 vestra

777 2846 1103 2901 auctoritate
1148 2840 1426 2911 privilegio
1473 2836 1872 2891 conscriberem
1914 2833 1999 2888 vel
2051 2831 2376 2887 conﬁrmare

784 2937 1068 2999 debemus,
1089 2932 1233 3002 quod
1267 2933 1337 2985 ita
1392 2939 1448 2984 et
1493 2929 1738 2991 fecimus,
1775 2935 1832 2980 ut
1880 2926 1996 2995 ipso
2049 2922 2374 2978 monasterio

782 3029 965 3084 omnia
988 3023 1240 3095 quicquid
1289 3021 1356 3076 ad
1409 3021 1530 3091 ejus
1573 3021 1808 3090 pertinet
1855 3017 2081 3081 ditione,
2113 3014 2372 3079 mdiﬁciis,

779 3120 1034 3182 basilicis,
1085 3133 1204 3173 cum
1236 3116 1532 3171 ministeria
1564 3113 1647 3168 vel
1687 3120 2006 3166 ornamenta
2055 3113 2121 3164 de
2149 3123 2374 3178 quarum

778 3213 1022 3270 omnium
1056 3226 1233 3266 terum
1277 3211 1556 3278 sacrisque
1607 3206 1901 3269 codicibus,
1921 3212 2218 3259 strumenta
2257 3216 2376 3257 car-

782 3318 983 3371 tarum,
1013 3320 1224 3367 aurum,
1252 3312 1552 3371 argentum,
1580 3308 1932 3356 mramentum
1955 3341 1970 3364 ,
2000 3297 2086 3352 vel
2115 3296 2375 3368 quibusli-

781 3400 873 3452 bet
900 3399 1060 3452 rebus
1086 3397 1251 3464 ipsius
1273 3393 1582 3448 monasterii
1609 3407 1706 3448 seu
1735 3391 1954 3446 cellolas
1969 3389 2053 3445 vel
2069 3390 2184 3457 ejus
2209 3404 2376 3457 apen-

781 3488 958 3550 diciis,
990 3488 1150 3543 etiam
1195 3486 1348 3539 villas
1395 3501 1518 3538 cum
1569 3485 1741 3552 agris,
1772 3482 2061 3548 domibus,
2093 3480 2375 3550 mancipiis

784 3581 1064 3648 utriusque
1089 3592 1244 3639 sexu,
1268 3576 1617 3644 acolabus,et
1646 3573 1788 3644 quod
1812 3573 1923 3643 jam
1946 3572 2122 3627 dictus
2148 3572 2375 3626 iuluster

783 3667 1094 3723 Rothardus
1133 3668 1215 3721 vel
1262 3666 1372 3731 alii,
1414 3681 1512 3735 pro
1560 3665 1733 3720 salute
1782 3664 1973 3718 anima:
2010 3677 2109 3731 per
2135 3662 2374 3730 qualibet

782 3762 946 3815 modo
975 3761 1315 3815 donaverunt
1343 3761 1428 3814 vel
1473 3759 1878 3829 delegaverunt,
1904 3774 2001 3812 seu
2051 3767 2108 3812 et
2154 3759 2371 3812 inantea

781 3863 893 3908 tam
937 3855 1052 3922 ipse
1100 3869 1262 3922 quam
1309 3864 1364 3908 et
1410 3854 1777 3908 muniﬁcentia
1812 3867 2018 3922 regum,
2046 3854 2371 3924 principum,

783 3946 1150 4013 pontefecum,
1175 3947 1516 4008 clericorum,
1539 3947 1623 3999 vel
1666 3962 1696 4000 a
1726 3959 2068 4015 quocumque
2093 3945 2371 4000 hominum

783 4036 999 4092 Christo
1029 4037 1324 4106 inspirante
1353 4037 1601 4102 largitum
1633 4036 1812 4098 fuerit,
1840 4051 1963 4090 cum
1994 4037 2175 4090 omnia
2223 4045 2279 4089 ct
2306 4051 2373 4090 ex

786 4129 1037 4184 omnibus
1058 4144 1154 4198 per
1192 4128 1332 4194 hunc
1388 4127 1721 4196 privilegium
1763 4125 2175 4190 conﬁrmamus;
2239 4135 2295 4180 ut
2342 4141 2372 4180 a

786 4221 878 4274 die
906 4227 1179 4290 prcsente,
1207 4219 1321 4288 ipse
1351 4217 1715 4288 monastyrios
1766 4215 2068 4286 prefatique
2106 4218 2374 4285 peregrini

788 4310 1038 4365 monachi
1091 4324 1392 4378 eorumque
1428 4322 1792 4373 successores,
1821 4307 1920 4360 sub
1970 4308 2155 4376 regula
2203 4309 2374 4363 sancti

787 4400 1060 4456 Benedicti
1079 4399 1436 4470 cynubialitcr
1456 4399 1784 4466 congregati,
1810 4399 2106 4453 secundum
2127 4407 2372 4453 sanctum

789 4493 1152 4565 propositum,
1187 4507 1375 4546 eorum
1413 4491 1556 4560 jure,
1587 4491 1791 4558 absque
1843 4490 2003 4545 ullius
2031 4491 2370 4562 repetitione,

2400 3266 2447 3328 C

2473 2022 2593 2077 illas
2604 2023 3022 2092 congregatione
3042 2023 3448 2092 peregrinorum
3469 2036 3632 2092 quem
3649 2024 3750 2078 sub
3769 2039 3878 2079 uno
3896 2023 4056 2079 modo

2473 2116 2762 2188 petitiones
2789 2115 2874 2168 vel
2903 2130 3004 2169 una
3035 2123 3220 2169 sancta
3250 2115 3586 2170 institutione
3613 2116 3753 2170 beati
3779 2115 4059 2172 Benedicti

2473 2206 2858 2276 quoadunavit,
2892 2206 3006 2274 ipse
3037 2206 3138 2260 sibi
3159 2207 3558 2261 consentientes
3603 2206 3850 2262 abbatem
3903 2221 4062 2276 rego-

2473 2298 2639 2352 larem
2670 2298 3422 2368 expediantctconstituant;
3453 2308 3509 2354 et
3533 2300 3576 2354 si
3600 2300 3670 2354 ibi
3692 2310 3911 2356 sanctus
3931 2300 4064 2358 ordo

2478 2393 2730 2460 tepuerit,
2762 2393 2906 2461 quod
2938 2394 3107 2456 absit,
3142 2393 3227 2446 vel
3257 2393 3435 2462 aliqua
3466 2392 3732 2448 discordia
3767 2393 3907 2446 inter
3938 2393 4062 2462 ipsis

2475 2481 2756 2536 monachis
2782 2482 3098 2542 surrexerit,
3124 2492 3178 2536 et
3204 2481 3303 2549 ipsi
3335 2481 3441 2537 hoc
3468 2497 3575 2536 non
3625 2481 3919 2550 prazvalent
3973 2490 4062 2536 aut

2477 2588 2582 2627 non
2616 2572 2883 2627 voluerint
2939 2571 3251 2640 emendare,
3277 2581 3405 2628 tunc
3461 2574 3552 2642 qui
3605 2589 3672 2628 ex
3711 2574 3840 2643 ipsis
3885 2583 4062 2629 rector

2476 2665 2682 2721 ordene
2713 2666 3010 2720 secundum
3036 2667 3273 2733 regulam
3313 2667 3550 2722 voluerit
3577 2667 3782 2734 vivere,
3815 2668 4060 2723 ubicum-

2475 2774 2583 2830 que
2615 2759 2666 2814 in
2699 2761 2803 2814 alia
2835 2761 3154 2814 monastiria
3183 2759 3270 2814 ubi
3294 2760 3562 2830 peregrini
3594 2760 3847 2816 monachi
3876 2776 4063 2830 supra-

2477 2851 2606 2905 dicti
2630 2852 2930 2906 consis‘ere
2963 2852 3231 2918 videntur,
3255 2860 3311 2906 et
3340 2853 3542 2906 rectius
3570 2853 3889 2921 regulariter
3918 2853 4062 2907 inve-

2479 2941 2676 3006 nerint,
2710 2950 3032 3007 rotestatem
3062 2943 3298 2997 habeant
3322 2944 3584 3009 expetire,
3618 2951 3670 2998 et
3711 2943 3783 2996 illi
3836 2958 3932 3013 per
3970 2960 4062 2998 eo-

2477 3049 2598 3088 rum
2645 3033 2847 3088 salubri
2902 3033 3168 3098 consilio,
3215 3031 3326 3088 Deo
3380 3033 3664 3102 largiente,
3714 3034 3831 3104 ipso
3876 3044 4063 3089 sancto

2479 3124 2668 3179 ordine
2700 3123 2786 3177 vel
2825 3124 2956 3192 ipsis
3010 3123 3290 3178 monachis
3346 3137 3438 3191 per
3481 3123 3665 3192 regula
3712 3121 4062 3190 restringere,

2480 3215 2790 3283 emendare,
2837 3229 3128 3286 corregere
3181 3223 3343 3284 atque
3393 3213 3683 3285 paciﬁcare
3726 3213 3958 3280 faciant;
4010 3222 4063 3268 et

2481 3306 2628 3362 nulla
2660 3305 2874 3360 occasio
2900 3307 2971 3359 sit
3000 3312 3058 3359 ut
3080 3305 3218 3360 alius
3246 3306 3384 3360 abba
3413 3320 3511 3375 per
3556 3305 3942 3376 qualicumque
3985 3307 4066 3361 in-

2479 3397 2637 3465 genio
2667 3403 2855 3450 contra
2879 3410 3066 3451 eorum
3093 3406 3282 3451 sancto
3333 3396 3524 3451 ordine
3566 3395 3762 3451 ibidem
3812 3407 4061 3467 ponatur,

2478 3497 2576 3542 aut
2601 3487 2667 3542 de
2697 3489 2858 3543 rebus
2886 3489 3252 3558 suprascripto
3276 3488 3604 3542 monasterio
3626 3487 3828 3556 aliquid
3856 3489 4066 3542 minua-

2481 3589 2588 3634 tur.
2622 3578 2966 3649 Quapropter
2993 3587 3182 3635 sancto
3221 3589 3278 3634 et
3322 3579 3623 3649 apostolico
3671 3588 3962 3648 coupatres
4012 3589 4064 3632 et

2482 3671 2782 3726 confratres
2833 3669 2968 3735 mei,
3014 3669 3136 3725 ideo
3189 3678 3369 3725 vestra
3419 3669 3683 3724 catholica
3741 3672 4063 3724 auctoritate

2483 3771 2775 3830 nostraque
2818 3761 3031 3828 gemina
3059 3762 3350 3822 sociamus.
3376 3770 3437 3815 ut
3461 3762 3547 3816 hic
3575 3761 3889 3830 privilegius
3918 3764 4061 3818 omni

2480 3862 2724 3923 tempore
2755 3853 3058 3908 ﬁrmissima
3077 3852 3276 3908 habeat
3302 3852 3634 3922 ﬁrmitatem,
3656 3863 3716 3908 ut
3746 3855 3928 3909 nullus
3949 3856 4062 3909 nul-

2458 3944 2700 4012 'lumque
2742 3951 2988 4010 tempore
3040 3951 3232 3999 contra
3287 3957 3450 4012 agere
3495 3959 3604 4000 non
3651 3955 3949 4014 presumat,
3974 3946 4061 4000 sed

2481 4050 2702 4104 pre‘ens
2754 4034 2948 4090 futuris
2995 4035 3328 4105 temporibus
3378 4035 3664 4090 inviolatus
3710 4046 4054 4104 permaneat;

2481 4135 2538 4179 et
2598 4141 2739 4179 nunc
2793 4125 3042 4180 omnibus
3098 4126 3368 4195 episcopis
3418 4133 3474 4180 et
3522 4125 3690 4180 Deum
3754 4126 4060 4184 timentibus

2481 4215 2786 4270 hominibus
2818 4230 3002 4285 preco,
3030 4215 3374 4286 supplico,et
3393 4231 3492 4284 per
3519 4217 3746 4271 caritate
3774 4218 4057 4286 conjurare

2482 4323 2757 4375 presumo,
2787 4316 2843 4360 nt
2870 4307 3064 4376 quibus
3092 4307 3181 4362 hic
3203 4307 3513 4377 privilegius
3535 4309 3856 4370 ostenditur,
3877 4325 4059 4364 manus

2481 4408 2688 4454 vestras
2718 4399 3056 4453 subscribere
3084 4406 3141 4453 et
3171 4399 3493 4454 conﬁrmare
3513 4399 3764 4468 dignetis,
3795 4409 3853 4453 ut
3884 4411 4056 4454 vestra

2483 4493 2773 4546 autoritate
2821 4490 3002 4556 fultus,
3052 4489 3399 4545 inconvulsus
3448 4498 3783 4559 permaneat,
3831 4491 4060 4559 qualiter

788 4583 1050 4639 tradimus
1112 4581 1287 4652 adque
1336 4582 1632 4637 trebuimus
1683 4589 1980 4649 pctestate;
2043 4595 2219 4649 neque
2278 4597 2378 4636 nos
2409 4584 2455 4642 ι)
2483 4587 2684 4640 eisdem
2713 4584 3011 4656 peregrinis
3046 4583 3325 4638 monachis
3348 4582 3401 4636 in
3427 4582 3544 4651 ipso
3575 4582 3906 4636 monasterio
3935 4598 4055 4636 con-

787 4675 1121 4745 ipsi,neque
1176 4688 1518 4728 successores
1573 4672 1731 4741 hujus
1778 4673 2010 4727 civitatis
2060 4672 2377 4743 pontefices,

791 4781 966 4834 neque
997 4763 1386 4830 archidiaconi,
1418 4779 1593 4832 neque
1624 4773 1930 4832 exactores,
1973 4778 2148 4833 neque
2186 4765 2380 4834 aliquis

788 4859 857 4913 de
889 4867 1044 4928 parte
1065 4858 1306 4913 ecclesiae
1327 4857 1412 4910 vel
1434 4856 1690 4925 quislibet
1718 4856 1897 4912 nullus
1952 4856 2156 4926 aliquid
2206 4858 2379 4912 domi-

791 4965 924 5004 nare
953 4949 1039 5004 vel
1061 4949 1254 5019 jubere
1275 4957 1366 5003 aut
1395 4963 1685 5019 requerere
1724 4965 1943 5004 censum
1983 4951 2069 5004 vel
2098 4950 2265 5018 dona,
2287 4959 2380 5004 aut

791 5041 1030 5108 qualibet
1058 5055 1281 5094 munera
1311 5040 1662 5109 nullunquam
1691 5049 1936 5110 tempore
1979 5041 2224 5110 expetire
2271 5056 2378 5096 non

792 5142 1136 5204 praesumant.
1170 5133 1305 5187 Cum
1349 5148 1478 5186 vero
1510 5147 1732 5187 necesse
1757 5133 1918 5187 fuerit
1945 5134 2139 5187 crisma
2187 5133 2378 5202 petire,

794 5226 983 5279 altaria
1009 5225 1351 5288 conlirmare,
1378 5239 1560 5278 sacros
1589 5223 1805 5278 ordines
1853 5223 2122 5288 benedici,
2151 5231 2243 5277 aut
2283 5223 2380 5276 alio

795 5332 928 5386 quas
949 5317 1350 5371 benedictiones
1378 5316 1642 5386 expetire,
1675 5321 1770 5369 aut
1797 5315 2034 5369 oratoria
2091 5315 2147 5369 in
2190 5330 2378 5370 eorum

796 5408 916 5463 loca
942 5408 1230 5472 :ediﬁcare,
1260 5414 1438 5461 rector
1461 5406 1628 5475 ipsius
1656 5405 1957 5461 monastirii
1983 5405 2066 5460 vel
2110 5407 2380 5476 peregrini

797 5496 1052 5553 monachi
1083 5495 1279 5552 ibidem
1304 5496 1679 5561 consistentes,
1705 5503 1800 5550 aut
1819 5495 1864 5552 si
1891 5495 1960 5551 de
1979 5510 2039 5550 se
2065 5496 2380 5565 episcopum

870 5659 894 5686 ³·
936 5649 1171 5716 Legebat
1198 5647 1577 5718 Schoeplliuus,
1598 5649 1765 5701 Alsat.
1799 5648 2021 5717 diplom.
2049 5649 2136 5702 ubi
2197 5663 2380 5718 supra,

800 5735 887 5772 seu
916 5721 1132 5773 telariis.
1158 5718 1325 5774 Recte
1350 5719 1600 5773 emendat
1623 5719 1788 5772 abbas
1809 5718 2129 5774 Grandidier
2155 5719 2382 5773 subtela-

801 5790 900 5850 riu,
933 5788 1130 5842 Histor.
1167 5788 1362 5842 Eccles.
1393 5789 1612 5856 Argent.
1646 5797 1684 5841 t.
1720 5789 1935 5858 l,prob.
1959 5803 2083 5858 pag.
2116 5788 2207 5855 74,
2240 5799 2378 5857 not.,

807 5860 1032 5922 scilicet,
1055 5861 1474 5914 calceamcntum
1506 5860 1876 5927 episcoporum
1919 5874 2070 5915 sacra
2116 5875 2378 5929 peragen-

2479 4677 2731 4732 sistentes
2759 4676 2957 4730 clarius
2995 4674 3220 4729 dilectet
3243 4689 3342 4744 pro
3369 4682 3566 4729 statum
3598 4673 3855 4729 Ecclesia:
3901 4685 3956 4728 et
3983 4675 4058 4728 inc

2479 4768 2730 4835 tegritate
2784 4764 3166 4831 sacerdotum,
3199 4779 3299 4835 pro
3344 4764 3716 4820 incolumitate
3761 4778 3951 4831 regum
4005 4772 4058 4817 et

2479 4871 2615 4926 pace
2631 4855 3064 4921 christianorum,
3087 4870 3184 4925 pro
3200 4847 3559 4922 'ptenitentum
3589 4853 3908 4908 remissione
3937 4868 4060 4922 pec-

2481 4954 2725 5002 catormn
2748 4946 2831 5001 vel
2873 4946 3108 5016 requiem
3159 4943 3394 5001 ﬁdelium
3440 4943 3840 5009 defunctorum,
3871 4945 4057 5000 divina:

2482 5036 2868 5092 misericordia:
2897 5036 3237 5108 tranquillius
3274 5050 3521 5090 exorare.
3572 5035 3742 5090 Preco
3798 5035 3961 5104 igitur
4007 5044 4059 5089 et

2479 5138 2756 5184 contestor
2779 5144 2960 5182 coram
2993 5126 3104 5183 Deo
3133 5136 3190 5182 et
3219 5128 3391 5182 beatis
3417 5126 3622 5196 angelis
3661 5127 3800 5194 ejus,
3822 5126 4056 5182 cunctis-

2481 5234 2586 5288 que
2607 5221 2807 5274 sanctis
2833 5220 3105 5285 omuibus,
3138 5220 3544 5275 successoribus
3566 5218 3652 5273 vel
3674 5233 3866 5273 omnes
3913 5217 4055 5273 chri-

2483 5312 2692 5377 stianis,
2725 5320 2784 5366 ut
2813 5313 2955 5366 hunc
2985 5311 3320 5381 privilegium
3349 5326 3509 5380 quem
3533 5325 3798 5365 consensa
3830 5309 4055 5365 clerico-

2484 5421 2602 5458 rum
2651 5404 2907 5459 laicorum
2937 5404 3239 5459 timentium
3287 5401 3456 5458 Deum
3506 5401 3661 5472 plebs
3707 5411 3764 5458 et
3814 5402 4053 5458 ecclesia

2487 5503 2681 5550 nostra:
2709 5495 3044 5550 decrevimus
3071 5494 3157 5550 vel
3183 5493 3562 5558 condedcmus,
3591 5493 3646 5548 in
3690 5491 3838 5549 nullo
3873 5506 4054 5548 erum-

2486 5651 2618 5704 tium
2655 5669 2666 5704 :
2700 5648 2839 5703 hanc
2867 5647 3153 5703 lectionem
3172 5649 3445 5718 sequimur
3467 5661 3533 5718 ex
3569 5655 3914 5718 conjectura;
3964 5661 4055 5700 ne-

2485 5736 2589 5788 que
2617 5721 2757 5774 enim
2777 5719 2848 5791 ad
2879 5721 3016 5774 hanc
3046 5717 3296 5791 tuendam
3326 5717 3546 5791 aliquid
3568 5718 3686 5788 Opis
3705 5717 3825 5791 _fert
3872 5718 4051 5771 charta

2487 5785 2816 5916 l\é‘l/idelgernii
2838 5790 2891 5844 in
2910 5789 3120 5847 caeteris
3152 5789 3366 5858 quidem
3394 5785 3719 5855 siuiilis,’sed
3767 5801 3884 5856 qua:
3911 5796 4054 5842 caret

2526 5877 2585 5917 ac
2612 5877 2638 5918 c
2665 5873 2796 5915 ausu
2819 5875 2867 5912 a.
