4206 6536
208 422 326 478 13ιῖ

949 413 1385 469 ΒυΝΑΤΙυΝΞζΞ
1428 412 1514 466 .-\(‘.
1556 411 2014 466 'l'liSTAHlCNTl
2065 410 2297 476 EPISC.,
2342 408 2520 475 ABB.,
2562 408 2719 466 ETC.

3340 411 3481 469 1518

202 548 327 604 pere
348 538 680 603 presumant,
713 530 806 585 sed
838 544 932 599 per
968 527 1289 582 ineffabilem
1315 524 1632 580 Trinitatem
1657 540 1784 578 cun-
1814 528 1861 583 Α
1893 530 2179 594 peccatur,
2212 529 2435 578 vocatus
2465 521 2780 593 episcopus,
2818 519 3125 591 suberipsi.
3160 520 3216 575 lu
3252 521 3342 577 Dei
3376 541 3477 578 no-

201 626 299 681 ctis
343 623 691 694 conjuramus
722 630 780 676 ut
807 622 857 675 in
889 635 996 690 quo
1028 618 1396 688 prevaluerint
1416 659 1428 680 ,
1454 617 1507 670 in
1538 615 1787 670 omnibus

202 727 524 769 conservare
573 713 877 778 istudeant;
934 719 989 765 et
1029 710 1072 764 si
1101 709 1260 765 aliter
1284 709 1555 764 obstinato
1582 706 1783 770 animo,

199 802 283 859 vel
303 801 522 857 diabulo
543 801 855 871 instigante,
890 799 1087 853 invidia
1119 798 1202 852 vel
1233 797 1486 866 cupidate
1508 796 1785 866 deceptus,

196 894 281 950 vel
318 893 560 964 qualibet
586 892 770 958 modo,
796 890 940 960 quod
993 891 1132 945 Deus
1186 897 1415 953 avertat,
1440 889 1485 943 si
1536 904 1636 942 nos
1685 888 1784 957 ipsi

198 991 289 1038 aut
313 998 658 1039 successores
688 983 878 1048 nostri,
910 982 996 1036 vel
1026 981 1279 1050 quislibet
1305 980 1372 1035 de
1401 981 1786 1049 qualicumque

199 1083 349 1144 parte
378 1082 571 1128 contra
601 1073 743 1127 hunc
776 1072 1112 1140 privilegium
1164 1080 1428 1140 temptare
1484 1073 1781 1135 conarer-it,

201 1165 281 1219 vel
315 1164 431 1233 jam
462 1163 622 1218 dictis
652 1162 951 1234 peregrinis
980 1161 1261 1216 monachis
1280 1201 1295 1225 ,
1332 1160 1416 1215 vel
1445 1175 1785 1216 successores

198 1275 382 1315 eorum
414 1259 739 1331 inquietare,
771 1257 855 1314 vel
883 1258 961 1313 eis
990 1256 1189 1326 aliquid
1215 1256 1459 1311 minuare
1502 1271 1782 1327 presump-

198 1353 349 1415 serit,
378 1353 423 1406 si
447 1366 507 1406 se
534 1350 825 1407 emendare
850 1350 1105 1412 noluerit,
1140 1356 1195 1403 et
1240 1364 1268 1401 a
1316 1349 1458 1401 mala
1510 1348 1787 1403 voluntate

202 1444 435 1500 celerius
468 1443 706 1499 noluerit
732 1457 1175 1512 corregere,cum
1208 1441 1299 1494 Dei
1342 1440 1631 1508 genetricis
1654 1454 1788 1494 sem-

199 1552 295 1606 per
316 1537 542 1606 virginis
572 1537 748 1590 Maria:
778 1534 865 1589 vel
910 1535 1194 1588 beatorum
1244 1533 1617 1602 apostulorum
1658 1548 1781 1586 cun-

198 1636 521 1699 ctorumque
546 1636 879 1693 sanctorum,
900 1636 1027 1680 ante
1049 1634 1400 1695 conSpectum
1432 1627 1571 1692 regis
1602 1628 1787 1679 :cteni

196 1718 469 1776 Christum
504 1721 715 1777 Domini
746 1720 937 1785 nostri,
970 1720 1024 1772 in
1055 1718 1207 1788 cujus
1231 1733 1418 1772 amore
1457 1718 1601 1771 hunc
1631 1720 1791 1788 privi-

196 1813 397 1884 legium
425 1814 492 1869 ad
518 1813 629 1883 jam
661 1814 817 1867 dictis
848 1811 1147 1882 peregrinis
1168 1812 1251 1865 vel
1282 1822 1333 1865 et
1384 1812 1608 1882 eynubis
1661 1827 1790 1865 con-

1893 614 2037 668 mine
2086 612 2236 668 Lullo
2292 621 2549 684 peccator
2578 613 2864 682 episc0pus
2912 614 3223 683 subscripsi.
3271 614 3328 669 ln
3382 617 3477 672 Dei

1892 702 2110 756 nomine
2157 701 2471 771 Magigaoz
2517 703 2763 772 indignus
2806 702 3093 773 episcopus
3136 704 3481 762 subscribens

1892 789 2119 846 ﬁrmavi.
2151 793 2204 846 ln
2235 793 2328 848 Dei
2358 793 2576 848 nomine
2602 792 2879 849 Gutfridus
2910 804 3166 863 peccatur
3193 796 3485 866 episcojnis

1889 886 2201 956 subscripsi.
2234 886 2290 940 ln
2332 885 2424 941 Dei
2465 887 2684 941 nomine
2731 902 2831 957 ego
2870 887 3162 943 Remedius
3212 899 3479 956 precator,

1888 979 2088 1033 donum
2122 979 2214 1034 Dei
2238 981 2549 1051 episcopus,
2575 982 2888 1051 subscripsi.
2913 982 2969 1037 ln
3003 983 3093 1036 Dei
3120 999 3315 1039 nomen
3340 982 3483 1055 Cay-

1889 1071 2075 1125 roinus
2104 1072 2240 1125 abba
2271 1072 2582 1142 subscripsi.
2608 1072 2667 1126 ‘ln
2704 1073 2793 1127 Dei
2819 1088 3015 1128 nomen
3049 1073 3328 1145 Yppolitus
3358 1091 3484 1144 pec-

1888 1166 2040 1216 cator
2065 1162 2202 1217 abba
2231 1163 2543 1233 subscripsi.
2580 1163 2637 1217 ln
2669 1163 2761 1219 Dei
2794 1179 2989 1219 nomen
3020 1178 3119 1233 ego
3151 1164 3307 1219 Nitho
3337 1168 3485 1232 rogi-

1891 1262 1975 1307 tus
2016 1269 2047 1308 a
2087 1255 2453 1325 suprascripto
2507 1254 2776 1326 ponteﬁce
2824 1256 3013 1325 scripsi
3070 1263 3125 1311 et
3170 1258 3483 1325 subscripsi.

1888 1344 2001 1413 Ego
2033 1344 2336 1416 llysamnus
2364 1356 2619 1416 peccator
2645 1348 2935 1416 episcopus
2962 1347 3271 1416 subscripsi.
3306 1346 3363 1400 lu
3394 1346 3487 1401 Dei

1890 1451 2087 1490 nomen
2117 1435 2285 1493 Jacob
2311 1447 2533 1492 vocatus
2562 1440 2698 1492 abha
2723 1438 3044 1509 subscripsi.

2566 1547 2796 1602 LXXXI.

1893 1645 2087 1698 Charta
2128 1659 2229 1713 qua
2267 1642 2495 1697 Bodolus
2543 1644 2964 1713 llo/reuangiensi
3004 1646 3319 1699 monasterio
3350 1645 3489 1700 dona

2048 1719 2245 1785 (aufert
2269 1715 2322 1767 in
2348 1715 2518 1767 insula
2550 1714 2894 1784 Ilo/ieuuugiu
2928 1716 2951 1751 δ
2988 1721 3137 1784 (anu.
3175 1715 3319 1784 7'18).

1966 1810 2322 1863 Sacrosancte
2372 1809 2599 1861 ecclesie
2644 1808 2700 1859 S.
2752 1808 3045 1875 lilic‘iaelis,
3075 1824 3182 1877 que
3231 1817 3315 1863 est
3361 1824 3493 1866 ron-

197 1905 462 1969 dediinus,
492 1918 553 1959 se
580 1902 855 1959 conlidant
882 1916 981 1972 pro
1012 1901 1355 1970 nequissimis
1410 1900 1647 1971 peccatis
1694 1916 1789 1955 eo-
1826 1886 1868 1944 Β
1898 1910 2100 1955 structa
2148 1904 2199 1954 in
2247 1901 2417 1955 insula
2466 1916 2572 1969 que
2617 1910 2842 1955 vocatur
2888 1900 3260 1969 llohenaugia,
3294 1902 3405 1970 ubi,
3436 1902 3494 1960 in

203 2014 319 2052 rum
344 1998 431 2052 vel
453 1996 789 2066 iniquissima
819 1996 1049 2059 malicia,
1074 1995 1293 2051 aeternis
1342 1995 1607 2050 incendiis
1658 2010 1790 2049 con-

197 2097 553 2154 crematuros,
586 2088 687 2143 hac
712 2087 802 2142 illa
854 2088 1122 2142 sententia
1173 2101 1232 2141 se
1279 2086 1656 2156 experiendos,
1686 2101 1790 2155 qua

198 2180 346 2235 falsis
368 2179 748 2235 sacerdotibus
774 2179 1031 2233 Dominus
1056 2179 1327 2233 minatur:
1361 2178 1453 2233 Va:
1495 2179 1666 2244 vobis,
1696 2179 1792 2249 hy-

196 2274 441 2343 pocritze,
496 2273 587 2342 qui
642 2272 897 2326 clauditis
947 2287 1170 2341 regnum
1224 2272 1338 2336 Dei,
1373 2272 1500 2341 quia
1549 2288 1649 2325 nec
1696 2288 1791 2326 vos

196 2364 458 2431 introitis,
481 2379 582 2420 nec
612 2363 748 2419 alios
768 2364 993 2418 introire
1019 2364 1364 2433 permittitis;
1391 2373 1445 2419 et
1469 2381 1481 2417 :
1506 2364 1605 2430 Qui
1638 2380 1791 2418 scan-

196 2456 513 2511 rlalizaverit
539 2471 704 2510 unum
724 2455 791 2510 de
832 2455 1040 2524 pusillis
1075 2456 1208 2520 istis,
1240 2456 1434 2511 melius
1464 2465 1583 2510 erat
1613 2458 1688 2509 illi
1733 2466 1791 2510 ut

196 2547 602 2615 alligaturmola
627 2546 872 2601 asenaria
894 2546 962 2601 ad
985 2547 1182 2601 collum
1207 2547 1348 2601 illius
1361 2556 1415 2601 et
1439 2546 1792 2616 projicerrlur

198 2638 250 2691 in
274 2638 604 2707 profundum
636 2638 836 2704 maris;
879 2648 935 2693 et
973 2639 1063 2707 qui
1090 2638 1259 2693 Deum
1291 2640 1485 2694 timore
1535 2640 1785 2706 neclexit,

191 2727 503 2797 iudicantes
517 2730 826 2785 hominibus
849 2729 1046 2785 inferat
1069 2732 1312 2801 partibus
1336 2732 1466 2801 ipsis
1478 2735 1788 2787 monasterii

201 2821 286 2875 vel
311 2821 614 2891 peregrinis
642 2822 924 2876 monachis
954 2822 1154 2877 ibidem
1185 2823 1512 2887 habitantes,
1543 2841 1663 2879 cum
1696 2842 1786 2881 so-

194 2913 375 2968 ciante
398 2913 553 2981 liseo,
578 2917 692 2968 auri
710 2914 873 2969 libras
899 2915 1150 2985 trigenta,
1181 2930 1405 2986 argento
1431 2920 1603 2988 panda
1628 2922 1785 2988 quin-

196 3012 471 3075 quagenta
516 3005 683 3060 multa
735 3014 1014 3062 susteneat
1063 3016 1228 3077 atque
1279 3010 1558 3071 dissolvat,
1585 3024 1639 3066 et
1686 3014 1789 3067 hoc

194 3097 340 3167 quod
390 3098 590 3168 repetit
619 3115 725 3153 non
754 3099 1037 3165 vindecet,
1070 3110 1123 3155 et
1179 3102 1528 3157 nihilominus
1568 3121 1789 3173 presens

194 3189 512 3258 priiilegius
541 3190 687 3244 omni
713 3198 957 3261 tempore
997 3192 1182 3246 ﬁrmus
1229 3203 1562 3263 permaneat.
1616 3196 1700 3260 Et,
1734 3208 1787 3251 ut

196 3282 493 3337 ﬁrmiorem
525 3283 766 3338 obtineat
794 3284 1054 3354 vigorem,
1088 3301 1277 3341 manus
1317 3296 1531 3342 nostras
1583 3291 1789 3343 subter-

192 3372 535 3441 scripsimus,
568 3376 738 3441 etqui
783 3374 1187 3432 subscriberent
1234 3377 1321 3433 vel
1345 3379 1677 3447 signaverint
1705 3396 1793 3434 ro-

193 3463 467 3531 gavimus,
498 3463 848 3519 stibulatione
876 3466 1142 3523 subnexa.

267 3557 465 3611 Actum
495 3556 815 3627 Stratburgo
844 3559 1063 3615 civitate
1087 3562 1333 3630 puplicze,
1365 3564 1464 3619 sub
1492 3564 1578 3619 die
1605 3566 1793 3633 quinto

188 3658 319 3701 ante
367 3648 583 3702 kalend.
633 3649 908 3718 Octubris,
956 3666 1099 3707 anno
1143 3654 1373 3722 septimo
1409 3654 1560 3723 regni
1591 3653 1793 3710 domini

192 3739 368 3794 nostri
402 3737 676 3793 Helderici
704 3740 867 3808 regis.

264 3838 289 3865 ο
320 3829 440 3899 Ego
480 3828 533 3883 in
581 3829 678 3884 Dei
707 3845 903 3886 nomen
934 3831 1118 3887 lleddo
1146 3842 1421 3903 peccator,
1455 3851 1551 3905 per
1583 3837 1796 3890 miseri-

188 3922 441 3977 cordiam
487 3920 580 3975 Dei
608 3930 833 3976 vocatus
867 3923 1175 3993 episcopus,
1206 3925 1348 3980 hunc
1396 3927 1731 3996 privilegium
1764 3944 1791 3980 a

193 4026 283 4065 me
316 4011 522 4065 factum
551 4011 701 4081 religi
742 4022 796 4068 et
825 4014 1193 4086 subscripsi.-j-
1222 4016 1277 4069 In
1318 4016 1411 4071 Dei
1442 4033 1639 4071 nomen
1672 4018 1793 4071 Bal-

189 4100 461 4154 dobertus
509 4101 792 4170 episcopus
843 4104 1159 4174 SHbSCl‘ipSi.
1203 4104 1313 4174 Ego
1362 4108 1414 4161 in
1450 4108 1542 4161 Dei
1576 4111 1795 4163 nomine

191 4187 460 4243 Dubanus
491 4189 776 4259 episcopus
806 4193 1010 4258 rogitus
1034 4195 1345 4265 subscripsi.
1375 4196 1795 4266 Chrodegaugus

192 4287 454 4347 peccator
498 4281 785 4350 episcopus
814 4283 1127 4354 subscripsi.
1161 4285 1217 4338 In
1256 4287 1346 4341 Dei
1391 4302 1588 4342 nomen
1621 4288 1793 4343 Iliddo

261 4463 286 4490 ⁸
318 4453 769 4533 Subscriptiones
804 4459 896 4513 :eri
936 4459 1131 4533 incisas
1162 4477 1230 4516 ex
1261 4465 1597 4533 antographo
1632 4467 1793 4519 hahe-

188 4541 310 4603 mu_s
340 4526 923 4603 a_pud_Schcepﬁinum,
958 4532 1135 4603 tabula
1168 4534 1232 4585 ad
1264 4546 1383 4602 pag.
1408 4526 1506 4597 17';
1540 4536 1683 4603 ipsas
1701 4553 1794 4589 ex-

1902 1992 1993 2045 Dei
2026 1993 2265 2055 nomine,
2319 1992 2569 2047 Dubanus
2623 1993 2790 2046 abbas
2844 2008 3061 2061 prcesse
3111 1994 3340 2049 \idetur.
3382 1996 3494 2064 Ego

1898 2084 2075 2151 itaque
2110 2084 2344 2139 Bodolus
2379 2085 2544 2149 dono,
2590 2101 2690 2155 pro
2738 2085 2917 2141 anime
2964 2100 3084 2140 mee
3128 2087 3392 2147 remedio.
3426 2088 3493 2141 ad

1896 2177 2068 2244 ipsum
2102 2178 2277 2232 locum
2320 2188 2566 2233 sanctum
2599 2179 2965 2247 donatumque
2995 2180 3047 2233 in
3078 2190 3401 2248 perpetuum
3436 2190 3495 2235 ut

1897 2278 2210 2335 permaneat
2243 2269 2365 2322 volo
2400 2287 2411 2321 :
2445 2270 2545 2322 hoc
2586 2277 2687 2331 est,
2718 2285 2881 2339 super
2928 2269 3149 2325 ﬂuvium
3184 2270 3243 2324 Β.
3266 2288 3392 2326 num
3440 2275 3491 2325 in

1894 2360 2065 2414 insula
2094 2360 2397 2429 supradicta
2428 2361 2798 2429 llohenaugia,
2829 2370 3308 2432 quantumcunque
3338 2367 3493 2432 geni-

1895 2460 1980 2504 tor
2010 2467 2180 2513 meus,
2215 2453 2431 2507 nomine
2462 2452 2614 2521 llugo
2644 2454 2939 2521 quondam,
2973 2452 3101 2506 mihi
3130 2454 3330 2509 ibidem
3376 2471 3492 2509 Ino-

1894 2544 2036 2598 riens
2084 2545 2389 2615 dereliquit,
2440 2561 2560 2600 cum
2613 2554 2754 2599 terra
2805 2554 2858 2599 et
2888 2546 3021 2601 silva
3063 2555 3118 2600 et
3144 2547 3390 2614 maristo,
3419 2549 3484 2599 ad

1894 2637 2154 2705 integram
2206 2652 2380 2691 meam
2427 2646 2658 2706 partem,
2709 2653 2737 2690 a
2788 2637 2876 2691 die
2923 2639 3180 2706 presenti,
3219 2639 3285 2693 ad
3318 2639 3490 2707 ipsum

1892 2725 2067 2781 locum
2113 2736 2355 2781 sanctum
2401 2728 2556 2781 trado
2605 2736 2769 2796 atque
2823 2728 3158 2793 transfundo,
3192 2738 3249 2783 ut
3288 2732 3356 2783 ah
3387 2731 3493 2784 hoc

1892 2818 1982 2873 die
2010 2820 2180 2889 ipsam
2205 2836 2318 2873 rem
2342 2819 2456 2888 ipsa
2481 2821 2710 2875 ecclesia
2736 2820 2819 2875 vel
2844 2831 3066 2889 agentes
3093 2822 3210 2890 ejus
3233 2824 3491 2891 habeant,

1895 2924 2112 2969 teneant
2153 2924 2316 2985 atque
2343 2915 2671 2984 possideant,
2720 2924 2774 2969 et
2825 2932 3012 2970 eorum
3062 2918 3486 2982 successoribus,

1891 3006 2107 3062 Christo
2138 3008 2500 3077 propitiante,
2533 3007 2927 3077 derelinquant.
2960 3010 3014 3063 Si
3047 3010 3198 3078 quis,
3230 3024 3330 3079 ego
3353 3052 3366 3075 ,
3398 3023 3493 3065 aut

1893 3101 2122 3155 heredes
2149 3100 2287 3166 mei,
2317 3100 2400 3154 vel
2441 3100 2677 3173 quelibet
2719 3103 2969 3171 opposita
3019 3118 3252 3170 persona
3298 3115 3491 3159 contra

1894 3197 2034 3251 hanc
2071 3196 2429 3250 donacionem
2476 3210 2506 3249 a
2551 3210 2637 3249 me
2668 3197 2861 3248 laetam
2893 3198 3078 3250 venire
3121 3199 3490 3265 temptaverit.

1894 3298 1986 3342 aut
2011 3290 2309 3358 irrumpere
2333 3288 2582 3350 voluerit,
2604 3296 2729 3342 tunc
2755 3288 3044 3343 inferamus
3074 3290 3224 3343 vobis
3256 3291 3478 3344 vestris-

1894 3396 2000 3449 que
2059 3380 2506 3444 successoribus,
2555 3380 2775 3448 duplum
2830 3389 3034 3433 tantum
3083 3390 3343 3450 quantum
3390 3383 3494 3437 hec

1893 3471 2121 3525 donacio
2154 3472 2206 3525 in
2236 3487 2295 3525 se
2317 3471 2559 3525 continet
2586 3471 2882 3537 insertum,
2912 3473 3153 3526 sociante
3184 3472 3332 3537 ﬁsco,
3376 3475 3493 3526 auri

1896 3564 2078 3617 uncias
2120 3572 2246 3626 tres,
2277 3572 2331 3617 et
2374 3563 2754 3617 nichilominus
2803 3579 3025 3631 presens
3068 3564 3300 3619 donacio
3346 3566 3495 3619 omni

1897 3660 2140 3720 tempore
2196 3651 2349 3706 ﬁrma
2410 3662 2760 3723 permaneat,
2823 3655 3182 3722 stipu'acione
3240 3657 3490 3712 subnixa.

1896 3742 2085 3795 Actum
2113 3742 2422 3813 Suraburgo
2453 3748 2801 3807 monasterio,
2830 3763 2842 3811 ι
2867 3746 3063 3801 uhlice.

1972 3831 2163 3886 Datum
2217 3849 2402 3889 mense
2445 3835 2726 3898 Octobris.
2771 3836 2858 3890 die
2902 3838 2995 3905 xij,
3046 3852 3190 3892 anno
3220 3840 3289 3909 vij
3340 3840 3496 3912 regni

1896 3922 2099 3978 domini
2148 3926 2316 3979 nostri
2368 3925 2623 3981 Hilderici
2669 3929 2830 3995 regis.
2882 3930 3101 3996 Signum
3162 3932 3369 4000 Bodoli,
3403 3933 3498 4004 qui

1900 4016 2038 4069 hanc
2058 4016 2413 4072 donacionem
2443 4017 2555 4073 ﬁeri
2587 4022 2817 4087 rogavit.
2850 4020 2907 4075 S.
2935 4021 3196 4091 llugonis.
3227 4026 3286 4080 S.
3316 4026 3497 4082 Gaul-

1898 4108 2055 4161 berii.
2089 4108 2145 4161 S.
2172 4108 2533 4164 Theodoradi.
2562 4108 2618 4163 S.
2653 4109 3047 4167 Graodnbardi.
3067 4114 3122 4166 S.
3151 4114 3498 4171 Theodicho-
3578 4098 3581 4101 I

1897 4200 1999 4253 nis.
2031 4199 2087 4254 S.
2130 4200 2468 4257 Wolfebertl.
2504 4202 2562 4256 S.
2608 4204 2913 4273 Dnrgoaldi.
2950 4204 3236 4261 Wannlfus
3273 4218 3496 4278 rogatus

1897 4306 2106 4361 scripsi.

1898 4463 2201 4532 pendimus.
2232 4465 2285 4519 l.l
2318 4474 2496 4520 autem
2526 4467 2627 4521 hac
2650 4476 2808 4521 :etatc
2840 4469 2890 4523 in
2916 4485 3014 4525 usu
3046 4471 3210 4528 fuisse
3238 4474 3368 4528 alias
3398 4490 3498 4529 no-

1904 4535 2150 4612 tavimus,
2184 4545 2241 4589 ut
2289 4538 2527 4607 episcopi
2575 4539 2945 4612 instrumentis
2988 4544 3311 4612 jampridem
3364 4560 3495 4600 con-

187 4596 411 4666 scripsit
443 4596 551 4675 al_io
582 4598 769 4653 ordine
797 4599 962 4675 abbas
988 4596 1308 4657 Grandidier
1338 4596 1359 4655 Ξ
1391 4596 1572 4659 necid
1600 4608 1789 4659 mirum
1826 4598 1869 4655 Ι)
1898 4603 2052 4659 fectis
2092 4596 2288 4659 nomen
2325 4596 2503 4675 "suum,
2545 4623 2643 4663 seu
2690 4609 2913 4667 honoris
2944 4596 3037 4666 seu
3069 4596 3499 4672 conﬁrmationis

188 4676 296 4742 est,
327 4682 459 4722 cum
492 4668 907 4742 in_autograph_o
935 4681 1148 4727 exstent
1178 4676 1513 4742 promiscua),
1546 4676 1618 4729 ita
1653 4687 1708 4729 ut
1740 4680 1790 4731 in

190 4738 333 4811 ipsis;
362 4738 744 4811 exscribendis‘
780 4740 914 4795 ordo
949 4743 1139 4811 aliquis
1177 4738 1323 4798 certa
1356 4746 1472 4811 lege
1498 4738 1657 4800 statui
1686 4766 1792 4801 non

188 4809 384 4883 possit.
434 4812 637 4863 Umnes
664 4808 911 4883 videntur
940 4808 1170 4883 propriis
1200 4808 1647 4870 subscribentiuui
1680 4835 1793 4871 ma-

187 4880 640 4955 nibns_exarat:e,
670 4889 729 4955 ut
771 4895 839 4935 ex
877 4880 1089 4955 diverso
1132 4884 1548 4955 uniuscujusque
1578 4889 1794 4943 charac-

188 4956 308 5024 tere
338 4949 425 5004 fas
451 4958 552 5024 est
580 4950 850 5024 conjicere
881 4953 1039 5008 :aliaa
1084 4966 1263 5008 autem
1313 4949 1576 5024 séripiura
1615 4960 1790 5013 minu-

186 5021 361 5094 scula,
409 5018 534 5073 alia:
573 5021 810 5089 capitali,
855 5024 1123 5094 pleneque
1167 5018 1791 5083 ουτεὶνθ.Ἀ1›1›ειιιιη·ει

188 5092 581 5160 episcoporum
612 5094 829 5163 nomina
869 5092 1193 5163 miscentur,
1224 5111 1325 5151 nec
1372 5098 1508 5152 ullus
1551 5100 1789 5154 ecclesia:

188 5174 300 5213 sua:
333 5174 543 5215 nomen
585 5162 839 5230 appOnit;
881 5165 975 5218 sed
1025 5166 1372 5220 ecclesiarum
1425 5173 1637 5222 nomina
1686 5170 1794 5225 fere

188 5231 375 5307 omnia
406 5244 481 5307 e_x
510 5230 630 5285 aliis
653 5236 1015 5307 monumentis
1042 5236 1183 5291 eruit
1211 5236 1587 5307 Schocpllinus,
1620 5240 1789 5295 Alsat.

188 5301 321 5371 dipl.
353 5310 398 5357 t.
428 5300 471 5365 Ι,
502 5316 623 5372 pag.
659 5303 744 5365 19.
775 5313 914 5369 not.,
943 5321 1102 5373 quem
1132 5307 1273 5361 vide.
1308 5300 1486 5363 Monet
1516 5300 1793 5366 Lullonem

191 5374 441 5450 episcopi
476 5375 693 5450 nomine
733 5376 925 5450 subscr
945 5378 1145 5450 psisse,
1176 5380 1267 5447 qui
1300 5379 1641 5449 Moguntinus
1670 5385 1793 5450 qui-

190 5445 315 5519 dem
348 5444 452 5498 fuit
482 5444 803 5519 episcopus,
834 5444 1207 5519 sed_'noudunr
1228 5444 1563 5519 episcopales
1604 5444 1796 5507 infulas

191 5514 425 5583 adeptus
476 5511 821 5570 fuerat’cum
866 5515 966 5571 fuit
994 5518 1239 5574 confecta
1266 5511 1468 5575 'char'ta
1507 5536 1666 5591 quam
1698 5539 1794 5578 ex-

1897 4691 2082 4745 causa,
2117 4686 2477 4745 apponerent.

1970 4744 1995 4782 ι)
2028 4744 2342 4813 Ειιίαετυηι,
2377 4763 2443 4802 ex
2472 4749 2642 4803 veteri
2680 4751 2869 4807 codice
2900 4752 3257 4810 Mahillonins.
3294 4756 3492 4813 Annal.

1901 4826 2029 4890 tom.
2060 4816 2123 4890 11,
2151 4820 2381 4887 append.
2414 4834 2536 4889 pag.
2575 4819 2708 4882 697;
2741 4837 2808 4875 ex
2850 4824 3157 4878 Mabillonio
3200 4824 3492 4890 Eccardus.

1895 4888 2040 4966 Orig.
2070 4888 2369 4966 llabsburg.
2405 4888 2694 4966 pag._102,
2725 4891 3118 4966 Schmpﬁinus.
3156 4895 3325 4950 Alsat.
3357 4888 3490 4966 dipl.

1900 4967 1937 5011 t.
1971 4958 2021 5021 l,
2056 4973 2178 5028 pag.
2210 4959 2299 5023 21,
2335 4958 2622 5015 ex’codice
2652 4977 2740 5015 xxv
2775 4958 2953 5018 saeculi
2987 4966 3037 5018 in
3067 4968 3296 5021 ecclesia
3326 4958 3498 5021 colie-

1897 5031 2037 5092 giata
2070 5031 2125 5082 ὃ.
2173 5030 2311 5083 Petri
2355 5031 2583 5085 senioris
2612 5043 2922 5098 asservato;
2958 5050 3021 5089 ac
3064 5036 3279 5090 demum
3326 5040 3499 5091 abbas

1897 5098 2234 5176 Granlidier,
2266 5099 2466 5176 llistor.
2499 5101 2865 5176 eccl._Argent
2913 5114 2952 5158 t.
2986 5108 3024 5165 l.
3059 5108 3209 5173 prob.
3246 5121 3367 5176 pag.
3403 5108 3494 5172 77,

1897 5184 1960 5224 ex
1993 5170 2179 5223 eodem
2210 5170 2395 5224 codice
2424 5179 2478 5225 et
2514 5188 2580 5225 ex
2615 5173 2943 5229 chartulario
2981 5170 3159 5229 saeculi
3194 5170 3281 5230 xvi
3317 5170 3371 5231 in
3404 5170 3495 5231 aré

1902 5240 2429 5313 chivoi'l‘abernensi
2466 5244 2711 5313 reposito
2744 5263 2755 5296 :
2789 5246 2855 5297 ad
2884 5245 3041 5313 hujus
3086 5246 3245 5301 [idem
3277 5249 3494 5303 recudi-

1902 5326 2039 5385 mus.
2073 5311 2327 5385 Dodolus,
2352 5312 2489 5385 lilius
2522 5311 2778 5385 l_l_ugonis,
2810 5316 2876 5385 de
2900 5311 3008 5384 quo
3039 5316 3124 5369 hic
3150 5319 3347 5385 agitur,
3379 5319 3495 5373 Ma-

1904 5380 2146 5459 b‘il:on_io,
2194 5382 2386 5459 Annal.
2441 5392 2480 5436 t.
2523 5380 2765 5459 _ll,_pag.
2815 5380 2935 5446 M6,
2972 5387 3112 5440 idem
3156 5380 3369 5443 videtur
3403 5391 3498 5459 qui

1906 5450 2481 5592 ἔξιῗιμέῗιῖιθῗὲᾓιῗιυι-
2522 5455 2575 5509 iu
2615 5450 2798 5511 charta
2838 5470 3001 5525 quam
3046 5472 3207 5527 supra
3243 5450 3497 5515 exhibui-

1908 5527 2183 5577 muelf'ol.
2220 5527 2400 5577 13H).

1538 5753 2219 5783 -____—_.__
