4214 6584
760 437 825 487 19
2124 430 2408 486 διίιιϐιυδ
2451 430 2644 483 PAPA.
3943 431 4014 488 20

757 556 778 579 ι
813 549 942 609 Qua:
989 552 1037 593 et
1084 543 1231 609 quasi
1261 541 1593 611 syuodatitcr
1622 539 1859 604 delinita,
1892 550 1943 593 et
1973 540 2021 592 in
2055 553 2146 594 sex
2173 541 2332 594 tomis
2361 545 2409 603 Α
2436 541 2623 593 urbem
2655 539 2718 592 ad
2750 537 3192 605 confirmandum,
3223 540 3300 593 vel
3337 541 3386 592 in
3434 538 3699 607 superiori
3745 541 3860 594 loco
3887 544 4014 595 sub-

753 633 1021 698 oleseripta
1050 634 1276 685 auribus
1317 631 1650 700 patriarchis,
1684 631 1736 684 id
1771 641 1848 684 est
1871 640 1910 695 ι,
1947 630 2326 693 Alexandrino,

757 721 1377 788 ConstantinOpolitano,
1423 731 1476 774 et
1527 721 1888 782 Antiocheuo,
1945 721 2026 772 vel
2074 722 2330 774 eceteris’

755 812 1083 876 consulibus,
1109 812 1197 880 qui
1220 811 1241 842 ³
1269 813 1320 865 in
1355 822 1594 879 tempore
1635 811 1744 864 illic
1773 819 2153 873 convenerant,
2197 811 2333 863 sub-

754 903 950 968 scripta
983 911 1151 966 erant,
1187 917 1449 971 manuque
1481 902 1737 969 imperiali
1761 899 2333 968 cortﬁrmata,bmissis

757 991 805 1043 in
831 991 1273 1066 anellum,quod
1298 997 1317 1024 "
1341 994 1584 1048 scabrum
1602 993 1816 1047 carnale
1839 993 2096 1046 vocitatur
2117 991 2168 1042 in
2197 991 2330 1044 hanc

2434 631 2774 686 scribendum
2821 631 3008 701 Sergio
3060 631 3315 700 pontifici,
3364 639 3546 700 utpote
3571 631 3729 701 capiti
3772 634 4011 686 omnium

2436 723 2796 786 sacerdotum,
2853 721 3062 777 direxit.
3115 723 3212 788 Qui
3257 724 3594 777 beatissimus
3646 721 3904 791 pontifex,
3957 736 4018 777 ut

2436 812 2632 867 dictum
2665 822 2769 877 est,
2815 814 3023 881 penitus
3061 813 3232 868 eidem
3283 812 3584 867 Justiniano
3618 812 3857 881 Augusto
3905 828 4012 866 non

2437 903 2718 970 acquievit,
2744 915 2844 956 nec
2874 903 3088 958 eosdem
3113 912 3284 958 tomos
3311 903 3603 971 suscipere,
3629 913 3718 956 aut
3741 903 3762 933 ⁵
3779 903 4014 957 lectione

2437 993 2672 1061 pandere
2708 1007 2889 1061 passus
2909 1002 3011 1048 est.
3048 1003 3069 1031 ε
3096 993 3258 1048 Ροιτο
3283 1006 3375 1048 cos
3406 1001 3461 1047 ut
3490 991 3758 1046 invalidos
3784 995 4012 1060 respuit.

1951 1102 2339 1157 VAllIANTES
2377 1101 2774 1160 LECTIONES.

829 1207 843 1235 '
871 1207 978 1271 Al...
1007 1203 1294 1264 Constant..
1328 1203 1579 1255 Alexand.

826 1277 847 1305 ¹
870 1273 1001 1326 Cod.
1045 1273 1172 1327 Luc.
1199 1283 1252 1328 et
1279 1275 1374 1337 aL,
1405 1271 1721 1337 prtcsulibus.

828 1345 850 1375 ³
879 1341 1007 1396 Cod.
1045 1343 1196 1409 Luc.,
1228 1360 1285 1396 eo
1313 1351 1551 1411 tempore.

2512 1197 2532 1227 ‘
2559 1198 2693 1252 Cod.
2724 1197 2874 1260 an.,
2903 1197 3128 1251 citat-tale
3154 1214 3170 1261 ;
3205 1198 3350 1252 locus
3375 1206 3690 1266 corruptus;
3721 1197 3814 1264 al.,
3841 1202 4015 1253 scebro

2441 1269 2635 1320 carnali
2659 1269 2923 1320 vocitatur.
3968 1290 3972 1291 '

2511 1337 2533 1370 ⁵
2559 1338 2692 1396 Cod.
2719 1339 2869 1405 Luc.,
2901 1338 3115 1393 lectioni.

2068 1452 2418 1509 \‘AlllUllUM
2459 1452 2688 1508 NOTAE.

759 1570 1216 1635 metropolitanus,
1259 1584 1377 1624 eam
1420 1568 1734 1636 legationem
1770 1575 1891 1636 tunc
1937 1565 2321 1636 εοῐυενοὶιίιωι,

757 1642 901 1694 unde
941 1642 994 1694 in
1019 1639 1163 1692 calce
1203 1635 1680 1707 canonum’synodi
1719 1649 1777 1689 se
1808 1635 2051 1707 inscribit
2096 1635 2323 1707 legatum

762 1710 921 1763 ratius
936 1707 1126 1779 synodi
1149 1708 1400 1779 Ecclesia:
1425 1705 1701 1779 Romanae,
1720 1706 1965 1779 exemplo
1989 1705 2146 1779 trium
2181 1706 2322 1770 lcga-

757 1788 931 1831 torum
960 1773 1251 1843 Agathonis
1280 1786 1335 1831 et
1361 1776 1550 1846 synodi
1573 1776 1949 1837 Uccidentalis,
1973 1774 2064 1840 qui
2093 1773 2146 1826 in
2177 1782 2323 1826 sexta

757 1847 962 1921 syn_odo
984 1847 1087 1900 hoc
1112 1861 1305 1921 nomen
1333 1854 1751 1921 assump_scr_ant.

828 1915 1053 1971 Centum
1082 1925 1136 1970 et
1161 1916 1264 1969 duo
1286 1930 1514 1969 canones
1544 1914 1595 1966 in
1637 1914 1736 1966 hac
1777 1912 1981 1980 synodo
2010 1911 2134 1966 editi
2179 1922 2321 1973 sunt,

763 1995 820 2041 ut
852 1994 1115 2041 testantur
1158 1995 1373 2038 sanctus
1420 1984 1696 2048 Tarasius,
1730 1983 1957 2045 septima
2000 1982 2233 2050 synodus
2273 1983 2326 2034 in

787 2055 1078 2110 cfutatione
1113 2062 1409 2108 conventus
1452 2053 1834 2114 iconoclastici,
1871 2052 2090 2105 Photius
2140 2053 2192 2105 in
2223 2051 2326 2105 No-

758 2139 1078 2186 .atocanone,
1101 2134 1155 2178 et
1193 2133 1378 2178 auctor
1407 2123 1569 2176 libelli
1613 2121 1876 2187 synodici.
1911 2120 1989 2174 Ex
2022 2121 2121 2173 illis
2150 2122 2329 2188 plures

757 2193 1112 2261 sunt-optimi,
1142 2201 1196 2246 et
1222 2193 1309 2259 qui
1337 2195 1607 2255 antiquam
1641 2191 1894 2261 Ecclesia:
1917 2189 2249 2261 disciplinain
2276 2199 2331 2261 ut

759 2259 1045 2320 plurimum
1086 2261 1351 2316 redolent.
1396 2261 1548 2316 Unde
1595 2273 1713 2314 cum
1742 2259 1951 2327 plurimi
1983 2261 2087 2311 sint
2133 2259 2325 2310 laudati

757 2333 984 2402 iureque
1010 2331 1284 2402 laudandi,
1324 2342 1430 2384 non
1471 2339 1595 2383 Sunl
1622 2343 1810 2402 omnes
1855 2329 1920 2380 ab
1952 2327 2186 2380 Ecclesia
2227 2329 2331 2402 lto-

759 2395 918 2454 inaua
945 2399 1152 2469 rejecti,
1193 2399 1290 2469 sed
1337 2408 1539 2452 tantum
1566 2401 1820 2469 quinque,
1853 2411 2043 2461 nempe
2073 2410 2242 2448 canon
2273 2395 2328 2459 ‘2,

763 2485 870 2539 quo
896 2468 1163 2539 octaginta
1206 2468 1439 2536 quinque
1467 2468 1829 2539 apostolorum
1861 2475 2170 2539 canoncset
2204 2480 2332 2518 con—

761 2535 1068 2593 s'titutione's
1118 2535 1478 2592 decernuntur
1527 2535 1868 2588 admittenda:
1894 2575 1908 2598 ,
1949 2535 2105 2586 sit-uti
2147 2544 2198 2586 ct
2241 2549 2332 2586 ca-

764 2623 868 2662 non
904 2607 989 2672 15,
1017 2622 1126 2676 quo
1153 2608 1233 2662 lex
1263 2603 1907 2676 ecclesiasticleazlibatus
1930 2602 2250 2676 cor-ictititnr,
2280 2613 2334 2676 et

762 2671 1059 2732 castissima
1117 2678 1370 2730 Romana:
1421 2674 1676 2727 Ecclesia:
1729 2671 2136 2739 reprehenditur
2177 2671 2336 2724 disci-

763 2747 929 2813 plina,
965 2761 1064 2816 qua
1106 2749 1276 2801 sacris
1321 2744 1578 2816 ministris
1627 2757 1752 2816 usus
1804 2742 2034 2816 conjugii
2068 2742 2336 2816 interdici-

761 2810 869 2871 tur.
903 2810 1042 2884 Quin
1071 2816 1229 2871 etiam
1268 2828 1362 2868 eos
1406 2815 1494 2881 qui
1540 2811 1896 2884 presbyteris_,_
1920 2810 2180 2873 diaconis,
2209 2811 2337 2884 sub-

760 2880 1000 2940 diaconis
1028 2880 1463 2954 coniunctionem
1502 2891 1555 2936 et
1585 2880 2032 2954 etinsuetudinem
2060 2893 2178 2932 cum
2209 2880 2334 2947 legi-

761 2957 892 3010 tima
919 2968 1086 3010 uxore
1115 2949 1486 3022 prohibuerint
1504 2951 1847 3022 anathemate
1870 2950 1993 3022 ferit
2021 2949 2121 3022 iste
2135 2963 2334 3022 canon.

767 3025 882 3080 Non
912 3034 995 3081 est
1019 3018 1183 3079 etiam
1228 3023 1556 3092 approbatus
1597 3034 1768 3074 canon
1809 3021 1899 3092 55,
1926 3018 2336 3092 quo_jejnnium

759 3095 973 3149 Sabbati
997 3094 1053 3148 in
1084 3089 1318 3148 Ecclesia
1342 3092 1576 3146 Romana
1603 3089 2009 3144 celeberrimum
2034 3089 2334 3140 damnatur.

760 3164 872 3218 Nec
900 3165 1061 3218 etiam
1083 3176 1256 3218 canon
1288 3163 1377 3227 67,
1411 3162 1786 3216 abstinentiam
1814 3175 1842 3212 a
1866 3159 2120 3225 sanguine
2144 3166 2202 3212 ct
2227 3156 2336 3210 suf-

763 3234 941 3288 focato
969 3232 1308 3296 clericis,sub
1328 3231 1677 3299 depositionis
1699 3243 1853 3298 poena
1878 3228 2028 3299 laicis
2054 3228 2152 3281 sub
2180 3240 2335 3295 poena

760 3301 1351 3366 excommunicationis,
1381 3298 1690 3368 prohibens,
1711 3313 1934 3366 eamque
1961 3298 2336 3368 abstinentiam

765 3373 910 3427 velut
945 3387 1009 3426 es
1039 3372 1232 3426 divina:
1264 3367 1553 3438 Scriptura:
1596 3370 1846 3421 mandato
1890 3368 2180 3421 etiamnum
2208 3367 2339 3420 obli-

761 3454 922 3511 gante
959 3443 1257 3510 imponens.
1302 3441 1409 3511 Nec
1443 3439 1589 3492 omni
1620 3445 1864 3511 cx__parle
1892 3439 2217 3511 approbatus
2257 3443 2339 3511 est

761 3506 931 3569 Eanon
976 3506 1066 3576 8i,
1089 3526 1195 3578 quo
1244 3509 1552 3578 prohibetur
1583 3522 1648 3562 ne
1677 3508 1917 3562 Christus
1961 3506 2339 3578 Salvatordeo

803 3582 1018 3649 iurgatur
1045 3575 1356 3648 in'imagine
1378 3578 1522 3645 agni,
1545 3579 1684 3649 sicut
1719 3587 1964 3649 osteiisus
1991 3585 2071 3629 est
2102 3575 2339 3649 patribus

784 3667 816 3704 η
865 3646 1030 3719 figura
1060 3690 1076 3716 ,
1134 3646 1337 3719 sed—in
1385 3649 1611 3719 imagine
1659 3646 1924 3712 hominis,
1972 3658 2072 3713 qua
2123 3646 2334 3698 demum

762 3717 950 3795 omnes
976 3729 1100 3774 sunt
1125 3717 1445 3795 adimpletcc_
1466 3717 1701 3795 figuram
1796 3785 1807 3795 _
1918 3785 1950 3795 __
1994 3783 2005 3795 ο

833 3791 938 3845 Alli
968 3803 1223 3855 canones,
1263 3785 1398 3856 quos
1428 3787 1552 3856 jure
1584 3785 1874 3840 laudandos
1901 3785 2150 3856 diximus,
2184 3793 2240 3838 ut
2269 3799 2332 3838 ex

763 3875 949 3917 eorum
979 3860 1210 3917 lectione
1233 3855 1556 3914 etcxamine
1581 3857 1798 3910 cuilibet
1828 3855 2044 3923 patebit,
2073 3869 2178 3908 non
2211 3867 2339 3910 sunt

761 3932 832 3986 ah
863 3929 1101 3986 Ecclesia
1141 3929 1380 3984 Romana
1424 3925 1630 3996 rejecti.
1667 3925 1731 3979 Ut
1763 3941 1903 3996 enim
1934 3924 2020 3978 hic
2065 3925 2132 3977 de
2163 3925 2336 3996 primo

762 4011 821 4054 et
845 4000 1032 4054 ultimo
1076 4007 1280 4053 tantum
1309 3994 1518 4064 loquar,
1553 3997 1756 4063 primus
1787 3994 1941 4048 tidem
1972 4009 2000 4045 a
2041 4007 2132 4047 ses
2160 3994 2338 4048 conci-

765 4069 850 4124 liis
877 4067 1225 4124 mcumenicis
1249 4067 1617 4124 confirmatam
1646 4073 1702 4119 ct
1741 4065 1808 4117 ab
1838 4064 2144 4132 apostolicis
2171 4064 2336 4116 tradi-

766 4148 878 4192 tam
924 4137 1301 4193 inviolabiliter
1349 4136 1666 4190 servandam
1721 4148 1849 4189 esse
1883 4134 2060 4186 docet.
2111 4133 2338 4187 Ultimus

765 4223 896 4263 vero
935 4206 1400 4275 praestantissimae
1432 4220 1524 4272 pro
1554 4205 1870 4273 excipienda
1897 4202 2233 4275 confessione
2259 4205 2335 4257 le-

765 4292 859 4347 ges
900 4273 956 4332 ei.
1000 4285 1263 4345 praecepta
1286 4275 1552 4347 continet,
1580 4284 1634 4328 et
1675 4287 1832 4347 quam
1875 4273 2166 4347 pr_udentcr
2209 4287 2335 4342 erga

765 4343 1085 4417 pmtiigten‘tes
1115 4345 1362 4417 sacerdos
1389 4361 1447 4398 se
1473 4358 1658 4417 gerere
1684 4345 1896 4417 debeat.
1934 4343 2111 4408 ipsum
2140 4356 2336 4417 nempe

766 4412 1114 4473 eonaiderare
1155 4415 1356 4470 debere
1405 4412 1605 4480 peccati
1645 4412 1982 4484 qualitatem,
2037 4413 2335 4484 peccatoris

766 4501 865 4556 pro
889 4485 1237 4556 conversione
1264 4493 1496 4556 aestuans
1524 4481 1872 4556 desiderium,
1903 4489 1957 4535 et
1995 4481 2182 4535 morhzi
2202 4494 2328 4556 eon-

2362 3199 2409 3260 C

2435 1579 2558 1617 mtm
2589 1566 2648 1620 11.
2679 1565 2854 1623 Satius
2879 1567 2980 1621 erit
3012 1565 3355 1622 Anastasiana
3384 1566 3543 1620 verba
3571 1565 3693 1620 huic
3732 1565 3848 1619 loco
3879 1565 4010 1618 sub-

2429 1635 2614 1702 jiciare,
2650 1647 2704 1689 ut
2748 1637 2970 1704 quisque
3000 1639 3156 1692 unico
3199 1635 3384 1690 obtutu
3433 1635 3798 1703 deprehendat
3833 1649 3899 1689 an
3938 1636 4013 1687 ab

2431 1704 2618 1759 eodem
2645 1707 2849 1760 calamo
2892 1707 3158 1774 potuerint
3209 1705 3487 1772 proﬁcisci,
3523 1717 3631 1759 tum
3677 1721 3736 1756 ea
3779 1720 3897 1772 qua:
3939 1705 4012 1759 de

2433 1775 2639 1844 duobus
2663 1789 2822 1844 supra
2849 1786 3060 1830 centum
3091 1775 3380 1830 canonibus
3418 1775 3606 1844 synodi
3635 1774 3878 1828 erratica:
3924 1774 4014 1826 hic

2357 1865 2404 1925 Β
2435 1842 2700 1925 leguntur,
2731 1842 2856 1924 tum
2887 1860 2947 1899 ea
2977 1859 3095 1925 qua:
3125 1849 3190 1925 de
3235 1842 3535 1925 eis_dem;in_
3569 1846 4014 1925 utrdqueprarfa-

2434 1913 2576 1983 tione
2619 1915 2977 1968 enuntiantur.
3017 1916 3070 1969 in
3103 1916 3270 1983 prima
3311 1914 3422 1966 haec
3453 1913 3609 1967 habet
3658 1913 3967 1965 Anastasius
4001 1933 4013 1962 ~.

2431 1981 2653 2052 Regulos
2678 2000 2804 2051 quas
2847 1983 3016 2037 (ἓνωεί
3058 1981 3168 2037 α’νι
3195 1983 3388 2052 synodo
3418 1982 3677 2050 perhibent
3719 1983 3914 2042 editas.
3943 1983 4017 2033 ita

2430 2051 2483 2103 in
2509 2053 2603 2104 hac
2632 2055 2828 2120 symdo
2858 2054 3153 2123 principalis
3172 2053 3316 2106 sedes
3349 2053 3592 2123 admittit,
3632 2061 3688 2103 ut
3718 2051 4013 2123 nullatenus

2432 2137 2494 2173 ex
2534 2123 2610 2174 his
2641 2124 2748 2175 illa:
2795 2121 3126 2192 recipiantur,
3158 2136 3273 2190 qua:
3312 2121 3892 2192 prioribusicanonibus
3931 2123 4014 2172 νει

2432 2192 2645 2244 decretis
2695 2205 2989 2244 sanctorum
3035 2192 3191 2260 hujus
3236 2191 3371 2243 sedis
3416 2191 3732 2257 pontiﬁcum,
3763 2199 3854 2260 aut
3881 2201 4017 2242 certe

2431 2261 2573 2311 bonis
2624 2263 2881 2323 moribus,
2917 2259 3240 2314 inveniuntur
3277 2260 3519 2328 adocrsw,
3573 2259 3797 2328 quamvis
3842 2274 4019 2312 omnes

2433 2329 2677 2382 hactenus
2711 2347 2772 2383 cx
2792 2339 2894 2382 toto
2917 2339 3156 2382 maneant
3177 2329 3316 2395 apud
3344 2327 3549 2383 Latinos
3578 2328 3869 2398 incognitas.
3892 2330 4018 2388 quia

2436 2414 2524 2450 nec
2548 2400 2910 2468 interpretatur.
2940 2398 3045 2453 Sed
3075 2414 3167 2451 nec
3195 2400 3248 2450 in
3268 2407 3563 2452 ca'tcrarum
3591 2399 4018 2468 patriarchalium

2435 2469 2652 2531 sedium,
2682 2467 2795 2521 licet
2819 2468 3000 2522 Grtrca
3027 2477 3233 2522 utantur
3263 2468 3457 2535 liqtgua,
3486 2467 3809 2536 reperiuntur
3842 2467 4017 2519 archi-

2435 2537 2526 2599 vis,
2580 2537 2822 2590 nimirum
2847 2539 2967 2605 quia
3015 2539 3154 2590 nulla
3183 2552 3388 2600 carum,
3433 2554 3546 2590 cum
3586 2537 3876 2601 ederentur,
3925 2547 4021 2589 aut

2435 2608 2800 2671 promulgatis,
2829 2613 2916 2657 aut
2961 2607 3296 2670 consentiens,
3335 2616 3422 2657 aut
3452 2608 3631 2659 saltem
3677 2621 3899 2672 prtcsens
3938 2608 4022 2659 irt-

2436 2684 2582 2726 venta
2611 2686 2703 2728 est.
2739 2674 3042 2739 Quanquam
3072 2676 3274 2728 easdem
3323 2675 3500 2728 Patres
3544 2675 3664 2728 illas
3698 2673 3866 2728 (ἶνανεὶ
3897 2691 4023 2742 pro-

2439 2746 2672 2813 mulgare
2697 2745 3014 2813 per/tibcant,
3041 2745 3128 2811 qui
3169 2745 3222 2796 in
3250 2753 3391 2798 sexta
3427 2744 3622 2813 synodo
3650 2755 3768 2796 sunt
3807 2746 4023 2800 inventi.

2439 2811 2547 2865 Sed
2577 2813 2672 2865 hoc
2699 2811 2866 2866 nullis
2916 2815 3129 2879 probare
3171 2815 3317 2868 certis
3360 2811 3568 2880 possunt
3595 2813 3822 2865 indiciis.
3858 2815 3911 2866 ln
3938 2820 4025 2866 al—

2439 2889 2551 2934 tera
2576 2895 2709 2952 vero
2738 2882 3047 2949 praefatione
3079 2900 3091 2936 :
3121 2882 3312 2951 (irtcci,
3339 2883 3529 2952 inquit,
3555 2890 3600 2934 et
3620 2882 3722 2934 alia
3748 2885 4026 2936 ostendunt

2438 2950 2733 3018 regularum
2765 2967 3036 3005 numerosa
3080 2960 3128 3005 et
3171 2950 3577 3022 prwsuntptuosa
3615 2952 3740 3005 satis
3769 2953 4029 3020 capitula,

2441 3024 2621 3088 prisca:
2647 3022 2912 3075 traditioni
2941 3037 3066 3086 pene
3094 3021 3266 3074 omnia
3286 3023 3431 3074 valde
3456 3021 3736 3084 contraria,
3769 3037 3882 3086 quia
3911 3038 3943 3073 a
3972 3039 4022 3075 vr

2440 3091 2637 3156 synodo
2661 3092 2922 3159 perhibent
2957 3091 3302 3159 promulgata,
3330 3107 3448 3144 cum
3489 3105 3539 3145 vr
3565 3091 3790 3159 synodus
3821 3093 4026 3143 nullam

2442 3161 2703 3226 pertulerit
2731 3169 2914 3229 praeter
2945 3159 3064 3229 ﬁdei
3095 3161 3346 3229 regulam.
3378 3159 3486 3216 Sed
3514 3177 3640 3229 quas
3679 3162 3790 3228 ejus
3815 3177 4024 3213 asseve-

2442 3238 2555 3280 rant
2581 3233 2806 3299 regulas,
2840 3229 2990 3299 longe
3010 3239 3119 3298 post
3145 3245 3197 3283 v1
3223 3232 3474 3299 synodum
3497 3234 3632 3298 apud
3661 3231 3796 3299 ipsos
3820 3242 4026 3283 constat

2441 3314 2597 3370 partes
2616 3316 2673 3370 se
2698 3300 3032 3370 privatimque
3061 3299 3402 3370 depromptas.
3436 3299 3675 3354 Mart-:05.

2514 3367 2540 3403 ι’
2571 3367 2760 3422 Missus
2789 3370 2844 3422 in
2868 3367 3132 3435 locellum,
3157 3370 3293 3437 quod
3322 3373 3554 3424 sccbrum
3593 3370 3794 3424 carnale
3822 3369 4026 3422 vocita-

2443 3446 2545 3499 tur,
2572 3439 2625 3490 in
2655 3439 2788 3491 hanc
2818 3437 3104 3491 Romanam
3137 3441 3305 3492 urbem
3344 3439 3410 3492 ad
3440 3439 3862 3507 conﬁrmandum.
3891 3439 4021 3495 Sce~

2443 3507 2594 3578 hrum
2640 3517 2722 3562 est
2769 3509 3056 3570 horreum,
3104 3509 3230 3578 inde
3250 3509 3646 3578 Aemendandus
3690 3509 4025 3578 lngnlphns,

2443 3575 2495 3647 in
2549 3576 2799 3630 Chronic.
2853 3576 3186 3647 Croyland.:
3233 3575 3429 3645 Capit,
3473 3577 3719 3647 largiente
3754 3575 4030 3644 Domino,

2441 3645 2584 3699 bonis
2608 3648 2838 3699 omnibus
2863 3645 3142 3710 abundare,
3173 3654 3227 3698 ut
3261 3655 3364 3699 tam
3390 3649 3444 3700 in
3471 3645 3718 3700 thciauris
3754 3662 3816 3698 ac
3869 3663 4029 3701 scau-

2440 3715 2527 3778 ris,
2558 3731 2709 3781 quam
2735 3716 2786 3768 in
2829 3717 2973 3768 terris
2999 3730 3060 3767 ac
3093 3716 3406 3782 tenementis,
3430 3717 3477 3769 ei
3497 3732 3588 3783 pro
3619 3717 3794 3783 primis
3818 3719 4030 3772 amissis

2441 3785 2670 3850 duplicia
2723 3786 3043 3855 postmodum
3095 3786 3444 3839 redderentur.
3487 3785 3590 3841 Pro
3616 3787 3843 3852 scauris,
3900 3787 4028 3855 lege

2441 3855 2644 3917 scebris,
2681 3855 2762 3908 vel
2793 3854 2999 3909 scearis.
3034 3859 3347 3909 Amasenus
3375 3895 3390 3910 .

2517 3936 2538 3963 ο
2572 3923 2737 3995 Porro
2788 3940 2872 3995 eos
2921 3936 2975 3979 ut
3023 3925 3273 3995 inualidos
3310 3926 3526 3995 respuit.
3567 3925 3716 3990 Quod
3745 3927 4026 3993 praecipue

2441 3994 2606 4048 movit
2648 3994 2952 4063 pontiﬁcem
2985 3995 3048 4048 ad
3080 3993 3129 4048 id
3159 3993 3449 4048 concilium
3498 3995 3865 4064 rejiciendum,
3918 3997 4029 4051 fuit

2441 4064 2812 4133 episcoporum
2866 4064 3098 4119 Orientis
3143 4065 3435 4129 temeritas,
3459 4063 3840 4132 qui'adrersus
3866 4067 4026 4120 enli-

2442 4132 3089 4201 batum’presbyterorum
3121 4142 3175 4186 et
3202 4133 3566 4198 diaconorum,
3595 4147 3717 4188 eum
3744 4137 4030 4190 avertendi

2440 4203 2640 4268 animo,
2677 4203 2747 4256 ita
2774 4203 3036 4272 definiunt
3061 4219 3072 4254 :
3101 4201 3356 4266 Quoniam
3384 4202 3632 4257 Romana:
3669 4203 3908 4258 Ecclesiae
3929 4223 4032 4272 pro

2439 4287 2635 4326 canone
2693 4271 2938 4326 traditum
2984 4287 3091 4326 esse
3143 4273 3470 4342 cognovimus
3513 4284 3568 4326 ut
3600 4271 4032 4342 promovendiad

2441 4345 2786 4406 diaconatum,
2836 4344 2914 4396 vel
2964 4342 3397 4410 presbyteratum,
3449 4343 3783 4412 proﬁteantur
3834 4359 3889 4397 se
3919 4361 4033 4399 non

2440 4413 2664 4473 amplius
2703 4413 2811 4466 suis
2838 4412 3082 4466 uxoribus
3127 4413 3528 4480 conjungendos,
3587 4428 3698 4476 nos,
3753 4413 4032 4480 antiquum

2440 4497 2685 4534 comment
2731 4481 3026 4550 apostolicw
3053 4481 3400 4552 perfectionis,
3424 4481 3719 4552 ordinisque
3744 4495 4033 4549 seruantes,

766 4541 1072 4612 'venientem
1098 4555 1436 4609 medicinam.
1472 4553 1678 4607 Debere
1696 4541 2009 4622 examinare
2043 4565 2108 4602 an
2136 4551 2330 4622 malum
2363 4541 2418 4600 D
2442 4541 2816 4622 hominumqui
2847 4561 2964 4604 sunt
2988 4552 3038 4604 in
3054 4541 3220 4622 sacris
3261 4549 3487 4621 legitima
3509 4541 3746 4622 conjitgia
3781 4541 4034 4622 deiet-cpi

764 4628 970 4681 oriatur
989 4639 1053 4680 es
1079 4623 1285 4690 habitu,
1314 4638 1380 4676 an
1415 4639 1478 4675 ex
1511 4621 1838 4681 infirmitate,
1867 4634 1934 4672 an
1978 4635 2040 4690 es
2074 4634 2231 4687 prava
2258 4621 2335 4672 af-

765 4694 1012 4749 fectione.
1047 4688 1283 4762 Denique
1305 4691 1587 4761 pastoralis
1627 4693 1790 4758 ipsius
1819 4703 1938 4744 cs-..e
1959 4688 2120 4762 officii
2151 4703 2337 4762 erran-

768 4774 873 4818 tem
901 4778 1055 4818 ovem
1092 4760 1374 4827 reducere,
1407 4761 1633 4830 ideoque
1660 4777 1818 4829 neque
1845 4777 1933 4829 per
1974 4760 2338 4828 desperationis

766 4834 1053 4902 precipitia
1097 4833 1324 4901 impellat
1355 4829 1712 4901 peccatorcm,
1746 4846 1834 4902 nec
1863 4830 1930 4881 ad
1960 4832 2071 4902 vine
2111 4829 2338 4902 dissolu-

765 4898 950 4957 iioncm
979 4912 1022 4957 et
1050 4898 1384 4972 contemptum
1409 4905 1554 4971 frena
1575 4898 2158 4972 relaxet._f)e_o:nnibas
2181 4899 2338 4952 Trul-

768 4974 903 5048 lange
930 4972 1121 5048 synodi
1148 4969 1582 5048 cariouibustam
1627 4969 2117 5048 approbatisquain
2151 4984 2338 5034 repro-

771 5043 905 5095 hatis
938 5039 1193 5114 legendus
1217 5041 1416 5114 Lupus,
1449 5040 1501 5093 in
1530 5040 1670 5093 notis
1695 5049 1746 5092 et
1773 5040 1992 5094 scholiis
2014 5039 2078 5092 ad
2104 5053 2340 5093 canones

769 5112 1262 5168 ronciliiTrullani.
1296 5112 1504 5165 ιἈοιυε.

841 5192 867 5254 ἦ
897 5182 1022 5247 Qua:
1042 5191 1088 5234 et
1114 5182 1260 5254 quasi
1287 5180 1598 5254 synddatiter
1621 5178 1868 5254 tle/initu._
1889 5180 1983 5254 llic
2013 5180 2159 5233 locus
2183 5181 2340 5254 etiam

771 5252 892 5305 addi
921 5259 1094 5320 potest
1125 5249 1520 5320 probationibus
1550 5264 1680 5316 quas
1723 5249 2112 5320 eruditissimus
2157 5253 2345 5313 prorsa!

770 5317 1081 5385 Ciampiuus
1127 5317 1348 5373 adduxit
1395 5317 1493 5388 (In
1545 5321 1794 5372 Examina
1837 5319 1952 5372 libri
2001 5320 2342 5386 Ponti/icalis,

771 5399 893 5443 sect.
924 5390 981 5457 6)
1011 5398 1066 5443 ut
1092 5392 1384 5454 evincerct,
1409 5389 1743 5442 Anastasium
1768 5389 2229 5442 Bibliotliecarinm
2256 5407 2349 5443 au-

772 5470 971 5514 ctorem
1001 5474 1105 5512 non
1135 5473 1254 5512 esse
1279 5458 1513 5511 omnium
1550 5459 1780 5512 Vitarum
1811 5461 2116 5525 pontificum
2147 5476 2264 5526 qua
2298 5461 2346 5512 iu

773 5528 1265 5583 eodemPoutilicali
1289 5539 1409 5580 sunt
1431 5526 1641 5595 scripta:
1670 5565 1685 5589 ,
1730 5545 1845 5595 qum
1868 5532 1966 5582 sub
1994 5533 2105 5594 eius
2139 5531 2349 5584 ttoininc

778 5600 911 5666 typis
941 5599 1163 5666 vulgatis
1190 5606 1332 5649 sunt.
1379 5602 1574 5652 Auctor
1601 5599 1739 5650 enim
1776 5599 1928 5666 hujus
1973 5599 2099 5651 Vita:
2130 5600 2298 5667 Sergii
2333 5604 2348 5654 l

779 5669 959 5724 scribit
993 5672 1043 5720 in
1076 5667 1173 5719 hac
1202 5668 1435 5720 sectione
1468 5669 1747 5735 pugnantia
1773 5671 1991 5720 adversa
2026 5670 2196 5721 fronte
2228 5686 2348 5722 cum

777 5735 842 5788 iis
871 5752 988 5805 qua:
1012 5737 1313 5788 Anastasius
1331 5737 1487 5790 refert
1508 5737 1557 5788 in
1584 5736 1982 5800 praefationibus
2005 5742 2349 5806 synodorum,

779 5815 883 5862 tum
940 5810 1174 5878 septimm
1201 5806 1260 5856 ad
1290 5806 1541 5861 Joannem
1573 5806 1832 5872 \’lll,’tum
1861 5820 2053 5862 octavae
2078 5811 2139 5862 ad
2168 5813 2347 5865 Adria-

2443 4637 2638 4690 quoque
2691 4621 2844 4690 firma
2889 4630 2934 4673 et
2978 4621 3182 4691 stabilia
3227 4634 3348 4691 esse
3391 4621 3677 4686 volumus,’
3705 4621 4034 4691 nequaquam

2444 4689 2618 4742 eorum
2669 4707 2784 4742 cum
2819 4689 3060 4744 uxoribus
3090 4689 3496 4761 conjunctionem
3542 4689 3896 4756 dissolventes,
3949 4697 4037 4748 rel

2441 4776 2525 4814 eos
2571 4771 2742 4812 mutua
2775 4769 2996 4829 tempore
3016 4759 3325 4830 convenienti
3350 4761 3712 4817 consuetudine
3739 4761 4029 4830 primates.

2447 4831 2782 4912 Quamobrem
2811 4831 2856 4912 si
2884 4829 3020 4912 “quis
3064 4830 3258 4912 dignus.
3279 4829 3507 4912 inventus
3536 4833 3707 4912 fuerit,
3733 4829 3822 4912 qui
3851 4834 4033 4912 Ιιρροτ

2442 4903 2708 4965 diaconus,
2753 4899 2828 4953 uti
2861 4897 3142 4964 diaconus,
3180 4897 3258 4953 uel
3289 4897 3546 4970 presbyter
3571 4897 3851 4966 ordinetur,
3875 4897 4029 4955 is'ad

2445 4974 2596 5025 talem
2627 4970 2844 5040 gradum
2872 4971 3063 5040 assumi
3091 4985 3408 5040 nequaquam
3443 4969 3764 5036 prohibeatur
3800 4970 3849 5022 si
3901 4988 4032 5026 cum

2448 5038 2671 5111 legitima
2703 5055 2862 5093 uxore
2908 5038 3178 5093 cohabitet.
3209 5039 3318 5111 Sed
3345 5053 3503 5103 neque
3527 5040 3862 5111 ordinationis
3895 5050 4034 5095 tem-

2448 5109 2569 5175 pore
2609 5110 2672 5162 ab
2721 5126 2780 5164 co
2808 5111 3090 5177 postuletur
3110 5118 3164 5162 ut
3188 5109 3489 5178 proﬁteatur
3514 5126 3567 5162 se
3593 5125 3625 5162 α
3655 5110 3878 5177 legitima
3906 5127 4036 5167 cum

2449 5197 2606 5234 uxore
2623 5181 2984 5234 consuetudine
3012 5181 3452 5250 obstenturum....
3486 5178 3547 5250 Si
3575 5180 3683 5246 quis
3711 5195 3830 5250 ergo
3865 5181 4036 5246 fuerit

2447 5268 2622 5317 ausus,
2668 5263 2849 5319 praeter
2891 5247 3196 5317 apostolicos
3225 5263 3441 5301 canones
3486 5247 4032 5319 incitatus,faliqucm

2448 5338 2625 5374 eorum
2653 5322 2736 5385 qui
2766 5330 2880 5374 sunt
2904 5323 2954 5372 in
2975 5321 3156 5381 sacris,
3181 5320 3587 5388 presbyterorum
3633 5318 3910 5385 inquimus,
3947 5327 4036 5377 vel

2449 5394 2799 5452 tlia'O‘torltm,
2835 5391 2910 5442 vel
2962 5389 3446 5459 hypodiaconorum,
3495 5389 3856 5456 conjunctione
3900 5405 4034 5447 cum

2451 5462 2674 5530 lcg'tima
2701 5475 2857 5513 uxore
2882 5469 2925 5513 et
2961 5458 3322 5530 consuetudine
3351 5458 3570 5530 privare,
3597 5461 3906 5526 deponatur.
3938 5461 4039 5516 Si.

2453 5528 2638 5584 utiliter
2661 5542 2706 5584 et
2733 5532 2776 5584 si
2802 5530 2913 5598 quis
2941 5530 3216 5598 presbyter,
3248 5528 3322 5580 vel
3343 5528 3608 5593 diaconus,
3625 5543 3768 5580 suam
3800 5544 4033 5585 uxorem

2453 5602 2648 5670 pietatis
2671 5610 2915 5669 prtvtextu
2951 5601 3171 5666 ejeccrit,
3201 5606 3527 5668 segrcgctur;
3553 5608 3598 5650 et
3623 5599 3668 5652 si
3722 5613 4035 5668 perseveret,

2453 5674 2732 5735 deponatur
2751 5671 2897 5735 (Crit.
2922 5671 3030 5734 15).

2525 5743 2786 5794 l’rmtcrca
2836 5741 2934 5794 hoc
2981 5738 3276 5793 Concilium
3324 5752 3554 5790 canones
3611 5736 3839 5791 habebat
3891 5741 4038 5797 alios

2458 5813 2670 5865 minime
2699 5811 3050 5881 recipiendos,
3084 5821 3131 5863 ut
3163 5808 3248 5878 qui
3282 5809 3485 5863 admitti
3533 5807 3610 5875 jul
3632 5818 3683 5863 et
3706 5806 3951 5879 quinque
3987 5825 4038 5868 et
