4214 6542
204 406 272 455 »ξι
1127 398 1395 453 ΜΠὛΗΛ
1441 398 1799 452 ΗΞΒῚὈΙΗΕΧ
1848 402 1859 449 l

1797 442 1799 447 .
1848 400 1905 449 l.\'
1951 398 2247 452 Sizl‘iiIlUM
2295 399 2537 451 I'Al’Aii.
3398 396 3461 447 Ἠ

207 524 376 579 atque
437 512 651 577 objeeit,
688 514 886 579 eligens
919 520 1041 563 ante
1088 514 1239 574 ntoti,
1292 528 1445 580 quam
1497 514 1784 564 Itnvilalttnt
1819 520 1859 570 ,κ
1893 513 2249 579 apostolorum
2286 514 2538 581 principe,
2584 512 2924 579 Stilir:tgatite,
2977 528 3231 583 suamque
3280 516 3462 570 Eccle-

210 604 489 655 erroribns
551 603 873 656 consentire.
922 601 1020 666 Qui
1076 611 1097 636 ³
1150 603 1433 668 imperator
1488 600 1783 669 Sergium”

210 692 627 757 magiSIrianmn
697 692 748 744 in
799 700 1037 759 spretum
1106 692 1473 758 praenominati
1523 692 1786 759 pontiﬁcis

210 780 443 833 itotnam
489 781 724 846 mittens,
754 780 1009 833 Joannem
1065 780 1171 833 Deo
1202 779 1480 833 amabilem
1532 780 1789 833 Portuen-

205 885 328 921 sent
356 870 683 938 episc0pnm,
717 886 810 923 seu
844 882 865 909 ο
900 871 1227 923 Bonifacium
1259 868 1618 924 consiliarium
1661 884 1786 936 apo-

207 972 274 1012 st.
305 959 419 1013 time
447 961 610 1025 sedis,
638 976 818 1015 secum
847 963 899 1015 in
930 960 1128 1029 regiam
1157 960 1377 1014 abstulit
1402 960 1604 1014 urbem.

281 1046 311 1083 ιι
347 1048 549 1103 Deinde
584 1049 899 1104 Zachariam
931 1050 1217 1103 immanem
1269 1064 1421 1102 suum
1454 1060 1788 1118 protospatav

206 1141 352 1191 rium
383 1154 499 1193 eum
528 1142 768 1209 jussione
794 1140 1006 1206 direxit,
1039 1149 1095 1193 ut
1119 1140 1434 1207 prtedictum
1484 1142 1788 1207 pontiﬁcem

204 1229 458 1280 similiter
490 1229 542 1280 in
568 1228 764 1295 regiam
789 1227 1095 1295 deportaret
1124 1228 1470 1293 urbem.St-d,
1494 1231 1790 1287 misericor-

205 1320 296 1372 dia
332 1321 423 1374 Dei
472 1321 862 1389 prtevenientc,
910 1322 1171 1389 beateque
1230 1322 1385 1376 i’etro
1414 1325 1692 1391 apostolo,
1739 1334 1793 1379 et

1891 604 2019 653 siam
2046 603 2418 655 intmntilatam
2447 612 2713 667 servante,
2747 604 3031 657 excitatura
3060 615 3143 658 est
3176 616 3197 641 ο
3230 621 3323 660 cor
3362 605 3463 657 iia-

1892 691 2130 742 vennatis
2176 692 2399 757 militize,
2459 692 2680 746 ducatus
2733 695 2891 747 etiam
2950 695 3359 761 l‘eutapolltani,
3414 705 3465 747 et

1889 780 2295 849 circumquaque
2328 784 2559 849 partium
2608 783 2623 812 ¹
2655 797 2757 835 non
2802 785 3107 850 permittere
3161 787 3461 852 pontiﬁcem

1889 870 2032 923 sedis
2061 872 2367 938 apostolica:
2400 874 2449 924 in
2499 872 2696 940 regiam
2742 874 3034 927 ascendere
3063 874 3271 929 urbem.
3304 875 3463 928 Cum-

1895 974 1995 1028 que
2024 976 2086 1015 ex
2132 960 2276 1014 omni
2323 971 2469 1026 parte
2519 961 2800 1015 multitudo
2849 962 2868 992 '
2899 963 3099 1017 militiae
3138 965 3462 1027 conveniret,

1898 1050 2178 1104 Zacharias
2216 1050 2235 1081 ³
2261 1050 2525 1118 spatarius
2573 1053 2909 1119 perterritus,
2939 1063 2993 1108 et
3025 1054 3311 1121 trepidans,
3346 1068 3409 1107 ne
3436 1070 3464 1106 a

1902 1142 2049 1217 turba
2088 1142 2289 1196 militia:
2336 1143 2689 1212 occideretur,
2744 1156 2922 1213 portas
2975 1145 3187 1214 quidem
3239 1147 3465 1200 civitatis

1901 1222 2074 1287 cl'audi
2104 1242 2157 1288 et
2188 1235 2357 1289 teneri
2384 1235 2404 1264 ⁸
2427 1234 2732 1303 pontiﬁcem
2763 1237 3083 1304 postulabat.
3116 1236 3237 1304 lpse
3263 1251 3386 1291 vero
3414 1238 3463 1289 in

1901 1325 2145 1380 cubiculo
2178 1327 2437 1394 pontiﬁcis
2491 1326 2871 1382 tremebundus
2913 1329 3121 1399 refugit,
3174 1329 3465 1396 deprecans

1423 1431 1805 1486 VARIAN'I‘ES
1846 1431 2245 1489 LECTIONES.

285 1523 297 1549 ι
336 1520 465 1571 Cod.
502 1520 656 1577 [.nc..
693 1528 743 1571 ut
778 1536 874 1571 non
906 1520 1264 1584 permitterem.

282 1591 303 1618 ’
336 1589 503 1643 Labb.
539 1598 590 1643 et
623 1590 812 1653 Mans,
847 1590 1068 1642 nutlitia'.

1970 1524 1987 1552 '
2019 1523 2148 1577 Cod.
2185 1523 2337 1594 Luc.,
2379 1530 2795 1594 protospatmias.

1970 1594 1986 1621 ⁸
2012 1594 2137 1648 Cod.
2186 1591 2334 1651 Luc.,
2363 1610 2391 1643 η
2421 1591 2653 1662 pontiﬁce
2685 1600 2749 1648 ad
2795 1600 2945 1666 pedes
2980 1602 3249 1666 ron'iﬁris.

1524 1701 1879 1757 VARIORUM
1922 1700 2145 1756 NOTAE.

205 1817 481 1905 octoginta
510 1830 745 1905 canones
773 1816 1128 1905 :tp:).tolurttttt
1174 1815 1739 1905 nomettnpraeferentes
1767 1836 1778 1877 ς
1818 1850 1860 1905 η
1893 1819 2032 1888 ginta
2062 1818 2168 1905 dies
2195 1819 2331 1905 dedit
2364 1820 2406 1871 ci
2436 1822 2653 1881 spatium
2696 1832 3072 1905 sa‘nctw'tuem.‘
3111 1822 3261 1905 I’uter
3301 1835 3465 1876 nostr

206 1889 301 1951 qui
350 1884 607 1956 prohibet
654 1884 911 1955 jejunium
973 1886 1323 1940 Sabbatorum
1356 1884 1782 1956 Quadragesitnm

212 1953 377 2017 tierif
416 1957 498 2009 vel
539 1958 588 2008 in
632 1953 869 2009 Rtnnana
918 1956 1195 2018 Ecclesia;
1233 1956 1321 2022 qui
1362 1956 1427 2006 ab
1454 1953 1707 2007 sumteato
1734 1965 1786 2008 et

208 2026 475 2092 sanguine
505 2026 759 2080 abstineri
788 2025 940 2093 jubet
969 2026 1211 2086 clericos,
1242 2024 1594 2086 depositionis
1633 2040 1783 2088 poena

212 2095 512 2160 proposita,
536 2096 699 2148 laicus
715 2107 889 2147 autem
912 2094 1011 2147 sub
1026 2107 1179 2159 poena
1196 2094 1781 2153 excommunicationis;

210 2178 276 2217 ac
309 2164 546 2227 demum,
570 2165 660 2231 qui
706 2174 848 2216 vetat
878 2162 1091 2231 depingi
1125 2161 1403 2214 Dominum
1434 2172 1671 2213 It0strtttn
1702 2163 1786 2215 Je-

209 2249 332 2284 snm
363 2230 631 2285 Christum
663 2235 760 2285 sub
784 2230 1094 2301 lignra’agui
1141 2244 1172 2281 a
1219 2245 1545 2301 prrecursore
1583 2233 1788 2283 Joanne

213 2301 459 2364 indicati,
492 2316 611 2355 cum
666 2300 904 2355 Salvator
930 2300 1303 2368 reprmsentari
1353 2308 1553 2351 tantum
1602 2301 1791 2354 debeat

214 2373 453 2438 humana
473 2370 719 2438 imagine,
748 2386 843 2435 per
866 2385 1021 2434 quam
1042 2384 1229 2421 omnes
1264 2377 1486 2423 caeteras
1509 2371 1789 2437 complevit

212 2440 406 2509 (Cana.
432 2437 486 2499 2,
524 2436 610 2503 55,
636 2440 725 2509 67,
750 2440 860 2503 δέ).
893 2439 1156 2509 Suntsunt.

288 2518 313 2544 ⁸
341 2508 627 2577 Imperator
646 2508 883 2571 Sergium
909 2507 1297 2576 magistrianum
1328 2507 1378 2577 in
1410 2516 1631 2571 spretum
1664 2523 1793 2572 pra:-

212 2579 468 2631 nontinati
516 2578 771 2646 pontiﬁcis
823 2578 1030 2630 Romam
1061 2577 1283 2646 mittens.
1317 2576 1635 2646 Magistriani
1671 2587 1792 2646 sunt

210 2661 439 2715 agentes
469 2644 524 2699 in
552 2648 728 2708 rebus,
770 2647 845 2700 sic
867 2646 1013 2709 dicti,
1038 2645 1156 2712 quia
1180 2644 1324 2715 inter
1353 2645 1524 2715 ofﬁcia
1560 2644 1787 2711 palatina

214 2712 640 2770 tnilitabantsub
670 2715 1012 2780 dispositione
1056 2714 1291 2780 magistri
1320 2712 1632 2765 ofﬁcim-tun.
1669 2714 1790 2766 Am-

214 2788 393 2849 bros.,
426 2785 491 2838 de
520 2782 699 2851 Ofﬁc.,
728 2779 822 2837 lib.
866 2800 921 2845 ll,
955 2796 1072 2847 cap.
1096 2780 1167 2833 (ἐξ)
1195 2798 1205 2831 :
1243 2779 1522 2848 Legebatur
1566 2784 1796 2848 rescripti

212 2860 384 2921 forma
415 2854 672 2915 directiar,
714 2854 941 2920 magistri
990 2852 1260 2919 ofﬁciorum
1311 2858 1528 2914 statuta,
1575 2866 1725 2919 agens
1748 2852 1797 2903 in

213 2926 370 2976 rebus
400 2924 705 2975 imminebat.
741 2924 1080 2975 ALTASERBA.

289 2992 317 3028 δ
346 2990 919 3061 Magistrianuerum
960 2989 1248 3061 imperialia
1286 2991 1439 3061 ,jussa
1482 2986 1683 3061 majore
1712 3003 1787 3041 cc—

219 3058 455 3116 leritate'
476 3060 811 3127 exsequenda
854 3070 1024 3123 erant,
1059 3058 1385 3125 magistriani
1434 3059 1792 3111 mittebantur.

214 3134 332 3196 Qua
361 3131 561 3183 ratione
592 3132 755 3182 inulto
786 3130 986 3198 pridem
1021 3128 1125 3181 Leo
1154 3132 1437 3194 imperator
1460 3129 1522 3179 ad
1567 3127 1791 3195 compri-

220 3201 451 3255 mendos
481 3200 731 3253 tumultus
752 3216 886 3266 quos
911 3201 961 3251 in
986 3198 1218 3267 [Egypto
1241 3198 1553 3250 Timotheus
1584 3198 1798 3251 Ailurus

218 3271 624 3339 Eutychianista
672 3271 1032 3331 excitaverat,
1086 3268 1228 3320 misit
1270 3267 1651 3339 Atnagistrianos
1710 3283 1798 3335 per

217 3337 409 3393 urbem
440 3339 503 3392 ad
536 3339 835 3408 episcopos,
870 3349 925 3391 ut
956 3353 1047 3404 per
1077 3337 1374 3406 encyclicas
1400 3337 1523 3401 quid
1554 3338 1619 3389 de
1659 3339 1799 3408 sedi-

221 3411 379 3463 tiosis
431 3409 693 3462 hazreticis
722 3406 1125 3462 decernendum
1174 3418 1333 3467 esset,
1365 3421 1461 3459 una
1488 3420 1672 3459 omnes
1702 3406 1802 3461 lide

220 3490 276 3533 et
310 3488 490 3531 mente
517 3480 891 3532 rescriberent.
928 3480 1203 3531 UENCINUS.

306 3547 674 3615 ¢Bonifacium
697 3548 1065 3600 consiliarium.
1098 3547 1246 3613 Apud
1278 3546 1570 3598 [lontanum
1602 3546 1803 3599 clerum

220 3630 273 3673 et
309 3616 612 3684 pontiﬁcem
636 3617 859 3684 dignitas
890 3616 1173 3670 consiliarii
1203 3615 1663 3680 sedisapostolicze
1693 3625 1807 3668 erat

224 3690 367 3741 inter
414 3686 831 3753 spectabiliores.
864 3686 960 3751 Qui
994 3686 1133 3738 enim
1171 3686 1267 3738 hoc
1299 3698 1518 3737 munere
1550 3685 1801 3751 iungeba-

222 3768 309 3810 tur
356 3757 409 3807 iu
466 3755 801 3823 gravioribus
861 3754 1188 3820 publicisque
1236 3754 1612 3823 controversiis
1664 3754 1805 3805 velut

222 3822 734 3891 :isscssor’poutiﬁci
760 3832 810 3877 et
838 3824 982 3877 clero
1006 3825 1242 3887 astabat;
1268 3832 1321 3875 et
1351 3822 1393 3873 si
1418 3823 1624 3889 quando
1651 3836 1802 3874 vaca-

223 3904 309 3947 ret
338 3895 513 3957 sedes,
546 3908 649 3945 una
678 3908 795 3945 cum
828 3892 948 3945 aliis
972 3895 1185 3959 regebat
1210 3893 1524 3945 Ecclesium.
1562 3893 1632 3943 De
1665 3892 1805 3943 illius

223 3964 406 4017 uilicio
466 3961 697 4030 loquitur
748 3961 1037 4029 Gregorius
1093 3962 1184 4023 Μ..
1242 3962 1332 4015 lib.
1375 3975 1408 4012 ll
1442 4000 1455 4021 ,
1513 3963 1665 4027 epist.
1715 3960 1801 4011 5i.

223 4036 434 4100 Quippe
470 4033 519 4082 in
566 4032 929 4085 controversia
976 4031 1369 4100 privilegiorum
1414 4030 1665 4082 Ecclesim
1709 4032 1806 4081 lia-

228 4099 571 4155 vennatcnsis
616 4100 791 4169 potior
815 4100 1118 4168 disquisitio
1161 4099 1302 4153 sedis
1329 4100 1634 4166 apostolica:
1665 4100 1807 4150 Con-

223 4172 429 4225 δίιι.ι·ἰυ
476 4170 791 4224 demandata
837 4180 938 4222 est.
987 4170 1095 4223 lmo
1139 4183 1257 4223 cum
1306 4169 1705 4237 Copronymus,
1758 4172 1807 4219 in

223 4245 385 4309 epist.
409 4238 474 4293 ad
495 4240 740 4293 Carolum
762 4239 853 4302 Μ..
877 4248 1291 4309 conquereretur
1309 4237 1804 4309 derrtstopboro,

224 4306 538 4378 apostolica:
577 4310 723 4363 sedis
771 4307 1095 4371 consiliario,
1144 4308 1335 4378 Paulus
1384 4306 1663 4378 lpontilex
1712 4322 1808 4369 pro

223 4376 294 4434 eo
318 4380 533 4445 scripsit
554 4378 937 4445 apologeticam
965 4378 1244 4444 epistolam
1274 4376 1341 4445 ad
1370 4376 1636 4445 Carolum,
1667 4390 1806 4441 quae,

227 4461 362 4513 etc.,
426 4444 475 4501 in
526 4444 1039 4509 Cedice’Carolino,
1091 4456 1233 4498 temo
1275 4444 1339 4497 Ill
1387 4444 1579 4513 Script.
1633 4459 1806 4496 rerum

1891 1905 2024 1959 papa
2055 1888 2383 1945 Benedictus.
2416 1900 2460 1940 et
2487 1907 2573 1957 per
2600 1892 2820 1959 singulos
2868 1891 2975 1943 dies
3008 1893 3228 1943 mittebat
3253 1894 3322 1944 ad
3350 1910 3465 1945 eum

1893 1958 2212 2023 lionifacium
2238 1960 2607 2023 consiliarium,
2640 1958 2687 2012 et
2708 1959 3099 2013 commonitoriis
3130 1961 3288 2013 verbis
3318 1963 3465 2014 doce»

1890 2027 1970 2098 but
2001 2044 2113 2080 cum
2145 2030 2312 2080 divina
2359 2027 2657 2096 Scriptura;
2685 2038 2735 2082 'et
2765 2044 3021 2096 nunquam
3060 2028 3217 2082 voluit
3257 2032 3462 2098 cortigi.

1892 2093 2006 2167 [loc
2036 2104 2199 2148 autem
2228 2097 2440 2167 faciebat
2470 2093 2531 2167 ut
2566 2093 2888 2162 persuaderet
2926 2107 2973 2149 et
3013 2099 3297 2167 corrigeret
3325 2093 3460 2150 eum.

1894 2164 2183 2235 imperator
2214 2168 2387 2234 itaque
2407 2164 2731 2218 Justinianus
2752 2164 3179 2235 animadvertens
3218 2183 3247 2221 a
3278 2166 3461 2235 Sergio

1891 2234 2202 2300 denegatam
2246 2232 2703 2289 conﬁrmationem
2755 2232 3125 2288 'l‘rnllannrnm
3192 2232 3454 2291 canonum

1892 2306 2259 2370 suggesnone,
2317 2314 2372 2356 ut
2426 2304 2735 2368 videbatur,
2817 2304 3071 2357 Bonifacii
3141 2306 3464 2365 consiliarii,

1894 2381 2174 2437 utrumque
2202 2373 2392 2438 Cplitn.
2442 2373 2629 2426 adduci
2662 2373 2858 2437 voluit“,
2892 2372 3012 2426 facti
3048 2374 3305 2428 rat’oncttt
3355 2374 3465 2429 edi-

1898 2448 2065 2491 turos.
2093 2443 2370 2495 ancmus.

1966 2507 1990 2543 ιι
2022 2510 2215 2564 Deinde
2248 2510 2571 2575 Zachariam,
2601 2522 2702 2564 etc.
2750 2513 2937 2568 Omnia
2965 2515 3013 2567 in
3038 2516 3240 2582 synodo
3269 2522 3384 2569 acta
3411 2517 3463 2570 in

1902 2577 2181 2653 Romanam
2201 2581 2379 2653 urbem
2393 2583 2459 2631 ad
2474 2582 2884 2653 conﬁrmandum
2910 2585 2986 2637 vel
3010 2577 3332 2653 iit-superiori
3354 2586 3463 2638 loco

1899 2647 2308 2722 subscribendum
2343 2648 2519 2722 S_ergi_o
2541 2652 2799 2722 pontiﬁci,
2844 2661 3015 2721 utpote
3045 2647 3195 2722 capiti
3233 2657 3468 2708 sacerdo-

1902 2727 2018 2787 tum
2051 2718 2309 2787 omnium,
2367 2717 2715 2773 Jusunimum
2774 2717 3145 2787 imperatorem
3213 2724 3469 2778 direxisse

1901 2786 2084 2858 scribit
2115 2786 2457 2858 Anastasius;
2490 2802 2607 2841 cum
2639 2789 2780 2843 enim
2819 2786 3146 2845 Justinianus
3174 2802 3319 2858 gesta
3367 2793 3467 2845 lm-

1896 2853 1980 2929 jus
2027 2856 2215 2929 synodi
2278 2871 2371 2929 sex
2428 2859 2583 2929 tomis
2642 2860 3027 2929 comprehensa
3083 2853 3470 2929 abi'episeopi;

1902 2923 2218 2996 subscripta,
2240 2933 2303 2996 et
2320 2926 2582 2993 imperiali
2610 2923 3115 2993 manu’conﬁrmata,
3136 2929 3200 2981 ad
3225 2923 3465 2996 Sergium

1906 3006 2090 3059 papam
2135 2995 2297 3058 misit,
2345 2996 2525 3048 charta
2560 3010 2692 3063 pura
2736 2997 2788 3049 in
2829 2997 3025 3051 Codice
3052 2999 3264 3052 concilii
3288 2995 3468 3054 relicta

1902 3071 1984 3114 est
2012 3073 2134 3117 ante
2158 3073 2378 3135 racteras
2412 3066 2755 3131 patriarchas,
2800 3077 2915 3132 post
2943 3066 3298 3120 Justinianum
3341 3070 3468 3135 imp.

1904 3141 1962 3184 nt
1982 3146 2099 3185 eam
2126 3134 2516 3199 subscriptione
2540 3149 2633 3188 sua
2654 3135 2904 3200 repleret.
2953 3136 3152 3190 Eodem
3180 3137 3333 3202 plane
3358 3134 3472 3192 m0-

1907 3202 1974 3254 do
2004 3202 2189 3255 charta
2214 3218 2345 3268 pura
2369 3204 2550 3257 relicta
2574 3214 2654 3257 est
2673 3205 2939 3272 episcopis
2965 3204 3272 3259 absentibus
3297 3206 3468 3260 Thes-

1906 3272 2243 3334 salonicensi,
2282 3274 2570 3337 Ravennae,
2594 3272 2875 3338 Sardiniae,
2905 3284 2959 3327 et
2986 3273 3274 3337 Heracleae,
3299 3285 3355 3328 ut
3379 3278 3471 3328 sal-

1908 3351 2012 3410 tem
2037 3353 2155 3408 post
2186 3341 2412 3395 Solutam
2434 3343 2694 3410 synodum
2715 3344 2846 3396 actis
2867 3344 3295 3406 subscriberent;
3331 3347 3469 3407 quod

1908 3409 2094 3463 iisdem
2120 3411 2293 3464 verbis
2324 3412 2375 3463 in
2405 3409 2600 3465 codice
2625 3411 2933 3464 adnotatum
2956 3423 3034 3465 est
3062 3430 3073 3463 :
3111 3412 3272 3464 Locus
3314 3412 3472 3466 Thcs-

1907 3480 2251 3544 salonicensis,
2274 3482 2412 3533 locus
2440 3480 2835 3543 Ravennatis,et
2855 3489 3191 3535 cancrorum.
3223 3483 3324 3537 Sed
3356 3484 3475 3535 Ser-

1908 3546 2023 3614 gius
2053 3558 2168 3602 acta
2187 3549 2506 3603 conﬁrmare
2527 3550 2792 3603 recusavit
2820 3566 2833 3601 :
2873 3548 3281 3615 Compellebatur
3303 3562 3405 3603 aut.
3426 3568 3472 3602 nt

1909 3627 1953 3671 ct
1978 3619 2101 3685 ipse,
2142 3620 2311 3686 inquit
2340 3620 2673 3685 Anastasius,
2701 3618 3027 3679 subscribere,
3072 3621 3159 3671 sed
3185 3620 3474 3672 nullatenus

1908 3687 2168 3749 acquievit,
2201 3704 2291 3757 pro
2340 3704 2399 3740 co
2438 3689 2575 3755 quod
2599 3690 2834 3756 quadam
2874 3688 3100 3755 capitula
3131 3697 3273 3741 extra
3323 3692 3479 3741 ritum

1906 3758 2294 3810 ecclesiasticum
2321 3757 2517 3824 fuerant
2548 3758 2599 3809 in
2622 3773 2679 3809 eo
2706 3772 2925 3820 annexa,
2967 3772 3078 3822 qua:
3098 3766 3144 3809 et
3173 3760 3324 3825 quasi
3357 3775 3471 3825 syn.

1911 3827 2123 3877 odaliter
2147 3827 2373 3893 definita,
2404 3836 2448 3878 et
2471 3827 2523 3878 in
2543 3842 2629 3879 sea:
2653 3828 2801 3879 tomis
2819 3828 3092 3893 descripta,
3111 3836 3213 3880 etc.
3247 3827 3346 3888 Qui
3369 3827 3475 3879 bea-

1911 3896 2134 3948 tissimus
2175 3892 2401 3963 pbntifca:
2457 3898 2653 3962 penitus
2694 3895 2859 3948 eidem
2912 3892 3209 3948 Iustiniano
3253 3897 3479 3964 Augusto

1912 3980 2010 4015 non
2034 3967 2301 4032 acquievit,
2350 3981 2440 4016 nec
2484 3970 2682 4016 eosdem
2709 3973 2870 4016 tomos
2896 3965 3145 4031 suscipere
3167 3974 3254 4015 aut
3277 3966 3479 4017 lectioni

1914 4036 2135 4095 pandere
2163 4050 2340 4099 passus
2371 4043 2460 4085 est.
2492 4032 2652 4084 Porro
2679 4048 2763 4085 eos
2787 4043 2840 4084 ut
2856 4034 3106 4086 invalidus
3129 4034 3316 4102 respuit
3333 4044 3480 4101 atqu..-

1914 4104 2102 4169 rejrcit,
2136 4102 2324 4171 eligens
2354 4104 2513 4170 magis
2554 4103 2680 4154 mori
2706 4118 2858 4171 quam
2901 4103 3177 4171 novitatum
3202 4170 3207 4171 ν
3230 4106 3479 4156 erroribu.~

1915 4170 2217 4224 consentire.
2262 4171 2339 4225 De
2388 4173 2450 4224 iis
2478 4172 2770 4224 canonibus
2823 4170 2876 4223 in
2922 4170 3125 4224 Joanne
3175 4170 3261 4224 \'ll
3297 4187 3477 4225 rursus

1912 4252 2093 4310 sermo
2142 4241 2354 4310 redibit.
2398 4240 2530 4292 Cum
2564 4241 2740 4310 itaque
2764 4238 3005 4310 Sergius,
3035 4240 3317 4310 Justiniani
3349 4241 3476 4310 imp.

1915 4308 2160 4372 precibus
2209 4309 2610 4380 haudquaquam
2662 4308 2892 4380 fractus,
2932 4308 3263 4380 Quiugisexta:
3292 4308 3480 4380 synodi

1916 4391 2148 4448 canones
2200 4377 2493 4448 reiecisset,
2543 4377 3168 4448 imperator'Lachat-iam
3201 4377 3477 4448 protospa-

1919 4447 2109 4497 Larium
2137 4461 2290 4499 suum
2318 4446 2539 4499 Romam
2572 4447 2735 4509 misit,
2768 4446 2856 4513 qui
2885 4447 3184 4513 pontiﬁcem
3214 4446 3483 4503 Constan-

232 4503 427 4572 l~‘ranc.
454 4516 760 4579 Duchesnii,
791 4526 948 4583 atque
974 4503 1110 4567 inter
1139 4516 1240 4567 alia
1273 4515 1438 4580 inquit
1467 4530 1477 4563 ε
1506 4503 1651 4584 Nam
1678 4513 1808 4564 illud
1841 4503 1891 4560 D
1918 4515 2190 4581 tinopolim
2239 4515 2561 4581 deportaret.
2596 4515 2702 4584 Sed
2724 4503 2923 4569 militia
2966 4516 3256 4584 Ravennae,
3287 4520 3484 4572 vicina-

227 4592 282 4642 in
314 4588 442 4652 ipsis
481 4587 583 4639 suis
628 4582 1126 4653 apicibus’aﬂ‘crunt,
1157 4584 1289 4651 quod
1312 4584 1525 4635 dilectus
1553 4582 1689 4653 ﬁlius
1717 4599 1809 4635 no-

228 4674 330 4711 s'er
362 4652 759 4724 Cltristttpltm'us
787 4654 1101 4723 primicerius
1131 4664 1174 4705 ct
1205 4653 1550 4714 consiliarius,
1582 4652 1688 4724 sine,
1714 4670 1807 4703 η.»-

227 4740 337 4781 stra
359 4723 678 4791 auctoritate,
710 4726 852 4777 nobis
885 4726 1030 4791 quasi
1066 4724 1411 4792 ignorantibus
1434 4763 1447 4784 ,
1473 4723 1809 4790 suggestioucs

229 4801 351 4850 illas
380 4796 677 4855 direximus.
711 4796 929 4864 fecisset,
949 4804 995 4847 et
1012 4796 1144 4845 alias
1170 4809 1261 4862 pro
1291 4794 1406 4845 aliis
1428 4795 1539 4862 ejus
1562 4795 1813 4864 etvestris

232 4868 404 4919 missis
438 4865 728 4933 relegissrt;
758 4874 803 4917 et
851 4866 901 4917 in
948 4874 1118 4918 testem
1148 4874 1191 4917 et
1235 4864 1462 4933 judicent
1507 4863 1812 4929 proferimus

231 4938 430 4998 Deum,
456 4931 590 5003 quod
636 4936 705 4986 ita
736 4949 1054 5001 nequaquam
1090 4936 1190 4999 sit;
1219 4931 1345 4984 nihil
1374 4932 1505 4984 cnim
1550 4933 1656 5000 ipse
1687 4948 1811 4984 con-

230 5006 456 5061 siliarius
486 5017 627 5057 astra
667 5014 892 5056 nostram
923 5005 1229 5056 volunta:em
1272 5003 1545 5065 aliquando
1589 5004 1705 5071 egit,
1741 5005 1814 5055 vel

230 5092 385 5146 agere
422 5075 723 5146 praesumsit,
752 5074 989 5146 quoniam
1012 5075 1173 5146 nostri
1194 5072 1592 5146 Aprwdeccssoris
1623 5082 1669 5124 et
1705 5088 1815 5140 ger-

233 5093 385 5146 agere
398 5093 723 5195 JN'CUSIURSN,
752 5093 989 5143 quantum
1012 5093 1172 5126 ηοδιη
1212 5093 1592 5141 prwacccssarts
1623 5093 1669 5124 ει
1705 5093 1814 5140 ger-

233 5146 375 5197 mani
435 5148 566 5195 omni
594 5144 842 5213 Stephani
865 5158 1011 5208 papa:
1046 5143 1200 5195 simul
1230 5153 1277 5194 et
1304 5152 1472 5194 noster
1501 5143 1720 5213 sincerus
1745 5151 1814 5193 at-

233 5232 331 5282 que
363 5211 741 5282 probatissimos
770 5213 935 5280 fidelis
976 5214 1186 5275 exstitit,
1216 5222 1262 5263 et
1294 5214 1344 5263 in
1373 5211 1603 5263 omnibus
1625 5214 1811 5273 existit,

234 5299 281 5336 (ι
325 5285 580 5351 satisfacti
613 5300 795 5353 sumus
834 5284 897 5335 de
927 5284 1038 5353 ejus
1080 5282 1407 5336 immaculata
1437 5282 1538 5347 [ide
1584 5293 1628 5335 et
1669 5284 1817 5353 firma

235 5355 406 5408 cordis
437 5354 736 5406 constantia.
764 5352 837 5405 Ex
888 5351 969 5406 his
997 5353 1161 5420 liquet
1207 5353 1569 5407 c0ttsiliarium
1595 5353 1645 5404 in
1696 5351 1815 5404 lidci

237 5424 645 5491 disciplina-que
690 5423 1175 5476 concertationibus
1210 5422 1449 5476 doctrina
1479 5436 1571 5474 sua
1606 5431 1660 5476 et
1698 5433 1818 5473 voto

240 5494 577 5560 pontiﬁcibus
603 5493 855 5546 adfuisse.
887 5492 1220 5559 Quapropter
1264 5493 1351 5546 hic
1398 5492 1692 5545 Bonifacius
1724 5492 1817 5544 de-

242 5565 410 5618 let-tus
436 5571 515 5615 est
544 5563 609 5613 ad
640 5562 1060 5617 convincendum
1090 5562 1377 5616 Mactrium
1407 5562 1816 5625 Antiochemtm,

239 5650 395 5699 quem
426 5632 614 5685 exsilio
648 5634 965 5686 multaverat
989 5631 1242 5700 synodus
1268 5648 1340 5695 vt,
1372 5642 1425 5683 ut
1460 5633 1679 5697 legimus
1715 5644 1818 5684 aet.

246 5708 262 5756 l
298 5701 483 5772 synodi
518 5717 615 5765 vtt,
652 5716 767 5770 pag.
802 5701 907 5754 65:
952 5699 1150 5755 Etenim
1176 5700 1359 5755 Roma:
1397 5703 1447 5753 in
1489 5704 1665 5754 exsilio
1716 5712 1818 5753 ria!

247 5773 501 5829 )lacrtrius
532 5772 792 5827 lta'rcticus
823 5790 853 5826 a
880 5782 1019 5827 serta
1046 5776 1238 5841 synodo
1274 5775 1482 5834 missus;
1518 5782 1559 5824 et
1599 5774 1817 5841 quadra-

1916 4598 2136 4653 rumque
2159 4586 2403 4651 partium,
2428 4585 2571 4651 jussa
2595 4583 2848 4653 principis
2877 4587 3100 4640 nelauda
3118 4583 3483 4651 contemnens,

1915 4668 2019 4706 non
2074 4655 2314 4720 permisit
2367 4668 2427 4708 ea
2474 4655 2809 4709 exsecutioni
2850 4657 3110 4711 mandari.
3162 4659 3337 4723 Quare
3365 4672 3483 4710 cum

1916 4725 2058 4776 omni
2086 4738 2149 4776 ex
2196 4738 2344 4789 parte
2373 4724 2656 4779 multitudo
2685 4725 2889 4779 militia:
2917 4727 3251 4787 conveniret,
3285 4726 3486 4780 Zacha-

1918 4793 2022 4865 rias
2074 4793 2511 4865 protospatatius,
2565 4796 2617 4848 in
2646 4795 2892 4865 timorem
2928 4796 3158 4865 propria:
3178 4796 3365 4850 salutis
3397 4797 3486 4850 ad-

1918 4863 2128 4928 ductus,
2161 4863 2228 4917 ad
2277 4865 2578 4931 pontiﬁcem
2628 4864 2867 4934 pretinus
2895 4880 2954 4918 se
2984 4863 3204 4934 recepit,
3238 4875 3394 4933 atque
3425 4869 3487 4919 ad

1920 4934 2077 5000 pedes
2105 4942 2401 5001 prostratus
2431 4934 2638 4986 veniam
2669 4933 2891 5003 supplex
2929 4933 3123 4998 oravit,
3153 4946 3203 4987 et
3228 4950 3294 4987 ne
3320 4934 3486 4989 furori

1920 5003 2145 5056 militum
2198 5018 2256 5057 se
2285 5005 2504 5057 dederet
2532 5004 2851 5058 obsecravit.
2882 5003 3120 5059 Pontifex
3164 5004 3358 5057 bonum
3390 5005 3486 5071 ipsi

1919 5072 2151 5125 animum
2198 5072 2592 5140 haberejussit,
2643 5074 2764 5126 inde
2786 5075 2853 5126 ad
2878 5075 3191 5142 placandum
3224 5076 3489 5142 profectus

1919 5142 2232 5205 exercitum,
2263 5158 2356 5204 pro
2390 5143 2603 5197 basilica
2621 5143 2886 5197 Theodori
2907 5144 3195 5211 pontiﬁcis,
3216 5143 3490 5210 patefactis

1923 5213 2090 5266 valvis
2120 5212 2340 5275 assedit,
2375 5227 2437 5266 ac
2469 5214 2724 5267 militibus
2768 5223 2824 5266 et
2874 5213 3069 5282 populo
3098 5214 3315 5277 sedatis,
3350 5215 3489 5280 quod

1924 5298 2019 5350 pro
2059 5284 2232 5336 salute
2288 5298 2384 5336 sua
2436 5292 2578 5336 tanta
2630 5284 2905 5336 alacritate
2952 5297 3098 5337 arma
3145 5284 3492 5348 sumpsissent

1924 5353 2119 5418 gratias
2170 5353 2292 5419 egit.
2343 5354 2447 5406 Nec
2476 5364 2648 5406 tamen
2682 5362 2804 5406 ante
2835 5353 3027 5407 milites
3060 5352 3190 5405 urbe
3237 5353 3496 5405 excedere.

1924 5425 2219 5485 voluerunt,
2255 5439 2410 5491 quant
2455 5432 2705 5477 onustum
2738 5423 3073 5477 contumeliis
3105 5430 3156 5473 et
3187 5432 3331 5475 metu
3379 5437 3494 5487 per-

1926 5491 2167 5544 territum
2229 5493 2350 5547 inde
2380 5492 2688 5545 Zn:hariam
2743 5494 3066 5559 exegissent.
3103 5492 3223 5544 ilxc
3253 5503 3498 5545 constant

1925 5576 1988 5614 ex
2022 5564 2300 5616 Anastasio
2325 5564 2375 5615 in
2408 5562 2523 5617 Vita
2547 5562 2737 5630 Sergii,
2773 5562 2934 5627 Beda,
2967 5564 3059 5616 lib.
3090 5560 3156 5614 de
3177 5561 3302 5630 Sevi
3327 5562 3495 5614 aetati-

1925 5632 2043 5695 bus,
2086 5642 2140 5684 et
2181 5648 2241 5686 ex
2279 5633 2438 5686 Paulo
2471 5629 2725 5696 Diacono,
2758 5632 2846 5687 lib.
2884 5648 2932 5685 γι
2957 5632 3022 5687 de
3069 5631 3240 5683 Gcstis
3289 5629 3495 5697 Longu-

1930 5704 2105 5765 lntrtl.,
2139 5718 2255 5768 cup.
2291 5705 2374 5753 il.
2412 5706 2622 5756 l’scttts.

2005 5783 2023 5801 "
2062 5773 2156 5826 Cor
2198 5774 2499 5826 liarrnnatis
2548 5774 2739 5827 militia:
2818 5775 2944 5827 Cum
2998 5771 3281 5825 Zacharias
3334 5771 3499 5841 itttttc~
