4214 6610
790 415 859 469 '25

2158 388 2449 446 SEliGlL’S
2494 387 2690 441 l‘APA.
3990 385 4051 438 24

791 521 1202 595 lacrymabiliter
1229 527 1287 572 ut
1330 516 1412 572 sui
1443 513 1675 584 pontifex
1707 511 2070 568 misereretur,
2102 519 2197 558 nec
2250 518 2373 572 per-
2405 504 2457 563 Α
2483 507 2589 553 tam
2638 497 2892 552 Ecclesia:
2924 497 3039 563 Dei,
3089 512 3352 567 quamque
3393 497 3719 554 sanctissimi
3772 497 4051 567 pontiﬁcis,

791 593 1026 670 mitteret
1055 623 1376 680 quemquam
1419 606 1537 676 ejus
1564 603 1756 658 anima:
1787 597 2052 654 infestari.
2099 593 2376 649 Exercitus

790 717 965 762 autem
994 698 1320 757 Ravennatis
1351 698 1624 766 ingressus
1677 707 1767 761 per
1795 698 2003 760 portam
2053 684 2192 740 beati
2229 685 2368 738 l’etri

788 796 1039 868 apostoli,
1066 807 1185 847 cum
1215 787 1380 842 armis
1406 795 1459 840 et
1488 788 1504 817 ⁸
1534 783 1756 838 turliain
1780 779 2135 833 Lateranense
2165 774 2372 843 episco-

790 861 930 958 pium
961 861 1127 949 venit,
1155 878 1464 948 pontificem
1495 874 1678 928 videre
1721 879 1977 930 mstuans,
2007 879 2186 935 quem,
2235 861 2373 914 fama

787 954 1052 1047 vulgante,
1099 989 1194 1044 per
1245 980 1453 1027 noctem
1503 965 1768 1021 sublatum
1796 960 1920 1015 etin
1950 959 2213 1027 navigium
2246 954 2373 1009 ιιιίεο

787 1042 902 1122 sum
951 1042 1113 1119 fuisse
1142 1065 1162 1094 ³
1204 1062 1587 1130 cognoverant.
1622 1053 1864 1119 Dumque
1896 1049 2034 1103 fores
2067 1042 2373 1115 patriarcbii

785 1167 890 1209 tam
915 1153 1202 1210 inferiores
1229 1163 1388 1220 quam
1418 1141 1723 1214 superiores
1750 1145 1931 1195 essent
1958 1135 2173 1196 clausae,
2200 1132 2293 1187 bas
2320 1133 2372 1188 in

787 1254 1004 1307 terram.
1058 1241 1158 1296 nisi
1209 1236 1441 1294 velocius
1487 1233 1842 1304 aperirentur,
1875 1225 2086 1281 mittere
2134 1223 2154 1254 ³
2202 1222 2366 1277 mina-

785 1346 990 1398 rentur,
1022 1348 1131 1404 pra:
1154 1333 1316 1388 nimia
1343 1328 1549 1384 timoris
1590 1322 1856 1394 angustia,
1885 1329 1938 1376 et
1961 1320 2082 1375 vitae
2127 1318 2374 1385 despera-

789 1428 934 1482 tione
955 1423 1244 1481 Zacharias
1275 1418 1537 1486 spatarius
1591 1415 1692 1470 sub
1715 1414 1736 1443 “
1766 1413 1959 1468 lectum
1996 1408 2258 1478 pontificis
2288 1405 2371 1460 in-

786 1531 1004 1588 gressus
1051 1528 1170 1569 sese
1200 1508 1510 1573 abscondit,
1561 1507 1632 1559 ita
1677 1512 1733 1559 ut
1780 1510 1956 1556 mente
1997 1497 2289 1561 excideret,
2322 1503 2376 1550 et

786 1610 1032 1682 perderet
1049 1621 1288 1664 sensum.
1312 1605 1481 1671 Quem
1509 1598 1846 1654 beatissimus
1878 1608 2007 1664 papa
2032 1589 2372 1654 confortavit,

786 1681 971 1756 dicens
1021 1709 1079 1754 ut
1130 1697 1275 1752 nullo
1305 1693 1464 1747 modo
1519 1690 1753 1744 timeret.
1785 1686 2043 1755 Egressus
2076 1698 2201 1738 vero
2232 1681 2372 1734 idem

785 1791 1127 1848 beatissimus
1172 1784 1411 1856 pontifex
1463 1781 1594 1837 foris
1636 1779 1907 1834 basilicam
1953 1774 2136 1828 domni
2191 1772 2371 1826 Theo-

2478 592 2584 659 jam
2616 603 2644 643 a
2673 589 2980 659 patriarchii
3008 590 3250 646 custodia
3305 599 3325 629 ο
3373 607 3478 647 non
3508 601 3867 660 recesserunt,
3922 605 4049 660 quo-

2480 695 2648 748 usque
2687 678 3088 736 denominatum
3143 682 3433 750 Spatarium
3463 696 3584 738 Cum
3613 682 3821 752 injuriis
3850 692 3904 738 et
3931 696 4052 736 con-

2478 771 2709 825 tumeliis
2759 785 2788 824 a
2842 772 3058 826 civitate
3109 770 3343 827 Romana
3413 773 3544 829 foris
3611 774 3631 805 τ
3705 774 4049 842 depellerent.

2478 868 2502 896 α
2536 861 2666 914 Nam
2710 868 2764 915 et
2810 859 2856 915 is
2885 862 2975 930 qui
3026 861 3173 916 illum
3206 863 3423 918 miserat
3467 864 3581 934 ipso
3623 864 3782 918 etiam
3813 872 4048 931 tempore

2476 962 2576 1017 est,
2630 951 2854 1007 Domino
2911 953 3273 1022 retribuente,
3322 970 3487 1023 regno
3550 957 3804 1025 privatus.
3858 954 4048 1024 Sicque

2476 1044 2711 1099 Ecclesia
2741 1043 2834 1100 Dei
2865 1043 3249 1114 imperturbata
3279 1060 3396 1102 cum
3429 1061 3526 1102 suo
3557 1046 3804 1116 przsule,
3835 1043 4047 1100 Christo

2474 1136 2704 1201 favente,
2740 1145 2948 1192 servata
2975 1145 3078 1192 est.

2548 1225 2643 1280 llic
2668 1226 3008 1282 beatissimus
3031 1226 3111 1281 vir
3136 1225 3187 1281 in
3218 1224 3454 1282 sacrario
3477 1222 3617 1282 beati
3647 1224 3785 1281 Petri
3821 1224 4044 1294 apostoli

2475 1331 2687 1387 capsam
2719 1327 3022 1390 argenteam
3055 1319 3106 1373 in
3136 1318 3326 1388 angulo
3348 1317 3726 1372 obscurissimo
3748 1318 3769 1349 ⁸
3787 1316 4047 1385 iacentem

2477 1419 2550 1477 et,
2575 1425 2636 1465 ex
2659 1410 2932 1478 nigredine
2955 1417 3234 1463 transacta:
3254 1407 3585 1473 annositatis,
3615 1421 3712 1460 nec
3734 1408 3777 1460 si
3800 1416 3944 1461 esset
3967 1420 4050 1459 ar-

2477 1509 2664 1568 gentea
2681 1497 3160 1568 apparentem,Deo
3173 1496 3223 1552 ei
3242 1496 3530 1562 revelaute,
3548 1493 4052 1564 reperit.b0ratione

2479 1594 2655 1660 itaque
2703 1589 2862 1657 facta,
2905 1589 3133 1659 sigillum
3184 1600 3491 1656 expressum
3523 1586 3764 1650 abstulit,
3805 1584 4050 1638 locellum

2476 1682 2703 1752 aperuit,
2760 1682 2810 1734 iu
2843 1696 2950 1750 quo
3009 1678 3232 1734 interius
3272 1677 3606 1746 plumaceum
3637 1689 3703 1730 ex
3752 1674 4052 1729 holoserico

2477 1771 2889 1841 superpositum,
2923 1769 3060 1839 quod
3095 1767 3350 1822 stauracis
3393 1766 3610 1832 dicitur,
3642 1769 3662 1798 ’
3690 1765 3920 1826 invenit.
3951 1764 4050 1818 Eo-

787 1884 1093 1952 ἀοτίρωρε,
1125 1879 1324 1949 apertis
1349 1875 1568 1945 5ianuis
1601 1873 1654 1926 in
1685 1869 1866 1924 sedem
1908 1881 2029 1936 qua:
2078 1865 2238 1934 vulgo
2279 1879 2372 1934 ap-
2406 1851 2451 1910 Β
2479 1880 2581 1934 que
2619 1864 2816 1928 ablato,
2880 1862 3103 1918 inferius
3161 1875 3374 1916 crucem
3424 1859 3651 1914 diversis
3697 1872 3759 1911 ac
3805 1857 4055 1925 pretiosis

786 1972 1015 2043 pellatur
1065 1970 1156 2024 sub
1219 1966 1515 2037 Apostolis,
1573 1959 1978 2033 generalitatem
2047 1957 2252 2010 militiae
2318 1965 2372 2010 et

785 2059 967 2129 populi
1015 2060 1106 2129 qui
1154 2071 1250 2127 pro
1281 2067 1346 2110 eo
1391 2051 1746 2107 occurrebant
1775 2045 2067 2101 honorifice
2107 2045 2369 2115 suscepit;

786 2147 1017 2216 datoque
1043 2153 1167 2213 apto
1185 2152 1240 2198 et
1277 2142 1426 2196 suavi
1450 2151 1732 2206 responso,
1755 2149 1943 2189 eorum
1975 2134 2137 2189 corda
2170 2133 2370 2198 linivit;

787 2250 1084 2309 quanquam
1115 2233 1194 2290 illi
1247 2233 1365 2289 zelo
1419 2228 1566 2285 ducti
1615 2240 1712 2296 pro
1738 2237 1920 2278 amore
1966 2233 2020 2278 et
2065 2225 2370 2279 reverentia

2477 1955 2738 2023 lapidibus
2765 1961 3102 2022 perm-natam
3135 1950 3382 2020 inspexit,
3417 1962 3436 1988 ε
3472 1949 3537 2004 de
3565 1963 3691 2016 qua,
3717 1945 3900 2001 tractis
3933 1960 4055 2013 qua-

2482 2058 2600 2100 tuor
2650 2043 2859 2113 petalis,
2905 2041 2957 2096 in
3007 2040 3198 2110 quibus
3243 2052 3466 2109 gemma:
3503 2039 3699 2092 clausae
3725 2047 3878 2092 erant
3911 2036 4058 2088 mirze

2481 2133 2884 2204 magnitudinis,
2918 2130 2942 2169 ἀ
2992 2140 3046 2186 et
3098 2128 3414 2184 ineffabilem
3457 2128 3759 2197 portionem
3807 2123 4057 2179 salutaris

2482 2225 2608 2296 ligni
2658 2223 2942 2279 dominica:
2971 2221 3144 2276 crucis
3173 2218 3394 2274 invenit.
3421 2221 3550 2284 Qua:
3575 2217 3736 2273 etiam
3766 2229 3829 2270 ex
3852 2214 3943 2267 die
3973 2213 4059 2263 illo

2011 2332 2403 2392 VARIANTES
2445 2333 2848 2393 LECTIONES.

858 2443 873 2472 '
907 2439 1018 2504 AL,
1051 2439 1205 2502 tuba;
1227 2435 1359 2490 Cod.
1393 2433 1543 2498 Luc.,
1572 2429 1717 2483 turba
1743 2444 1842 2481 non
1865 2426 2066 2478 modica

855 2514 876 2542 ‘
901 2507 1038 2564 Cod.
1062 2507 1216 2571 Luc.,
1244 2505 1540 2556 audierant.

856 2579 877 2609 ³
905 2577 1040 2632 Cod.
1079 2575 1234 2638 Luc.,
1268 2571 1618 2625 minabantur.

855 2649 876 2680 δ
906 2645 1037 2701 Cod.
1072 2644 1228 2709 Luc.,
1252 2651 1306 2698 et
1333 2640 1428 2704 al.,
1473 2639 1620 2709 lecto.

858 2713 878 2744 '
905 2714 1035 2770 Cod.
1062 2706 1222 2778 Luc.,.
1247 2711 1424 2764 sedens
1447 2709 1500 2762 in
1523 2708 1672 2767 sede;
1712 2706 1803 2764 al.,
1834 2707 1884 2758 in
1909 2709 2075 2760 sedem
2112 2711 2202 2762 sub
2241 2726 2362 2778 apo-

786 2789 915 2843 stolo
945 2782 1344 2855 generalitatem.

2556 2431 2575 2459 °
2595 2428 2726 2483 Cod.
2755 2426 2908 2489 Luc.,
2943 2427 3169 2477 custodia
3201 2424 3522 2486 recederent;
3579 2420 3748 2476 Labb.
3777 2429 3831 2477 et
3861 2421 4056 2484 Mans,

2487 2500 2717 2553 custodia
2759 2505 3088 2550 recesserunt.

2549 2569 2566 2596 ⁷
2595 2567 2725 2624 Cod.
2756 2567 2909 2629 Luc.,
2953 2565 3283 2626 expulissent.

2548 2638 2566 2667 ⁸
2596 2638 2706 2701 ΑΙ.,
2734 2637 2984 2698 iacentem
3008 2634 3216 2685 invenit.

2546 2708 2565 2738 ’
2597 2708 2703 2769 AL,
2737 2704 2949 2758 interius
2977 2701 3248 2771 repositam
3285 2701 3491 2755 invenit.

2109 2865 2468 2922 VARIURUM
2509 2858 2737 2916 NOTIE.

786 2971 936 3027 rialis
991 2961 1414 3036 protospatarius
1467 2959 1729 3036 Sergium_
1765 2958 2068 3036 pontificem
2121 2975 2375 3028 compre-

790 3028 1024 3094 hendere
1079 3028 1433 3096 anniteretur,
1487 3041 1544 3083 nt
1574 3028 1860 3098 'captivum
1892 3029 1956 3081 ad
1991 3028 2372 3098 imperatorem

790 3111 1045 3168 mitteret,
1072 3103 1222 3160 stetit
1249 3103 1316 3156 ad
1349 3100 1614 3169 l‘OllllﬁCls
1642 3096 2011 3169 defensionem
2042 3096 2226 3152 militia
2273 3101 2374 3152 lta-

2485 2954 2647 3007 maria
2687 2959 2954 3004 exornata.
2991 2948 3115 3002 lude
3158 2947 3411 3016 plumarii
3435 2958 3560 3001 sunt
3608 2947 3862 3015 artifices,
3894 2952 3983 3015 qui
4009 2952 4058 3004 id

2483 3037 2649 3088 genus
2677 3019 2842 3074 vestis
2871 3015 3180 3088 contexunt,
3213 3017 3272 3088 ι.
3301 3016 3354 3070 ‘2.
3380 3015 3515 3088 Cod.
3549 3017 3610 3070 de
3632 3033 3805 3071 θείας.
3838 3020 4054 3084 arti/ia,

2483 3086 2571 3147 lib.
2606 3108 2659 3144 x.
2712 3089 2818 3144 Jul.
2873 3087 3089 3150 lirntic.,
3126 3087 3346 3140 blatlies.
3401 3086 3489 3140 lib.
3518 3100 3599 3144 ιιι.
3646 3101 3766 3155 cap.
3804 3089 3868 3140 10
3895 3111 3906 3139 ;
3935 3088 4057 3141 Lin-

788 3156 1377 3241 ίῖέᾶξῡιῖέδ-ἶνδετὸίί)
1417 3168 1814 3242 άῇἒςθεδίιωὶδί
1849 3177 2125 3242 postquam
2160 3170 2371 3242 iniquus
2405 3180 2447 3242 ρ
2483 3168 2770 3242 lecticam“
2799 3157 3058 3242 plumarii.
3083 3156 3266 3242 ‘ldem,
3297 3169 3415 3223 cap.
3456 3156 3517 3209 l3
3548 3156 3720 3242 ejusd.
3754 3157 3871 3237 libri
3903 3176 3913 3209 :
3943 3157 4052 3242 Fg-

791 3236 1084 3315 imperialis
1111 3236 1398 3315 exsecutor
1418 3239 1659 3293 abiisset.
1678 3236 1777 3315 _Ea
1807 3252 1933 3315 vero
1961 3239 2033 3315 _i_n_
2066 3237 2130 3291 iis
2161 3236 2371 3306 potissi-

789 3307 940 3373 mum
966 3313 1188 3369 urbibus
1209 3311 1434 3379 degebat
1461 3323 1580 3376 quae
1608 3308 1708 3361 sub
1738 3307 1974 3374 episcopi
2001 3307 2369 3379 llavennatett-

791 3388 868 3441 sis
893 3383 1257 3439 dominatione
1284 3377 1472 3440 erant;
1520 3387 1569 3431 et
1599 3391 1730 3445 quas
1754 3387 1996 3430 recenset
2027 3379 2282 3446 Agnellus
2313 3377 2364 3432 in

790 3471 892 3511 suo
918 3449 1226 3523 pontificali,
1253 3459 1388 3523 part_.
1424 3447 1477 3508 Ξ,
1523 3446 1816 3523 praesertim
1851 3461 1970 3498 cum
2005 3450 2164 3523 varia:
2188 3448 2368 3523 subin-

790 3525 861 3580 de
888 3516 1314 3580 concertationes
1365 3516 1504 3572 inter
1537 3516 1815 3584 pontifices
1844 3525 1898 3567 et
1937 3516 2215 3586 episcopos
2260 3517 2368 3571 lla-

792 3593 1100 3648 vennatium
1127 3589 1444 3644 exarserint.
1479 3586 1761 3639 Besersus.

866 3672 894 3702 ι
926 3661 1066 3715 Nam
1095 3667 1142 3714 et
1167 3659 1211 3712 is
1239 3657 1328 3728 qui
1347 3655 1495 3728 illum
1523 3657 1753 3728 miserat,
1800 3662 1904 3728 ct_c.
1954 3655 2204 3728 Leontius
2238 3671 2370 3720 pm-

797 3732 988 3794 fectus,
1019 3721 1292 3796 accepto’a
1323 3725 1528 3782 Craicis
1563 3725 1810 3796 imperio
1842 3721 2193 3778 Justinianum
2239 3741 2370 3779 naso

798 3793 1097 3855 truncatum
1126 3793 1520 3851 Chersonesum
1561 3794 1613 3848 in
1662 3793 1907 3862 exsilium
1951 3796 2204 3862 relegavit
2232 3810 2369 3848 anno

793 3869 996 3926 Christi
1019 3865 1146 3929 694,
1172 3866 1260 3936 qui
1302 3874 1417 3936 erat
1448 3865 1513 3917 lt)
1536 3862 1761 3936 imperii
1795 3861 2116 3936 _JUSlllliaJli.
2151 3863 2247 3936 Rei
2277 3879 2372 3932 ge-

797 3949 898 3994 sta:
917 3931 1346 3992 circumstantias
1372 3931 1994 3994 describuntCedreuus,
2018 3931 2371 4000 Theophanes

795 4017 849 4062 et
877 4008 1131 4068 Zonaras,
1173 4005 1329 4058 aliive
1379 4001 1649 4056 annalium
1697 4000 2005 4055 Graecorum
2057 4003 2368 4068 scriptores.

795 4077 948 4133 Justo
976 4075 1068 4129 Dei
1094 4073 1297 4142 judicio
1347 4075 1485 4142 hanc
1511 4085 1722 4140 poenam
1747 4071 2231 4142 meritosnstinuit
2269 4072 2370 4142 im-

798 4147 916 4215 pius
963 4137 1314 4206 Justi'nianus,
1349 4141 1460 4210 qui,
1511 4137 1632 4215 cum
1679 4137 2374 4215 suasu‘CalliniciApatriar-

796 4209 915 4270 chm
943 4228 1110 4269 novos
1150 4209 1388 4267 canones
1435 4209 1782 4272 sancivisset,
1833 4209 2002 4275 iisque
2057 4209 2371 4264 orientalem

799 4284 1087 4338 Ecclesiam
1137 4282 1347 4350 penitus
1390 4278 1766 4350 deformasset,
1796 4293 2006 4350 summo
2037 4280 2212 4350 studio
2258 4279 2372 4332 ela-

796 4353 1007 4409 boravit
1053 4361 1110 4404 ut
1137 4345 1227 4403 'vel
1255 4349 1492 4403 Romana
1542 4345 1777 4400 Ecclesia
1826 4348 2011 4400 eadem
2047 4349 2374 4414 turpitudine

793 4421 1120 4484 afficeretur,
1155 4420 1238 4473 vel
1285 4419 1473 4472 saltem
1506 4416 1619 4483 ipse
1657 4430 1896 4468 summus
1929 4416 2182 4479 pontifex,
2216 4419 2258 4470 si
2292 4433 2372 4471 re-

793 4489 1276 4546 sisteretmandato
1300 4484 1667 4556 imperatoris,
1689 4499 1782 4552 per
1801 4487 1906 4538 vim
1927 4485 2091 4540 lloma
2115 4485 2166 4538 in
2186 4487 2369 4541 urbem

794 4560 994 4634 regia_m
1019 4553 1390 4634 abduceretur.
1425 4555 1540 4634 llis.
1573 4563 1619 4605 et
1650 4553 1812 4634 Man.

867 4624 892 4666 ⁵
921 4628 1166 4682 Oratione
1204 4626 1373 4694 itaque
1415 4627 1574 4694 facta,
1619 4624 1844 4694 sigillum
1875 4639 2168 4694 expressum
2209 4627 2372 4678 abstu.

791 4699 872 4762 lit,
895 4697 1134 4753 locellum
1160 4692 1383 4766 aperuit,
1409 4692 1462 4746 in
1485 4692 1824 4766 quointerius
1855 4693 2252 4766 plumatinntex
2280 4697 2372 4747 lto-

794 4761 1004 4822 loserico
1043 4761 1441 4834 superpositum,
1471 4763 1606 4832 quod
1653 4763 1909 4834 stauracis
1923 4761 2127 4834 dicitur,
2162 4763 2364 4834 invenit.

790 4837 962 4905 (lapsa
990 4831 1263 4905 argentea,
1296 4835 1349 4888 in
1398 4831 1501 4905 qua
1540 4839 1657 4905 erat
1696 4833 1868 4905 por_tio
1900 4831 2023 4899 ligni
2070 4833 2245 4905 crucis
2274 4833 2369 4887 do-

792 4900 1030 4970 minicae,
1056 4900 1254 4973 'sigillo'
1280 4914 1395 4960 erat
1416 4900 1740 4973 'obsignata.
1777 4901 1970 4973 Tliec_.:c
2018 4901 2364 4973 reliquiarum

793 4970 1257 5042 solebant-sigillo,
1286 4972 1577 5041 obsignari.
1628 4970 1855 5042 Cregor.
1891 4970 2124 5034 Turon.,
2158 4971 2235 5042 de,
2265 4973 2366 5026 Mi-

793 5059 901 5099 ruc.
956 5038 1202 5113 Merlin,
1251 5041 1342 5098 lib.
1377 5038 1430 5108 ιζ
1455 5055 1574 5107 cap.
1628 5038 2000 5113 ﬁci/aniens
2031 5057 2142 5113 vero
2187 5041 2361 5105 abbas,

789 5114 959 5169 ablato
1000 5114 1063 5165 ab
1099 5111 1330 5165 armario
1376 5113 1568 5179 sigillo,
1595 5126 1798 5178 capsum
1841 5111 2023 5179 reperit
2061 5112 2358 5168 obseratam.

792 5182 959 5251 Ligno
988 5184 1164 5238 crucis
1195 5181 1589 5251 superpositum
1615 5192 1730 5232 erat
1764 5181 2084 5246 plumacium
2115 5197 2176 5235 ex
2212 5181 2360 5235 holo—

789 5252 985 5307 serico.
1027 5252 1356 5306 Plumaeium
1401 5261 1518 5305 erat
1564 5251 1740 5302 velum
1781 5266 1810 5304 e
1855 5266 2028 5318 panno
2070 5252 2264 5315 serico,
2309 5252 2358 5306 in

792 5321 1009 5375 modum
1035 5321 1339 5390 plumarum
1366 5320 1544 5374 avium
1580 5331 1853 5373 contexto.
1889 5321 2164 5384 Ambros,
2199 5321 2356 5387 epist.

789 5391 857 5442 27
885 5407 899 5444 :
929 5390 1055 5444 Cum
1084 5391 1145 5444 de
1168 5406 1228 5444 ce
1258 5391 1573 5444 convenirem
1594 5391 1795 5442 comites
1821 5391 1953 5456 ejus,
1985 5407 2046 5444 ne
2073 5392 2179 5444 sine
2209 5403 2357 5456 veste,

792 5462 901 5515 sine
936 5462 1183 5531 plumatio
1234 5471 1528 5530 paterentur
1577 5461 1775 5512 extrudi
1804 5476 1992 5512 senem.
2043 5461 2106 5514 Et
2147 5460 2248 5514 hoc
2279 5474 2360 5516 est

793 5529 943 5592 quod
964 5529 1226 5583 vocabant
1247 5545 1378 5597 opus
1408 5531 1723 5598 plumarium
1748 5545 1837 5583 seu
1875 5531 2167 5598 plumatile.
2198 5531 2354 5584 Plau-

794 5607 895 5661 tus.
931 5601 980 5653 ita
1015 5599 1235 5665 Epidico
1260 5617 1270 5650 :
1297 5599 1545 5652 Cumatilc
1566 5610 1653 5651 aut
1677 5600 1955 5664 plumatile.
1976 5629 2045 5641 -—
2063 5600 2355 5653 Plumatrtm

796 5666 1035 5739 Petrum,
1070 5669 1122 5722 in
1153 5669 1376 5738 Satvrio.
1409 5686 1419 5718 :
1451 5668 1688 5722 l’lttmata
1713 5671 1924 5721 amictus
1951 5687 2104 5723 aureo
2131 5668 2350 5739 Babylo-

797 5736 1092 5809 ni't'o.l'_3reg
1144 5736 1370 5798 Torum,
1412 5740 1478 5791 de
1528 5740 1705 5792 Mirac.
1753 5740 1989 5807 Martvr.,
2041 5741 2129 5793 lib.
2162 5756 2197 5801 ι,
2231 5736 2345 5809 cap.

793 5803 859 5862 97
895 5824 906 5861 :
940 5803 1118 5862 Exstat
1147 5825 1314 5864 mensa
1346 5810 1499 5863 nitcis
1529 5813 1681 5864 tcfatu
1715 5803 2022 5875 mantn‘il-us,
2059 5827 2202 5878 (πρωϊ
2232 5803 2343 5882 μίξι-

2479 3236 2612 3285 cient
2646 3231 2906 3290 linteones,
2946 3236 3030 3279 aut
3078 3227 3364 3295 tunicarum
3393 3236 3609 3279 textores
3648 3227 3949 3295 plumarios.
3989 3229 4055 3282 Et

2477 3303 2580 3356 hoc
2612 3312 2798 3369 genus~
2830 3297 2990 3369 vestis
3037 3293 3480 3369 pretiosissimum
3509 3295 3625 3348 fuit.
3650 3293 3657 3295 ⁷
3680 3294 3967 3369 γορίεειιε,
4003 3300 4053 3351 in

2473 3363 2672 3425 Caritio
2713 3386 2724 3421 :
2767 3367 2900 3434 Quid
2947 3363 3109 3419 lineas
3151 3366 3332 3435 petitas
3387 3363 3619 3435 /Egypto
3671 3363 3874 3428 loquar,
3929 3370 4060 3434 quid

2476 3441 2613 3510 Tyro
2637 3449 2682 3492 et
2707 3439 2903 3510 Sidone
2931 3439 3173 3510 tenuitate
3195 3435 3777 3510 perlucidas,“riticantes
3799 3453 4056 3506 purpura,

2475 3503 2742 3592 pl'umandi
2783 3506 3089 3592 .diﬂicultatc
3138 3505 3441 3592 perna-biles.
3499 3503 3606 3558 Nec
3649 3505 3805 3585 modo
3849 3503 4058 3592 vestes,

2475 3574 2586 3635 imo
2615 3591 2668 3633 et
2699 3574 2876 3631 loricae
2913 3575 3155 3629 solebant
3181 3575 3419 3628 contexti
3448 3574 3740 3636 squammis
3775 3589 3872 3627 seu
3898 3575 4060 3629 lami-

2475 3652 2556 3704 nis
2586 3647 2780 3703 ferreis
2808 3647 2857 3700 in
2885 3647 3102 3698 modum
3135 3645 3451 3712 plumarum.
3479 3641 3690 3712 Virgil.,
3724 3658 3773 3698 XI
3794 3642 4016 3700 Eneid.
4044 3665 4054 3698 :

2965 3734 3123 3791 Quem
3149 3731 3290 3793 pellis
3313 3732 3483 3781 ahenis

2631 3796 2684 3845 In
2709 3795 2916 3857 plumam
2937 3791 3218 3854 squatnmis,
3240 3804 3358 3840 auro
3381 3798 3602 3841 conserta
3627 3791 3844 3854 legebat.

2477 3881 2538 3934 Et
2569 3879 2684 3933 vela
2715 3885 2843 3930 ante
2873 3875 3016 3930 fores
3045 3873 3241 3929 mdium
3269 3873 3532 3939 plumario
3563 3888 3724 3937 opere
3744 3882 3888 3927 texta
3924 3880 4056 3938 poni

2473 3950 2739 4004 solebant.
2774 3948 3048 4008 Anastas.,
3080 3944 3132 3997 in
3157 3941 3517 4012 GregoriolV,
3551 3943 3600 3996 iu
3632 3943 3724 3996 liti.
3750 3960 3761 3995 :
3789 3940 3859 4012 Et
3885 3946 4060 3998 relum

2474 4019 2797 4087 antejanuas
2829 4016 3039 4087 linteum
3086 4011 3592 4087 plumatum__u_num.
3622 4013 3710 4066 Ait
3737 4027 3802 4065 ex
3834 4011 4060 4087 bolose-

2475 4081 2759 4156 rico'qnod
2806 4083 3066 4156 stauracis
3111 4083 3324 4136 dicitur.
3368 4081 3893 4156 V_e|a_de__stauraeio
3926 4095 4062 4138 sunt

2477 4157 2594 4210 vela
2631 4150 2661 4210 ὀ
2713 4154 2886 4208 serico
2915 4153 2996 4206 vel
3049 4166 3278 4218 purpura
3310 4150 3470 4204 variis
3498 4150 3718 4204 ﬂoribus
3751 4152 3836 4221 vel
3868 4154 4060 4221 figuris

2477 4227 2700 4288 intexta,
2733 4238 2852 4292 quae
2889 4237 2922 4276 e
2957 4222 3101 4291 Tyro
3132 4221 3481 4292 petebantur;
3514 4221 3650 4274 unde
3675 4230 3727 4275 et
3754 4219 3930 4290 Tyria
3969 4225 4057 4280 di-

2478 4303 2582 4349 cta.
2615 4289 2803 4358 Arms),
2834 4293 2895 4345 de
2923 4289 3167 4344 stauracis
3197 4307 3284 4344 seu
3313 4289 3487 4358 Tyria.
3518 4289 3857 4344 Amasenus.

2553 4374 2574 4401 ε
2601 4363 2675 4416 De
2700 4379 2801 4430 qua
2840 4362 3013 4414 tractis
3043 4373 3271 4430 quatuor:
3306 4358 3507 4425 prtulis,
3538 4361 3588 4411 in
3619 4360 3798 4428 quibus
3837 4377 4062 4430 gemma:

2479 4433 2670 4486 clausa:
2695 4427 2860 4483 erant.
2897 4427 3153 4492 Petalum,
3179 4446 3206 4481 a
3237 4427 3425 4482 Graeco
3452 4430 3689 4488 πέταλον.
3731 4442 3816 4482 est
3838 4427 4055 4487 corona

2483 4516 2641 4555 aurea
2671 4516 2829 4570 quam
2871 4500 3149 4567 gestabant
3201 4500 3528 4570 sacerdotes,
3563 4498 3640 4551 vel
3672 4498 3771 4570 qui
3821 4514 3990 4570 erant
4031 4521 4060 4558 ρ

2407 4547 2456 4606 υ
2482 4547 3771 4639 ista.“2325.36.11.31"...iega'n'asjsbqaoigtg'
3794 4547 3871 4622 εῑ
3886 4547 4060 4626 nec:
4083 4627 4086 4630 ,

2479 4637 2574 4694 bus
2603 4641 2766 4693 frater
2812 4639 3039 4710 Domini.
3083 4639 3157 4692 De
3185 4637 3388 4710 Jouine
3429 4637 3647 4710 Euseb.,
3692 4637 3782 4690 lib.
3818 4653 3896 4701 ιιι,
3927 4655 4056 4710 cap.

2475 4711 2690 4770 251'0;
2736 4709 2936 4783 ὶγξνήθη
2984 4709 3166 4783 ἱερεὺς,
3215 4710 3272 4761 τὸ
3318 4708 3870 4783 τῖέτορ.ον.πεφορηὶὡς.
3919 4708 4058 4764 Cum

2472 4790 2599 4832 esset
2627 4775 2885 4843 sacerdos,
2921 4775 3143 4842 petu'lum
3174 4776 3400 4846 gestavit.
3433 4777 3507 4830 De
3529 4775 3723 4830 Jacobo
3753 4777 4057 4844 Epipliari.,

2473 4849 2522 4902 in
2549 4849 2761 4921 Panar.,
2789 4848 2982 4921 haeres.
3015 4846 3083 4921 29
3109 4864 3122 4901 :
3147 4847 3288 4902 ’Λλλά
3318 4850 3399 4921 καὶ
3421 4849 3480 4903 τὸ
3510 4847 3720 4902 πέταλόν
3750 4847 3861 4902 ἔστι
3896 4848 4056 4921 [ιεσ.

2471 4918 2724 4999 περηέῆς
2747 4919 2958 4999 nefarii;
2987 4920 3099 4981 ἐξῆν
3129 4921 3265 4999 ater
3294 4917 3472 4999 φέρειν.

2542 4940 3590 5057 5‘$357332»?griidiid‘itiiiimns
3621 4987 3744 5057 ligni
3772 4989 4058 5044 dominica'

2467 5060 2629 5112 crucis
2661 5059 2867 5123 invenit,
2909 5074 3022 5126 qua:
3063 5057 3216 5110 etiam
3252 5071 3315 5110 ex
3353 5057 3445 5108 itlo
3477 5071 3591 5126 pro_
3615 5058 3780 5109 salute
3825 5059 4052 5113 Ittmwti

2465 5131 2664 5195 generis
2683 5129 2745 5181 ab
2773 5124 3422 5200 omnivpopulopltristiano
3447 5125 3528 5179 die
3554 5124 3902 5200 (imitationis
3926 5148 4057 5182 san-

2465 5211 2558 5250 cta:
2581 5200 2744 5251 crucis
2774 5200 2828 5250 in
2871 5196 3080 5252 basilica
3118 5196 3422 5258 Saluatoris,
3451 5210 3563 5265 quae
3593 5196 3887 5265 appellatur
3914 5201 4058 5253 Cou-

2464 5269 2797 5334 stantiniana,
2827 5269 3083 5321 osculatur
3113 5284 3172 5319 ac
3193 5259 3472 5320 adoraturi
3500 5264 3554 5318 ln
3577 5259 3671 5320 die
3689 5268 4056 5325 Exaltationis

2463 5341 2637 5392 ClllClS
2666 5339 2946 5392 dominica:
2973 5337 3229 5392 solemnis
3251 5336 3488 5390 instituta
3521 5346 3602 5390 est
3645 5338 3891 5391 adoratio
3926 5355 4056 5394 cru-

2462 5424 2539 5462 CIS
2567 5424 2656 5473 per
2678 5408 2916 5462 osculum
2947 5409 2997 5461 in
3022 5408 3235 5461 basilica
3264 5405 3625 5460 Lateraueosi.
3650 5406 3848 5474 Pagani
3869 5414 4051 5463 etiam

2462 5479 2702 5534 solebant
2729 5478 2954 5532 osculari
3003 5480 3152 5548 signa
3185 5480 3442 5548 deorum;
3476 5476 3598 5548 inde
3630 5478 3777 5546 signa
3814 5477 4053 5534 deorum

2462 5550 2776 5604 videbantur
2806 5549 2924 5601 trita
2955 5546 3171 5602 osculis.
3201 5546 3434 5611 Lucret.,
3469 5546 3560 5599 lib.
3591 5563 3604 5600 t
3636 5564 3649 5600 :

2831 5625 2952 5676 Tum
2978 5639 3049 5686 μοι
3066 5632 3137 5674 tas
3161 5631 3356 5686 proliter
3376 5624 3558 5673 alienas

2676 5691 2821 5746 Signa
2848 5701 3017 5736 manus
3042 5689 3239 5736 dextras
3255 5686 3517 5734 ostendunt
3539 5688 3779 5750 attenuari

2675 5752 2813 5812 Saepe
2841 5749 3125 5798 salutantum
3151 5755 3276 5798 luctu
3298 5754 3574 5810 praeterque
3600 5749 3863 5797 meantum.

3620 5813 3976 5872 Amasenus.
