4214 6602
800 472 864 526 51
2167 474 2457 531 SEliClUS
2499 474 2695 529 PAI’A.
3980 477 4040 529 ἷοὲ

801 596 856 642 et
885 587 950 640 ad
979 592 1215 641 sanctam
1249 587 1466 641 Mariam
1499 585 1724 656 populus
1747 596 2015 641 occurrat.
2045 587 2137 643 llic
2165 588 2292 643 iecit
2318 587 2371 642 in
2401 593 2451 650 Α
2481 588 2723 656 quintum
2768 584 3071 640 universale
3097 587 3403 650 concilium,
3440 593 3620 652 utpote.
3644 594 3911 650 errantes,
3938 599 4035 639 δαν

804 676 1017 731 basilica
1075 677 1245 730 sancti
1298 675 1571 730 Laurentii
1622 675 1891 747 martyris,
1924 692 2044 744 qua:
2065 676 2368 748 appellatur

805 766 985 821 titulus
1038 767 1274 833 Lucina),
1314 781 1474 821 arcus
1523 778 1810 835 argenteos
1860 777 2112 837 quatuor.
2149 778 2173 803 ε·
2206 769 2375 837 llojus

806 859 1131 928 temporibus
1160 857 1185 895 ιι
1218 858 1607 928 Aquilegiensis
1646 858 1897 914 Ecclesia:
1923 860 2376 929 archiepiscopus,

802 957 857 1004 et
880 949 1136 1020 synodus,
1165 964 1285 1018 qua:
1307 952 1492 1006 subeo
1520 960 1839 1021 congregata
1873 960 1977 1018 est,
2010 952 2101 1021 qui
2128 961 2373 1006 sanctum

2478 678 2658 746 cipere
2706 675 3036 740 diffidebant,
3086 676 3324 744 ejusdem
3374 674 3670 729 beatissimi
3719 678 4035 743 papm‘mo-

2480 769 2605 822 nitis
2656 776 2813 835 atque
2859 766 3118 821 doctrinis
3140 765 3401 827 instructi.
3431 764 3671 819 conversi
3702 775 3848 827 sunt,
3873 765 4037 818 iidem~

2483 873 2585 927 que
2631 857 2937 912 venerabile
2984 857 3267 912 concilium
3296 858 3317 887 ⁸
3346 872 3465 910 cum
3494 856 3853 909 satisfactione
3876 870 4019 909 suscc

2489 958 2700 1020 perunt.
2759 950 2825 1004 Iit
2875 951 2966 1019 qui
3027 950 3171 1020 prius
3209 951 3307 1005 sub
3330 952 3532 1006 erroris
3560 950 3688 1003 vitio
3718 949 4049 1003 tenebantur.

2043 1059 2439 1115 VARIANTES
2485 1058 2884 1116 LECTIONES.

878 1155 894 1185 ¹
925 1153 1037 1219 AL,
1069 1152 1431 1217 Spiritualibus
1458 1152 1686 1206 monitis.

2552 1151 2573 1180 ¹
2601 1149 2730 1203 Cod.
2764 1149 2918 1218 Luc.,
2953 1150 3242 1219 Satisfacti,
3274 1166 3368 1221 pro
3390 1167 3505 1204 cum
3529 1150 3899 1219 satisfactione.

2176 1263 2530 1320 VARIORUM
2574 1265 2799 1321 NOT/E.

879 1368 903 1396 ⁸
928 1359 1100 1430 Hujus
1122 1359 1424 1426 temperibns
1442 1358 1828 1430 Aquilegiensis,
1848 1366 1949 1411 etc.
1977 1358 2172 1413 Eadem
2195 1358 2381 1411 scribit

812 1428 1316 1490 Paulos‘lliaconus,
1351 1430 1501 1491 lib.v,
1527 1442 1646 1494 cap.
1673 1428 1751 1481 14.
1796 1429 1911 1480 “IN.
1943 1438 1990 1481 et
2022 1430 2179 1482 LABlt.

883 1501 1057 1571 Hujus
1088 1500 1392 1566 temporibus
1424 1498 1789 1571 Aquili-giensis
1820 1498 2065 1571 Ecclesia.
2097 1502 2248 1551 Anno
2277 1498 2371 1551 cir-

808 1572 942 1625 citer
966 1568 1353 1624 sexcentesimo
1381 1570 1725 1633 nonagesimo
1751 1578 1960 1627 octavo.
1986 1568 2203 1621 Tiberio
2229 1571 2382 1634 Apsi-

813 1656 962 1694 mare
1007 1639 1341 1705 imperante,
1387 1648 1440 1692 et
1486 1638 1672 1703 Sergio
1720 1652 1851 1705 papa
1907 1637 2090 1692 Romae
2139 1639 2377 1702 sedente,

812 1711 969 1764 ﬁnem
1002 1710 1201 1772 accepit
1231 1708 1458 1761 st‘ltisma
1500 1707 1753 1760 Ecclesia:
1793 1710 2147 1776 Aquileiensis
2187 1709 2253 1758 de
2284 1712 2381 1760 tri-

815 1781 910 1832 bus
931 1780 1196 1843 capitulis.
1230 1778 1426 1830 l'aulus
1455 1778 1593 1829 enim
1639 1778 1925 1841 Diacnnus,
1979 1780 2067 1830 lib.
2108 1780 2175 1832 de
2208 1778 2383 1829 lic-stis

814 1849 1175 1913 l.ongnbard.,
1206 1862 1324 1913 cap.
1366 1848 1456 1910 Μ,
1486 1856 1761 1913 postquam
1792 1848 2060 1900 Tiberium
2107 1849 2382 1911 imperium

812 1919 1067 1970 invasisse
1095 1919 1349 1974 narravit.
1381 1918 1517 1987 (τινα
1550 1916 1771 1981 contigit
1817 1931 1956 1969 anno
2000 1917 2123 1981 098,
2156 1919 2339 1970 scribit
2370 1934 2380 1967 :

816 1988 931 2040 Hoc
973 1997 1193 2053 tempore
1239 1986 1463 2054 synodus
1496 1986 1738 2053 Aquileia:
1781 1989 1936 2054 facta,
1977 1988 2036 2037 ob
2084 1988 2386 2056 imperitiam

2491 1368 2615 1411 sunt
2645 1374 2764 1427 quae
2795 1373 2859 1412 ex
2889 1358 3025 1412 Beda
3057 1360 3351 1413 retulimus.
3377 1360 3659 1414 lleacnus.

2562 1430 2893 1495 Aquileiensis
2940 1428 3182 1482 Ecclesiae
3230 1431 3663 1494 archiepiscopus,
3718 1437 3767 1480 et
3812 1428 4047 1497 Synodus

2488 1514 2604 1565 qua:
2635 1499 2695 1550 ab
2726 1515 2782 1552 eo
2814 1509 3115 1567 congregata
3162 1509 3251 1553 est.
3296 1499 3646 1566 Aquileiensis
3671 1497 3905 1552 Ecclesia
3932 1514 4047 1551 cum

2494 1567 2837 1621 Venetiarum
2881 1579 3036 1635 atque
3082 1569 3244 1623 lstriae
3290 1569 3554 1637 episcopis
3583 1570 3673 1622 diu
3714 1578 3896 1621 contra
3942 1571 4025 1620 uni

2492 1642 2752 1692 versalem
2804 1637 3063 1703 synodum
3112 1640 3356 1704 Quintam
3408 1639 3765 1702 depugnavit,
3815 1638 3948 1703 tria,
4000 1650 4053 1690 ut

2494 1708 2671 1769 aiunt,
2729 1710 2955 1772 capitula
3006 1724 3033 1759 a
3089 1709 3609 1763 Cltalceilonensilnts
3659 1707 3900 1759 l’atribus
3952 1722 4051 1759 nos.

2497 1778 2807 1841 proscripta,
2844 1791 2874 1829 a
2902 1792 3162 1845 quoquam
3210 1794 3405 1839 negans
3436 1794 3590 1844 posse
3620 1778 3893 1845 proscribi.
3927 1777 4051 1828 Pau-

2494 1845 2631 1897 linus
2676 1847 3050 1911 Aquileiensis,
3101 1849 3365 1900 cathedra.-
3410 1849 3642 1908 invasor,
3689 1858 3740 1897 et
3790 1847 4052 1898 turbarum

2496 1916 2752 1978 incentor,
2787 1917 3041 1982 Aquileia:
3088 1932 3207 1970 cum
3258 1918 3365 1971 suis
3399 1916 3747 1971 schismaticis
3794 1915 4053 1982 episcopis

2495 1995 2679 2037 Contra
2715 1986 2986 2053 Synodum
3016 1988 3289 2050 Quintam,
3324 1989 3371 2038 in
3403 2004 3504 2051 qua
3542 1987 3790 2039 adversus
3835 1984 3929 2037 tris
3973 2001 4029 2035 ea

814 2058 952 2124 fidei,
983 2058 1230 2128 quintum
1256 2057 1535 2128 unirersale
1584 2058 1855 2128 concilium
1901 2059 2155 2128 suscipere
2183 2058 2388 2123 ili/ﬁdit,
2422 2072 2467 2128 Β
2497 2055 2656 2128 pitula
2707 2056 3100 2128 pronuntiatum
3138 2066 3264 2128 erat
3303 2058 3606 2128 anathema,
3658 2056 4056 2128 conciliabulum

815 2130 974 2179 donec
999 2126 1308 2183 salutaribus
1347 2126 1475 2177 bea'i
1501 2141 1647 2195 papa:
1679 2126 1847 2193 Sergii
1877 2127 2080 2177 monitis
2118 2127 2385 2190 instructa,

815 2207 863 2248 et
888 2198 999 2261 ipsa
1023 2212 1141 2247 cum
1170 2197 1363 2248 cwteris
1389 2196 1575 2248 Christi
1609 2195 1854 2248 Ecclesiis
1880 2211 2099 2249 annuere
2121 2198 2387 2249 consentit.

820 2266 1019 2318 Eadem
1050 2266 1159 2317 lere
1189 2265 1348 2317 verba
1384 2266 1543 2319 habet
1574 2268 1624 2317 itt
1652 2267 1841 2331 Sergio
1872 2274 2056 2318 auctor
2100 2267 2216 2318 libri
2252 2266 2384 2317 l’on-

816 2335 1047 2395 tilicalis,
1079 2348 1262 2386 errore
1301 2334 1504 2399 vulgari
1537 2335 1817 2387 Anastasio
1859 2335 2120 2397 attributi,
2148 2336 2239 2399 qui
2289 2335 2389 2386 hoc

815 2404 932 2471 ipso
987 2412 1223 2469 tempore
1282 2404 1515 2457 vivebat.
1561 2404 1751 2457 Paulus
1800 2418 1927 2456 vero
1979 2404 2238 2457 Diaconos
2287 2419 2390 2457 non

819 2475 986 2526 multo
1017 2480 1135 2540 post
1164 2473 1263 2525 hoc
1294 2481 1500 2540 tempus
1531 2474 1677 2525 vixit.
1722 2472 2017 2526 Cardinalis
2044 2474 2254 2540 quidem
2287 2475 2391 2526 Νυ-

818 2542 1000 2604 risius,
1053 2542 1103 2593 in
1149 2542 1364 2594 dissert.
1416 2542 1484 2594 de
1530 2544 1707 2609 quinta
1756 2544 1981 2610 synodo.
2033 2558 2148 2610 cap.
2194 2544 2304 2609 9,§
2344 2544 2391 2606 l,

818 2611 1094 2664 contendit
1138 2626 1203 2664 ex
1253 2612 1373 2665 loco
1404 2611 1579 2674 lledaz,
1623 2612 1674 2664 in
1725 2613 1815 2663 lib.
1852 2613 1917 2663 de
1965 2612 2069 2666 Sex
2123 2616 2389 2674 attatibus,

818 2680 1088 2751 synodum
1107 2680 1250 2751 illam
1292 2679 1685 2751 Aquileiensem
1728 2696 1848 2734 csse
1880 2680 2140 2748 synodum
2183 2695 2211 2732 a
2261 2682 2392 2734 Pau-

822 2749 930 2803 lino
959 2749 1281 2817 Aquileiensi
1312 2749 1613 2817 patriarcha
1642 2758 1823 2802 contra
1859 2751 2093 2816 quintam
2132 2755 2391 2819 synodum

819 2820 1018 2873 seculo
1059 2819 1327 2889 superiori
1367 2829 1605 2873 coactam
1634 2837 1645 2870 :
1675 2818 1938 2889 Synodus,
1997 2818 2169 2886 inquit
2222 2820 2391 2884 lleda,

820 2890 1062 2953 Aquileia
1089 2892 1247 2955 facta,
1278 2888 1341 2941 ob
1381 2889 1685 2955 imperitiam
1728 2889 1881 2956 fidei,
1914 2890 2146 2956 quintum
2192 2890 2394 2941 uuirer-

819 2960 929 3012 sale
975 2958 1246 3010 concilium
1299 2960 1554 3023 suscipere
1601 2958 1822 3026 difﬁdit,
1876 2962 2032 3010 donec
2085 2958 2392 3009 salutaribus

822 3027 954 3081 beati
979 3044 1133 3097 papre
1166 3027 1333 3095 Seryii
1372 3029 1577 3081 monitis
1605 3028 1853 3097 instructu
1883 3037 1926 3080 et
1960 3029 2070 3095 ipsa
2118 3028 2235 3079 huic
2278 3043 2395 3080 cum

822 3096 1019 3150 emeris
1074 3096 1263 3149 Christi
1303 3097 1547 3151 Ecclesiis
1595 3096 1820 3150 adnuere
1867 3097 2146 3162 consensit,
2195 3112 2302 3162 quo
2330 3111 2395 3151 ex

822 3166 1099 3225 adverbio.
1131 3168 1311 3233 donec,
1354 3167 1639 3221 cardinalis
1669 3166 2007 3220 doctissimus
2038 3182 2140 3220 non
2172 3169 2397 3220 obscure

823 3236 1001 3303 colligi
1046 3236 1122 3289 ait
1154 3236 1349 3289 Iledam
1403 3238 1541 3303 loqui
1590 3236 1657 3289 de
1705 3236 1932 3289 concilio
1979 3245 2104 3290 ante
2149 3236 2396 3304 Sergium

823 3318 1164 3375 congregato.
1204 3305 1308 3360 Sed
1356 3306 1895 3375 prseterquantiquod
1943 3307 2245 3359 verosimile
2292 3321 2395 3359 non

824 3373 949 3439 est,
977 3373 1195 3430 Paulum
1229 3376 1516 3430 Diaconum
1550 3373 1600 3429 in
1631 3374 1785 3428 lleda:
1814 3390 2030 3430 sensum
2088 3389 2191 3427 non
2238 3390 2397 3441 pene-

829 3453 1032 3510 trasse;
1064 3446 1269 3499 etiamsi
1324 3446 1425 3500 hoc
1468 3446 1871 3505 concederetur,
1919 3459 2023 3498 non
2055 3453 2230 3498 tamen
2277 3445 2400 3499 inde

826 3525 1140 3583 sequeretur
1168 3516 1398 3568 schisma
1437 3516 1797 3582 Aquileiensis
1829 3514 2081 3567 Ecclesia:
2110 3524 2232 3566 ante
2276 3516 2402 3568 Ser-

826 3587 971 3651 gium
1004 3586 1210 3651 penitus
1238 3584 1560 3638 exstinctum
1592 3600 1734 3648 esse,
1763 3599 1883 3636 cum
1917 3584 2110 3636 ibidem
2138 3584 2273 3636 lleda
2316 3601 2401 3635 πις-

829 3662 970 3706 serat
1015 3654 1154 3707 illam
1198 3653 1511 3716 Ecclesium,
1542 3654 1844 3708 salutaribus
1883 3654 2011 3705 beati
2043 3668 2191 3719 papa:
2230 3654 2403 3722 Seryii

828 3722 1032 3776 monitis
1062 3724 1393 3789 instructam,
1426 3725 1609 3790 quinto
1639 3724 1868 3777 concilio
1898 3740 2010 3775 cum
2036 3723 2227 3775 cwteris
2254 3724 2402 3775 Chri-

828 3794 893 3843 sti
916 3792 1153 3845 Ecclesiis
1177 3793 1402 3845 adnuere
1427 3795 1759 3847 consensisse.
1794 3794 1872 3845 Ad
1899 3794 2128 3847 rationes
2158 3793 2399 3859 ejtt~dem

830 3862 1119 3932 cardinalis
1150 3864 1521 3929 respondimus
1551 3865 1602 3916 in
1649 3864 1952 3931 pontilicatu
1999 3864 2166 3915 sancti
2199 3861 2402 3932 Grego-

832 3931 920 3983 tii.
972 3934 1101 3985 Acta
1146 3931 1319 3985 Sancti
1367 3932 1633 3986 Aldltelmi
1681 3932 1885 3984 abbatis
1913 3931 2401 3987 Malmesburiensis

836 4002 887 4051 iu
922 4002 1126 4068 Anglia,
1169 4017 1286 4069 quae
1333 4012 1546 4056 exstant
1592 4003 1727 4071 apud
1772 4001 2005 4065 Surium,
2038 4003 2103 4054 ad
2148 4004 2287 4055 diem

838 4071 983 4131 Maii,
1027 4072 1255 4138 produnt
1301 4072 1544 4139 Sergium
1591 4087 1779 4140 papam
1811 4072 2127 4125 calumniam
2162 4086 2397 4140 passum,

832 4140 982 4204 quasi
1031 4141 1199 4206 stupri
1251 4156 1373 4194 reus
1421 4151 1582 4206 esset,
1636 4141 1775 4210 quod
1828 4156 2018 4208 nempe
2071 4152 2220 4209 pater
2260 4157 2401 4198 CSSl'l

837 4210 983 4273 pueri
1010 4225 1193 4280 recens
1237 4211 1365 4276 nati,
1397 4226 1553 4280 quem
1593 4225 1713 4265 cum
1740 4211 2051 4265 Aldhelmus
2077 4215 2257 4265 llontze
2282 4216 2397 4267 exi-

836 4290 982 4332 stens
1027 4278 1340 4344 baptizarcl,
1384 4278 1563 4334 coram
1594 4282 1886 4334 astantibus
1917 4282 1965 4334 ei
2014 4284 2258 4349 prmccpit
2287 4285 2401 4336 cili-

835 4362 977 4410 cere,
1010 4349 1053 4400 si
1086 4358 1235 4417 pater
1258 4350 1374 4418 ejus
1401 4360 1542 4403 esset
1566 4351 1611 4403 is
1637 4351 1723 4418 qni
1755 4352 1911 4418 vulgo
1942 4352 2242 4416 dicebatur;
2272 4368 2402 4419 pne-

836 4432 953 4469 rum
1002 4433 1130 4471 vero
1184 4420 1542 4489 restiondissc,
1589 4437 1687 4473 non
1741 4436 1793 4472 se
1830 4436 1937 4472 esse
1990 4423 2208 4489 genitum
2262 4425 2402 4474 illius

837 4503 987 4548 opere
1032 4504 1177 4555 quem
1224 4503 1381 4541 vanus
1412 4485 1461 4540 in
1513 4490 1606 4541 hoc
1648 4490 1889 4557 referebat
1940 4485 2179 4556 populus,
2223 4494 2404 4557 sicque

840 4557 1137 4621 pontiliccm
1165 4558 1473 4612 abinfamia
1518 4559 1815 4612 liberatum.
1861 4558 1966 4613 Sed
2013 4562 2124 4613 hate
2169 4563 2403 4615 narratio

832 4626 957 4692 jure
998 4627 1189 4680 tncrito
1230 4642 1259 4679 a
1304 4628 1531 4681 Duronio
1577 4629 1629 4682 iit
1676 4628 1893 4681 dubium
1943 4640 2180 4695 vocatur,
2218 4647 2401 4685 revera

838 4698 981 4747 enim
1005 4710 1110 4748 non
1135 4697 1362 4750 habetur
1384 4698 1621 4751 iitsaueti
1649 4698 1911 4751 Aldhelmi
1932 4698 2069 4763 Vita,
2085 4716 2113 4752 a
2136 4701 2402 4754 Willelmo

837 4764 1293 4819 Malmesbnriensi
1325 4767 1654 4831 elucubrata,
1691 4768 1817 4822 licet
1839 4768 2041 4835 legatur
2072 4771 2122 4822 in
2151 4771 2249 4823 alia
2289 4770 2399 4822 Vita

837 4836 1324 4908 s:uict_i_Aldltclmi,
1355 4839 1551 4906 scripta
1584 4839 1652 4908 ab
1681 4848 1898 4891 auctore
1933 4854 2200 4908 anonymo
2229 4856 2412 4892 tnona-

837 4908 940 4976 alio
984 4903 1479 4976 Malmesburiensi,
1534 4906 1622 4975 qui
1677 4908 1834 4976 paulo
1884 4920 2009 4962 ante
2069 4903 2408 4962 Willielmum

840 4973 1366 5030 Malmesburicnsem
1425 4973 1585 5041 vixit,
1636 4973 1693 5029 ut
1743 4978 1978 5030 ostendit
2025 4978 2407 5043 llenscbenins,

836 5043 924 5108 qui
953 5058 1070 5097 eam
1095 5046 1400 5112 publicavit,
1423 5046 1488 5098 ad
1510 5046 1650 5099 diem
1677 5046 1747 5101 25
1770 5047 1908 5099 Maii.
1937 5048 2202 5101 Aldhelmi
2242 5050 2406 5102 Vitam

837 5128 864 5184 a
899 5111 1168 5184 Willelmo
1196 5115 1650 5170 Mahncsburicnsi
1693 5132 1778 5171 ser
1801 5128 1945 5184 plant
1999 5121 2186 5172 recitat
2224 5120 2408 5173 Mobil-

839 5182 1009 5236 Ionius
1039 5197 1188 5250 parte
1216 5200 1230 5238 I
1261 5187 1397 5238 Szec.
1424 5201 1477 5239 iv
1505 5182 1851 5240 Benedictini.
1882 5188 2096 5241 lucus.

910 5250 935 5288 δ
965 5252 1330 5325 Aquilegiensis
1553 5257 1814 5325 Synodus.
1847 5262 2155 5311 Anastasius
2184 5258 2316 5319 hate,
2350 5267 2407 5312 ut

842 5320 942 5395 alia
995 5320 1272 5395 nonnulla,
1299 5324 1579 5391 descripsit
1596 5320 1663 5380 cx
1698 5327 1857 5391 lleda,
1889 5329 1975 5395 qui
2002 5332 2051 5379 in
2081 5329 2170 5380 lib.
2200 5328 2268 5380 de
2311 5344 2404 5381 sex

841 5386 1007 5466 45’3"
1046 5395 1129 5466 ,³η
1156 5409 1171 5448 ἶ
1204 5393 1456 5466 δυιιράιιι
1480 5386 1730 5464 Aquileia
1749 5386 1888 5465 facta
1906 5386 1977 5449 Iob
2004 5398 2310 5465 imperitiam
2343 5400 2406 5464 fi-

838 5458 918 5535 dei
971 5461 1200 5535 quintum
1247 5458 1552 5535 universale
1579 5458 1845 5519 concilium
1886 5458 2140 5534 suscipere
2168 5458 2401 5535 difﬁdit,

839 5527 1020 5607 donec,
1051 5531 1356 5609 salutaribus
1386 5534 1517 5609 beati
1543 5551 1690 5609 papa:
1715 5536 1885 5609 Seryii
1906 5527 2108 5590 monitis
2135 5527 2400 5600 insiructa,

839 5609 886 5648 et
909 5599 1023 5664 ipsa
1049 5599 1168 5651 huic
1194 5615 1309 5653 cum
1332 5606 1524 5656 caeteris
1543 5599 1735 5657 Christi
1765 5599 2006 5660 Ecclesiis
2033 5609 2254 5659 adnuere
2281 5622 2401 5659 con-

841 5667 1009 5722 sentit.
1044 5665 1237 5740 Paulus
1266 5687 1473 5740 quoque
1505 5674 1785 5739 Diaconos,
1818 5676 1907 5729 lib.
1942 5691 2008 5738 υ,
2042 5692 2092 5732 c.
2148 5676 2232 5740 ll,
2280 5692 2397 5729 cum

841 5747 1138 5790 enarrasset
1166 5739 1441 5807 imperium
1495 5759 1632 5795 anno
1678 5743 1745 5796 98
1778 5761 1806 5797 a
1830 5746 2223 5798 'l‘iln~r.ol'nisse
2251 5748 2396 5798 inra-

844 5816 980 5883 sum.
1033 5809 1215 5883 scribit
1248 5828 1258 5860 :
1297 5810 1421 5883 Hoc,
1458 5822 1675 5879 tempore
1704 5816 1929 5883 synodus
1970 5817 2215 5881 Aquileia’
2236 5820 2391 5882 facta,

844 5880 903 5926 ut;
957 5878 1252 5943 imperitiam
1301 5882 1442 5948 ﬁdei,
1494 5878 1596 5936 etc.
1625 5878 1751 5950 Quae
1779 5878 2073 5954 sequuntur
2095 5878 2301 5955 gemina
2331 5886 2393 5938 iis

2497 2123 2675 2177 habuit
2725 2125 2863 2176 circa
2911 2140 3105 2179 annum
3134 2124 3256 2189 3557,
3300 2126 3516 2179 sedente
3558 2126 3609 2176 in
3657 2125 3887 2175 llomana
3932 2124 4058 2174 sedt-

2500 2192 2708 2259 Vigilio.
2738 2195 2925 2261 Sergio
2948 2196 3106 2246 etiam
3136 2195 3314 2248 Itonia:
3335 2198 3578 2255 sedente,
3605 2194 3760 2246 aliain
3783 2195 3849 2245 de
3875 2192 4057 2245 eadem

2494 2278 2650 2314 causa
2685 2263 3146 2332 pseudosynodutn
3183 2266 3412 2317 habitam
3461 2266 3643 2326 fuisse,
3675 2264 3773 2314 hoc
3808 2270 3900 2332 est
3920 2262 4058 2332 circ;

2494 2346 2690 2383 almum
2725 2332 2849 2393 098,
2883 2333 3077 2385 Noster
3109 2334 3207 2386 hoc
3240 2334 3355 2387 loco
3387 2342 3635 2394 testatur,
3682 2347 3710 2382 a
3742 2347 3844 2395 quo
3877 2331 4063 2395 Sergio

2495 2400 2708 2454 tandem
2741 2404 3110 2469 Aquileienses
3140 2403 3400 2469 instructi,
3427 2403 3784 2455 venerabilem
3826 2404 4061 2465 quintam

2494 2472 2754 2538 synodum
2795 2486 3080 2539 snscepere
3109 2472 3172 2525 ad
3204 2474 3460 2526 unitatem
3494 2471 3742 2524 Ecclesia:
3763 2470 4060 2539 catholica'.

2496 2536 2702 2607 eiurato
2751 2536 3058 2604 schismate,
3113 2542 3418 2596 redeuntes.
3462 2539 3758 2595 Cardinalis
3803 2536 4061 2593 Norisius.

2496 2610 2547 2662 in
2584 2610 2798 2663 dissert.
2845 2613 2911 2663 de
2957 2627 2987 2663 v
3030 2612 3236 2679 synodo
3278 2612 3428 2680 (Cap.
3460 2613 3515 2673 9,
3562 2627 3741 2679 parag.
3774 2611 3876 2675 p.).
3918 2618 4063 2673 putat

2495 2693 2687 2749 novum
2730 2681 3135 2733 conciliabulum
3181 2681 3281 2733 sub
3327 2681 3513 2749 Sergio
3559 2680 3773 2749 minime
3823 2687 4064 2749 coactum

2497 2748 2677 2807 fuisse,
2711 2759 2894 2801 contra
2924 2765 3081 2815 quam
3130 2759 3375 2802 narratur
3414 2746 3480 2803 a'b
3529 2748 3825 2801 Anastasio.
3870 2746 4066 2799 Bedam

2497 2832 2622 2870 vero
2662 2832 2783 2870 cum
2830 2827 3014 2872 nostro
3056 2820 3471 2873 consentientem
3521 2821 3668 2887 (nam
3701 2819 3752 2870 in
3798 2816 4065 2869 Chronico

2496 2888 2563 2939 de
2609 2901 2701 2939 sex
2751 2888 3017 2951 aetatibus,
3047 2889 3261 2942 Tiberio
3308 2888 3586 2940 Absimaro
3633 2887 3926 2952 imperante
3975 2902 4069 2937 an-

2496 2969 2566 3027 no
2589 2956 2642 3022 7,
2668 2970 2772 3021 quo
2802 2965 3040 3023 tempore
3068 2958 3284 3027 Sergius
3312 2956 3600 3009 ltomanant
3641 2956 3855 3027 regebat
3887 2954 4067 3027 Eccle-

2497 3026 2628 3094 siatn
2655 3041 2667 3077 :
2704 3026 2967 3094 Synodns,
2999 3025 3193 3093 inquit,
3220 3027 3466 3093 Aquileia
3488 3026 3646 3094 facta,
3672 3025 3734 3076 ob
3764 3025 4069 3090 imperitiam

2498 3093 2642 3159 fidei,
2676 3093 2907 3161 quintum
2947 3096 3227 3149 un'vcrsalc
3270 3093 3540 3150 concilium
3576 3096 3830 3161 suscipere
3859 3094 4068 3159 ili/ﬁdit,

2499 3169 2677 3235 donec,
2693 3165 3001 3217 salutaribus
3027 3166 3333 3235 beatiSeryii
3360 3183 3505 3233 papa:
3525 3165 3726 3217 monitis
3742 3165 4072 3223 instructa,et

2499 3233 2610 3299 ipsa
2633 3235 2751 3285 huic
2766 3250 2878 3286 cum
2890 3236 3081 3289 steteris
3095 3233 3281 3289 Christi
3310 3235 3544 3290 Ecclcsiis
3567 3250 3785 3286 corruere
3804 3236 4072 3295 consentit)

2501 3302 2572 3355 ita
2623 3303 3018 3370 interpretatur,
3068 3316 3125 3359 ut
3154 3306 3434 3359 concilium
3486 3321 3514 3357 a
3566 3303 3784 3358 Paulino
3813 3312 4004 3356 contra
4048 3320 4073 3353 ν

2502 3372 2763 3440 synodum
2797 3373 3049 3445 habitum
3102 3374 3240 3428 Beda
3296 3375 3590 3445 significet,
3633 3374 3777 3445 cujus
3812 3387 3981 3445 error
4025 3384 4077 3426 et

2507 3455 2729 3513 pravum
2779 3442 2861 3513 de,
2888 3445 3092 3513 synodo
3142 3461 3171 3495 ν
3215 3442 3467 3510 judicium
3497 3444 3583 3497 diu
3634 3443 3867 3509 invaluit,
3902 3442 4071 3495 doner

2507 3511 2679 3578 Sergii
2724 3511 2939 3565 monitis
2981 3513 3352 3580 Aquileienses
3401 3513 3663 3576 instructi,
3705 3527 3843 3576 eam,
3884 3528 4079 3565 errore

2504 3580 2764 3647 deposito,
2794 3596 2913 3634 cum
2954 3584 3161 3637 cwleris
3195 3584 3445 3637 ECt'iL‘SiiS
3483 3593 3846 3650 susceperunt.
3893 3582 3957 3635 ld
3988 3597 4077 3634 au.

2508 3659 2611 3702 tetu
2667 3650 3060 3704 eruditissimus
3116 3654 3397 3706 eardinalis
3445 3668 3510 3707 ex
3555 3667 3620 3707 eo
3674 3653 3879 3716 probat,
3935 3655 4077 3719 quo!

2504 3720 2708 3783 synodo
2761 3719 3104 3775 Lateranensi
3159 3722 3349 3775 habita:
3399 3738 3538 3776 anno
3588 3721 3690 3777 (ill)
3739 3723 4077 3789 ευιιεετίριυη

2506 3789 2697 3856 legitur
2721 3790 2976 3860 maximus
3004 3792 3356 3860 Aquileiensis
3398 3794 3707 3860 episcopus;
3742 3801 3796 3844 et
3826 3791 3932 3844 sub
3962 3808 4076 3844 san-

2504 3870 2591 3912 cto
2639 3859 2916 3929 Agathone
2966 3875 3119 3928 papa,
3161 3862 3249 3929 qui
3294 3862 3465 3927 Sergii
3514 3862 3873 3926 pontiﬁcatum
3927 3864 4076 3927 quin-

2505 3944 2737 3997 quennio
2764 3930 2934 3982 solum
2961 3932 3251 3997 prtecessit,
3285 3932 3502 3985 adfuere
3529 3932 3579 3984 in
3607 3932 3838 3984 ltotnana
3867 3933 4084 4000 synodi

2505 4015 2623 4052 cuin
2671 4000 2948 4065 Agathone
2988 4002 3313 4067 Aquileivnsi
3365 4003 3695 4069 tnctropolita
3737 4003 3926 4053 caeteri
3976 4004 4077 4053 sut-

2505 4070 2738 4136 fraganei
2778 4070 2981 4124 litteras
3022 4072 3437 4134 sobscribcntes,
3482 4071 3776 4137 cx.quibus
3806 4071 4083 4140 Col-igitur

2505 4140 2768 4207 synodum
2799 4142 3038 4209 quintam
3064 4156 3156 4194 eos
3186 4143 3502 4210 suscepisse.
3533 4142 3636 4196 Sed
3672 4140 3777 4193 duo
3798 4151 3929 4194 sunt
3956 4158 4084 4209 quo-

2508 4224 2622 4261 rum
2671 4225 2829 4263 causa
2856 4212 3167 4263 doctissimo
3196 4212 3400 4264 Norisio
3430 4226 3532 4266 non
3586 4211 3845 4274 as~entio,
3880 4212 4083 4263 credo-

2504 4293 2606 4345 que
2653 4280 2783 4332 duas
2833 4280 3269 4349 pseudosynodos
3315 4282 3571 4347 Aquileia:
3623 4289 3835 4334 coactas
3866 4280 4080 4333 fuisse:

2507 4361 2683 4411 unam,
2708 4364 2849 4404 anno
2872 4350 2996 4415 5e37,
3021 4366 3046 4401 ιι
3073 4352 3321 4416 l’aulino;
3348 4354 3587 4415 alteram,
3613 4364 3750 4403 anno
3770 4350 3903 4413 698,
3938 4366 3969 4402 a
3998 4352 4085 4404 Pe-

2508 4426 2608 4482 tro,
2637 4423 2721 4483 qui
2749 4421 3137 4487 Aquileiensem
3165 4422 3344 4476 sedem
3379 4433 3487 4476 tum
3516 4421 3807 4475 obtinebat.
3842 4420 4084 4474 Primum

2506 4498 2585 4538 est
2611 4488 2874 4560 synodum
2907 4506 2934 4542 a
2956 4490 3179 4543 Paulino
3199 4503 3569 4560 congregatam
3598 4492 3778 4554 luisse,
3808 4501 3866 4542 ut
3890 4492 4088 4556 dijudi-

2504 4566 2649 4610 caret
2675 4558 2741 4611 de
2770 4560 3004 4627 generali
3034 4560 3236 4630 synodo
3284 4558 3338 4625 v’,
3368 4558 3524 4630 quam
3560 4561 3763 4628 rejecit,
3794 4569 3849 4612 ut
3882 4562 3935 4612 la
3949 4565 4086 4612 beta—

2505 4636 2735 4680 ctantcnt
2774 4628 3515 4685 concilimnCbalei-donense
3550 4631 3897 4684 damnatione
3932 4632 4087 4683 trioni

2510 4699 2885 4763 capitulorum,
2915 4699 3055 4765 quod
3101 4710 3311 4753 constat
3338 4718 3404 4755 ex
3446 4703 3510 4754 iis
3540 4701 3853 4768 fragmentis
3886 4702 4068 4765 episto

2515 4767 2681 4838 larum
2718 4769 2907 4836 Pelagii
2936 4770 2953 4821 ι
2982 4785 3099 4835 qua:
3125 4783 3155 4822 e
3195 4772 3426 4824 tenebris
3467 4767 3694 4838 primum
3738 4770 3885 4822 eruit
3924 4771 4092 4823 ana~

2518 4837 2839 4907 llolslenius.
2896 4840 2951 4891 ln
3000 4840 3155 4891 tertio
3200 4837 3477 4907 siquidem
3513 4841 3747 4906 legitur:
3786 4838 3901 4890 Nec
3954 4842 4090 4892 licet;

2513 4906 2812 4974 aliquando,
2840 4924 2928 4961 nec
2949 4908 3137 4973 licebit,
3171 4906 3531 4977 particulareot
3554 4910 3810 4977 synodum
3842 4911 3915 4961 ad
3952 4914 4096 4976 dijuo

2514 4977 2786 5029 dicandum
2829 4977 3113 5047 generalem
3158 4979 3409 5048 synodum
3464 4980 3790 5049 congregari.
3835 4980 4101 5049 SynOdu.

2514 5061 2640 5099 vero
2669 5063 2695 5098 a
2728 5049 2867 5102 lleda
2893 5058 3181 5102 memorata
3212 5050 3281 5102 ob
3303 5049 3617 5113 imreritiam
3661 5049 3785 5100 tidei
3813 5050 4097 5104 dtll‘tdelist

2512 5118 2767 5170 duntaxat
2786 5119 3024 5185 quintam
3046 5120 3305 5186 synodum
3328 5119 3628 5186 generalem
3644 5119 3922 5185 recipere.
3942 5122 4094 5172 Aliud

2511 5187 2773 5255 siquidem
2806 5198 2887 5240 est
2928 5188 3225 5242 universale
3250 5189 3531 5241 concilium
3562 5187 3813 5254 rejicere,
3847 5191 4004 5243 aliud
4037 5193 4097 5237 ob

2512 5256 2829 5324 imperitiam
2859 5257 2983 5309 illud
3019 5272 3122 5310 non
3154 5259 3445 5325 suscipere.
3474 5258 3704 5311 l'rimum
3731 5267 3820 5311 est
3846 5274 3951 5325 per
3976 5274 4099 5311 Con»

2513 5326 2794 5385 tumaciam
2819 5328 3118 5383 universale
3145 5329 3427 5381 concilium
3457 5337 3829 5392 coutenmere,
3862 5331 4102 5381 alterum

2510 5395 2580 5448 ob
2610 5396 2959 5465 ignorantiam
2996 5396 3062 5450 de
3092 5397 3182 5450 illo
3208 5397 3544 5463 suscipiendo
3581 5397 3848 5451 difﬁdere.
3886 5400 4099 5453 Secun-

2510 5465 2633 5518 dum
2684 5475 2768 5518 est
2822 5466 3155 5533 perspicuum
3205 5467 3561 5521 testiinonium
3612 5466 3762 5519 Pauli
3809 5470 4100 5533 scriptoris

2513 5536 2865 5602 Aquileiensis
2906 5536 3213 5604 provinciae,
3254 5548 3309 5590 et
3354 5537 3563 5590 diaconi
3587 5538 3970 5605 Aquileiensis
4004 5540 4101 5589 Ec-

2508 5605 2704 5676 clesiae,
2730 5618 2919 5658 octavo
2944 5607 3135 5659 saeculo
3162 5608 3268 5660 vita
3293 5605 3490 5667 functi;
3519 5609 3640 5674 quia
3673 5607 3735 5662 sL
3752 5608 3804 5659 in
3837 5611 3954 5661 hac
3983 5623 4106 5676 syn-

2508 5674 2614 5729 odo
2662 5676 2938 5728 indicanda
2989 5677 3125 5729 Beda
3169 5676 3524 5731 hallucinatus
3562 5678 3770 5738 luisset,
3804 5674 4105 5731 emendas-

2505 5754 2582 5815 set
2635 5746 2780 5798 illuni
2827 5748 2941 5799 sine
2979 5746 3161 5809 dubio,
3193 5761 3294 5798 non
3321 5746 3462 5799 illius
3494 5749 3655 5799 verba
3687 5747 4101 5815 cxsrripStSset.

2508 5813 2701 5867 Paulus
2749 5816 2905 5881 igitur
2936 5815 3072 5879 (Lib.
3099 5832 3145 5867 γι
3187 5814 3326 5869 Hist.
3356 5816 3612 5883 Langob.,
3653 5831 3776 5881 Cap.
3821 5813 3931 5883 Li)
3967 5834 4109 5868 ass“

2508 5886 2571 5938 tit
2600 5887 2859 5953 synodum
2884 5888 3099 5941 sedente
3126 5887 3311 5957 Sergio
3337 5888 3593 5957 Aquilone
3624 5895 3877 5942 coactam
3916 5889 4106 5947 tuisse,
