4214 6610
772 434 834 484 47
2001 435 2054 479 δ.
2098 421 2397 476 ,ΙΟᾹΝΝΕΒ
2440 421 2612 474 ΡΑΡΛ
2656 420 2742 472 Vl.
3963 420 4029 473 ιε

771 555 926 623 Cipls,
961 563 1128 622 pater.
1160 568 1456 622 opprunam
1508 567 1625 604 eum
1681 563 1770 616 per
1822 546 2143 599 violentiam.
2192 545 2343 611 Quod
2376 543 2425 600 Λ
2454 537 2779 590 nimbrortun
2835 533 3112 599 epistolam
3167 532 3423 594 habent),
3456 541 3509 584 ut
3536 532 3716 584 omnia
3749 545 3864 584 mea
3898 533 4027 585 mibi

775 661 892 698 cum
943 644 1102 698 etiam
1154 645 1380 698 inimicis
1408 643 1796 711 displicuisset,
1834 647 1890 690 ut
1943 639 2071 690 tanti
2122 635 2349 688 nominis

774 739 873 800 vir,
899 746 953 789 ct
982 738 1068 803 qtti
1099 751 1280 789 eorum
1315 735 1500 787 ﬁducia
1527 745 1711 798 captus
1741 731 1806 784 ad
1843 728 2126 782 concilium
2166 726 2345 777 venis~

770 837 870 892 sct,
905 830 1170 881 sustinere
1197 827 1557 894 oppressionis
1589 822 1982 893 prcejudicium,
2015 821 2122 872 alio
2151 820 2345 872 itinere

770 919 1117 982 eradieudum
1146 929 1418 987 putarunt.
1455 920 1630 984 Itaque
1668 915 1819 983 quasi
1855 913 2072 981 paciﬁce
2119 911 2350 962 suadere

769 1011 942 1062 adorsi
966 1020 1109 1070 sunt,
1141 1021 1197 1063 ut
1245 1012 1364 1078 quia
1415 1006 1845 1074 frequentissime
1899 1004 2264 1057 dissensiones
2299 1001 2348 1050 in

773 1101 1008 1153 l-‘cclesia
1043 1101 1133 1154 Dei
1164 1102 1275 1167 ejus
1322 1115 1480 1153 causa
1519 1099 1866 1164 pullulabant,
1902 1096 2012 1161 ipse
2075 1092 2347 1144 voluntate

769 1206 865 1243 sua
911 1189 1333 1258 possessionibus
1379 1199 1432 1242 et
1479 1190 1787 1256 episcopatu
1839 1185 2153 1247 cederet,et
2215 1181 2353 1234 hanc

770 1279 1214 1332 renuntiat'ionem
1255 1281 1452 1345 scripto
1484 1281 1748 1337 ﬁrmaret;
1787 1276 1886 1327 hoc
1919 1273 2037 1341 ejus
2071 1285 2349 1325 commen-

768 1373 919 1426 daret
948 1371 1164 1433 famam.
1193 1371 1292 1423 hoc
1335 1369 1692 1422 accumularet
1729 1366 1955 1434 gloriam
2011 1363 2056 1418 si
2111 1363 2353 1430 privatus

770 1465 952 1518 mallet
993 1463 1093 1518 sub
1117 1464 1294 1531 quiete
1318 1462 1510 1528 degere
1529 1503 1543 1526 ,
1567 1475 1727 1529 quam
1757 1473 1853 1527 pro
1883 1471 1982 1511 suo
2012 1455 2348 1523 pontiﬁcatu,

771 1557 853 1611 \el
880 1571 972 1624 per
989 1570 1048 1609 se
1071 1556 1153 1608 vel
1182 1569 1278 1623 per
1310 1554 1445 1606 alios
1473 1553 1730 1621 procellas
1760 1548 2082 1601 seditionum
2109 1556 2344 1598 movere.

844 1666 1024 1719 Sensit
1048 1675 1196 1734 pater
1223 1665 1273 1717 in
1317 1664 1398 1714 his
1437 1660 1593 1713 minis
1641 1659 1771 1729 ML,
1806 1655 1984 1728 nimis]
2038 1655 2349 1724 implicitum

773 1760 1068 1827 negotium,
1099 1768 1154 1811 et
1180 1755 1476 1822 respondit,
1510 1755 1644 1806 nihil
1673 1768 1824 1821 a-que
1859 1753 1923 1805 ad
1969 1750 2237 1804 cumulum
2274 1747 2354 1798 in-

775 1852 950 1904 tamizn
983 1849 1182 1902 homini
1207 1849 1578 1915 valere,quam
1604 1846 1646 1897 si
1678 1861 1736 1897 se
1763 1860 1856 1897 sna
1887 1844 2165 1896 damnaret
2195 1855 2346 1893 voce.

773 1944 843 1994 Se
883 1941 1108 2008 primum
1145 1939 1325 2001 fuisse,
1357 1938 1443 2004 qui
1474 1951 1656 1988 verum
1690 1935 1890 1989 Pascha
1925 1935 1975 1986 in
2007 1931 2350 1985 Northanim-

772 2033 882 2086 hria
913 2031 1088 2085 Scntis
1117 2029 1300 2097 ejectis
1328 2029 1594 2092 docuerit,
1625 2029 1713 2094 qui
1747 2038 1933 2078 cautus
1956 2024 2348 2078 ecclesiasticos

771 2122 1153 2188 antipbonatim
1209 2119 1646 2187 iustituerit,qui
1696 2117 2016 2170 sanctissimi
2075 2115 2348 2170 Benedicti

778 2213 1010 2280 regulam
1044 2228 1072 2264 a
1122 2211 1398 2264 monachis
1443 2209 1712 2262 obsrtvari
1740 2207 1980 2275 jusserit,
2013 2221 2107 2273 pro
2157 2207 2348 2273 quibus

774 2304 1020 2356 omnibus
1047 2317 1184 2355 nunc
1211 2315 1390 2355 senem
1441 2309 1494 2354 et
1540 2300 1874 2367 septuaginta
1925 2300 2034 2352 tere
2085 2310 2346 2350 annorum

776 2395 1077 2461 pontiﬁcem
1110 2394 1210 2446 hoc
1239 2395 1290 2446 in
1325 2408 1544 2446 munere
1577 2393 1844 2456 recipere,
1877 2400 1935 2444 ut
1980 2398 2200 2458 cogatur
2261 2402 2349 2442 se-

778 2501 947 2553 Ipsitm
978 2487 1177 2553 scripto
1207 2484 1483 2538 damnare.
1529 2485 1756 2536 Nosseut
1797 2499 1923 2551 ergo
1953 2496 2010 2534 se
2062 2481 2193 2534 illud
2245 2496 2349 2533 non

778 2577 1063 2640 l‘acturum,
1093 2574 1233 2642 quod
1263 2582 1408 2629 esset
1456 2573 1554 2626 sibi
1607 2573 1856 2633 dedecus,
1889 2572 2164 2624 calamitas
2217 2573 2349 2624 snh-

771 2665 956 2734 jectis,
986 2663 1378 2717 incommodum
1430 2661 1634 2715 cunctis
1693 2678 1705 2713 :
1758 2661 1882 2727 quin
1933 2659 2129 2726 potius,
2168 2661 2348 2713 sedent

774 2755 1116 2824 apostolicam
1160 2753 1455 2822 appellare,
1503 2760 1558 2804 et
1589 2752 1629 2802 si
1660 2750 1778 2819 quis
1808 2765 1994 2803 eorum
2026 2749 2350 2804 ecclesiasti-

774 2866 892 2902 cum
922 2848 1229 2903 conﬂictum
1259 2855 1623 2916 prmsumeret,
1656 2859 1717 2898 ea
1748 2857 2020 2896 revocare.

850 2943 966 2997 Jam
1015 2957 1142 3011 ergo
1169 2939 1605 3010 septuagenai-ius
1659 2937 1850 2989 iterum
1897 2937 2126 2998 labores,
2160 2936 2349 2987 itcrtuu

778 3037 997 3089 Romam
1021 3034 1333 3096 meditatur,
1358 3047 1458 3085 nec
1486 3032 1576 3085 diu
1627 3041 1863 3083 moratus
1923 3044 2068 3082 mare
2125 3030 2352 3089 ltattsiit,

775 3130 1019 3195 viamque
1069 3139 1382 3194 permensus
1433 3123 1630 3177 Urbem
1692 3123 1934 3186 introiit,
1993 3121 2351 3186 sustinuitque

772 3219 1057 3285 aliquantis
1099 3217 1288 3270 diebus
1327 3225 1666 3268 accusatores
1716 3214 1840 3266 dum
1895 3213 2133 3265 venirent
2167 3228 2181 3276 ;
2233 3211 2346 3280 qui,
2379 3235 2424 3296 ρ

773 3325 893 3362 eum
925 3307 1217 3368 venissent,
1247 3306 1319 3359 illi
1345 3320 1558 3358 rausam
1589 3321 1740 3357 suam
1772 3304 2034 3371 epistolis,
2068 3302 2179 3371 ipse
2208 3302 2348 3370 quod

776 3403 838 3455 ad
871 3417 929 3456 se
956 3399 1234 3464 attinebat,
1264 3397 1362 3451 hoc
1385 3397 1636 3466 allegavit
1661 3396 1837 3450 modo.

1523 3486 1606 3542 lll.

781 3581 999 3634 Dommo
1019 3581 1303 3633 beatissimo
1330 3577 1604 3631 universali
1646 3591 1792 3646 papa:
1833 3573 2026 3628 Joanni
2061 3571 2351 3646 il'l'ilfrirlus

844 3652 1060 3720 supplex
1084 3661 1129 3704 et
1159 3651 1366 3702 humilis
1394 3666 1562 3702 servus
1587 3645 1842 3700 servorum
1876 3645 1967 3697 Dei
1990 3645 2276 3711 episcopus.

846 3741 1147 3808 Cognoscat
1178 3740 1434 3794 sanctitas
1460 3747 1654 3801 vestra,
1687 3737 1826 3807 quod
1859 3735 2348 3805 perturbationibus

776 3848 944 3901 nuper
986 3832 1037 3885 in
1081 3831 1344 3884 Britannia
1374 3832 1507 3884 ortis
1540 3845 1603 3884 ex
1638 3839 1785 3896 parte
1811 3843 1994 3881 eormn
2025 3827 2137 3895 qui,
2170 3833 2352 3878 contra

778 3925 988 3977 decreta
1018 3922 1310 3976 beatissimi
1341 3920 1631 3990 Agathonis
1661 3935 1806 3988 papa:
1853 3919 2096 3986 illiusque
2126 3931 2342 3970 succes-

777 4028 956 4066 sorum
980 4011 1364 4068 venerabilium
1390 4011 1625 4072 Patrum,
1647 4010 1860 4063 sibimet
1885 4009 2268 4075 episcopatum,
2299 4014 2354 4059 et

777 4103 1097 4156 monasteria
1130 4141 1146 4166 ,
1204 4109 1481 4168 teri-asi'jue
1535 4114 1654 4152 cum
1711 4100 1958 4151 omnibus
2011 4097 2346 4150 facultatibus

778 4193 912 4246 meis
976 4192 1338 4261 usurpabant,
1395 4191 1701 4258 compulsus
1754 4190 1889 4242 hanc
1945 4194 2340 4241 sacrosanctam

773 4283 1116 4352 apostolicam
1142 4281 1324 4336 sedem
1353 4280 1634 4348 appellavi,
1662 4286 1970 4332 contestans
1994 4292 2088 4331 eos
2118 4291 2212 4346 per
2238 4292 2354 4329 om-

781 4379 1110 4446 uipotentem
1133 4375 1434 4437 Dominum,
1461 4380 1515 4426 et
1546 4374 1753 4425 beatum
1782 4371 1997 4424 Petrum
2023 4369 2346 4437 apostolum,

774 4467 898 4521 utsi
931 4467 1052 4535 quis
1079 4465 1307 4534 aliquam
1340 4465 1734 4517 accusationem
1784 4471 1965 4513 contra
1993 4474 2078 4512 me
2107 4459 2344 4522 haberet,

774 4558 840 4612 ad
901 4565 1128 4609 vestram
1184 4556 1519 4624 prwsentiam
1576 4552 1812 4615 veniret,
1861 4550 1998 4604 sicut
2051 4549 2340 4603 beatissimi

775 4647 947 4716 Sergii
1001 4645 1408 4714 pra-decessoris
1437 4643 1596 4698 vestri
1633 4642 1827 4708 scripta
1856 4640 2216 4694 decernebant
2249 4656 2262 4691 :
2292 4650 2344 4692 et

773 4742 898 4795 ideo
921 4739 1230 4808 petitionem
1259 4736 1570 4790 humilitatis
1597 4749 1730 4788 mea:
1773 4733 2017 4802 gloriosae
2048 4731 2346 4799 przesentic

775 4843 964 4885 vestra:
993 4829 1316 4885 oll‘erendam
1347 4827 1557 4893 curavi,
1590 4835 1646 4880 ut
1691 4841 1784 4879 vos
1840 4823 2074 4894 largiﬁua
2135 4823 2346 4890 pietatis

776 4919 1145 4974 benevolentia
1175 4918 1493 4972 conﬁrmare
1520 4915 1827 4984 dignemini,
1853 4928 1972 4983 quae
2021 4926 2051 4964 a
2101 4913 2341 4965 beatissi-

777 5015 876 5064 mis
914 5008 1340 5064 antecessoribus
1391 5005 1582 5060 vestris
1635 5020 1760 5073 erga
1813 5018 1984 5058 meam
2036 5003 2345 5070 parvitatem

777 5102 988 5153 decreta
1019 5109 1170 5161 sunt;
1204 5108 1257 5151 et
1283 5099 1326 5150 si
1351 5097 1468 5166 quis
1497 5106 1679 5150 contra
1721 5110 1806 5149 tne
1849 5103 2126 5149 accusator
2177 5096 2346 5149 adve-

778 5192 939 5254 nerit,
971 5206 1064 5259 per
1092 5201 1326 5244 vestram
1355 5190 1650 5256 jussionem
1677 5187 1962 5256 productus
1993 5187 2043 5238 in
2085 5185 2346 5248 medium,

779 5281 919 5345 quod
946 5282 1169 5335 voluerit
1205 5279 1422 5350 objiciat
1453 5297 1467 5333 z
1495 5289 1548 5333 et
1586 5281 1627 5331 si
1671 5279 1930 5346 quidlibet
1959 5278 2036 5331 vel
2070 5278 2344 5330 minimum

780 5372 1043 5439 objectum
1074 5383 1176 5422 non
1209 5369 1553 5438 probabiliter
1597 5384 1914 5430 cassavero,
1961 5377 2175 5435 paratus
2228 5381 2341 5421 sum

783 5463 1116 5517 severitatem
1145 5476 1403 5514 canonum
1433 5461 1685 5528 evperiri.
1735 5460 1934 5513 Deinde
1981 5475 2128 5528 rogo,
2161 5468 2217 5512 ut
2265 5459 2352 5512 lit-

783 5565 922 5605 teras
949 5551 1425 5606 coumtendatorias
1454 5552 1518 5604 de
1544 5561 1718 5604 vestra
1747 5551 2060 5605 celsitudine
2083 5551 2144 5602 ad
2173 5549 2352 5604 Ethel-

788 5649 967 5700 redum
1002 5662 1177 5712 regem
1215 5645 1521 5699 Merciorum
1555 5645 1834 5713 adipiscar,
1869 5659 1922 5698 ut
1950 5645 2125 5698 omnia
2170 5659 2351 5696 mona-

786 5741 942 5793 steria
972 5755 1105 5803 mea,
1134 5753 1250 5806 qua:
1281 5738 1330 5790 in
1355 5736 1469 5803 ejus
1501 5748 1622 5788 sunt
1654 5739 1922 5803 provincia
1944 5779 1956 5799 ,
1989 5737 2216 5804 quietem
2251 5737 2348 5786 ha-

797 5831 948 5879 btent
975 5828 1037 5879 ad
1072 5831 1326 5885 Alft'iriuta
1379 5829 1510 5897 ML,
1547 5828 1847 5897 All'titbum]
1896 5844 2068 5895 regem
2127 5829 2350 5882 Northu-

2454 629 2656 682 reddat.
2690 626 2839 691 Quod
2863 623 2908 678 si
2939 623 3075 677 forte
3108 624 3206 677 sibi
3234 637 3396 691 grave
3423 621 3712 682 videbitur,
3746 630 3796 673 ut
3831 621 4028 690 episco-

2456 735 2630 783 jazum
2689 719 3076 769 libnraccnsetu
3123 715 3370 779 habeam,
3401 713 3691 780 praevidcat
3737 712 4028 777 apostolica

2454 811 2628 870 sedes,
2663 808 2780 874 quis
2809 807 2878 858 ibi
2911 806 3166 857 habeatur
3205 805 3485 871 episcopus
3516 819 3531 856 :
3561 818 3660 869 ego
3692 813 3870 855 tamen
3913 818 4029 854 mn-

2455 899 2683 953 nasteria
2713 898 2820 950 duo
2853 898 2902 950 in
2931 911 2992 948 ea
3024 896 3288 964 provincia
3318 895 3485 963 posita
3509 895 3654 962 ltipis
3673 905 3722 945 et
3749 893 4027 962 Hagustal-

2454 991 2607 1050 delm,
2642 1003 2758 1056 quze
2790 986 3044 1045 fundavi,
3077 1001 3180 1037 nun
3231 985 3491 1038 amittam,
3552 985 3605 1037 In
3664 985 3766 1036 Ωιεε
3815 999 4029 1052 quoque

2454 1079 2688 1147 spondeo
2703 1079 3044 1131 mentuuibus
3061 1077 3287 1130 decretis
3307 1076 3632 1129 ltrethwaldi
3655 1073 4028 1144 [liertinvaldi]

2455 1170 2837 1239 archiepiscopi
2867 1170 3184 1237 parituram,
3216 1183 3332 1236 qua:
3359 1178 3544 1220 contra
3575 1168 4030 1236 praulecessorum

2455 1271 2756 1315 vestrorum
2789 1259 3156 1314 fundatissima
3181 1258 3395 1311 decreta
3425 1272 3550 1323 erga
3585 1273 3754 1310 meam
3797 1257 4033 1325 parvita-

2457 1365 2564 1406 tem
2595 1367 2696 1404 non
2735 1351 2953 1405 fuerint.
2981 1351 3072 1403 llis
3099 1365 3218 1403 cum
3268 1360 3602 1402 accumtorcs
3632 1365 3659 1401 a
3693 1349 4033 1401 licithwalilo

2456 1442 2856 1507 archiepiscopo
2912 1441 3056 1493 missi
3118 1439 3445 1507 reSpundere
3492 1439 3627 1507 jussi
3681 1439 4032 1500 essent,_boc

2455 1531 2684 1598 primum
2741 1532 2990 1584 dixerunt
3052 1545 3066 1582 :
3129 1529 3256 1582 Esse
3284 1529 3486 1581 crimen
3520 1528 3767 1597 capitale,
3797 1531 3941 1596 quod
3978 1527 4032 1580 in

2457 1623 2682 1675 cmucilio
2713 1622 2762 1674 in
2791 1621 3058 1674 Britannia
3080 1630 3400 1688 congregato
3431 1619 3662 1672 decretis
3709 1618 4027 1672 Britowaldi

2456 1710 2838 1778 archiepiscopi
2867 1724 2924 1762 se
2951 1723 3056 1762 non
3082 1709 3425 1763 obediturum
3451 1708 3724 1762 Willridus
3750 1720 4031 1762 contuma-

2456 1797 2588 1852 citer
2617 1800 2858 1852 dixisset.
2890 1799 2963 1852 lle
2993 1798 3092 1852 hoc
3113 1809 3260 1852 stans
3289 1799 3340 1851 in
3372 1799 3547 1852 medio
3580 1799 3806 1864 pontifex
3850 1813 3910 1852 se
3936 1813 4033 1853 ex-

2379 1881 2428 1940 B
2457 1891 2719 1958 purgavit,
2744 1900 2800 1942 ιιι
2829 1891 3032 1944 diceret
3048 1905 3106 1944 se
3132 1891 3208 1942 sic
3239 1905 3342 1941 non
3367 1890 3644 1944 indeﬁnite
3667 1891 4032 1958 respondisse,

2454 1983 2545 2033 sed
2577 1981 2655 2033 bis
2681 1981 3045 2034 tantummodo
3070 1981 3384 2048 pariturum,
3410 1995 3528 2048 quae
3554 1990 3733 2034 centra
3762 1996 4034 2034 canonum

2451 2072 2663 2125 decreta
2699 2088 2803 2124 non
2831 2079 3012 2126 essent
3046 2089 3060 2124 :
3093 2085 3212 2125 esse
3241 2081 3414 2125 autem
3467 2080 3652 2126 contra
3699 2072 3932 2140 regulas,
3977 2081 4036 2123 ut

2457 2163 2568 2228 ipse
2596 2177 2653 2215 se
2680 2161 2795 2216 sine
2825 2162 2933 2215 ullo
2963 2161 3198 2215 criminis
3241 2161 3452 2230 objectu
3493 2161 3842 2230 adjudicaret.

2527 2253 2648 2305 llaac
2697 2263 2802 2305 tam
2851 2251 3140 2320 probabilis
3161 2262 3216 2306 et
3269 2253 3438 2306 facilis
3469 2254 3743 2321 responsio
3765 2268 3888 2306 cum
3920 2253 4024 2306 lm-

2457 2354 2564 2397 tum
2599 2345 2838 2412 plausum
2873 2344 3128 2398 ltomanis
3158 2345 3470 2409 excitasset,
3499 2345 3630 2412 jussi
3660 2354 3779 2397 sunt
3809 2359 4034 2398 accusa-

2458 2446 2600 2489 tores
2656 2436 2870 2489 domum
2923 2437 3120 2502 redire,
3168 2435 3468 2490 dicentibus
3519 2437 3814 2504 episcopis,
3872 2437 4022 2504 quod

2454 2530 2697 2596 quamvis
2725 2529 3018 2582 cauunibus
3047 2537 3261 2580 cautum
3287 2537 3452 2592 esset,
3478 2537 3533 2580 ut
3557 2538 3833 2580 accusator
3855 2526 4036 2594 primo

2455 2617 2803 2670 accusationis
2852 2617 3086 2684 capitulo
3130 2616 3405 2679 decidens,
3451 2617 3670 2669 ulterius
3693 2617 3756 2668 ad
3788 2617 4025 2668 aliorum

2457 2718 2841 2762 tenlamentutn
2875 2725 2976 2761 non
3009 2717 3330 2777 assurgeret,
3364 2721 3424 2761 se
3455 2716 3628 2760 tamen
3652 2722 3746 2775 pro
3774 2721 4035 2761 reveren-

2458 2804 2527 2856 tia
2562 2801 2867 2854 liritbwaldi
2900 2799 3286 2868 archiepiscopi
3312 2813 3416 2851 non
3450 2797 3894 2865 defuturos,quin
3910 2812 4035 2850 om-

2457 2893 2543 2944 nia
2580 2907 2673 2958 per
2715 2889 2960 2943 ordinem
2990 2889 3354 2954 discuterent;
3388 2886 3686 2954 factumque
3708 2896 3787 2939 est
3811 2897 3867 2938 ut
3890 2902 4032 2954 qua-

2457 2993 2574 3037 tuor
2629 2984 2900 3036 mensibus
2944 2981 3276 3051 septuaginta
3327 2979 3676 3034 conciliabula
3705 2987 3912 3041 coacta,
3947 2981 4034 3030 vel

2462 3085 2674 3143 pl'OplCt‘
2716 3076 2816 3128 hoc
2859 3075 3055 3139 solum,
3109 3074 3188 3128 vel
3223 3072 3324 3126 hoc
3355 3073 3705 3139 praecipuum,
3735 3069 3890 3123 ﬁnern
3913 3070 4036 3137 glu-

2459 3171 2655 3223 riosum
2683 3167 2950 3229 Wdlridn,
2972 3165 3382 3235 ignominiosum
3402 3162 3794 3218 accusatoribus
3821 3159 4031 3214 habue-

2461 3261 2588 3322 rint,
2643 3258 2898 3312 Romanis
2941 3256 3168 3309 maxima
3198 3257 3434 3321 impensa
3467 3254 3778 3307 mirantibus
3808 3253 4032 3306 illorum

2460 3348 2877 3416 impudentiam,
2943 3346 3086 3398 illius
3144 3343 3542 3414 eloquentiam,
3601 3343 3723 3396 dum
3766 3341 4032 3412 quidquid

2457 3441 2856 3494 accusationum
2914 3437 3260 3506 objecisscnt,
3309 3435 3398 3488 ille
3433 3435 3578 3488 nullo
3621 3433 3919 3502 excogitato
3945 3448 4037 3488 re-

2458 3548 2675 3600 sponso,
2704 3531 2797 3585 sed
2850 3530 2940 3582 Dci
2997 3539 3050 3581 ct
3096 3526 3334 3581 veritatis
3390 3526 3552 3579 l'ultus
3601 3526 3813 3586 auxilio,
3871 3527 4033 3592 quasi

2456 3638 2637 3678 casses
2688 3635 3002 3674 aranearum
3055 3619 3225 3687 primo
3255 3627 3399 3670 motu
3433 3617 3689 3670 labiorum
3732 3615 4038 3669 discuteret

2457 3724 2509 3767 et.
2535 3715 2649 3765 sub:
2667 3719 2850 3773 ucrct;
2876 3709 2975 3763 hoc
2999 3708 3214 3776 pronius
3236 3707 3470 3776 episcOpi
3495 3706 3815 3760 mirabantur
3844 3706 4027 3759 causi—

2457 3803 2696 3855 dicorum
2753 3801 3050 3862 audaciam,
3099 3796 3364 3865 quomodo
3393 3796 3870 3850 ecclesiasticorutn
3895 3812 4030 3864 grao

2458 3895 2616 3946 duum
2649 3896 2908 3944 immunes
2952 3891 3076 3961 (nisi
3105 3888 3243 3958 quod
3275 3903 3408 3942 unus
3439 3903 3620 3941 eorum
3649 3888 3898 3942 diaconus
3933 3902 4030 3942 es-

2457 3985 2559 4054 set)
2615 3989 3001 4053 praesumerent
3043 3995 3293 4036 accusare
3341 3980 3696 4035 venerandum
3720 3994 3903 4033 senem
3931 3996 4027 4036 se-

2460 4076 2729 4142 ptuaginta
2747 4087 3006 4124 annorum
3027 4070 3352 4139 pontiﬁcem,
3372 4080 3657 4124 torrentem
3675 4069 4028 4140 eloquentiae:

2461 4162 2596 4216 inter
2618 4178 2676 4216 se
2706 4177 2833 4229 ergo
2863 4160 3086 4214 multum
3109 4159 3306 4228 diuque
3326 4159 3687 4228 graacizantes,
3721 4161 3939 4213 tandem
3966 4162 4032 4214 ad

2460 4265 2635 4306 nostra
2695 4253 2852 4306 verba
2910 4251 3180 4314 conversi,
3225 4250 3548 4304 damnarunt
3595 4250 3782 4303 missos
3830 4249 4036 4319 dignos

2457 4360 2691 4406 carcere,
2734 4344 3014 4396 missorem
3067 4349 3354 4410 arguerunt
3393 4341 3648 4404 stultitiae,
3709 4338 4026 4394 Wilfridqu

2459 4437 2871 4504 pronuntiarunt
2895 4441 3166 4487 exsortem
3197 4431 3264 4485 ab
3292 4431 3436 4484 omni
3453 4429 3696 4484 crimine.

2527 4548 2621 4602 llic
2650 4546 2966 4614 subjicerem
3013 4553 3265 4612 quantum
3303 4543 3645 4598 emolumenti
3677 4556 3847 4596 cause
3875 4542 4030 4598 illius

2456 4639 2691 4692 attulerit
2719 4638 2952 4708 synodus
2977 4635 3267 4704 Agathonis
3293 4651 3441 4704 papae
3465 4635 3621 4697 lecta,
3646 4634 3735 4688 sed
3766 4645 3820 4687 et
3848 4635 3989 4689 illud
4015 4678 4032 4699 ,

2455 4728 2595 4796 quod
2651 4730 2701 4780 in
2753 4726 2938 4780 Meldis
2988 4724 3199 4778 civitate
3252 4725 3489 4778 Francia:
3516 4725 3583 4779 ab
3605 4727 3806 4779 oriente
3832 4724 4027 4781 [νει-ἰεῑὶ

2462 4820 2655 4886 posita,
2703 4832 2822 4871 cum
2868 4816 3083 4869 domum
3115 4815 3312 4871 rediret
3339 4816 3642 4870 inﬁrmitate
3671 4831 3908 4884 pressus,
3951 4819 4036 4870 vi.

2457 4923 2606 4961 sicne
2657 4916 2874 4959 sanatus
2929 4907 3002 4957 sit
3054 4906 3312 4973 angelica,
3366 4905 3465 4960 nisi
3514 4905 3652 4960 Beda
3689 4905 4033 4961 Venerabilis

2459 4999 2742 5051 hismrieus
2771 4997 2962 5066 dignus
3009 5011 3105 5063 pro
3131 5012 3188 5048 se
3215 5010 3516 5048 sermonum
3542 4994 3828 5048 sobrietate
3849 4998 4031 5057 credi.

2459 5089 2815 5144 narrationem
2871 5086 3245 5155 praevertisset.
3280 5085 3386 5139 Nos
3411 5088 3479 5138 ab
3522 5085 3636 5151 ipso
3655 5085 3847 5138 omissa
3877 5087 4029 5140 scri-

2459 5192 2624 5250 pturae
2675 5179 2954 5249 perstricte
2985 5178 3284 5233 inserimus.
3329 5177 3578 5244 Quamvis
3611 5177 3767 5244 igitur
3796 5188 4028 5234 antistes

2461 5291 2570 5329 rem
2615 5274 2955 5334 obtinuisset,
3009 5271 3274 5325 ambiebat
3313 5278 3487 5323 tamen
3514 5269 3693 5323 Roma
3719 5284 4025 5330 remanere.

2459 5367 2680 5419 senilem
2703 5364 2945 5432 spiritmn
2988 5363 3085 5415 sub
3124 5361 3457 5415 dominorum
3487 5359 3891 5428 apostolicorum
3926 5377 4022 5428 pc-

2459 5457 2612 5509 dihtts
2667 5455 2948 5509 eliztsurus.
3005 5453 3215 5527 ttestiiit
3246 5453 3330 5519 pio
3357 5461 3478 5504 V010
3510 5450 3775 5518 pentiﬁcis
3797 5449 4025 5505 Jomnis

2460 5549 2615 5604 ratio,
2651 5561 2750 5612 qua
2782 5545 2980 5599 diceret
3009 5558 3127 5599 eum
3162 5543 3364 5611 Anglia!
3397 5541 3774 5605 necessarium,
3797 5541 4028 5610 ideoque

2455 5641 2631 5705 jussit,
2658 5649 2713 5691 ut
2735 5637 2872 5704 quod
2900 5645 3174 5705 supererat
3198 5634 3315 5693 :cvi,
3348 5649 3448 5685 non
3483 5634 3531 5686 in
3567 5634 3855 5701 peregrinis
3883 5636 4025 5686 auris

2458 5729 2609 5801 [oris‘E
2639 5743 2988 5791 consumere',
3037 5726 3128 5781 sed
3180 5725 3360 5794 patria:
3413 5725 3708 5778 commodis
3757 5724 4025 5793 impende-

2459 5837 2554 5888 t‘t'l,
2587 5832 2689 5876 etc.
