4214 6532
1523 605 1690 649 ANNO
1734 602 1960 647 DOMINI
2000 604 2231 647 DCCV“.

815 768 2222 1000 JOANNES
2330 781 2899 1038 VII,

1423 1117 1805 1180 BOMANUS
1851 1116 2277 1178 PONTIFEX.

983 1365 1417 1443 NOTITIA
1480 1365 1583 1441 IN
1643 1364 2119 1440 JOANNEM
2186 1365 2518 1442 I’APAM
2576 1368 2755 1445 Vll.

1719 1521 2005 1531 —————_

1667 1598 1799 1657 (Lib.
1826 1598 2073 1663 Pontiﬁc.)

298 1820 324 1846 ι
355 1808 587 1863 Joannes
634 1807 723 1861 V'll
776 1806 992 1862 natione
1041 1806 1262 1863 Graecus
1288 1850 1300 1872 ,
1350 1817 1503 1877 patre
1544 1808 1763 1864 Platone
1790 1850 1803 1875 ,
1837 1818 1889 1876 Α
1916 1827 2017 1881 que
2044 1813 2156 1869 auri
2185 1824 2241 1869 et
2267 1816 2472 1883 argenti
2494 1816 2850 1885 quantitatem
2880 1820 3099 1878 multam
3120 1829 3411 1900 expendit,
3442 1847 3496 1890 et

218 1902 365 1955 sedit
390 1917 557 1955 annos
591 1917 649 1963 ιι,
682 1914 893 1953 menses
940 1916 1010 1953 vn
1042 1942 1055 1966 ,
1106 1900 1221 1954 dies
1253 1916 1379 1954 xvn.
1410 1902 1426 1933 ¹
1462 1900 1586 1954 Fuit
1633 1911 1808 1956 autem

221 1998 562 2067 temporibus
588 1996 789 2050 Tiberii
816 1997 1037 2067 Augusti
1063 2005 1117 2050 et.
1140 1997 1421 2053 Justiniani
1449 1998 1808 2067 imperatoris,

221 2093 307 2145 vir
337 2091 754 2153 eruditissimus,
800 2097 851 2143 et
900 2087 1157 2142 tacundus
1202 2088 1525 2157 eloquentia.
1564 2089 1657 2143 llic
1690 2088 1812 2141 fecit

222 2184 518 2236 oratorium
548 2192 746 2234 sanctae
778 2181 869 2234 Dei
893 2181 1334 2236 Genitricisintra
1358 2183 1636 2236 ecclesiam
1670 2183 1809 2236 beati

223 2274 371 2331 Petri
394 2274 644 2344 apostoli,
678 2273 829 2341 cujus
855 2271 1085 2339 parietes
1136 2274 1346 2327 musivo
1374 2272 1639 2341 depinxit.
1668 2273 1811 2327 Illic-

1916 1905 2307 1961 venerabiliutn
2336 1907 2555 1963 Patrum
2586 1908 2770 1963 dextra
2803 1910 3042 1983 laevaque
3090 1917 3264 1974 vultus
3303 1926 3493 1979 erexit.

1917 1994 2012 2049 llic
2043 1998 2367 2052 restauravit
2392 1998 2669 2053 basilicam
2690 2010 2889 2055 sanetae
2913 2002 3166 2072 Eugenia:
3195 2023 3310 2077 quae
3336 2012 3495 2085 longo

1919 2100 2163 2156 tempore
2192 2089 2213 2118 '
2250 2088 2462 2143 detecta
2493 2098 2653 2159 atque
2694 2089 2907 2160 dirupta
2956 2092 3150 2149 fuerat.
3205 2097 3493 2159 Laboravit

1914 2188 2096 2233 autem
2125 2189 2178 2234 et
2210 2179 2263 2233 in
2287 2179 2613 2235 cmmeteriis
2647 2180 2924 2237 beatorum
2946 2192 3242 2257 martyrum
3273 2190 3493 2248 Marcel-

1920 2270 2012 2325 lini
2038 2280 2093 2324 et
2125 2270 2318 2334 Marci,
2370 2269 2695 2339 Darnasique
2742 2272 2911 2325 sancti
2966 2274 3253 2342 pontiﬁcis.
3287 2277 3314 2317 δ
3346 2279 3496 2338 Fecit

1447 2382 1836 2438 VARIANTES
1875 2380 2161 2435 LECTION
2172 2380 2272 2436 ES.

303 2482 314 2507 '
353 2481 435 2533 Al.
468 2494 575 2532 om.
607 2481 730 2531 ruit
759 2488 1018 2531 autem....
1045 2478 1387 2544 imperatoris.

1979 2475 2000 2504 ²
2045 2474 2154 2536 AL,
2185 2474 2420 2527 disiecta.

1578 2564 1935 2620 VARIORUM
1976 2562 2206 2618 ΝΟΤΛΞ.

300 2675 326 2701 α
358 2663 582 2717 Joannes
625 2660 761 2716 VII.
803 2659 955 2714 Sedis
975 2659 1298 2727 Apo-tolicm
1321 2660 1652 2711 vacationem
1687 2669 1803 2724 post

222 2744 461 2789 mortem
492 2733 711 2786 Joannis
744 2729 831 2795 Vl,
868 2743 1033 2796 usque
1072 2729 1133 2781 ad
1168 2729 1386 2781 alterius
1410 2728 1629 2782 Joannis
1661 2728 1801 2779 ordi-

222 2805 522 2865 nationem,
568 2800 790 2856 catalotti
822 2807 875 2853 et
915 2798 1025 2851 Cod
1050 2801 1083 2850 Ι.
1120 2814 1311 2867 magno
1365 2814 1630 2851 consensu
1673 2797 1803 2849 deli-

222 2876 383 2927 niunt
412 2874 567 2926 unius
609 2870 829 2931 mensis,
867 2884 927 2921 ac
981 2870 1185 2920 dierum
1238 2869 1556 2929 octodecim,
1608 2876 1803 2934 przeter

221 2943 534 3011 catalogum
565 2940 929 3011 Veronensem
957 2952 1062 2989 uno
1086 2937 1263 3011 minus
1289 2938 1376 2989 die
1405 2945 1796 3011 uulnerantem,

222 3012 373 3079 quod
414 3006 666 3078 procedit
719 3009 952 3064 exclusis
983 3009 1277 3079 extremis,
1337 3018 1392 3059 et
1436 3006 1801 3079 Colbertinnm

222 3075 444 3136 tertium
470 3091 651 3141 aperte
672 3078 1009 3137 mendosum,
1030 3092 1149 3129 nam
1175 3078 1290 3129 dies
1317 3085 1563 3129 numerat
1583 3075 1803 3129 omnino

223 3153 463 3214 triginta.
501 3151 661 3203 [tecte
704 3150 865 3217 igitur
907 3161 1000 3213 per
1049 3161 1165 3217 nos
1190 3147 1473 3199 constituta
1504 3146 1590 3217 die
1628 3159 1805 3217 emor-

224 3222 358 3273 tuali
413 3215 822 3286 prcedeCCSsoris
856 3218 913 3270 ll
962 3216 1213 3281 januarii,
1270 3218 1387 3269 dies
1442 3215 1799 3286 ordinationis

220 3284 453 3345 Joannis
487 3290 571 3344 \‘ll
604 3306 694 3355 per
723 3303 780 3341 se
821 3298 995 3353 patet;
1029 3287 1222 3353 quippe
1249 3286 1313 3338 ab
1356 3286 1414 3339 Η
1453 3286 1667 3337 Januar.
1696 3284 1802 3355 705

1908 2667 2019 2732 net,
2071 2655 2209 2732 inter
2247 2671 2306 2709 se
2351 2657 2506 2732 valde
2549 2658 2873 2732 discrepant.
2908 2659 3172 2732 ‘Catalogi
3222 2664 3483 2732 siquidem

1910 2726 2234 2800 Yeronensis
2262 2736 2314 2800 et
2342 2728 2682 2800 Colhertiutt_s
2698 2740 2881 2783 sextus
2908 2728 3105 2785 habent
3124 2726 3338 2788 menses
3358 2749 3487 2800 vm;

1907 2796 2573 2869 Bergomas,_Lucensis,
2634 2798 2940 2859 Farfensis.
3004 2811 3112 2854 tres
3166 2796 3480 2869 Colhertini,

1905 2874 2149 2933 quartus,
2180 2865 2398 2933 quintus
2425 2875 2477 2919 et
2505 2872 2785 2934 septimus,
2820 2882 2925 2921 una
2975 2884 3094 2922 cum
3152 2869 3320 2925 Codd.
3372 2865 3490 2927 vul-

1904 2944 2047 3007 gato,
2075 2935 2335 3007 ambobus
2362 2934 2725 3001 Frt-heriauis,
2759 2937 2985 2991 Thuauo
3007 2940 3201 3005 altero,
3233 2940 3481 3007 Cavensi,

1908 3013 1960 3075 et
1988 3004 2340 3075 Farnesiano,
2370 3021 2585 3059 menses
2615 3022 2687 3060 vn
2712 3024 2725 3070 ;
2764 3007 3346 3075 Palatino-Vaticanus,
3374 3004 3484 3067 duo

1907 3072 2218 3151 galliertini,
2245 3075 2519 3151 secundus
2580 3086 2667 3151 .et
2717 3077 2922 3151 tertius,
2974 3093 3093 3151 eum
3126 3072 3483 3151 ‘Coddalteg.

1909 3144 2471 3217 M:ie.trino,_Tltuatto
2497 3144 2707 3217 _primo,
2742 3147 3093 3201 Ambrosiano
3125 3148 3250 3202 item
3283 3144 3478 3217 prima,

1906 3215 2097 3281 quibus
2123 3214 2442 3279 suffragatur
2496 3213 2889 3282 Luitprandus,
2941 3233 3153 3271 menses
3183 3233 3255 3272 vt.
3285 3213 3367 3273 Ex
3400 3213 3484 3275 his

1904 3298 2033 3336 vero
2066 3295 2169 3336 tam
2204 3285 2361 3335 variis
2419 3286 2759 3344 Opinionibus
2785 3288 2962 3354 potior
3014 3286 3154 3340 haud
3183 3288 3347 3343 dubie
3394 3300 3480 3344 est

224 3343 792 3426 pertinensem'unum
823 3343 1059 3423 'diesqne'
1077 3343 1371 3426 octodecim
1400 3354 1798 3419 interpontlﬁcii
1836 3343 1878 3402 Β
1904 3368 2020 3426 quae
2040 3354 2233 3407 Joanni
2262 3354 2447 3426 tribuit
2476 3370 2687 3426 menses
2714 3343 2802 3409 νιιξ
2838 3355 3149 3424 Pariterque
3184 3356 3320 3411 inter
3347 3343 3480 3414 alias

219 3425 625 3485 descendendo,
644 3436 664 3483 ιν
689 3428 888 3480 alenda:
904 3425 1468 3486 Martiazoifenduntur.
1485 3440 1602 3491 qua:
1615 3425 1803 3478 eodem

219 3516 369 3552 anno
398 3500 498 3553 705
538 3515 654 3548 cum
691 3497 957 3548 DominiCa
999 3496 1412 3554 concurrebant,
1448 3495 1609 3547 utlit.
1654 3493 1799 3546 dom.

221 3570 270 3622 ῐ)
320 3570 471 3623 Iidem
520 3568 663 3620 facit.
699 3567 923 3619 Easdem
957 3564 1220 3617 Kalendas
1252 3566 1466 3617 Martias
1515 3573 1571 3616 et
1612 3563 1803 3633 Pagius

224 3640 467 3692 tribuere
533 3636 854 3688 ordinationi
905 3633 1124 3687 Joannis
1173 3642 1255 3686 est
1307 3635 1646 3701 compulsus,
1681 3635 1801 3701 quia

223 3711 436 3760 nullum
501 3708 690 3759 festum
739 3706 877 3758 tlLem
937 3704 1119 3756 habuit
1173 3704 1415 3765 obvium,
1469 3703 1608 3771 quod
1653 3717 1801 3755 suam

220 3778 638 3843 Chronologiani
672 3782 926 3840 aequaret.
958 3774 1091 3837 Quid
1136 3774 1297 3825 vero?
1346 3772 1801 3843 Quemadmodum

224 3864 274 3899 IS
309 3851 445 3898 bidui
498 3842 717 3898 retraxit
765 3844 1157 3895 ordinationem
1191 3843 1623 3907 praedecessoris,
1660 3842 1803 3909 ejus-

219 3934 333 3984 que
363 3917 770 3984 depositionem,
807 3915 877 3984 ita
899 3983 905 3984 γ
929 3913 1070 3966 bidui
1127 3927 1265 3965 nunc
1294 3914 1457 3965 distat
1488 3912 1555 3964 ah
1610 3912 1799 3984 iisdem

224 3983 483 4040 Kalendis
528 3984 747 4037 Martiis.
782 3983 911 4035 Illud
946 3995 1071 4035 vero
1102 3994 1157 4035 ut
1185 3990 1465 4047 rerttperct
1495 3991 1611 4034 arte
1637 3983 1803 4033 utitur

222 4058 385 4123 plane
430 4054 720 4123 singulari,
756 4068 912 4121 quam
948 4052 1111 4116 ipsius
1136 4122 1141 4123 ν
1168 4053 1343 4123 verbis
1402 4051 1798 4123 proponendam

222 4120 484 4190 arbitror,
504 4120 804 4193 futlcgenti
838 4124 904 4193 sit
949 4122 1213 4193 patentior
1242 4138 1253 4173 :
1291 4121 1499 4193 Verum,
1532 4121 1702 4187 inquit
1737 4120 1805 4173 de

222 4191 680 4263 interpentitieio,
702 4194 812 4245 loco
840 4192 953 4263 dies
977 4206 1108 4243 xvnt
1142 4192 1407 4263 legendum
1438 4191 1686 4263 dies_x_tx,
1717 4205 1803 4241 ev-

218 4257 385 4319 cluso'
399 4266 549 4315 etiam
571 4265 652 4315 die
674 4260 935 4315 emortuali
954 4270 1055 4312 tant
1076 4277 1107 4313 a
1126 4257 1244 4312 sede
1271 4259 1485 4313 Joannis
1527 4257 1602 4311 γι
1656 4275 1803 4324 quant

219 4336 290 4387 ab
320 4334 710 4400 inter-pontiﬁcio
733 4372 747 4395 ,
780 4334 923 4400 isque
954 4345 1095 4381 error
1146 4340 1200 4381 ut
1246 4332 1459 4391 videtur,
1506 4328 1801 4400 tribuendus

223 4398 527 4459 Anastasio.
560 4398 672 4456 Duo
714 4402 800 4454 hic
839 4398 1039 4457 peccat
1071 4400 1151 4451 vir
1180 4401 1599 4461 eruditissimus,
1648 4398 1804 4465 idque

224 4494 297 4529 co
328 4475 467 4541 quod
502 4473 727 4526 removit
756 4470 1139 4523 ordinationem
1188 4483 1215 4521 a
1263 4471 1347 4523 die
1381 4469 1680 4541 Domi-nica;
1716 4484 1801 4519 ar~

220 4539 556 4612 guit'nempe
576 4541 950 4612 erroristotam
974 4542 1332 4612 catalogornm
1362 4548 1412 4591 et
1436 4539 1686 4612 (Iudicum
1721 4552 1804 4590 se-

223 4609 385 4673 i-iem,
429 4628 562 4681 eque
609 4614 720 4665 Suis
753 4611 920 4662 thecis
945 4624 1100 4662 unam
1126 4611 1260 4661 eruit
1289 4610 1450 4673 dem,
1478 4618 1535 4681 ut
1578 4609 1797 4681 hiatum,

1912 3424 2135 3496 aliorum
2166 3425 2459 3496 sententias
2489 3425 2557 3496 de
2586 3426 2789 3478 dierum
2828 3441 3047 3496 numero
3070 3467 3085 3491 ,
3134 3440 3195 3496 ea
3237 3428 3513 3496 eligenda

1912 3491 2008 3544 fuit
2034 3509 2151 3561 qua:
2182 3493 2562 3559 septemdecim
2597 3503 2859 3547 numerat.
2895 3495 3099 3548 Etenim
3132 3491 3361 3551 Joannes
3391 3498 3483 3551 VII

1908 3576 2047 3615 anno
2069 3562 2457 3624 703,Kaletulis
2485 3563 2704 3629 Mitrtiis,
2730 3565 3026 3626 ordinatus,
3043 3575 3321 3633 postquam
3339 3568 3478 3621 sedit

1908 3648 2167 3703 minus",
2199 3648 2411 3686 menses
2441 3648 2532 3695 vn,
2566 3634 2682 3686 dies
2730 3649 2858 3696 xui,
2892 3649 2957 3685 xv
2991 3634 3106 3686 Kal.
3141 3635 3477 3703 Novembris,

1909 3714 2000 3752 st'u
2055 3702 2117 3753 18
2171 3703 2435 3763 Octobris,
2487 3704 2725 3771 sepultus
2753 3714 2834 3756 est
2883 3705 2946 3755 ad
3001 3705 3212 3757 beatum
3266 3702 3478 3758 Petrum

1911 3772 2232 3838 apostolum,
2287 3773 2573 3826 indictiOue
2621 3774 2679 3841 6,
2729 3788 2821 3827 seu
2869 3788 3008 3827 anno
3039 3774 3165 3841 707,
3207 3782 3266 3827 ut
3320 3775 3482 3829 tradit

1907 3841 2238 3894 Anastasius.
2268 3844 2493 3895 CITNNllS.

1998 3913 2225 3962 Joannes
2292 3910 2427 3964 VII.
2487 3912 2859 3966 Pontiﬁcatum
2916 3912 3142 3981 adeptus
3197 3925 3278 3967 est
3343 3930 3483 3969 anno

1906 3978 2101 4035 Christi
2134 3982 2259 4044 705,
2290 3984 2454 4045 prima
2496 3981 2585 4035 die
2612 3984 2803 4047 Martii,
2846 3983 2932 4035 cui
2967 3978 3153 4036 recens
3180 3984 3352 4038 electo
3375 3985 3477 4037 hoc

1910 4066 2072 4116 prope
2122 4052 2438 4104 miraculose
2495 4052 2736 4115 contigit,
2771 4062 2826 4104 ut
2872 4053 3029 4104 homo
3060 4052 3275 4105 Grmcus
3302 4068 3465 4121 opera

1909 4122 2214 4174 Graecorum
2247 4136 2277 4174 e
2322 4136 2544 4175 numero
2574 4123 2921 4175 cardinalium
2969 4123 3190 4175 aliorum
3242 4122 3293 4177 in
3338 4123 3465 4176 sede

1907 4191 2198 4256 apostolica
2250 4190 2562 4257 collocatus,
2593 4192 2943 4256 apostolicum
2994 4192 3237 4258 spiritum
3297 4193 3470 4245 ltrere-

1908 4261 2175 4328 ditaverit,
2225 4270 2384 4326 atque
2440 4259 2742 4328 imperatori
2803 4261 3075 4324 haeretica,
3119 4261 3461 4315 conciliabuli

1907 4327 2527 4395 Cortsmntinopolitaui,
2551 4330 2618 4383 de
2649 4346 2753 4397 quo
2784 4346 2966 4396 supra,
3000 4332 3461 4385 continuationem

1911 4399 2132 4466 petenti,
2158 4414 2489 4465 nequaquam
2524 4401 2865 4466 acquieverit.
2912 4400 3072 4453 limat
3100 4401 3259 4454 Lana.

1978 4467 2205 4521 Joannes
2260 4468 2390 4539 VU.
2438 4470 2657 4522 Platone
2683 4470 2936 4539 Janidega
2969 4479 3115 4535 patre
3140 4480 3314 4534 natus,
3344 4471 3478 4525 Ros-

1909 4539 2023 4590 sani
2056 4539 2253 4605 Magna:
2277 4538 2517 4599 (ἐπιδεῖν,
2570 4550 2623 4590 τι
2649 4538 2893 4593 Calabria
2928 4542 3079 4593 dieue
3105 4580 3119 4603 ,
3146 4552 3315 4604 ortus,
3358 4540 3472 4595 XIV

1912 4621 2043 4673 papa
2105 4608 2394 4675 regnicola,
2429 4611 2683 4662 diaconus
2712 4610 2996 4662 curdinalis
3053 4620 3249 4664 sancite
3300 4609 3478 4665 Maria:

220 4686 273 4738 si
321 4686 431 4737 ﬁeri
466 4678 651 4751 possit,
686 4681 981 4747 compleat;
1011 4694 1237 4751 eumque
1283 4681 1453 4751 adhuc
1474 4678 1632 4751 desit
1683 4678 1797 4729 dies
1827 4678 1872 4739 C
1905 4678 2081 4731 None.
2115 4680 2254 4730 sedit
2282 4694 2451 4751 annos
2480 4695 2536 4743 ιι,
2567 4695 2899 4751 mensesvn,
2926 4680 3044 4751 dies
3066 4695 3160 4751 xu,
3186 4689 3398 4751 creatus
3426 4689 3480 4734 et

222 4772 352 4815 una,
406 4750 757 4806 emortualem
806 4752 1026 4803 Joannis
1060 4750 1120 4801 Vl
1185 4751 1357 4816 perire
1407 4750 1585 4815 jubet;
1639 4764 1794 4814 t]ll‘lll|

224 4826 473 4891 proiecto
496 4825 538 4875 si
574 4824 744 4891 perire
786 4822 1017 4885 iusserat
1051 4828 1168 4886 post
1200 4820 1475 4891 Sergium,
1510 4820 1793 4873 consensui

220 4889 486 4948 Codicum
513 4889 953 4959 et'catalogorum
985 4905 1104 4941 eum
1148 4889 1414 4941 adversari
1448 4904 1553 4943 non
1581 4896 1795 4959 oporte-

220 4967 352 5017 bat:
388 4978 508 5017 nam
559 4977 587 5015 a
636 4964 723 5016 dic
753 4957 1141 5026 9’Septcmbris
1188 4976 1217 5012 ι.
1257 4959 1371 5013 dies
1401 4974 1706 5020 numerans,
1743 4957 1793 5008 in

220 5034 628 5101 interpontiﬁeii
660 5040 896 5086 extrema
927 5032 996 5083 ‘19
1035 5031 1307 5093 Octobris,
1340 5044 1456 5098 qua:
1487 5029 1705 5082 Joannis
1732 5027 1793 5080 \‘l

220 5106 615 5157 ordinationem
666 5102 993 5171 prmcessit,
1031 5101 1343 5164 desinebat;
1382 5103 1471 5171 ita
1522 5111 1694 5152 tamen
1737 5106 1794 5150 ut

222 5174 578 5227 emortualem
626 5169 822 5239 ipsam,
852 5187 946 5224 seu
968 5170 1319 5238 depositionis
1360 5169 1499 5224 diem
1534 5171 1601 5222 ab
1632 5170 1793 5222 inti-r-

223 5245 502 5313 pontiﬁcio
526 5243 855 5313 excluderet,
881 5240 1303 5313 curnqueSergii
1350 5242 1475 5293 sedc
1517 5239 1795 5313 cinijuuge-

216 5309 487 5380 ret.Quod
517 5316 558 5365 si
594 5322 771 5365 tantus
793 5310 1216 5365 Codd.omninm
1249 5325 1540 5363 consensus
1575 5309 1792 5378 Pagium

218 5384 487 5451 compulit
516 5383 579 5435 ad
612 5383 755 5437 diem
809 5382 1162 5435 ordinationis
1214 5392 1356 5433 recte
1417 5380 1791 5432 stabiliendum

216 5455 471 5509 Kalendis
498 5454 723 5515 Martiis,
744 5454 853 5520 pari
886 5452 1194 5504 eorumdern
1220 5452 1514 5503 constantia
1547 5451 1596 5501 in
1620 5465 1792 5503 emor-

218 5526 352 5579 tuali
380 5524 468 5578 die
497 5524 800 5577 deﬁnienda
828 5522 893 5575 18
914 5522 1179 5584 Octobris,
1199 5521 1319 5575 hine
1342 5520 1561 5574 Joannis
1582 5520 1785 5573 exitum

214 5596 482 5650 removeri
506 5608 611 5647 non
645 5608 798 5660 posse
827 5592 1108 5659 evincitur,
1133 5591 1386 5660 quidquid
1402 5591 1532 5643 mira
1554 5589 1622 5643 de
1644 5590 1787 5643 sedis

214 5666 497 5721 duratione
543 5664 807 5718 dissensio
837 5677 992 5717 secus
1035 5663 1274 5716 suadeat.
1310 5662 1372 5714 Et
1422 5675 1549 5714 sane
1600 5675 1787 5713 omnes

214 5753 349 5804 quos
381 5735 485 5790 vidi
511 5732 990 5810 (Iodd.etc_atalogi
1021 5731 1467 5810 tribuuutJoanni
1496 5730 1579 5783 VII
1610 5730 1785 5810 ponti-

221 5801 410 5864 t'ieatus
444 5822 612 5861 annos
640 5822 673 5860 ιι
698 5824 709 5873 ί
735 5806 797 5861 ad
831 5801 1042 5860 menSes
1068 5814 1247 5858 autem
1279 5814 1329 5859 et
1358 5802 1473 5857 dics
1501 5801 1638 5870 quod
1668 5801 1786 5854 atti-

1910 4757 2254 4803 consecratus
2283 4750 2371 4803 die
2402 4738 2699 4811 Doininico,
2750 4750 2865 4802 Kal.
2884 4738 2896 4746 ’
2923 4749 3119 4803 Martii.
3147 4738 3473 4804 'Cntéoatus.

1978 4818 2001 4855 h
2034 4817 2175 4871 Fecit
2200 4835 2311 4871 vero
2333 4830 2379 4871 et
2409 4820 2650 4888 imagines
2683 4835 2772 4889 per
2793 4820 3015 4872 diversas
3046 4820 3316 4883 ecclesias,
3348 4836 3476 4889 quas

1904 4890 2189 4957 quicunque
2218 4905 2364 4942 nosse
2400 4890 2652 4941 desiderat
2681 4892 2731 4941 in
2760 4891 2830 4943 eis
2863 4892 2974 4959 ejus
3003 4890 3195 4943 vultum
3227 4891 3476 4957 depictum

1904 4961 2352 5025 reperiet.Statua:
2392 4968 2449 5013 et
2492 4960 2751 5027 imagines
2782 4961 3158 5026 imperatorum
3187 4960 3479 5013 adoraban-

1907 5038 2006 5095 tur,
2040 5039 2093 5083 et
2125 5029 2317 5091 passim
2351 5030 2685 5096 ponebantur
2735 5030 2783 5081 in
2842 5031 3051 5097 templis
3098 5039 3151 5083 et
3186 5030 3319 5084 foro.
3355 5032 3484 5083 Am-

1905 5098 2070 5166 hros.,
2104 5100 2384 5153 llexamer.
2412 5100 2506 5153 lib.
2538 5115 2609 5161 vr,
2644 5115 2689 5152 c.
2720 5102 2751 5152 9
2788 5118 2798 5151 :
2837 5101 2963 5154 Sola
2990 5114 3090 5153 wre
3130 5100 3245 5168 fusa
3292 5099 3484 5166 princi-

1904 5186 2023 5235 pum
2057 5174 2245 5237 capita,
2278 5181 2323 5222 et
2368 5170 2506 5221 ducti
2536 5170 2703 5221 rullus
2747 5171 2809 5221 de
2857 5186 2973 5230 rere,
3007 5170 3082 5221 rel
3112 5184 3383 5232 marmore,
3419 5170 3483 5221 ob

1904 5241 2189 5292 hominibus
2229 5240 2532 5292 adorantur.
2593 5239 2755 5302 idem,
2786 5239 2854 5293 tle
2908 5239 3174 5300 Interrell.
3202 5279 3215 5300 ,
3250 5254 3367 5305 cap.
3398 5239 3431 5293 9
3466 5256 3479 5291 :

1909 5308 2035 5362 Vide
2064 5310 2491 5378 quemadmodum
2525 5311 2575 5361 in
2604 5310 2887 5361 civitatibus
2920 5311 3165 5360 bonorum
3192 5309 3482 5376 principum

1900 5380 2144 5449 imagines
2171 5387 2506 5447 perseverent,
2534 5380 2803 5433 deleantur
2830 5379 3076 5447 imagines
3118 5388 3478 5449 tyrannorum.

1899 5448 2181 5519 Corippus,
2213 5452 2277 5505 de
2306 5450 2507 5504 laudib.
2537 5449 2764 5515 Ju:tin.,
2794 5449 2886 5503 lib.
2918 5464 2971 5501 ιιι
3005 5466 3017 5502 ;

2525 5600 2540 5613 .
2579 5601 2592 5613 .
2636 5600 2644 5610 .
2683 5596 2694 5609 .
2736 5599 2747 5611 .
2771 5560 2934 5610 Pietas
2954 5563 3140 5620 ubique

2106 5625 2402 5674 Justiniaaus
2427 5631 2553 5684 erat,
2579 5625 2785 5673 dominis
2811 5626 2993 5684 pictura
3022 5622 3264 5684 placebat,

2116 5688 2502 5749 Gaudebantque
2525 5689 2600 5737 sui
2628 5686 2867 5749 genitoris
2892 5687 3108 5753 imagine
3131 5685 3248 5732 visa.

2936 5774 3271 5831 Auaszntza.
