4214 6608
771 452 838 509 59
2068 449 2342 507 JUANNIS
2381 452 2579 508 ΡΑΡΑΞ
2626 452 2706 505 νη
3968 450 4031 510 60

781 568 1111 632 aggregaret,
1140 568 1196 615 et
1240 572 1465 630 quicque
1509 557 1558 613 ci
1596 559 1703 612 tisa
1753 568 1933 612 essent
1981 560 2266 625 stabiliret,
2302 574 2354 615 et
2380 563 2430 620 A
2459 570 2511 615 et
2550 570 2690 615 octo.
2722 560 2742 591 ³
2778 559 2877 627 Qui
2914 561 3072 614 etiam
3105 561 3347 630 sepultus
3371 570 3453 617 est
3484 562 3550 617 ad
3581 562 3793 617 beatum
3826 563 4030 620 Petrum

771 670 891 722 qua:
934 652 1154 706 adversa
1194 650 1463 705 renuendo
1491 658 1518 686 "
1558 650 1885 705 excluderet.
1934 651 1947 680 ‘
1988 651 2092 704 Sed
2144 651 2228 706 hic
2256 654 2355 705 litt-

775 756 928 794 inana
981 740 1261 811 fragilitate
1313 738 1569 805 timidus,
1614 740 1710 792 hos
1758 753 2090 807 neniiaquam
2123 742 2143 770 ¹
2184 749 2357 793 tomos

773 832 1069 887 emendans
1123 845 1219 900 per
1271 830 1577 900 suprafatos
1634 828 2001 897 metropolitas
2036 830 2231 884 direxit
2279 830 2347 884 ad

773 924 1110 993 Principem,
1156 932 1280 993 post
1320 939 1437 989 qua:
1481 938 1585 976 non
1616 922 1707 977 diu
1749 923 1800 977 in
1828 924 1926 978 liae
1964 924 2070 978 vita
2099 923 2335 978 duravit.

770 1014 872 1070 llic
901 1013 1028 1070 fecit
1050 1013 1328 1084 episcopos
1360 1029 1451 1083 per
1477 1012 1699 1067 diversa
1742 1014 1852 1068 loca
1900 1029 2123 1066 numero
2162 1013 2349 1070 decem

2462 653 2777 719 Apostolum
2807 662 2930 706 ante
2959 652 3124 705 altare
3168 652 3387 706 oratorii
3435 663 3633 707 sancta:
3679 653 3773 708 Dei
3800 654 4031 709 Genitri.

2461 742 2578 808 cis,
2628 742 2767 811 quod
2800 744 2912 812 ipse
2948 745 3249 797 construxit
3280 742 3380 796 sub
3410 742 3497 797 die
3551 743 3617 796 l5
3664 741 3888 800 Calend.
3929 745 4033 799 No-

2461 834 2737 899 vembris,
2782 832 3076 888 indictione
3131 843 3325 901 sexta,
3388 832 3687 888 Justiniano
3741 833 4029 888 Romanam

2460 924 2862 995 Rempublicam
2910 924 3273 993 gubernante,
3321 933 3377 979 et
3411 926 3636 979 cessavit
3684 924 4033 997 Episcopatus

2459 1030 2630 1069 mens.
2651 1015 2705 1068 5.

1986 1121 2378 1178 νΑιιιΑΝτι-ιε
2418 1122 2827 1180 LECTIONES.

843 1220 859 1250 ⁸
896 1218 1002 1282 AL,
1052 1228 1285 1271 cessaret.

840 1291 860 1319 ⁹
888 1290 971 1343 ΑΙ.
999 1304 1104 1342 Otii.
1139 1300 1318 1342 tonics.

2526 1214 2546 1245 ³
2574 1215 2658 1270 Ai.
2683 1230 2789 1270 om.
2819 1216 2919 1281 Qui
2941 1216 3113 1269 etiam.
3132 1252 3145 1267 .
3171 1255 3185 1270 .
3208 1256 3222 1281 ,
3267 1214 3596 1284 gubernante.

2086 1371 2444 1429 VARIORUM
2484 1374 2713 1430 ΝΟΤᾹΞ.

769 1481 870 1531 me,
901 1480 993 1519 seu
1017 1463 1324 1532 quinisestcc
1354 1462 1540 1532 synodi
1568 1461 1632 1516 ad
1662 1462 1918 1517 Joannem
1955 1461 2040 1514 νη
2074 1463 2360 1517 transmis-

770 1552 860 1590 sos
888 1539 956 1588 a'b
985 1533 1281 1588 Justiniano
1306 1534 1534 1601 juniorc,
1571 1542 1628 1585 ut
1683 1547 1866 1584 eorum
1898 1546 2034 1598 quos
2082 1533 2245 1585 veliet
2271 1549 2355 1585 re.

770 1607 984 1674 jiceret,
1017 1600 1509 1674 probatisreliquis;
1536 1601 1859 1674 eosdemque
1885 1600 2112 1654 intactos
2136 1602 2286 1674 tlpoli
2307 1618 2356 1655 m

775 1671 804 1727 ξι
836 1674 1085 1742 pontilice
1105 1672 1499 1741 aﬁ‘errijussos,
1532 1672 1661 1722 satis
1688 1680 1870 1742 aperte
1902 1681 2079 1723 narrat
2116 1671 2341 1742 Vltiblio-

768 1747 1057 1799 tbccarius.
1083 1742 1231 1807 Quod
1247 1758 1373 1795 vero
1390 1741 1917 1795 anitnadvertetnlum
1937 1752 2035 1801 est,
2060 1741 2145 1793 alii
2171 1741 2344 1806 ponti-

775 1818 929 1869 ﬁcem
961 1812 1260 1881 fragilitatis
1290 1826 1351 1867 ac
1376 1811 1671 1865 timiditatis
1698 1808 2073 1881 ea‘occasioue
2122 1811 2342 1881 insimu-

770 1886 905 1949 lant;
940 1877 1240 1937 alii'dicunt
1269 1884 1340 1936 nil
1374 1884 1720 1948 incongruum
1752 1877 1982 1932 futurum
2017 1879 2205 1942 fuisse,
2241 1879 2345 1934 nti--

768 1955 836 2008 lia
866 1969 985 2020 qum.
1036 1956 1195 2005 inulta
1248 1961 1425 2020 sunta
1481 1951 1647 2002 multo
1688 1949 2022 2015 paucioribus
2069 1951 2344 2020 Inutilihus

767 2018 1017 2088 separare
1038 2022 1246 2092 (Christ.
1272 2019 1431 2088 Lup.,
1448 2023 1499 2072 in
1520 2030 1625 2071 not.
1644 2030 1689 2071 et
1718 2022 1961 2071 sclwl.a.l
1985 2036 2103 2071 ean.
2126 2018 2339 2088 Trull.).

769 2095 1034 2147 (Steterunt
1062 2093 1320 2160 pontifex,
1348 2093 1390 2144 si
1415 2094 1478 2142 ad
1525 2104 1730 2156 acquum
1758 2104 1981 2142 examen
2015 2104 2100 2141 res
2129 2104 2349 2143 revoce-

2469 1474 2525 1517 ttt
2556 1464 2799 1531 superius
2830 1463 3028 1536 dictum
3059 1473 3158 1526 est,
3195 1462 3654 1520 confirmationem
3680 1467 3863 1536 synodi
3903 1469 4028 1535 Qni-

2470 1536 2696 1587 nisexta:
2721 1535 3026 1599 postulavit,
3054 1544 3107 1587 ct
3134 1536 3398 1600 repulsam
3430 1537 3546 1588 tulit
3572 1552 3586 1598 ;
3614 1535 3845 1590 sedeam
3868 1541 4031 1591 etiam

2469 1603 2617 1671 petiit
2646 1618 2675 1655 a
2698 1604 2901 1656 Joanne
2929 1603 3036 1666 \‘Il,
3068 1604 3181 1670 qui,
3214 1613 3270 1655 ut
3300 1604 3477 1656 subdit
3502 1600 3832 1670 Anastasius,
3854 1608 4031 1661 huma-

2454 1690 2519 1725 na
2547 1674 2824 1741 fragilitate
2848 1674 3073 1733 timidus,
3101 1676 3192 1725 lio:
3215 1688 3527 1741 nequaquam
3554 1684 3714 1727 tomos
3739 1682 4027 1741 emendans,

2454 1761 2542 1810 per
2563 1743 3232 1816 suprafalosmetmpoiitas
3257 1744 3538 1816 diremitad
3568 1744 3848 1813 principem
3881 1787 3896 1808 ,
3926 1764 4011 1816 pes

2453 1830 2565 1883 qua:
2597 1831 2699 1866 non
2732 1815 2821 1866 diu
2851 1814 2902 1865 in
2930 1815 3024 1865 hac
3063 1814 3163 1864 vita
3194 1814 3412 1865 duravit.
3443 1811 3700 1866 Joannem
3733 1811 4032 1881 itaque“.

2454 1882 2625 1953 arguit
2645 1883 2954 1936 Anastasius
2975 1883 3113 1949 quod
3131 1885 3359 1936 uoluerit
3385 1882 3620 1936 cribrare
3639 1897 3872 1937 canones
3902 1900 4027 1953 εγω-

2454 1956 2538 2004 odi
2590 1954 2941 2020 quiuisextar,
2984 1961 3036 2005 et
3062 1953 3292 2005 triticum
3348 1969 3376 2005 a
3436 1953 3583 2019 palea
3626 1968 3895 2021 separare.
3929 1956 4032 2007 Noe

2456 2026 2571 2074 sine
2602 2023 2965 2083 fundamento,
2995 2021 3166 2085 inquit
3198 2024 3372 2087 Lupus
3427 2022 3479 2074 in
3536 2023 3673 2075 netis
3711 2032 3764 2075 et
3814 2025 4030 2077 sclioliis
4117 2042 4121 2045 λ

2455 2094 2520 2144 ad
2544 2108 2774 2145 canones
2803 2092 3013 2145 concilii
3045 2090 3301 2153 Triill;.ni,
3328 2107 3452 2145 vere
3475 2093 3618 2145 enim
3644 2091 3711 2146 de
3741 2093 3838 2147 hac
3868 2109 4030 2161 syno—

774 2174 879 2228 tur,
907 2162 1093 2228 majori
1123 2162 1197 2215 uti
1231 2160 1506 2228 prudentia
1540 2175 1642 2212 non
1680 2162 1848 2227 potuit
1869 2173 2024 2225 quam
2049 2173 2233 2212 eorum
2267 2161 2346 2212 ni-
2380 2174 2423 2229 Β
2455 2163 2523 2213 do
2577 2163 2650 2215 ait
2701 2162 2910 2214 libellus
2932 2162 3216 2229 synodicns
3243 2179 3253 2213 :
3311 2163 3521 2213 omissos
3550 2164 3599 2213 iu
3627 2163 3802 2229 quinta
3826 2173 3872 2213 et
3892 2160 4035 2215 sexta

770 2233 840 2285 hil
870 2235 1085 2284 omnino
1133 2231 1433 2298 approbans
1462 2244 1579 2297 qua:
1631 2231 1857 2279 conﬁata
1903 2237 2061 2281 erant
2113 2243 2141 2279 a
2204 2240 2345 2283 cmtu

766 2301 1084 2357 mcumenici
1112 2299 1323 2354 concibi
1354 2313 1567 2362 nomen,
1604 2298 1842 2349 lloinano
1873 2298 2121 2363 pontiliee
2151 2312 2350 2352 convo-

772 2373 999 2426 cationis
1025 2384 1087 2424 ac
1113 2371 1487 2424 celebrationis
1515 2382 1731 2434 prorsus
1756 2367 1944 2428 inscio,
1974 2367 2073 2420 sibi
2097 2382 2349 2436 arrogan-

768 2455 823 2495 te
847 2459 859 2504 ;
890 2455 1009 2494 eum
1035 2438 1330 2506 prarsertim
1356 2441 1405 2491 in
1431 2454 1495 2491 eo
1521 2439 1817 2505 regnaverit
1839 2438 2061 2506 spiritus
2083 2439 2348 2505 superbia:

770 2522 825 2566 et
849 2510 1058 2564 invidia:
1087 2511 1221 2563 adve
1252 2523 1341 2562 sus
1371 2511 1713 2577 apostolicam
1747 2508 1948 2561 sedem.
1994 2507 2181 2560 Nonne
2206 2524 2343 2576 quo-

771 2582 900 2633 tidie
922 2580 1116 2633 accidit
1140 2590 1196 2633 ut
1219 2590 1402 2632 sancta
1451 2578 1635 2631 eadem
1667 2579 1821 2631 sedes
1852 2577 2059 2643 rcjiciat
2102 2578 2345 2630 damnet-

769 2666 873 2715 que
904 2652 1139 2717 integros
1189 2651 1350 2703 libros
1400 2649 1469 2700 ob
1500 2646 1667 2699 malas
1696 2649 1896 2715 aliquot
1952 2646 2347 2717 propositiones

770 2714 957 2774 inultis
985 2714 1137 2772 bonis
1158 2719 1431 2782 aduiistas,
1465 2731 1562 2769 nec
1593 2714 2082 2786 titttettcataIOgum
2110 2714 2349 2786 singilla-

772 2793 865 2842 tim
896 2791 1141 2843 conﬁciat
1193 2804 1376 2842 eorum
1416 2803 1534 2858 quae
1564 2786 1707 2856 rejici
1759 2787 2110 2856 damnarique
2150 2786 2351 2841 debue-

766 2861 930 2911 runt?
954 2864 1215 2913 Souttttzn.

838 2930 1019 2982 'l'umos
1049 2946 1175 2997 quos
1204 2936 1341 2992 ante,
1393 2939 1497 2980 etc.
1548 2926 1642 2979 llic
1672 2935 1858 2979 auctor
1890 2927 2111 2993 loquens
2139 2924 2206 2997 de
2233 2939 2346 2979 res-

768 3000 1015 3052 titutione
1036 2999 1316 3051 Justiniani
1342 2999 1392 3050 in
1425 2997 1722 3064 imperium,
1749 3013 1890 3064 qum,
1920 3006 1977 3049 ut
1999 3011 2119 3050 mox
2142 2996 2345 3049 dictum

766 3080 846 3121 est
873 3110 887 3131 ,
920 3070 1060 3121 circa
1093 3071 1249 3122 linem
1282 3068 1518 3137 ejusdem
1550 3069 1673 3120 anni
1705 3066 1809 3120 703
1837 3067 2081 3133 contigit,
2112 3066 2297 3118 scribit
2330 3083 2343 3118 :

765 3139 920 3190 Illico
947 3148 1000 3191 ut
1028 3137 1279 3205 p.tlati.;m
1316 3142 1575 3207 ingressus
1598 3144 1668 3189 est
1699 3178 1712 3199 ,
1743 3138 2102 3205 propriumque
2126 3138 2343 3207 adeptus

765 3219 836 3261 est
867 3211 1155 3275 imperium,
1187 3206 1387 3268 tomus,
1417 3224 1541 3277 quos
1595 3218 1744 3277 antea
1771 3209 1863 3258 sub
1913 3208 2115 3257 domino
2164 3206 2347 3277 Sergio

766 3280 1347 3348 apostolicwmcnwriw
1406 3275 1643 3343 pontiﬁce
1702 3276 1921 3348 [tantum
1964 3277 2242 3337 direxerat,
2293 3275 2346 3348 in

766 3345 949 3417 quibus
978 3351 1172 3401 diversa
1218 3348 1441 3416 capimla
1498 3347 1743 3399 ﬂuitante
1794 3345 2036 3398 Ecclesia:
2088 3346 2347 3417 contraria

765 3416 956 3485 Scripta
990 3421 1187 3471 inerant
1220 3459 1233 3480 ,
1259 3435 1347 3488 per
1372 3421 1499 3469 duos
1528 3417 1936 3484 metropolimiws
1960 3420 2221 3488 episcenos
2260 3416 2345 3467 de—

767 3484 1046 3552 mandauit,
1080 3484 1300 3556 dirigens
1331 3504 1415 3553 per
1443 3503 1527 3539 eos
1556 3498 1601 3539 et
1630 3503 1854 3549 sacram,
1885 3502 1975 3553 per
2003 3501 2157 3552 quam
2178 3484 2344 3537 Joan-

766 3573 878 3609 nent
965 3556 1073 3610 VII
1121 3560 1407 3624 ponti/irem
1440 3559 1721 3624 conjuravit
1769 3574 1829 3607 ac
1868 3557 2169 3608 adhortatus
2195 3564 2267 3607 est
2291 3564 2344 3605 ut

768 3629 1056 3696 npoa'oiiew
1110 3629 1348 3680 Ecclesia:
1396 3629 1670 3679 concilium
1720 3635 2038 3694 aggregaret,
2067 3634 2114 3675 et
2148 3626 2342 3696 quaeet"

766 3693 872 3749 vim
897 3708 1056 3751 essent
1086 3698 1362 3758 stabiliret,
1396 3707 1441 3749 et
1481 3713 1592 3765 quia
1636 3698 1849 3749 adversa
1875 3699 2132 3748 renuendo
2161 3693 2336 3745 exelu-

765 3769 922 3820 deret.
973 3768 1302 3820 Justinianus
1328 3770 1502 3836 itaque
1528 3780 1630 3820 non
1662 3769 1833 3821 solum
1864 3782 1894 3818 ει
1945 3768 2131 3832 Sergio
2159 3780 2288 3831 νλιιιη
2318 3805 2335 3830 ν

2455 2233 2649 2299 ευποΔο
2677 2248 2895 2283 canones
2921 2222 3104 2291 edidit,
3132 2243 3182 2283 et
3207 2232 3269 2282 ab
3299 2232 3440 2282 onmi
3463 2222 3664 2290 erca,
3699 2232 3749 2283 id
3781 2241 3883 2293 eat,
3903 2249 4031 2299 geu-

2455 2303 2553 2359 ttli.
2574 2310 2721 2369 atque
2748 2299 2990 2363 Iudaica,
3020 2301 3138 2368 quin
3160 2309 3207 2354 et
3227 2301 3464 2353 Incretica
3487 2301 3759 2353 traditione
3780 2301 4032 2355 Ecclesia:

2452 2373 2703 2440 purgavit.
2735 2370 2905 2424 liabet
2931 2371 3043 2424 bare
3065 2375 3299 2440 synolus
3329 2371 3463 2423 bona
3484 2372 3634 2423 malis
3655 2371 3830 2435 inista,
3850 2387 3903 2427 et
3922 2375 4036 2426 iitu-

2455 2442 2544 2495 iile
2565 2442 2633 2493 ab
2664 2442 2833 2494 inutili
2866 2455 2970 2493 non
3004 2442 3219 2494 vitiatur
3248 2457 3262 2504 ;
3297 2456 3460 2510 quare
3488 2449 3729 2509 potuerat
3760 2445 4025 2511 separari,

2454 2511 2625 2577 inquit
2651 2512 2791 2564 idem
2822 2511 3020 2579 LUpus.

2524 2590 2548 2613 “
2577 2582 2682 2634 Sed
2703 2579 2925 2632 Joannes
2955 2582 3177 2631 humana
3200 2579 3479 2647 fragilitate
3505 2580 3732 2633 timidus.
3773 2580 4038 2635 Justinia-

2454 2650 2769 2717 nusjunior,
2804 2665 2897 2714 per
2918 2649 3243 2704 Trebellium
3276 2652 3616 2718 ltulgarorum
3644 2665 3824 2715 regem
3854 2653 3907 2704 in
3938 2652 4036 2704 itit-

2452 2722 2655 2787 pcrium
2686 2720 2980 2785 restitutus,
3003 2720 3162 2786 jussit
3197 2720 3464 2773 Tiberium
3499 2719 3834 2773 Absimarum
3866 2726 4039 2787 capite

2454 2790 2637 2857 plecti,
2671 2791 2934 2854 rebusque
2984 2790 3093 2843 suis
3122 2804 3250 2843 nece
3283 2788 3569 2841 multormn
3603 2790 3652 2841 in
3687 2799 3798 2841 tuto
3829 2794 4035 2858 positis,

2453 2865 2518 2910 ad
2543 2859 2801 2912 Joannem
2831 2860 2915 2912 VII
2957 2861 3090 2913 duos
3140 2858 3581 2924 metropolitanos
3616 2858 3831 2926 legavit,
3864 2871 3919 2912 ut
3949 2876 4038 2913 su-

2454 2945 2636 2994 premo
2660 2930 2860 2996 jud;cio
2887 2930 3189 2995 apostolica:
3219 2929 3361 2982 sedis
3390 2942 3622 2980 canones
3670 2931 3858 2998 synodi
3886 2946 4033 2982 erra-

2451 3002 2569 3052 tica:
2591 3000 2995 3069 subjicereutur.
3038 2998 3345 3051 Postulabat
3392 3008 3449 3051 ut
3501 3013 3833 3069 quacunque
3881 3000 3932 3052 in
3963 3001 4026 3052 iis

2452 3068 2825 3137 pontiﬁci’visa
2854 3078 3036 3123 essent
3065 3070 3290 3121 laudand
3310 3085 3347 3132 i,
3378 3068 3797 3137 ipsestabiliret,
3821 3079 3879 3123 et
3905 3084 4023 3136 qua:

2450 3136 2781 3193 emendanda
2811 3140 3122 3206 corrigeret.
3150 3138 3251 3191 Sed
3293 3136 3531 3205 quamvis
3564 3152 3711 3204 a-qua
3743 3138 4022 3191 videbitur

2453 3210 2567 3261 haec
2596 3210 2931 3276 imperatoris
2961 3210 3165 3275 petitio,
3189 3206 3422 3259 uontiiex
3442 3216 3641 3271 tamen,
3675 3207 3741 3260 ad
3776 3209 4025 3275 majesta-

2452 3288 2554 3331 tcm
2584 3282 2851 3332 cathedra:
2882 3278 3020 3331 i’etri
3052 3287 3200 3331 ratus
3219 3285 3461 3346 Spectare
3486 3277 3575 3329 illa
3598 3291 3703 3330 non
3751 3277 4031 3345 approbari

2449 3364 2567 3417 qum
2595 3363 2623 3401 a
2654 3348 3004 3403 concilitbulo
3045 3356 3225 3403 essent
3281 3346 3518 3417 decreta,
3577 3349 3799 3401 eosdem
3840 3347 4028 3417 synodi

2451 3416 2705 3482 canones,
2734 3434 2829 3473 nec
2858 3434 2918 3471 et
2949 3429 3098 3485 parte
3121 3417 3334 3485 quidem
3349 3416 3714 3484 conﬁrmatos,
3745 3433 3838 3482 per
3866 3416 4032 3470 dictos

2454 3491 2894 3555 metropolitanos
2926 3492 2989 3541 ad
3021 3490 3396 3555 imperatorem
3450 3488 3672 3540 remisit.
3708 3487 3836 3540 ilice
3862 3498 4030 3540 autem

2451 3569 2721 3612 estcausa
2753 3573 2847 3611 cur
2899 3569 3080 3611 noster
3136 3558 3382 3611 bocloco
3436 3557 3679 3626 humana:
3734 3558 4032 3626 lragilitatis

2450 3628 2696 3696 suggiliat
2726 3627 2983 3681 Joannem
3018 3668 3031 3691 ,
3076 3628 3215 3695 quod
3257 3641 3321 3680 ne
3370 3640 3481 3679 rem
3528 3625 3789 3694 ingratam
3825 3625 4032 3679 ’taccret

2451 3695 2778 3766 imperatori,
2799 3698 3030 3752 triticum
3054 3712 3084 3751 a
3111 3698 3255 3767 palen
3277 3696 3764 3764 timuitsegrcgare.
3793 3695 4029 3750 Marsos.

1415 4020 1962 4127 JOANNIS
2042 4021 2415 4124 PAPZE
2494 4021 2677 4126 VII
2778 4017 3410 4124 EPISTOLA

803 4213 911 4274 AD
955 4209 1499 4271 ETHELREDUM
1543 4207 1821 4268 REGEM
1868 4205 2368 4273 MERC’DRUM,
2418 4204 2515 4263 ΕΤ
2559 4203 2969 4263 ALFRIDUM
3015 4201 3292 4263 REGEM
3338 4200 3751 4265 DEIRORUM
3786 4250 3803 4277 ,
3852 4226 3993 4268 ιτς.

784 4354 1240 4418 ΒενιΙηοςέέίΙιιηι
1271 4350 1798 4430 archiepiscopum
1827 4347 2187 4406 Canium-ia:
2223 4352 2559 4430 commonet
2608 4350 2677 4401 ut
2724 4342 3030 4430 synodum
3083 4349 3401 4411 convocet;
3438 4342 3928 4430 Willrt'dumque
3970 4360 4024 4412 et

1327 4422 1718 4489 adversarios
1743 4436 1893 4484 suos
1918 4432 2025 4482 aut
2060 4425 2387 4482 convenire
2410 4424 2629 4498 faciat,
2667 4428 2781 4480 aut
2815 4422 3069 4479 Romam
3104 4436 3450 4481 accurrere.

2012 4522 2209 4586 (Mansi,
2236 4521 2336 4572 Col.
2358 4535 2496 4572 conc.
2525 4529 2636 4569 tom.
2662 4519 2792 4583 XII.)

844 4634 1084 4690 Dominis
1130 4632 1569 4687 eminentissimis
1615 4628 1900 4683 Ethelredo
1955 4628 2064 4696 regi
2120 4626 2348 4681 Mercio-

770 4740 922 4793 rum,
973 4732 1027 4779 et
1075 4722 1281 4777 Alirido
1323 4720 1432 4790 regi
1486 4718 1787 4783 Deirorum,
1837 4727 1891 4771 et
1944 4717 2342 4779 Berniciorum,

768 4817 1000 4871 Joannes
1030 4828 1186 4884 papa.

846 4905 923 4961 De
951 4914 1149 4960 vestra:
1172 4905 1387 4974 quidem
1419 4901 1692 4970 religionis
1718 4900 2020 4955 accessibus
2045 4898 2212 4969 gratia
2252 4897 2345 4953 Dei

775 5006 1099 5066 coeperante
1146 4995 1465 5065 gaudemus,
1518 4991 1779 5045 fervorem
1829 4988 1949 5045 ﬁdei
1977 4999 2257 5045 cernentes
2295 4989 2348 5044 in

772 5085 947 5150 vobis,
976 5100 1134 5155 quam
1159 5099 1224 5139 ex
1255 5081 1633 5153 pmdicationc
1681 5079 1936 5149 principis
1963 5080 2345 5150 apostolorum,

773 5182 883 5235 Deo
911 5188 1118 5233 vestros
1145 5178 1355 5232 animos
1382 5175 1733 5237 illnuiinruite,
1764 5174 2088 5241 percepistis,
2107 5183 2158 5227 et
2177 5170 2349 5226 efﬁca-

770 5274 905 5325 citer
932 5271 1165 5332 tenetis;
1197 5277 1252 5322 et
1283 5265 1481 5319 utinam
1511 5265 1752 5332 gaudium
1797 5272 2033 5314 nosmnn
2067 5260 2344 5315 meliorum

769 5372 1024 5414 excessus
1069 5358 1373 5425 ampliﬁcet.
1424 5353 1804 5408 lnextricabilis
1840 5366 1967 5405 vero
1996 5353 2345 5418 qttorumdatn

772 5447 1039 5504 dissensio
1070 5456 1282 5501 nostros
1313 5445 1520 5499 animos
1550 5443 1735 5507 afﬁcit,
1757 5456 1915 5512 quam
1946 5451 2153 5509 Oportet
2176 5441 2345 5497 corri-

772 5539 844 5608 gi,
897 5555 964 5594 ne
1009 5538 1424 5607 apostolicorum
1468 5547 1851 5604 prazceptorum
1891 5534 2342 5604 praevaricatores,

775 5629 868 5684 sed
920 5629 1170 5683 custodes
1210 5642 1331 5682 esse
1384 5627 1743 5682 inveniamini.
1798 5627 2000 5681 Dudum
2054 5626 2195 5680 enim
2250 5624 2347 5678 sub

776 5722 1080 5790 apostolica:
1107 5720 1379 5777 memoria:
1409 5720 1682 5790 Agathone
1710 5735 1863 5791 papa,
1907 5736 2027 5775 cum
2074 5717 2348 5772 Wilfridus

776 5813 1061 5879 episcopus
1086 5825 1181 5879 pro
1209 5825 1305 5864 sua
1328 5825 1488 5865 causa
1529 5808 1709 5865 sedem
1755 5812 1889 5864 hanc
1918 5810 2263 5878 appellasset;
2294 5818 2347 5863 et

782 5911 1110 5958 accusatores
1141 5916 1171 5956 a
1220 5899 1523 5970 Theodoro,
1574 5894 1771 5957 satict.c
1800 5902 2204 5958 Cantuariorum
2248 5902 2344 5957 Ec-

2454 4626 2630 4678 clesia:
2657 4624 3081 4692 archiepisc0po,
3115 4624 3238 4680 hinc
3281 4624 3405 4680 illuc
3438 4627 3706 4695 mandato,
3733 4638 3788 4685 et
3817 4632 3887 4686 ab
3926 4635 4032 4689 Hil-

2455 4717 2519 4769 da
2569 4715 2832 4784 religiosae
2878 4717 3151 4769 memoria:
3192 4716 3457 4771 abbatissa
3512 4719 3682 4784 missi,
3740 4723 4027 4787 venissent.

2453 4808 2685 4876 episcopi
2712 4817 2836 4860 tunc
2868 4806 2951 4860 hic
2977 4807 3044 4859 de
3069 4806 3295 4861 diversis
3321 4806 3556 4874 partibus
3583 4815 3887 4882 congregati
3919 4830 4029 4870 rem

2454 4898 2767 4967 regulariter
2812 4898 3140 4967 quarsierunt
3187 4906 3240 4953 et
3282 4896 3632 4965 deﬁnierunt,
3682 4903 4030 4976 eamdemque

2454 4990 2769 5045 sententiam
2800 5003 3143 5045 successores
3166 4989 3406 5058 ejusdem
3439 4991 3697 5059 pontiﬁcis
3727 4996 4025 5061 ιιι-πάθεα.

2454 5095 2605 5136 sores
2650 5080 2819 5134 nostri
2869 5089 3188 5145 tenuerunt;
3240 5081 3334 5135 sed
3384 5097 3555 5149 neque
3603 5084 3919 5141 Theodorus
3946 5103 4028 5141 ar-

2454 5171 2826 5241 chiepiscopus
2884 5171 3129 5226 obriasse
3193 5175 3564 5241 cognoscitur,
3621 5176 3710 5242 qui
3762 5193 4026 5247 nunquam

2454 5264 2793 5331 postmodum
2822 5262 3051 5330 aliquam
3083 5263 3205 5316 huic
3233 5264 3621 5318 accusationem
3664 5265 4023 5324 deniandavit.

2455 5355 2604 5409 Nunc
2630 5369 2839 5423 quoque
2888 5368 3069 5408 eorum
3115 5355 3499 5420 accusationes,
3531 5355 3619 5423 qui
3669 5367 3851 5412 contra
3893 5358 4025 5414 Wil-

2456 5445 2490 5499 [ι
2508 5446 2652 5502 idum
2684 5447 2990 5515 episcopum
3044 5444 3146 5500 huc
3183 5444 3249 5500 de
3300 5445 3569 5499 Britannia
3599 5447 3950 5513 advenerunt,
3974 5460 4028 5504 et

2454 5538 2571 5607 ejus
2607 5538 2973 5593 excusationes
3009 5535 3148 5605 apud
3192 5545 3511 5591 conventum
3555 5537 4023 5592 rerereudissimo—

2454 5642 2570 5681 rum
2602 5628 2969 5697 episc0porum
3000 5629 3089 5695 qui
3137 5625 3222 5680 bic
3267 5625 3466 5681 inventi
3515 5635 3637 5681 sunt
3665 5642 3759 5695 per
3782 5627 3897 5683 dies
3926 5629 4023 5682 ali-

2454 5729 2579 5789 quot
2627 5719 2740 5773 ﬁeri
2789 5719 3205 5787 procuravimtts,
3240 5725 3345 5770 tam
3377 5715 3442 5770 de
3469 5716 3711 5784 epistolis
3737 5717 4020 5772 anteriori-

2455 5809 2550 5863 bus
2584 5818 2638 5863 et
2665 5809 2954 5875 modernis,
2981 5824 3136 5878 quam
3168 5822 3286 5877 qua:
3327 5806 3631 5862 verbialiter
3660 5817 3833 5877 partes
3871 5808 4017 5863 detuo

2456 5904 2654 5972 lerunt,
2680 5902 2803 5959 dum
2832 5902 3148 5973 principales
3173 5913 3433 5971 personae,
3456 5898 3522 5954 de
3543 5896 3729 5970 quibus
3755 5899 4017 5955 contentio
