4214 6556
254 424 308 476 61
1255 418 1583 474 EPISTULA
1624 417 1714 470 AD
1754 418 2226 473 E'l‘llELREDUM
2268 419 2519 474 REGEM.
3444 428 3514 481 62

249 542 424 594 omnis
454 545 640 592 exorta
671 543 771 598 est,
818 535 902 586 hic
952 547 1055 586 non
1105 531 1389 594 adfuerint,
1421 546 1550 599 quas
1606 545 1825 585 necesse

246 639 352 694 cst,
386 639 441 681 ut
470 627 739 681 contentio
766 625 924 678 finem
953 622 1199 690 accipiat,
1229 620 1499 674 advenire.

323 719 525 771 Idcirco
573 728 973 770 commonemus
1021 711 1416 766 Berthwaldum
1470 709 1825 777 archiepisco~

245 826 371 876 pum
421 810 639 863 fratrem
700 815 940 860 nostrum
991 814 1048 858 ut
1096 802 1359 870 synodum
1413 810 1672 856 convocet
1722 815 1824 852 una

243 913 370 952 eum
400 897 665 960 Wilfrido,
697 905 750 950 et
782 896 972 948 Bosam
1004 904 1161 963 atque
1187 892 1448 946 Joannem
1479 892 1530 944 in
1560 892 1821 961 synodum

1941 532 2323 596 (sacratissime
2351 533 2738 601 archiprmsul),
2762 532 2940 587 statim
2970 542 3174 586 certant
3205 533 3516 603 obsequela,

1932 623 2109 674 omnis
2142 623 2192 674 in
2223 632 2462 676 nostrum
2494 635 2773 676 assensum
2801 621 3028 676 accurrit
3058 624 3344 690 provincia.
3377 625 3538 696 Puer;

1936 713 2114 780 regius
2162 712 2214 766 in
2266 728 2443 781 regem
2492 713 2719 774 levatus,
2768 713 2936 767 hostis
2986 713 3226 775 abactus,
3260 725 3514 782 tyrannus

1930 802 2247 856 exstinctus.
2296 803 2390 856 Est
2438 803 2595 870 igitur
2625 803 2787 871 regia:
2814 803 3101 856 voluntatis
3131 812 3187 856 ttt
3225 803 3507 874 episc0pns

1929 894 2201 947 Wilfridus
2229 896 2561 949 revestiatur.
2611 895 2702 948 liis
2728 894 2886 948 dictis
2906 903 3093 948 emotae.
3113 893 3506 948 dissensionum

246 989 407 1042 faciat
434 986 741 1050 convenire,
775 999 1038 1052 vocesque
1069 981 1294 1050 partium
1345 981 1542 1045 audiat,
1567 989 1620 1035 et
1649 982 1826 1033 consi-
1854 982 1899 1037 Α
1931 986 2156 1052 nebulae,
2190 986 2451 1040 serenitas
2483 1001 2624 1054 pacis
2673 986 2843 1039 infusa
2874 1003 2888 1048 ;
2929 985 3163 1038 cucurrit
3191 984 3510 1054 episcopalis

245 1081 399 1133 deret
429 1078 554 1146 quid
583 1078 681 1131 sibi
713 1078 935 1130 invicem
967 1085 1142 1143 partes
1171 1075 1382 1128 valeant
1404 1075 1697 1141 approbare
1726 1089 1738 1135 ;
1771 1083 1824 1126 et

245 1171 289 1222 si
323 1169 536 1236 quidem
584 1168 721 1234 apud
770 1169 909 1220 illam
955 1167 1215 1236 synodum
1250 1166 1479 1233 potuerit
1509 1179 1621 1217 rem
1653 1164 1828 1218 deter-

248 1261 478 1323 tninare,
510 1269 716 1328 gratum
749 1260 845 1311 erit
895 1259 1066 1310 nobis.
1107 1257 1200 1310 Sin
1250 1266 1450 1322 autem,
1481 1265 1694 1308 moneat
1736 1269 1826 1308 eos

246 1352 310 1403 ad
365 1351 548 1404 sedem
581 1351 924 1416 apostolicam
956 1365 1254 1412 accurrere,
1289 1361 1345 1401 ιιι
1388 1350 1575 1416 majori
1604 1349 1828 1401 concilio

252 1442 533 1494 decidatur
563 1441 701 1509 quod
738 1441 990 1494 hactenus
1017 1442 1287 1495 terminari
1322 1456 1423 1493 non
1470 1442 1655 1507 potuit.
1685 1441 1828 1494 Sciat

252 1541 430 1584 autem
458 1532 596 1599 quod
629 1532 929 1599 quicunque
956 1530 1135 1585 venire
1163 1540 1390 1594 contem;
1414 1533 1561 1592 serit,
1594 1533 1825 1597 seipsmn

252 1621 541 1690 dejectioni
586 1621 867 1683 submittit,
920 1636 1017 1675 nec
1063 1623 1168 1687 hic,
1201 1637 1299 1674 nec
1348 1621 1416 1674 ibi
1449 1636 1541 1688 pro
1581 1622 1830 1688 episcopo

250 1715 480 1780 amplius
509 1713 914 1780 suscipiendus;
945 1722 1121 1766 vestra
1153 1714 1374 1780 proinde
1425 1714 1617 1781 regalis
1668 1713 1829 1766 suhli-

248 1803 410 1855 mitas
438 1801 595 1856 faciat
619 1817 958 1867 concursum,
990 1812 1047 1856 ut
1077 1818 1138 1856 ea
1169 1820 1284 1870 qum
1313 1804 1524 1857 Christo
1563 1804 1831 1870 aSpirante

254 1893 632 1959 perspeximus
661 1895 969 1957 perveniant
1013 1893 1078 1945 ad
1108 1893 1382 1957 effectum;
1416 1896 1711 1961 quicunque
1742 1909 1831 1945 au-

247 1989 355 2033 tem
407 1982 688 2048 cujuslibet
736 1997 972 2048 persona:
1022 1983 1204 2037 audaci
1263 1986 1557 2038 temeritate
1595 1993 1831 2036 content-

248 2075 440 2143 pserit,
475 2091 577 2127 non
610 2076 708 2129 erit
736 2091 763 2127 a
799 2077 906 2130 Deo
940 2077 1249 2144 impunitus,
1287 2091 1455 2144 neque
1485 2076 1599 2130 sine
1637 2077 1831 2128 damno

245 2165 458 2218 coalitus
487 2165 731 2232 alligatus
761 2165 967 2218 evadet.

246 2277 401 2348 [Qum
431 2279 564 2347 infra
613 2286 910 2340 narrantur,
946 2279 1186 2346 Epistolis
1220 2277 1435 2330 Joannis
1459 2293 1488 2328 a
1518 2275 1686 2328 Mansi
1711 2276 1829 2328 sul)-

867 2351 1002 2416 jet'tu
1035 2347 1194 2415 sunt]

326 2438 584 2491 Defuncto
611 2453 736 2503 ergo
764 2437 984 2495 Alfrido,
1006 2437 1224 2488 lSdulfus
1245 2437 1476 2504 quidam,
1496 2435 1826 2503 tyrannidem

243 2527 554 2594 meditatus,
587 2529 817 2582 flll‘ttl'Cm
851 2544 1057 2594 quoque
1082 2529 1366 2581 malesana:
1397 2527 1587 2580 mentis
1618 2527 1666 2578 itt
1694 2525 1828 2577 ινδι-

246 2617 443 2670 fridum
478 2620 733 2680 etotnnit,
775 2619 922 2686 quasi
963 2619 1013 2669 itt
1058 2617 1358 2670 vecordiam
1402 2617 1586 2668 Aliridi
1623 2616 1828 2682 juratus

243 2717 410 2759 esset.
443 2707 571 2759 Cum
603 2710 742 2758 enim
769 2723 884 2758 cum
913 2707 1170 2774 pontifex,
1200 2706 1487 2772 quondam,
1521 2705 1827 2757 recordatus

243 2801 476 2852 amicum
503 2813 639 2861 esse,
673 2813 775 2850 n0n
810 2797 1162 2851 inconsultum
1192 2796 1478 2849 aestimaret
1509 2795 1671 2856 adire.
1697 2795 1829 2848 adeo

240 2893 438 2944 stultus
470 2889 733 2951 efferbuit,
761 2899 816 2940 ιιι
846 2904 965 2942 eum
990 2889 1241 2942 continuo
1271 2888 1337 2940 de
1367 2902 1530 2954 regno
1555 2900 1652 2938 suo
1679 2885 1827 2937 exire

244 2984 482 3051 juberet,
525 2983 574 3034 ni
611 2984 852 3034 omnibus
901 2982 1010 3034 suis
1041 2981 1368 3047 exspoliatus
1398 2995 1517 3033 eum
1568 2978 1828 3031 dedecore

247 3077 362 3143 ejici
395 3076 574 3128 vellet.
606 3074 709 3128 Sed
742 3075 882 3126 enim
910 3082 1026 3140 post
1053 3075 1184 3125 duos
1212 3087 1421 3124 menses
1449 3073 1554 3124 vita
1588 3081 1639 3122 et
1664 3083 1829 3137 regno

245 3167 528 3233 privatus,
584 3166 792 3231 captivo
843 3164 1144 3216 dadematc
1203 3161 1549 3214 moribundus
1609 3161 1826 3212 humum

245 3256 490 3325 pulsavit,
527 3254 830 3320 proceribus
857 3253 1002 3323 regni
1033 3253 1191 3305 lilium
1224 3252 1424 3305 Alfredi
1457 3251 1712 3303 Osredum
1741 3266 1828 3302 sa-

239 3351 312 3404 lio
342 3350 786 3404 restitnentilnrs:
823 3364 1046 3414 quorum
1093 3357 1146 3401 et
1196 3348 1456 3399 maximus
1503 3346 1605 3399 fide
1644 3357 1696 3399 et
1728 3360 1825 3397 an-

238 3440 490 3492 ctoritate
542 3437 870 3490 Bertlifridus
921 3437 1253 3489 submonitus
1306 3449 1333 3487 a
1378 3434 1714 3488 Bertliwaldo
1746 3449 1830 3487 ar—

243 3529 582 3595 chiepiscopo
623 3527 901 3580 concilium
951 3526 1000 3577 in
1047 3527 1472 3578 Nortlianimbria
1536 3526 1645 3578 ﬁeri
1703 3541 1828 3577 con—

240 3620 428 3681 sentit,
475 3629 530 3670 ut
579 3618 787 3670 laudent
839 3617 978 3683 justa
1029 3615 1262 3669 Will’ridi
1313 3631 1466 3668 causa
1517 3615 1823 3680 placabilem

240 3714 530 3765 terminum
563 3711 858 3776 acciperet;
888 3710 955 3761 ibi
980 3724 1040 3762 ex
1067 3709 1345 3776 prmceptis
1374 3708 1675 3775 apostolicis
1705 3708 1820 3759 data

238 3813 321 3858 est
352 3806 498 3870 Optio
531 3803 816 3871 episcopis,
851 3813 904 3854 nt
939 3811 1027 3855 aut
1057 3802 1307 3857 Wilfrido
1339 3805 1390 3855 in
1420 3817 1512 3855 sua
1553 3802 1824 3869 episcopa-

237 3905 322 3947 tus
354 3897 483 3947 sede
531 3894 804 3951 cederent,
837 3901 927 3944 aut
976 3893 1194 3945 Romam
1229 3910 1324 3962 pro
1362 3908 1454 3944 sua
1503 3892 1820 3946 defensamla

233 3999 396 4038 causa
430 3993 728 4050 pergerent;
753 3983 838 4050 qui
871 3982 952 4034 his
976 3983 1335 4035 rcsultandum
1362 3991 1567 4048 putaret
1587 3996 1769 4033 exsors
1792 3996 1820 4032 a

233 4075 614 4129 communione
641 4076 811 4128 fieret.
841 4072 1117 4140 Episcopis
1140 4088 1236 4125 suo
1263 4087 1410 4125 more
1433 4073 1817 4135 obniti-utilius,

234 4164 546 4220 beatissima
603 4165 748 4231 virgo
799 4163 1018 4225 Ellleda,
1066 4177 1219 4214 soror
1269 4161 1481 4225 Alfridi,
1535 4163 1818 4224 abbatssa,

232 4264 354 4322 post
389 4252 596 4306 liildam
627 4253 692 4306 de
724 4251 1090 4312 Strenediald,
1122 4254 1403 4302 terminum
1452 4253 1660 4317 negotio
1686 4251 1816 4313 fixit,

237 4347 464 4400 dicens:
496 4363 515 4396 ιι
549 4345 786 4397 Dimissis
832 4343 1162 4410 ambagibus,
1215 4352 1586 4394 testamentum
1639 4344 1813 4394 fratris

233 4437 364 4494 mei.
414 4434 498 4486 cui
547 4447 782 4500 prazsens
831 4431 1067 4498 interfui,
1101 4431 1336 4499 profero,
1369 4431 1507 4499 qttod
1554 4432 1596 4484 si
1627 4446 1820 4484 conva-

231 4527 660 4594 lesceret,jussa
694 4541 752 4578 se
799 4525 1104 4592 apostolica:
1154 4523 1296 4576 sedis
1345 4527 1703 4577 incunctanter
1742 4524 1820 4577 fa~

230 4628 449 4671 cturum
502 4618 850 4684 promisisse,
905 4615 984 4666 vel
1034 4614 1174 4680 quod
1226 4623 1393 4666 morte
1435 4615 1818 4667 interveniente

229 4709 413 4762 fat-ere
462 4708 726 4775 nequiret,
756 4707 961 4759 chaereili
1010 4719 1106 4760 suo
1136 4705 1431 4758 faciendum
1466 4705 1818 4757 transmisisse

227 4800 637 4870 cognoscitur.»
694 4797 826 4851 Tum
859 4793 1586 4866 Berfridus[llerthfrithus]
1647 4795 1816 4850 verbis

226 4889 453 4958 virginis
499 4887 869 4957 conglutinans
917 4901 1011 4939 sua
1047 4903 1058 4936 :
1094 4905 1112 4934 ει
1143 4885 1252 4951 Ego
1293 4885 1618 4950 Ιυεδίοηίὺυε
1668 4900 1816 4953 βαβαὶ

229 4977 594 5034 obediendum
641 4991 856 5040 censeo,
909 4977 1097 5046 inquit,
1132 4977 1422 5046 praesertim
1471 4992 1588 5029 cum
1631 4991 1811 5030 eorum

233 5070 414 5123 robori
467 5068 685 5122 accedat
732 5075 786 5122 et
835 5068 974 5136 regis
1003 5070 1168 5122 nostri
1195 5067 1387 5135 iussio,
1417 5077 1469 5121 et
1498 5076 1690 5121 nostra:
1721 5083 1814 5121 ne-

227 5161 498 5214 cessitatis
546 5161 796 5228 sponsio;
850 5175 1077 5228 namque
1123 5161 1247 5214 dum
1298 5176 1394 5215 nos
1438 5171 1551 5228 post
1592 5171 1812 5214 mortem

233 5253 349 5324 ejus
377 5252 608 5308 inimicis
636 5252 941 5320 urgentibus
973 5255 1022 5307 in
1075 5253 1389 5307 Bebbaburb
1436 5253 1621 5306 inclusi
1672 5266 1812 5307 esse-

230 5358 373 5408 mus,
408 5345 460 5396 in
493 5344 818 5397 obsessionis
848 5354 1092 5413 angusto,
1129 5344 1180 5396 in
1213 5345 1334 5397 vita:
1378 5344 1630 5412 periculo,
1672 5344 1815 5396 vovi-

235 5447 353 5489 tnus
385 5434 496 5488 Deo
527 5435 836 5502 impleturos
866 5451 961 5491 nos
1007 5435 1299 5505 iussionem
1333 5451 1500 5503 papa»,
1535 5435 1578 5487 si
1621 5436 1817 5502 potuis-

232 5540 415 5582 semus
457 5525 705 5581 evadere.
760 5525 857 5579 Vix
916 5536 1094 5582 votum
1153 5525 1494 5593 finieramus,
1543 5532 1599 5580 et
1647 5525 1815 5579 fateor

1929 1081 2162 1146 gravitas
2194 1080 2244 1132 in
2289 1078 2619 1145 amplexum,
2650 1086 2705 1130 et
2734 1075 3086 1130 concordibus
3125 1075 3315 1129 animis
3339 1089 3515 1144 quan-

1932 1181 2039 1223 tum
2069 1169 2330 1237 superfuit
2362 1169 2459 1222 aevi
2489 1169 2684 1237 exegit.

2008 1260 2250 1313 Dimissis
2282 1261 2527 1314 Wilfrido
2555 1259 2764 1313 duobus
2792 1258 3073 1322 coenobiis,
3106 1257 3257 1325 Ripis
3286 1265 3340 1310 et
3379 1255 3515 1311 Hen-

1933 1350 2250 1418 gesteldein,
2285 1350 2372 1402 ille
2407 1352 2715 1404 inconcussa
2743 1364 2871 1417 pace
2900 1349 3119 1417 potitus,
3147 1358 3264 1415 post
3290 1356 3516 1415 quatuor

1933 1443 2136 1496 reditus
2183 1456 2374 1503 annos,
2424 1450 2483 1494 ut
2525 1440 2746 1493 Michael
2789 1438 3139 1507 archangelus
3170 1437 3510 1504 praedixerat,

1932 1543 2164 1589 tentatus
2194 1542 2275 1586 est
2300 1533 2484 1587 eadem
2519 1532 2844 1593 infirmitate,
2879 1546 2981 1598 qua
3011 1531 3279 1598 quondam
3308 1530 3358 1583 iit
3390 1529 3516 1583 Mcl-

1934 1625 2035 1687 dis,
2071 1636 2174 1677 tam
2209 1627 2402 1688 valide,
2436 1637 2487 1677 ut
2518 1626 2694 1678 subito
2724 1640 2883 1677 sensu
2913 1636 2967 1678 et
2999 1637 3126 1677 voce
3153 1632 3380 1677 careret.
3414 1622 3516 1677 Sed

1933 1715 2044 1768 suis
2066 1716 2129 1768 ad
2163 1730 2282 1768 eum
2315 1716 2592 1766 orantibus
2620 1724 2678 1765 ut
2701 1717 2887 1767 saltem
2911 1714 2976 1766 ad
3001 1714 3311 1766 divisionem
3341 1729 3515 1767 rerum

1933 1817 2145 1856 suarum
2183 1804 2446 1871 loquelam
2497 1812 2813 1864 mereretur,
2847 1807 3135 1870 resumpsit
3185 1803 3431 1871 ingenue,
3462 1811 3520 1855 ut

1932 1905 1987 1948 et
2027 1896 2333 1960 loqueretur
2362 1893 2636 1958 continuo,
2670 1902 2721 1943 et
2767 1901 2886 1959 post
2931 1893 3044 1944 dies
3093 1892 3298 1956 salutis,
3339 1893 3519 1960 vigore

1932 1985 2134 2046 refuso,
2167 1994 2353 2037 cuncta
2387 1985 2496 2038 loca
2544 1998 2636 2036 sua
2687 1983 2861 2036 obiret
2894 1982 3026 2052 [Αι.,
3078 1981 3356 2052 ambiret];
3387 1992 3516 2045 tum,

1933 2091 2029 2142 pro
2058 2075 2422 2140 frequentibus
2451 2074 2677 2136 morbis,
2705 2074 2891 2126 vicina:
2938 2073 3124 2124 mortis
3165 2088 3269 2124 non
3301 2072 3516 2136 dubius,

1934 2163 2192 2232 quidquid
2222 2177 2344 2218 ante
2391 2165 2442 2216 in
2476 2163 2736 2230 aliquibus
2775 2163 2929 2216 bonis
2969 2163 3198 2228 tepidius
3223 2162 3415 2216 fecisse
3443 2162 3519 2214 vi-

1934 2254 2157 2307 debatnr
2209 2255 2525 2322 supplevit,
2589 2255 2900 2321 pra3positos
2958 2252 3205 2306 omnibus
3261 2253 3519 2306 cmnobiis

1860 2330 1906 2386 Β
1933 2345 2228 2407 ordinavit,
2278 2358 2432 2412 gazas
2478 2345 2530 2396 in
2575 2353 2800 2409 quatuor
2829 2343 3045 2408 divisit,
3093 2356 3273 2402 unam.
3305 2356 3358 2395 et
3398 2357 3516 2396 eam

1931 2435 2206 2501 Optimam,
2235 2435 2530 2501 portionem
2550 2435 2801 2487 Romamn
2827 2435 3053 2488 dandam
3077 2435 3346 2498 Ecclesia,
3367 2437 3518 2502 cujus

1930 2526 2243 2578 auctoritate
2271 2525 2477 2578 cunctis
2508 2541 2721 2592 semper
2770 2525 2974 2592 injuriis
3021 2536 3300 2592 exemptus
3342 2536 3393 2580 et
3424 2527 3518 2577 ho—

1932 2615 2154 2668 noribus
2206 2615 2480 2668 restitutus
2533 2615 2711 2676 fuerit,
2764 2615 2903 2682 quod
2955 2625 3008 2668 et
3051 2630 3147 2683 per
3195 2630 3253 2668 se
3299 2616 3518 2681 implere

1930 2705 2171 2772 quamvis
2199 2707 2351 2758 annis
2380 2707 2557 2773 gravis
2600 2707 2967 2772 meditaretur,
3027 2708 3127 2761 nisi
3163 2708 3327 2761 ferrea
3363 2710 3512 2776 quies

1930 2797 2248 2863 cogitantem
2282 2795 2596 2863 anticiparet
2623 2813 2636 2860 ;
2666 2797 2954 2850 secundam
2997 2800 3316 2865 pauperibus
3346 2839 3359 2858 ,
3413 2808 3516 2851 ter-

1933 2887 2054 2938 tiam
2086 2885 2451 2939 coenobiorum
2488 2889 2788 2952 p-mpositis
2817 2888 3096 2955 delegavit,
3127 2904 3228 2955 qua
3256 2890 3519 2953 potentio-

1932 2993 2044 3029 rum
2076 2979 2362 3030 amicitiam
2395 2979 2740 3038 rcdimcrent,
2775 2992 2875 3044 qua
2918 2979 3311 3029 contrariorum
3353 2979 3517 3046 impe-

1933 3082 2037 3123 tum
2067 3071 2450 3138 refring-rcnt;
2485 3080 2728 3136 quartam
2758 3070 2862 3121 illis
2888 3071 3000 3136 qni,
3031 3069 3272 3122 laborum
3301 3085 3515 3122 suorum

1933 3163 2189 3215 individui
2213 3164 2459 3222 comites,
2493 3161 2716 3213 necdum
2753 3171 2923 3213 terras
2951 3159 3140 3227 quibus
3172 3175 3228 3213 se
3255 3170 3518 3213 sustenta-

1930 3263 2046 3307 rent
2094 3262 2426 3321 acceperant.
2481 3253 2569 3305 Sic
2615 3261 2832 3317 accepta
2862 3251 3075 3303 licentia
3118 3266 3147 3302 a
3179 3251 3515 3316 ltipensibus,

1929 3359 2061 3411 quos
2115 3347 2374 3411 prmcipuo
2431 3358 2644 3410 semper
2695 3359 2876 3396 arnore
2922 3345 3178 3406 coluerat,
3214 3355 3262 3394 et
3311 3344 3516 3395 (niteris

1931 3435 2382 3497 Northanimbris,
2414 3434 2477 3486 ad
2509 3433 2829 3501 colloquium
2861 3433 3066 3486 Celrcdi
3094 3436 3233 3501 regis
3290 3433 3512 3486 Mercio-

1937 3543 2045 3578 rum
2073 3541 2175 3594 quo
2205 3525 2544 3588 invitabatur,
2575 3525 2727 3577 simul
2762 3535 2815 3576 ut
2842 3534 2893 3577 et
2924 3525 3362 3575 monasteriorum
3393 3538 3514 3575 suo-

1933 3633 2069 3683 rum,
2103 3633 2217 3685 qua:
2259 3617 2309 3668 in
2342 3617 2427 3668 illa
2473 3616 2686 3683 regione
2716 3616 2938 3682 plurima
2989 3628 3080 3680 per
3130 3613 3508 3680 indulgentiam

1931 3725 2112 3777 regum
2146 3710 2468 3772 instituerat,
2499 3710 2730 3775 quietem
2764 3716 3093 3777 procuraret,
3125 3708 3390 3774 profectus
3410 3716 3512 3761 est.

1929 3798 1998 3851 lbi
2030 3813 2157 3867 ergo
2204 3798 2406 3851 cunctis
2455 3798 2550 3850 cir;
2570 3800 2690 3849 uitis
2733 3806 2785 3850 et
2825 3799 3013 3859 auctis,
3047 3805 3232 3848 exacto
3281 3811 3421 3849 anno
3459 3808 3513 3848 et

1927 3893 2088 3944 semis
2133 3901 2413 3959 postquam
2465 3889 2702 3943 secundo
2751 3887 2974 3955 proximi
3009 3887 3185 3939 obitus
3217 3887 3387 3939 fuerat
3415 3887 3505 3938 ad-

1926 3983 2175 4045 monitus,
2202 3982 2338 4050 apud
2370 3983 2596 4035 insulam
2630 3980 2967 4038 Inundalum,
2995 3979 3244 4045 languore
3275 3978 3510 4032 irruente

1924 4077 2186 4141 agitatus,
2232 4081 2532 4127 extremum
2583 4071 2722 4124 diem
2776 4069 2878 4122 sibi
2925 4069 3089 4121 sensit
3135 4069 3342 4132 adesse,
3377 4083 3507 4135 pau-

1925 4167 2127 4231 cisque,
2157 4173 2411 4233 quantmn
2459 4163 2597 4216 vires
2631 4162 2999 4228 Suppetebant,
3034 4154 3294 4210 allocutus
3344 4159 3506 4217 filios,

1923 4268 2235 4321 sacramque
2285 4254 2706 4306 benedictionem
2759 4252 3102 4320 impertiens,
3177 4249 3389 4317 omnis,
3452 4260 3507 4302 ut

1921 4343 2220 4407 videbatur,
2243 4358 2434 4410 expers
2461 4343 2698 4411 angoris,
2728 4344 2886 4395 linem
2919 4342 3088 4403 inivit,
3113 4340 3374 4394 recensita
3397 4341 3505 4409 jam

1924 4447 1952 4484 a
1985 4433 2262 4486 monachis
2282 4433 2531 4499 psalterio
2565 4446 2734 4498 usque
2754 4430 2818 4483 ad
2843 4431 2989 4483 illum
3025 4444 3238 4483 versum
3273 4446 3283 4480 :
3317 4427 3506 4482 Emitte

1922 4526 2156 4590 spiritum
2186 4533 2350 4588 tuum,
2380 4535 2423 4577 et
2453 4527 2755 4578 creabantur
2789 4523 2960 4592 (Psnl.
3012 4524 3146 4591 cut),
3173 4532 3278 4577 etc.
3313 4523 3504 4576 Exces-

1922 4617 1990 4669 sit
2017 4629 2155 4668 anno
2182 4616 2351 4668 artatis
2379 4613 2471 4680 76,
2506 4615 2843 4683 episcopatus
2871 4612 2938 4666 46
2968 4631 2981 4666 :
3016 4615 3094 4667 vir
3149 4628 3242 4682 pro
3283 4612 3504 4680 iustitia;

1923 4710 2111 4760 merito
2141 4706 2320 4759 multis
2345 4705 2574 4774 iactatus
2604 4706 2871 4774 periculis,
2908 4705 3097 4772 quique
3148 4703 3200 4756 in
3251 4702 3378 4770 ipsis
3405 4716 3500 4756 ex—

1926 4800 2056 4853 siliis
2087 4815 2190 4852 non
2225 4799 2338 4853 otio
2369 4799 2600 4860 deditus,
2633 4799 2728 4851 sed
2762 4797 3023 4850 coenobiis
3074 4805 3127 4849 et
3179 4795 3500 4863 episcopali-

1924 4893 2018 4944 bus
2073 4891 2353 4944 l‘undandis
2400 4889 2692 4942 industrius
2739 4896 2920 4952 esset;
2971 4887 3180 4956 egregie
3230 4884 3402 4938 factus
3429 4884 3496 4938 ad

1924 4981 2330 5054 promerendam
2359 4981 2585 5051 gratiam
2619 4979 2916 5048 principum
2975 4977 3110 5046 apud
3163 4990 3295 5044 quos
3345 4988 3502 5029 exsu-

1923 5078 2075 5140 laret,
2109 5074 2355 5140 idemque
2388 5087 2483 5140 pro
2514 5071 2693 5140 rigore
2713 5069 2936 5137 jnstitia
2966 5065 3327 5134 compatriotis
3354 5064 3499 5134 regi-

1919 5166 2016 5220 bus
2043 5164 2277 5219 odiosus.
2305 5162 2537 5231 Reliquit
2562 5158 2803 5219 etenobia
2829 5165 2957 5227 quot
2982 5157 3178 5219 nullus,
3201 5169 3318 5221 quae
3350 5153 3499 5207 solus

1919 5264 2295 5326 aggregaverat
2328 5296 2343 5321 ,
2401 5253 2582 5307 multis
2625 5251 2870 5306 dividens
2924 5249 3243 5304 heredibus.
3292 5246 3500 5314 Corpus

1919 5351 2032 5416 ejus
2063 5349 2115 5401 in
2150 5348 2299 5417 Ripis
2345 5355 2635 5416 portatum,
2668 5353 2722 5400 et
2770 5343 2936 5398 multa
2987 5339 3289 5397 reverentia
3313 5337 3495 5394 condi-

1922 5453 2051 5497 tum.
2088 5442 2214 5496 Ha'c
2245 5452 2288 5496 et
2314 5443 2572 5510 hucusque
2607 5437 3020 5494 Malmesburius.
