4214 6598
823 446 892 498 63
1627 454 1678 503 S.
1726 452 2135 509 ALDIII‘LLMUS
2163 496 2175 515 .
2217 455 2839 512 SCIHREBUHNENSIS
2881 459 3244 516 EI’l‘SCOPL‘S

2421 456 2839 512 EBUIKNENSIS
2881 459 3264 516 EI’l‘SCOPL’h‘.
4015 464 4077 517 66

1326 648 1914 764 JOANNIS
2005 651 2407 766 l’AP/E
2493 654 2700 770 Vll
2777 652 2805 690 ³
2894 656 3576 770 EPISTOLA

1914 829 2017 889 AD
2063 826 2483 888 EPISCOPOS
2530 830 2982 921 BlilTA‘NNL-E

2101 584 2327 595 .-—————_

2056 996 2246 1058 (Mansi,
2275 998 2392 1046 Coll.
2418 999 2560 1048 Cone.
2590 1010 2688 1049 tom
2739 998 2864 1059 ΧΗ.)

894 1186 1123 1242 Joannes
1153 1189 1429 1257 episcopus
1477 1192 1924 1261 archiepiscopis,
1963 1194 2285 1263 presbyteris.
2307 1236 2322 1261 ,
2346 1205 2398 1249 et
2430 1203 2475 1256 Α
2504 1196 2674 1249 sancti
2710 1194 2947 1261 Gregorii
2978 1193 3218 1247 laiealem
3253 1203 3303 1246 et
3332 1193 3627 1253 sinuosum,
3685 1193 3780 1246 sed
3832 1201 3890 1246 et
3928 1208 4079 1247 cunc-

825 1279 1154 1346 diaconibus,
1186 1291 1239 1336 et
1266 1284 1528 1337 universis
1581 1286 1789 1339 clericis
1838 1300 1931 1354 per
1973 1285 2259 1355 Anglorum
2309 1302 2399 1355 pa-

826 1372 979 1425 triam
1001 1375 1323 1428 constitutis.

892 1462 1235 1532 Congregatis
1283 1464 1531 1521 omnibus
1575 1468 1869 1536 Anglorum
1922 1469 2253 1536 proceribus,
2306 1469 2397 1536 qui

825 1560 949 1605 tunc
979 1552 1045 1606 ad
1075 1553 1288 1607 beatum
1340 1555 1552 1609 Petrum
1602 1558 1865 1627 degebant
1911 1562 2235 1628 apostolum,
2278 1570 2399 1628 post

824 1643 1195 1696 alterutrarum
1236 1646 1458 1710 partium
1498 1661 1761 1714 congruas
1784 1650 2241 1715 ratiocinationes,
2264 1667 2395 1721 apo-

821 1732 1023 1786 stolica:
1051 1735 1306 1787 sententia
1338 1750 1503 1800 usque
1524 1738 1658 1790 adeo
1688 1740 1830 1793 sedis
1859 1743 2154 1808 praevaluit,
2188 1754 2245 1794 ut
2295 1758 2391 1795 vo-

820 1823 1049 1879 luntarie
1077 1839 1261 1880 omnes
1305 1828 1592 1896 Anglorum
1643 1832 1824 1884 clerici
1875 1832 1974 1885 sub
2020 1832 2148 1901 ipsis
2203 1832 2396 1901 vigiliis

889 1964 914 1991 α
947 1962 1027 2030 Au
1056 1960 1273 2025 epistola
1307 1961 1612 2030 luee,quam
1634 1980 1696 2018 ex
1724 1964 1959 2027 Baluzio,
1996 1965 2217 2018 Miscell.
2250 1975 2288 2019 t.
2326 1966 2391 2026 ν,

820 2040 939 2097 Pax.
986 2027 1107 2086 478.
1162 2032 1400 2096 profero,
1443 2027 1506 2085 ad
1547 2033 1803 2088 JOannem
1850 2034 1968 2091 VII.
2003 2051 2095 2087 seu
2128 2037 2298 2097 potius
2327 2038 2392 2087 ad

819 2094 1075 2151 Joannem
1104 2094 1188 2172 Vl,
1221 2102 1497 2164 pertineat,
1526 2104 1735 2170 ambigo
1756 2145 1769 2166 ,
1797 2119 1917 2157 cum
1938 2106 2088 2172 Angli
2114 2094 2392 2159 illiRomze

818 2170 1121 2236 congregati
1153 2186 1257 2222 non
1291 2172 1376 2222 alii
1403 2174 1627 2226 habendi
1676 2175 1969 2236 videantur.
2026 2170 2189 2243 quam
2249 2189 2386 2244 quos

2510 1293 2619 1339 tum
2652 1284 2884 1337 habitum
2914 1283 3263 1350 deponentes.
3299 1282 3490 1336 talares
3541 1283 3747 1335 tunicas
3795 1281 4079 1334 secundum

2509 1376 2804 1430 Romanum
2838 1390 3036 1428 morem
3066 1372 3362 1426 induerent.
3411 1372 3578 1439 "ude
3602 1373 3680 1424 rei
3708 1376 3905 1441 gratia,
3966 1374 4077 1441 quia

2506 1476 2561 1521 et
2585 1481 2677 1519 vos
2708 1466 2817 1534 pari
2848 1465 3008 1519 modo
3037 1463 3088 1516 in
3121 1473 3316 1517 sancta:
3342 1462 3595 1517 Ecclesiae
3624 1472 3826 1517 nostrae
3860 1476 4078 1528 corpore

2508 1559 2667 1613 veluti
2694 1559 2905 1628 propria
2940 1556 3178 1611 membra
3201 1556 3591 1621 amplectimur.
3626 1569 3725 1621 pro
3753 1554 4077 1620 deponendis

2510 1652 2778 1705 laicalibus
2809 1650 3136 1703 vestimentis
3163 1656 3215 1701 et
3265 1644 3536 1699 sumend‘s
3582 1645 4077 1699 clericalibusiufu-

2504 1744 2567 1796 lis
2598 1742 2889 1796 secundum
2921 1742 3172 1793 liomaure
3207 1738 3455 1792 Ecclesiae
3512 1751 3718 1790 morem
3770 1739 4079 1790 auctoritate

2501 1834 2788 1902 apostolica
2821 1846 3120 1887 monemus.

2508 1980 2721 2021 sanctus
2746 1968 3024 2022 Wilfridus
3061 1982 3242 2021 secum
3292 1980 3359 2019 eo
3402 1966 3699 2016 adduxerat
3742 1964 3810 2015 ad
3870 1977 4076 2014 causam

2504 2054 2652 2091 Suam
2679 2040 3087 2093 defendendam.
3129 2038 3258 2103 Qua:
3287 2037 3329 2088 si
3365 2035 3593 2088 valuerit
3637 2035 3948 2100 conjectura
3972 2077 3984 2098 ,
4011 2033 4073 2084 ad

2500 2108 2758 2164 Joannem
2792 2110 2849 2163 Vl
2876 2110 3048 2177 potius
3077 2106 3353 2163 referenda
3380 2113 3478 2159 est.
3505 2105 3702 2159 MASSI.

851 2313 1005 2321 -_.__
1026 2314 3023 2326 .._.._.________.___________.______.._______--___-

838 2310 4069 2367 Μ

2108 2464 2270 2507 ANNO
2317 2465 2543 2507 DOMINI
2590 2466 2806 2508 DCCIX.

1230 2640 1474 2863 S.
1619 2647 3524 2875 ALDHELMUS
3577 2815 3637 2911 ν

1839 2988 2556 3054 SCHIREBURNENSIS
2600 2992 3034 3056 EPISCOPUS.

1640 3179 1735 3239 (Ex
1759 3178 1986 3230 Editione
2009 3194 2036 3230 a
2061 3180 2272 3232 Doctore
2295 3183 2343 3231 J.
2367 3183 2424 3230 Α.
2449 3183 2583 3232 Giles
2604 3192 2838 3233 recenttr
2865 3184 3063 3232 Londidi
3092 3185 3248 3245 data.)

2258 3290 2560 3308 ‘_—-

1168 3364 1482 3476 VITA
1563 3371 1672 3473 S.
1743 3368 2402 3476 ALDHELMI
2460 3376 2968 3478 FABICIO
3041 3374 3684 3476 AUCTORE.

2264 3545 2603 3557 —-—_

822 3605 963 3657 Hanc
988 3641 1004 3664 ,
1049 3601 1447 3680 inquit-poclm
1486 3602 1948 3680 Cileshlrgenao‘ut
1970 3612 2106 3680 inter
2128 3603 2262 3680 ..ςὶεια
2288 3602 2596 3680 Sanctorum
2625 3606 2815 3680 editam
2845 3605 3042 3680 contuli
3088 3605 3152 3680 de
3187 3620 3319 3680 notio
3357 3621 3471 3658 cum
3499 3609 3854 3680 ntonuscriplo
3893 3616 3978 3680 qui
4018 3614 4066 3667 iu

1042 3670 1178 3723 Mus.
1214 3669 1346 3722 Brit.
1372 3684 1596 3723 uruntur
1623 3671 1835 3739 (Faust.
1866 3670 1929 3724 Β.
1958 3670 2088 3742 1V).
2120 3673 2260 3741 Opus
2281 3675 2332 3726 in
2354 3676 2446 3728 ista
2477 3677 2651 3727 codice
2682 3676 2907 3729 briviora
2932 3676 3154 3745 capitula
3177 3676 3321 3728 habet
3343 3692 3494 3744 quam
3520 3679 3645 3731 edit.
3678 3669 3837 3746 impr.

1406 3829 1782 3886 PROLOGUS.

881 3924 1194 3978 Sauctnrnm
1241 3922 1451 3976 Patrum
1501 3924 1580 3991 pia
1609 3926 1896 3978 certamina
1947 3927 2183 3980 studiose
2228 3941 2384 3980 reco-

811 4017 1001 4079 lentes,
1037 4014 1227 4083 triplici
1259 4016 1466 4067 ratione
1496 4017 1689 4066 factum
1718 4029 1836 4068 esse
1864 4015 2209 4079 arbitramur,
2241 4016 2379 4084 quod

808 4109 1095 4175 scriptores
1123 4121 1326 4168 eorum,
1358 4106 1789 4172 subsequentium
1825 4108 2032 4159 utilitati
2064 4109 2378 4170 servientes,

807 4216 869 4253 ea
900 4213 1236 4264 summOperc
1263 4198 1459 4250 chartis
1480 4198 1941 4252 commendarunt.
1975 4201 2144 4253 l‘rima
2170 4200 2378 4269 quidem

810 4300 860 4343 et.
908 4287 1222 4341 laudabilior
1270 4290 1474 4341 exstitit
1511 4289 1741 4352 cmteris,
1786 4298 1844 4341 ut
1884 4289 2039 4351 Deus,
2074 4294 2159 4355 qui
2194 4305 2380 4357 pmuas

809 4379 1052 4434 ﬁdelibus
1091 4394 1410 4447 quocunque.
1450 4378 1606 4429 modo
1653 4393 1748 4444 pro
1786 4393 1844 4429 se
1883 4379 2056 4431 illatas
2099 4381 2149 4431 in
2195 4394 2377 4432 eorum

810 4471 1116 4534 corporibus
1190 4470 1425 4536 patitur,
1480 4472 1674 4534 quique
1730 4469 1976 4521 virtutem
2034 4468 2379 4523 tolerantibus

807 4569 1050 4626 prmstat,
1097 4574 1190 4610 sua
1223 4560 1274 4609 in
1321 4557 1598 4625 majestate
1646 4556 1907 4610 laudetur.
1952 4559 2193 4637 Secunda
2230 4576 2375 4626 vero,

803 4662 1063 4717 quatenus
1092 4650 1281 4712 sancti,
1311 4651 1396 4716 qui
1428 4656 1505 4700 tot
1525 4649 1764 4711 sudores,
1790 4648 2008 4717 jejunia,
2030 4648 2257 4718 vigilias,
2285 4666 2379 4718 0p-

812 4741 1045 4808 prubria,
1093 4750 1251 4805 atque
1296 4738 1502 4805 algures
1540 4747 1830 4803 spontanee
1863 4751 1889 4787 a
1923 4738 2224 4805 semetipsis
2264 4740 2379 4792 sive

806 4833 873 4882 ab
905 4829 1130 4882 inimicis
1160 4828 1394 4895 perpessi
1434 4837 1575 4891 sunt,
1620 4843 1649 4880 a
1683 4830 1909 4895 posteris
1939 4844 2081 4884 vera:
2113 4830 2235 4884 ﬁdei
2265 4834 2377 4885 cul-

803 4923 1005 4975 toribus
1058 4921 1335 4989 magnilicc
1365 4920 1721 4973 celebrentur.
1768 4919 1945 4974 Tertia
1975 4931 2150 4974 autem
2183 4925 2375 4979 subse-

800 5015 999 5084 quitur,
1033 5024 1085 5067 ut
1115 5029 1212 5067 uos
1237 5014 1448 5067 illorum
1476 5012 1733 5065 insu'enui
1760 5021 1916 5081 atque
1941 5014 2229 5070 imbecilles
2255 5032 2378 5071 suc-

802 5122 1065 5171 cessores,
1099 5117 1240 5157 tanta
1267 5119 1454 5157 eorum
1483 5104 1702 5169 legendo
1728 5107 1805 5156 vel
1832 5104 2093 5157 audiendo
2125 5106 2376 5160 victorio-

2415 3836 2461 3900 (Γ,
2493 3834 2577 3896 lia,
2612 3833 2702 3887 sed
2732 3844 2784 3887 et
2813 3848 2930 3901 qum
2959 3834 3167 3887 curiose
3206 3834 3539 3904 indaganda,
3571 3836 3623 3890 in
3652 3839 3837 3895 multis
3868 3847 4063 3911 reperi-

2491 3939 2608 3976 mus
2637 3923 2912 3978 barbarice
2941 3935 3098 3991 atque
3144 3925 3329 3979 Latine
3361 3927 3565 3993 paginis
3590 3928 3897 3996 assignato;
3936 3949 4061 4002 quo-

2486 4027 2601 4065 rum
2626 4014 2851 4079 aliquam
2876 4024 3077 4080 partem
3123 4014 3362 4067 Romana
3395 4017 3670 4084 privilegia
3708 4018 4053 4077 diversorum

2486 4117 2589 4167 que
2621 4119 2799 4170 regum
2827 4104 3140 4156 traditiones
3160 4146 3174 4167 ,
3208 4106 3306 4156 sub
3335 4105 3624 4159 tuultorum
3660 4111 3948 4169 prmsulum
3975 4114 4055 4166 ab-

2488 4191 2735 4245 batumve
2755 4194 3069 4246 testimoniis
3093 4195 3360 4260 inscripta,
3380 4196 3574 4247 nostris
3596 4198 3769 4251 adbuc
3801 4210 4057 4254 testantur

2486 4284 2810 4347 temporibus
2836 4300 2850 4337 :
2877 4298 3081 4337 necnon
3111 4299 3171 4338 ea
3200 4302 3315 4351 ιιηιω
3338 4300 3365 4335 a
3389 4287 3633 4340 veridicis
3659 4299 3715 4341 et
3747 4292 4057 4357 regulariter

2485 4374 2774 4424 monasuco
2788 4374 2971 4426 ordine
2998 4374 3310 4442 degentibus
3334 4375 3413 4426 vel
3429 4376 3623 4429 abaliis
3639 4378 3860 4432 diverso
3875 4384 4056 4437 ordine

2483 4462 2741 4515 catlinlice
2777 4465 3240 4526 conversantibus,
3288 4481 3429 4533 saepe
3471 4468 3768 4521 audivimus
3797 4471 3935 4526 facta
3969 4489 4055 4541 per

2482 4556 2667 4607 merita
2695 4555 2831 4608 servi
2858 4556 2959 4619 sui,
2987 4571 3106 4623 qua!
3152 4556 3253 4625 ipsi
3282 4563 3374 4609 aut
3402 4561 3673 4626 carporeis
3701 4563 3875 4615 oculis
3906 4565 4049 4618 vide-

2484 4652 2624 4706 runt,
2651 4654 2736 4695 aut
2770 4658 2797 4694 a
2843 4646 3163 4712 primoribus
3202 4648 3348 4707 suis,
3392 4648 3496 4707 iam
3530 4650 3580 4701 in
3629 4652 3835 4706 cmlesti
3866 4654 4054 4723 gaudio

2480 4742 2601 4785 ante
2632 4734 2824 4787 divinm
2856 4743 3199 4801 conspectum
3228 4735 3529 4790 clementia:
3571 4741 4049 4807 congaudentibus.

2483 4823 2781 4891 frequenter
2804 4824 3124 4888 audierunt;
3169 4826 3256 4893 qui
3294 4840 3350 4879 se
3383 4826 3624 4879 volumen
3663 4842 3726 4881 ev
3770 4831 4050 4885 virtutibus

2479 4914 2591 4980 ejus
2650 4914 2823 4967 lucido
2878 4916 3015 4981 stylo
3060 4914 3308 4968 dicebant
3358 4915 3581 4981 legisse,
3633 4919 3726 4971 sed
3783 4919 4046 4974 Dauorum

2482 5013 2739 5072 tempore,
2774 5018 2893 5057 cum
2923 5004 3092 5057 adhuc
3122 5003 3315 5058 Christi
3346 5005 3637 5059 Ecclesiam
3666 5022 4048 5078 persequeren-

2482 5102 2584 5157 tur,
2618 5093 2913 5161 perdidisse
2947 5110 2961 5145 :
3006 5094 3094 5163 qui
3123 5095 3300 5148 omnia
3333 5095 3442 5149 Deo
3473 5107 3672 5161 nostro,
3709 5097 3816 5151 illis
3850 5102 4047 5168 ignoto,

798 5198 1007 5251 sissitua
1037 5205 1203 5259 gesta.
1247 5195 1438 5247 mentis
1465 5203 1660 5246 nostra-
1689 5193 1873 5247 oculos
1901 5194 2250 5262 sublevando,
2282 5212 2370 5251 se-
2406 5183 2453 5241 Ῑ)
2478 5186 2736 5243 ἀεάίεαιπι
2787 5195 2878 5238 ³⁸η
2916 5187 3137 5253 Ρθάίινιε
3170 5201 3248 5239 εοι

2415 5183 2453 5241 D
2478 5186 2736 5243 dedicata.
2787 5195 2878 5238 aut
2916 5187 3137 5253 pedibus
3170 5186 3575 5248 coneuICabant,
3621 5198 3735 5253 aut,
3793 5190 3870 5244 ira
3898 5206 4048 5257 supe-

800 5303 1025 5355 quamur
1056 5288 1242 5339 borum
1275 5284 1529 5337 iuollcnsa
1558 5284 1797 5351 wstigia.

874 5378 1026 5433 Unde
1074 5395 1170 5433 nrs
1226 5377 1437 5445 fragiles
1479 5376 1674 5439 idiotm,
1706 5377 1793 5443 qui
1839 5391 2168 5445 nequaquam
2208 5393 2369 5448 opera

804 5470 1074 5533 monachi,
1129 5467 1223 5521 sed
1282 5476 1480 5521 tantum
1526 5468 1739 5535 indigne
1791 5477 2063 5533 portamus
2111 5471 2321 5523 nomina
2350 5510 2366 5536 ,

800 5558 1115 5614 sanctissimi
1147 5557 1412 5612 Aidbelmi
1442 5558 1681 5625 prmsulis
1705 5566 1879 5610 ortum
1911 5569 1965 5612 et
1994 5560 2177 5621 vitam,
2209 5562 2369 5613 mira-

804 5651 923 5701 cula
950 5658 1101 5713 atque
1130 5646 1449 5706 doctrinam,
1487 5656 1750 5714 utcunque
1776 5646 2097 5712 describere,
2143 5648 2369 5703 ﬁdeliter

800 5749 977 5791 tamen
1009 5738 1362 5807 aggredimur.
1400 5736 1767 5791 Verumtamen
1799 5752 1904 5791 nou
1932 5754 1989 5791 ea
2020 5750 2217 5794 tantum
2246 5757 2362 5809 quin

804 5845 889 5893 po..-
922 5842 1060 5883 eum,
1096 5841 1307 5880 stumno
1334 5827 1530 5894 (lpilice
1566 5835 1868 5894 pra‘stante.
1902 5828 2123 5882 vidimus
2149 5846 2360 5897 magna~

2480 5288 2629 5332 rante
2654 5278 2930 5340 rationem,
2979 5279 3097 5344 igne
3134 5278 3567 5340 eoucretuabaut,
3600 5294 3693 5333 seu
3732 5296 4045 5348 quocunque

2479 5370 2636 5421 modo
2690 5376 2931 5434 poterant
2982 5367 3345 5420 anuullabant.
3411 5368 3568 5422 Multa
3621 5371 3780 5423 etiam
3832 5387 4043 5424 suorum

2481 5458 2734 5512 factorum
2775 5460 2824 5511 in
2874 5458 3094 5522 scrinio.
3140 5473 3243 5511 non
3277 5459 3500 5512 multum
3533 5470 3653 5529 post
3686 5460 3888 5515 obitum
3931 5466 4043 5532 ejus

2478 5550 2637 5615 laeto,
2671 5552 2719 5604 in
2751 5566 2855 5618 quo
2886 5552 3037 5603 beata
3084 5549 3200 5618 ejus
3223 5563 3342 5603 ossa
3370 5553 3741 5614 servabantur,
3774 5555 4040 5624 antiquio-

2476 5658 2561 5697 res
2616 5645 2796 5698 l’atres
2848 5643 3011 5696 nostri
3060 5642 3323 5711 argenteis
3364 5642 3573 5695 laminis
3626 5644 3688 5695 ad
3736 5649 4037 5700 memoriam

2473 5748 2799 5805 posterorum
2828 5750 2854 5788 a
2886 5738 3069 5803 primis
3100 5735 3335 5803 patrihus
3370 5735 3632 5803 assignata
3663 5736 3942 5797 vidi-runt;
3989 5748 4035 5790 et

2470 5830 2587 5895 quia
2614 5829 2750 5884 istud
2775 5838 2883 5881 erat
2919 5828 3235 5893 negligentia
3262 5840 3307 5879 et
3343 5835 3601 5879 vetustate
3628 5824 3734 5891 jam
3762 5842 3894 5894 pene
3918 5844 4032 5882 ιἰτιιο
