4214 6530
202 399 266 450 ῦῖἱ
1164 390 1315 444 \‘lTA
1355 389 1412 442 S.
1456 384 1805 441 Αιῡιιιέωιι
1851 384 1866 435 l

1771 384 1805 434 ll
1851 384 2118 440 FAIthlll
2151 389 2481 444 AUCTURIC.
3367 396 3435 450 66

207 519 487 579 sumptum,
524 509 714 579 prmsul
744 507 956 579 quidam
986 519 1105 560 cum
1148 504 1263 557 aliis
1312 503 1418 556 Deo
1463 498 1764 553 famulanti-
1798 496 1842 552 Α
1878 498 2179 562 parentibus
2218 498 2420 566 legitur,
2478 499 2613 553 Iturtc
2662 499 2758 553 sibi
2805 501 2947 554 dedit
2989 505 3172 566 ﬁlium,
3224 508 3435 574 qualem

210 602 301 652 bus
332 600 381 651 in
413 598 575 663 aliud,
601 595 843 652 novitatis
865 611 1045 661 causa,
1069 596 1132 648 ad
1160 608 1530 647 Sticressorum
1558 606 1765 644 memo-

207 691 357 753 riam,
389 690 439 742 in
469 706 571 757 quo
600 690 769 743 adhuc
801 688 1066 751 videntur,
1096 687 1278 741 eadem
1296 686 1703 740 transtulerunt.

274 781 505 835 Fuerunt
539 796 780 851 quoque,
810 792 929 850 post
960 781 1126 848 prima
1174 779 1409 832 instituta
1439 781 1607 832 sancti
1644 779 1764 843 viri,

203 874 278 924 sui
310 872 407 925 loci
434 873 713 926 familiares
735 882 999 926 amatores
1020 911 1036 937 ,
1068 872 1205 923 sicut
1243 869 1588 937 archiprresul
1618 868 1765 920 Dun-

202 973 403 1030 stanus,
455 963 521 1016 de
566 962 715 1031 cujus
762 965 1037 1015 sanctitate
1081 976 1187 1014 non
1229 960 1518 1022 dubitatur,
1572 970 1624 1013 et
1675 959 1763 1011 alii

202 1054 535 1119 quamplures
566 1050 849 1120 praesules,
894 1066 1116 1120 quorum
1153 1066 1300 1105 saera
1334 1065 1450 1102 ossa
1484 1051 1532 1102 in
1580 1049 1762 1102 eadem

201 1141 538 1210 requiescunt
564 1142 773 1197 basilica
800 1160 812 1205 ;
840 1142 924 1207 qui
956 1143 999 1195 si
1030 1142 1144 1194 hare
1178 1139 1409 1209 priorum
1443 1141 1617 1194 relatu
1644 1156 1762 1195 vera

202 1244 306 1283 non
337 1230 645 1295 crederent,
678 1231 837 1284 illa-sa
884 1246 1049 1298 usque
1078 1231 1142 1284 ad
1173 1241 1406 1285 nostram
1454 1234 1763 1285 memoriam

201 1320 399 1391 absque
438 1324 600 1378 dubio
644 1340 747 1378 non
779 1326 1155 1393 relinquerent.
1213 1326 1286 1380 De
1309 1327 1495 1394 quibus
1523 1328 1763 1381 Studiose

202 1414 348 1479 plura
373 1414 687 1481 dimisimus,
714 1429 764 1470 et
794 1434 977 1471 eorum
1008 1434 1124 1485 qum
1152 1418 1464 1471 videbantur
1491 1419 1651 1487 digna
1684 1434 1766 1471 re-

201 1502 329 1568 latu,
364 1519 457 1571 pro
489 1506 832 1560 referentiutn
874 1508 1223 1571 auctoritate,
1257 1519 1458 1575 partem
1486 1510 1759 1577 decerpsi-

201 1611 318 1649 mus
348 1613 360 1648 :
389 1611 449 1650 ea
478 1613 700 1666 namque
729 1615 844 1667 qua:
873 1616 967 1653 nos
994 1599 1090 1667 ipsi
1121 1602 1172 1653 in
1205 1602 1485 1667 przcsentia
1518 1615 1660 1666 scepc
1690 1602 1763 1652 vi-

205 1685 394 1748 dimus,
428 1703 603 1741 veram
636 1690 789 1743 ﬁdem
823 1692 1205 1757 prmtcritorum
1235 1690 1450 1744 faciunt.
1484 1691 1595 1756 Qua
1626 1692 1675 1743 in
1708 1705 1765 1743 re

204 1774 467 1828 neminem
500 1792 594 1829 nos
633 1792 881 1830 accusare
926 1778 1125 1833 debere
1155 1780 1394 1831 videmus
1428 1797 1439 1829 :
1479 1782 1597 1845 quia
1629 1780 1759 1834 bea-

1874 586 2033 655 ltnjns
2081 592 2243 643 nostri
2307 590 2541 660 opusculi
2598 591 2745 645 vobis
2797 595 3110 648 monstrabit
3164 596 3432 658 intentio;

1869 694 2025 746 quem
2053 688 2287 746 tempore
2313 696 2547 751 congruo
2591 682 2819 737 ﬁdelium
2865 687 3206 739 assuetudine
3237 688 3344 741 Deo
3378 689 3429 741 in

1869 771 2091 824 ecclesia
2132 788 2225 841 per
2268 775 2600 827 sacerdotum
2642 789 2825 829 manus
2870 777 3058 831 devote
3105 779 3312 843 obtulit,
3338 795 3433 833 ca-

1873 862 2347 930 techumentttuque
2381 864 2490 918 ﬁeri
2518 865 2797 933 postulavit
2827 883 2839 917 :
2871 868 2950 919 cui
2985 885 3085 920 non
3124 872 3325 937 absque
3348 870 3422 921 di-

1869 953 1994 1004 vino
2023 963 2152 1004 nutu
2198 953 2530 1006 Aldhelmum
2565 970 2758 1009 nomen
2806 957 3077 1023 imposuit.
3112 961 3229 1013 Ald.
3261 961 3429 1021 enim,

1868 1054 1924 1095 ut
1950 1046 2095 1095 aiunt
2131 1044 2426 1105 barbarico,
2472 1045 2651 1100 Latine
2680 1064 2832 1100 senes:
2862 1046 3265 1117 interptetatur;
3314 1052 3436 1103 inde

1869 1136 2177 1189 Aldbeltnus
2206 1135 2353 1204 quasi
2396 1151 2544 1188 senta:
2570 1138 2752 1189 almus.
2803 1137 2940 1193 Vere
2970 1141 3130 1205 enim,
3161 1144 3257 1192 etsi
3280 1140 3430 1207 juve-

1870 1228 1950 1279 nis
1973 1241 2214 1293 corpure,
2249 1226 2423 1277 animo
2452 1226 2603 1278 senili
2627 1226 2830 1279 vivebat
2859 1239 2910 1281 et
2938 1228 3184 1284 laudabili
3207 1246 3391 1298 opere.

1943 1314 2061 1367 Post
2094 1315 2204 1366 Ιι;ι·ο
2233 1316 2384 1367 annis
2423 1316 2828 1371 succedentibus
2878 1332 3006 1384 puer
3037 1320 3350 1382 ablactainr,
3383 1333 3435 1377 et

1870 1407 2036 1455 sacris
2067 1404 2357 1456 litterarum
2389 1404 2577 1457 studiis
2626 1420 2653 1456 a
2702 1406 2942 1474 genitore
2983 1406 3435 1481 Cltris‘tiatiissimo

1870 1494 2117 1546 traditur.
2151 1494 2262 1559 Qua
2312 1494 2361 1545 in
2406 1508 2462 1546 re
2495 1493 2791 1547 futurorum
2824 1497 3074 1561 praescius
3105 1498 3243 1552 Deus
3299 1498 3434 1552 illius

1870 1593 2145 1650 tantopere
2173 1588 2380 1649 aperuit
2430 1584 2719 1652 ingenium,
2771 1594 2825 1638 ut
2851 1587 3082 1640 doctaris
3126 1590 3331 1642 animus
3384 1589 3436 1642 in

1869 1674 2044 1740 scipso
2070 1688 2209 1740 smpe
2240 1674 2521 1726 miraretur
2551 1676 2790 1741 nimium,
2824 1677 2961 1744 quod
3015 1687 3118 1731 tam
3160 1678 3314 1732 facile
3343 1695 3433 1733 ca-

1870 1774 2040 1829 peret,
2071 1774 2175 1815 tam
2217 1771 2369 1814 acute
2419 1764 2670 1815 retineret
2718 1768 3042 1830 memoriter,
3075 1784 3190 1837 qua:
3220 1769 3315 1821 sibi
3349 1786 3437 1822 os-

202 1870 309 1917 ttim
358 1863 664 1933 Gregorium
693 1868 754 1933 in
789 1866 1119 1938 Dialognrtnn
1158 1869 1307 1922 libris
1341 1868 1522 1923 itidem
1572 1870 1760 1924 fecisse
1799 1837 1836 1892 ῃ

1799 1837 1836 1892 θ
1869 1854 2118 1908 tendebat
2168 1868 2259 1921 per
2285 1853 2519 1920 singulos
2549 1853 2684 1907 dies.
2718 1854 2863 1908 Mens
2891 1870 3119 1924 namque
3148 1859 3280 1927 ejus,
3328 1877 3435 1915 ραδ-

201 1957 551 2023 eoospicimus
594 1978 605 2011 :
657 1969 811 2026 atque
866 1964 1024 2031 (sicut
1082 1963 1303 2030 ipsemet
1348 1964 1548 2031 retulit)
1598 1964 1765 2017 Lucas

202 2058 411 2113 quoque
442 2047 705 2112 niettieus,
749 2049 897 2119 cujus
929 2052 1042 2104 laus
1070 2068 1162 2120 per
1184 2068 1369 2106 omnes
1394 2054 1657 2108 licetesias
1688 2056 1767 2124 (ut

201 2135 433 2199 gentium
484 2136 674 2191 Doctor
721 2140 814 2206 ait)
862 2150 941 2194 est
989 2143 1041 2195 in
1091 2143 1405 2211 Evangelio;
1440 2154 1490 2199 et
1536 2146 1762 2211 Marcus,

198 2222 586 2279 Alexandrinus
636 2229 933 2296 patriarcha
961 2243 1014 2284 et
1056 2232 1195 2285 Petri
1228 2233 1532 2301 discipulus,
1571 2251 1765 2302 nequa-

199 2323 357 2377 quam
389 2316 646 2382 scripsere
674 2318 783 2370 visa
806 2363 820 2385 ,
854 2320 945 2371 sed
979 2330 1177 2373 tantum
1209 2322 1406 2387 amlita,
1443 2325 1492 2376 in
1527 2322 1764 2393 Evange-

199 2402 389 2456 liorum
415 2406 789 2463 voluminibus.
822 2409 966 2475 Non,
1001 2411 1139 2477 quod
1174 2413 1329 2474 absit,
1361 2425 1411 2467 ttt
1444 2429 1539 2467 nos
1575 2416 1625 2468 in
1668 2417 1764 2469 nii-

200 2489 347 2544 nimo
377 2493 476 2546 illis
500 2510 707 2564 quoque
735 2497 1142 2565 mquiparemus,
1172 2502 1254 2554 vel
1286 2510 1495 2557 nostros
1528 2504 1763 2558 illorum-

198 2592 305 2647 que
352 2581 610 2638 relatores
658 2586 707 2639 in
763 2589 939 2642 animo
981 2605 1235 2645 conemur
1266 2593 1488 2646 reddere
1526 2596 1762 2661 similes;

201 2680 572 2727 verumtamen
595 2717 609 2741 ,
644 2677 783 2745 quod
815 2678 1102 2745 majoribus
1133 2682 1184 2733 in
1211 2692 1313 2734 tam
1346 2686 1576 2737 maximo
1605 2703 1766 2754 npvre

198 2761 375 2829 licuit,
408 2764 458 2815 in
483 2766 704 2819 minimo
730 2766 881 2821 nobis
918 2767 1116 2822 inﬁmis
1143 2780 1195 2823 et
1227 2780 1399 2825 tamen
1432 2773 1676 2827 ﬁdelibus
1707 2777 1768 2827 li-

200 2850 376 2905 cuisse
402 2851 630 2907 fideliter
657 2855 954 2924 opinamur.
1009 2859 1152 2913 Alios
1174 2876 1385 2932 quoque
1414 2864 1608 2917 multos
1637 2864 1769 2917 divi-

202 2940 288 2993 nis
317 2943 519 3010 paginis
543 2953 595 2996 et
624 2944 907 3014 Scripturis
932 2949 1070 3002 idem
1102 2952 1201 3006 hoc
1228 2956 1401 3019 egisse
1429 2956 1721 3019 reperimus
1750 2972 1764 3007 :

205 3041 314 3085 tres
344 3047 467 3086 vero
498 3042 698 3088 tantum
725 3074 740 3101 ,
770 3052 900 3105 quos
925 3052 1083 3107 supra
1124 3043 1394 3109 posuimus
1418 3084 1432 3105 ,
1479 3044 1596 3097 fidei
1632 3046 1769 3099 inte-

198 3122 393 3188 gritate
433 3126 723 3179 catholicos
750 3166 764 3189 ,
811 3130 1046 3183 moribus
1085 3140 1136 3183 et
1171 3146 1331 3198 opere
1377 3135 1764 3197 sanctissimos,
1793 3167 1841 3229 α

199 3210 398 3265 imitari
447 3214 543 3267 hac
593 3214 645 3267 in
690 3231 768 3281 re,
817 3220 1054 3286 quamvis
1096 3220 1249 3289 longe
1299 3223 1614 3291 incedendo,
1671 3241 1765 3294 pro

199 3313 359 3368 posse
385 3312 566 3357 nostro
591 3304 850 3374 cupimus.

712 3397 933 3452 CAPUT
972 3398 1255 3455 PRIMUM.

198 3480 433 3538 Familia
461 3488 622 3557 regia,
650 3489 840 3556 studia,
873 3493 1223 3556 monachatus,
1263 3504 1308 3548 et
1336 3495 1527 3550 abbatis
1564 3514 1766 3552 munus.

271 3574 354 3627 Ad
388 3577 555 3629 sancti
598 3577 753 3647 igitur
784 3580 1048 3633 Aldhelmi
1092 3584 1453 3653 genealogiam
1494 3584 1771 3641 flectamus

200 3665 493 3735 Ingenium,
526 3675 581 3721 et
603 3683 697 3736 pro
728 3683 881 3737 posse
916 3671 1066 3725 nobis
1093 3687 1122 3725 a
1164 3676 1268 3726 Deo
1299 3678 1451 3737 dato,
1478 3691 1541 3729 ex
1571 3691 1672 3743 qua
1699 3678 1771 3730 sit

198 3767 351 3811 ortus
386 3761 695 3829 propagine,
729 3761 1073 3830 explicemus.
1124 3762 1217 3816 llic
1248 3764 1405 3832 igitur
1435 3781 1571 3833 regia
1606 3766 1770 3834 stirpe

198 3848 499 3915 descendit,
530 3866 559 3903 a
593 3850 903 3907 clarissimis
933 3863 1087 3908 natus
1117 3856 1557 3923 progenitoribus,
1588 3860 1771 3911 ortho-

201 3940 474 4010 doquue
513 3943 781 4012 religionis
813 3945 1103 3999 verissimis
1145 3946 1508 4001 indesinenter
1552 3949 1769 4003 cultori-

201 4030 304 4085 bus
353 4048 366 4083 :
413 4033 604 4101 quibus
631 4043 776 4088 tanto
799 4037 1001 4089 exstitit
1030 4036 1080 4090 in
1114 4036 1214 4092 ﬁde
1256 4039 1477 4094 lucidior
1512 4049 1563 4093 et
1612 4056 1771 4110 opere

199 4122 376 4176 divini
399 4125 569 4178 cultus
593 4126 805 4190 pretiosi
847 4142 892 4194 r,
927 4138 1180 4196 quantum
1204 4145 1319 4183 rosa
1353 4144 1418 4185 ex
1447 4132 1638 4200 quibus
1664 4133 1771 4185 ori-

199 4218 290 4263 tur
320 4211 508 4280 spinis,
537 4224 591 4267 et
614 4214 712 4268 ﬂos
742 4216 834 4269 lilii
863 4218 1002 4270 unde
1030 4219 1284 4287 turgescit
1310 4222 1510 4288 cespite
1534 4224 1766 4289 preprio.

194 4300 366 4369 Hujus
399 4302 659 4370 siquidem
693 4305 956 4371 praeclara:
989 4306 1187 4361 sobolis
1224 4309 1516 4377 Anglorum
1552 4325 1642 4366 rex
1683 4311 1768 4365 lna

192 4398 642 4468 sapientissimus,
682 4401 886 4471 fulgens
908 4402 1013 4455 vita
1051 4411 1105 4457 et
1148 4405 1405 4469 moribus,
1440 4406 1591 4460 bellis
1630 4416 1768 4462 stre-

1869 1945 1985 1997 lesti
2025 1960 2147 1997 rore
2195 1946 2423 2011 perfusa,
2467 1945 2621 2012 hujtts
2671 1946 2744 1998 rei
2793 1945 2963 1999 fuerat
3008 1963 3164 2001 causa
3202 1966 3214 2001 :
3246 1953 3437 2019 qttipptt

1868 2036 2031 2103 gratia
2065 2035 2151 2087 Dei
2181 2044 2296 2087 erat
2336 2049 2455 2087 cum
2482 2034 2589 2097 illo,
2624 2035 2763 2088 illius
2793 2039 3014 2102 scilicet,
3044 2038 3133 2107 qui
3179 2057 3271 2108 per
3311 2058 3428 2108 pro-

1870 2126 2136 2193 pheticum
2178 2123 2308 2176 dixit
2353 2123 2619 2192 eloquium
2648 2122 2765 2190 (Ps.
2802 2140 2935 2177 Lxxx
2963 2169 2976 2191 ,
3024 2128 3111 2196 tl)
3149 2145 3160 2178 :
3195 2130 3349 2196 Aperi
3376 2148 3429 2181 os

1869 2224 2033 2274 tuum,
2064 2222 2110 2266 et
2152 2230 2240 2283 rgo
2284 2214 2575 2281 adiniplebo
2616 2213 2749 2265 illud
2793 2215 3024 2283 dogmate
3073 2234 3202 2273 meo.
3252 2220 3435 2273 Trium

1867 2304 2060 2371 quippe
2092 2304 2412 2371 proprietate
2444 2303 2758 2370 linguarum,
2785 2318 2887 2359 non
2915 2306 3087 2360 solum
3122 2308 3430 2375 vulgaritate

1867 2407 2276 2454 rerum,verutn
2320 2393 2477 2443 etiam
2509 2390 2799 2443 litterarum
2848 2392 3115 2459 dogmate,
3166 2396 3437 2450 sanctissi-

1868 2498 1990 2536 mus
2021 2484 2117 2535 iste
2148 2482 2345 2550 peritus
2374 2482 2594 2536 exstitit.
2626 2482 2757 2536 Miro
2800 2484 3024 2553 denique
3068 2487 3234 2539 modo
3251 2490 3435 2557 gratia:

1869 2573 2131 2627 facundia:
2159 2573 2333 2625 omnia
2378 2572 2625 2624 idiomata
2666 2574 2889 2639 sciebat,
2934 2585 2989 2629 et
3026 2577 3175 2645 quasi
3222 2578 3437 2633 Crzecus

1868 2668 2082 2720 natione
2114 2705 2130 2729 ,
2188 2665 2402 2730 scriptis
2456 2676 2507 2716 et
2566 2665 2742 2718 verbis
2799 2668 3193 2734 pronuntiabat.
3246 2670 3433 2723 Mirum

1868 2771 2097 2825 namque
2128 2771 2231 2808 non
2259 2755 2447 2822 fuerat,
2477 2756 2598 2824 quia
2622 2765 2674 2810 et
2702 2760 2865 2811 sancti
2895 2759 3123 2827 Spiritus
3145 2763 3309 2828 gratia
3335 2762 3434 2815 sibi

1870 2847 1922 2900 in
1969 2862 2034 2900 eo
2085 2846 2441 2900 habitaculum
2490 2846 2722 2911 fererat,
2757 2856 2812 2900 et
2860 2850 2996 2901 illius
3043 2850 3231 2918 lingua:
3287 2851 3438 2904 binos

1868 2938 2112 2994 doctores
2159 2940 2399 3009 apprime
2444 2940 2643 3008 peritus
2696 2940 3129 3007 praeclarissimus
3178 2944 3264 2998 lna
3317 2961 3433 3009 rex,

1868 3045 2023 3099 quem
2054 3046 2213 3099 supra
2246 3032 2536 3099 posuimus,
2570 3030 2634 3082 ad
2680 3032 3096 3085 conlirmandam
3128 3032 3266 3086 illius
3293 3033 3436 3087 litte-

1872 3124 2033 3176 raletn
2084 3124 2392 3187 scientiam,
2447 3124 2513 3175 ab
2563 3123 2783 3175 Athenis
2832 3126 3176 3178 conduxerat.
3235 3124 3438 3181 Latina

1874 3228 2080 3281 quoque
2110 3213 2347 3266 scientia:
2370 3213 2518 3266 valde
2541 3222 2747 3280 potatus
2778 3216 2982 3278 rivulis,
3010 3216 3167 3269 etiam
3196 3219 3436 3286 proprie-

1876 3313 1983 3359 tate
2011 3305 2234 3372 partiunt
2262 3303 2451 3371 aliquis
2479 3321 2543 3359 eo
2580 3306 2767 3360 melius
2809 3322 3135 3375 nequaquam
3186 3323 3309 3362 usus
3357 3319 3441 3364 est

1875 3403 1994 3463 post
2042 3395 2314 3464 Virgilium
2349 3412 2361 3446 :
2390 3394 2459 3448 ita
2492 3398 2633 3450 enim
2682 3397 2733 3449 in
2766 3397 3076 3463 antiquariis
3104 3414 3214 3453 suae
3244 3401 3436 3470 linguae

1875 3483 2083 3554 legitur.
2110 3483 2491 3552 Prophetarum
2533 3485 2793 3554 exempla,
2828 3487 3036 3540 Davidis
3060 3489 3310 3557 psalmos,
3342 3493 3441 3546 Sa-

1877 3572 2102 3628 lomonis
2131 3573 2229 3627 tria
2256 3573 2539 3640 volumina,
2578 3574 2848 3629 llcbraicis
2877 3576 3063 3630 litteris
3104 3578 3238 3632 bene
3267 3580 3437 3643 novit,

1874 3674 1927 3719 ct
1974 3665 2141 3733 legem
2172 3664 2474 3719 Mosaicam.
2519 3666 2727 3719 Musica:
2765 3674 2937 3719 autem
2970 3668 3099 3721 artis
3129 3669 3304 3723 omnia
3359 3670 3440 3724 in.

1875 3765 2185 3818 strumenta,
2209 3772 2327 3824 quze
2358 3756 2547 3809 ﬁdibus
2569 3757 2648 3811 vel
2672 3758 2858 3811 listulis
2886 3769 2977 3810 aut
3004 3759 3121 3812 aliis
3153 3763 3434 3815 varietati-

1876 3846 1973 3897 bus
2003 3846 2245 3899 melodia:
2290 3846 2401 3900 ﬁeri
2434 3856 2669 3913 possunt,
2714 3859 2767 3901 et
2799 3851 3050 3903 memoria
3096 3850 3262 3905 tenuit
3300 3861 3354 3906 et
3382 3854 3435 3906 in

1874 3937 2180 4004 quotidiana
2203 3952 2299 3989 usu
2331 3936 2533 3991 habuit.
2565 3938 2625 3991 Et
2650 3947 2704 3990 ut
2733 3940 2913 4005 paucis
2942 3938 3100 3991 multa
3132 3950 3183 3994 et
3213 3942 3429 4008 grandia

1876 4027 2050 4094 parvis
2076 4027 2525 4097 constringatnus,
2566 4043 2633 4082 ne
2673 4043 2733 4081 ea
2782 4044 2899 4097 qua:
2942 4029 3163 4083 dicimus
3206 4032 3440 4086 ttediosis

1876 4115 2145 4177 vilescant,
2181 4125 2236 4169 ut
2289 4114 2367 4168 vir
2414 4116 2759 4185 undecunque
2804 4118 3213 4186 eruditissimus,
3255 4121 3441 4190 plenus

1876 4205 1971 4259 fuit
1999 4208 2216 4261 scientia
2245 4206 2477 4260 omnium
2507 4221 2705 4263 rerum.

1945 4297 2049 4352 Sed
2077 4297 2201 4366 quid
2247 4313 2518 4351 moraniur
2560 4301 2612 4352 in
2661 4299 2869 4367 parvis?
2899 4299 2974 4353 Ad
3006 4300 3191 4361 altiora
3242 4302 3435 4373 stylum

1877 4398 2169 4454 vertamus,
2197 4398 2256 4443 ut
2276 4391 2539 4459 quomodo
2561 4392 2660 4444 iste
2684 4399 2895 4444 sanctus
2927 4394 3004 4445 vir
3034 4407 3063 4445 a
3096 4393 3317 4461 pueritia
3343 4396 3439 4450 de-

192 4489 489 4543 nuissimus
509 4498 561 4544 et
581 4491 755 4545 clarus
777 4491 1075 4558 virtutibus,
1097 4505 1353 4563 quantum
1381 4498 1566 4549 attinet
1594 4498 1658 4548 ad
1684 4513 1768 4551 re-
1796 4507 1851 4569 υ

1796 4507 1851 4569 υ
1879 4483 1991 4553 gtiit
2030 4483 2312 4536 ostendere
2350 4483 2646 4546 valeamus;
2690 4492 2743 4536 et
2771 4482 2998 4550 qualiter
3050 4484 3102 4537 in
3147 4487 3439 4541 monastico

193 4579 340 4648 giam
387 4580 791 4646 sublimitatem,
852 4584 946 4637 fuit
992 4586 1328 4654 principium.
1382 4587 1532 4640 Istius
1569 4604 1761 4642 nomen

194 4669 451 4725 Primntis
495 4673 721 4726 multum
774 4674 1049 4739 eximium,
1101 4678 1335 4732 secundo
1385 4679 1500 4732 loco
1549 4680 1769 4735 fratrem

196 4760 366 4814 fuisse
421 4759 658 4828 Kenten,
717 4762 889 4816 virum
936 4766 1180 4834 probum,
1234 4769 1510 4823 sanctitate
1541 4770 1764 4833 tantum,

194 4850 479 4906 honestate
522 4853 878 4921 magniﬁcum,
916 4857 1291 4924 antiquissimis
1323 4861 1626 4929 Anglietna:
1670 4864 1772 4917 litt-

194 4955 316 5008 gum
346 4940 613 4995 schedulis
655 4942 848 5010 smpius
888 4957 950 4995 ex
995 4944 1280 5015 interprete
1312 4946 1537 5017 legendo
1569 4951 1771 5005 auvlivi-

194 5046 340 5085 mus.
365 5030 465 5097 Qui
494 5032 719 5100 apostoli
752 5045 1007 5103 praecepta
1034 5037 1178 5092 Pauli
1209 5039 1499 5110 adimplere
1528 5044 1767 5110 studens,

193 5125 399 5179 virtute
432 5138 534 5178 non
564 5125 768 5179 modica
796 5124 961 5181 Deum
1005 5144 1112 5196 pra:
1141 5133 1387 5185 omnibus
1426 5142 1686 5197 metuens,
1721 5136 1769 5187 in

194 5213 384 5268 uxoris
414 5224 572 5268 castae
594 5214 807 5269 vivebat
834 5218 1039 5284 copula.
1082 5218 1128 5271 Is
1158 5219 1400 5288 equidem
1434 5237 1536 5274 non
1578 5221 1771 5275 idcirco

196 5304 386 5359 uxoris
421 5304 649 5358 intrabat
690 5305 1008 5372 cubiculum,
1040 5324 1148 5375 quo
1182 5315 1378 5377 carnis,
1412 5322 1468 5365 ut
1507 5314 1667 5369 moris
1692 5323 1772 5368 est

196 5397 583 5468 quorumdam,
632 5414 881 5454 exercere
911 5410 1127 5470 cuperet
1153 5402 1508 5469 desiderium;
1552 5405 1645 5459 sed
1694 5415 1770 5471 ut,

198 5486 649 5559 quemadmodum
703 5487 1001 5544 Satnuelem
1058 5493 1229 5554 Anna,
1286 5493 1441 5547 talem
1492 5506 1773 5557 generaret

200 5580 396 5647 ﬁlium,
444 5582 556 5649 qui,
606 5593 661 5636 ut
706 5585 973 5652 Scriptura
1026 5586 1201 5650 docet,
1237 5596 1341 5640 tota
1374 5590 1536 5643 animi
1583 5592 1774 5644 virtute

200 5674 445 5742 diligeret
476 5671 778 5729 Dominum.
829 5675 956 5729 Vota
986 5675 1215 5745 denique
1241 5680 1356 5743 ejus
1405 5678 1540 5733 Deus
1565 5695 1627 5734 ex
1665 5680 1773 5733 alto

204 5765 556 5833 prospiciens.
598 5764 731 5819 sicut
774 5765 838 5821 de
886 5765 1172 5821 beatissimi
1221 5767 1417 5822 Nicolai
1471 5770 1773 5825 reverendis

1877 4575 2058 4628 habitu
2081 4575 2215 4628 inter
2240 4574 2478 4627 homines
2500 4574 2942 4637 conversando.et
2966 4576 3181 4629 Paulum
3198 4590 3319 4632 cum
3337 4579 3442 4633 An-

1877 4666 2378 4729 tonio,etemitarutn
2400 4664 2620 4734 primos,
2646 4665 2900 4720 imitando
2930 4668 3143 4732 vixerit,
3163 4683 3257 4737 pro
3272 4671 3438 4725 nostri

1876 4765 2127 4830 parvitate
2157 4764 2351 4833 ingenii
2381 4763 2741 4817 ostendamus.
2772 4762 3060 4815 Monachus
3094 4764 3353 4831 siquidem
3387 4766 3441 4819 in

1876 4854 2201 4908 Meldunensi
2230 4855 2455 4908 ecclesia
2497 4854 2736 4916 cﬂ’ectus,
2767 4870 2923 4922 quam
2974 4855 3311 4909 Eleutherius
3360 4859 3440 4910 vir

1876 4945 2139 5014 perfectus
2181 4947 2510 5014 gubernabat
2555 4961 2651 5000 suo
2690 4946 2906 5000 studio:
2940 4947 3010 4999 ita
3052 4947 3188 5002 inter
3219 4958 3443 5005 cmteros

1875 5034 1965 5089 Dei
1998 5034 2218 5089 famulos
2268 5037 2349 5089 vir
2398 5036 2497 5089 iste
2540 5036 2999 5101 commorabatur;
3042 5044 3095 5089 ut
3139 5050 3438 5103 quanquam

1878 5127 2147 5180 hom'num
2177 5134 2413 5180 uteretur
2429 5126 2751 5193 aspectibus,
2778 5141 2987 5194 semper
3014 5139 3191 5181 mente
3215 5128 3442 5182 interes-

1874 5227 1955 5272 set
2001 5217 2202 5271 civibus
2230 5218 2556 5285 angelorum.
2602 5216 2697 5270 llic
2737 5226 2912 5270 autem
2963 5226 3221 5284 pra'cepta
3270 5228 3442 5273 trans-

1875 5309 2105 5363 cendens
2155 5308 2415 5376 regularis
2450 5347 2463 5368 ,
2525 5306 2612 5359 tali
2666 5306 2880 5359 modulo
2933 5307 3209 5374 prtcsentis
3258 5308 3437 5362 saeculi

1875 5400 2187 5471 fungebatur
2214 5401 2342 5465 vita,
2374 5398 2510 5468 quod
2559 5398 2734 5451 omnia
2765 5398 2955 5451 decora
3004 5398 3119 5453 visu
3167 5410 3220 5452 et
3259 5400 3442 5452 auditu

1875 5491 2047 5545 dulcia
2079 5489 2239 5543 corde
2285 5490 2587 5543 castissime
2631 5488 2997 5555 vilipenderet,
3037 5488 3196 5542 veluti
3247 5488 3446 5556 peritu-

1875 5597 1962 5637 ras
1992 5581 2095 5637 feni
2137 5582 2465 5651 quisquilias.
2522 5581 2825 5634 lmitabatur
2879 5580 2966 5634 hic
3019 5579 3447 5649 religiosissimus

1876 5673 2198 5728 Testamenti
2230 5672 2434 5728 Veteris
2457 5673 2777 5741 justissimos
2806 5671 3008 5737 Patres,
3031 5672 3082 5726 in
3122 5685 3215 5725 sua
3248 5687 3444 5726 unum—

1876 5780 2137 5835 quemque
2166 5765 2323 5819 animi
2355 5774 2533 5819 sancta
2566 5765 2757 5817 virtute
2787 5782 2796 5814 :
2840 5762 3097 5816 Abraham
3131 5763 3356 5831 scilicet,
3391 5762 3447 5816 in
