4214 6598
836 472 900 524 67
1643 472 1696 525 S.
1743 467 2177 527 ALDllELMUS.
2221 461 2864 519 SCHIREBURNENSIS
2908 462 3297 524 EPISCOPUS.
4038 476 4097 531 εδ

835 584 1208 651 hospitalitatis
1232 585 1525 638 rcverendo
1545 586 1990 654 sttnlio,atquein
2013 582 2407 648 perseverantia
2440 582 2487 639 Α
2518 589 2695 646 pastor
2747 595 2908 647 opere
2955 586 3277 651 competenti
3336 584 3400 638 ad
3446 584 3695 640 effectum
3744 587 4093 656 perducebat.

839 672 1173 738 cbedicntim,
1201 689 1317 741 qua:
1347 674 1605 726 bonorum
1630 690 1849 742 operum
1872 677 2104 730 creditur
2124 672 2406 743 perfectio;

836 764 1115 819 Jcremiam
1147 778 1375 831 quoque,
1411 764 1460 816 in
1506 765 1758 819 solitariis
1791 765 2069 833 degentem
2112 762 2407 825 scrobibus,

835 867 993 924 atque
1032 855 1278 909 laudabili
1336 857 1629 911 remotione
1669 872 1696 910 a
1755 868 2044 925 conspectu
2097 858 2406 917 hominum;

841 947 935 1003 Jcb
964 961 1172 1016 quoque
1202 946 1373 1000 virum
1407 963 1607 1000 summa
1639 946 1835 1001 virtute
1865 947 2209 1010 laudabilem,
2240 946 2290 999 in
2320 960 2409 1013 pa-

835 1038 1030 1094 tientia
1078 1034 1292 1092 fervore
1343 1039 1703 1092 indesinenter
1750 1040 2082 1107 assequitur.
2134 1052 2200 1093 ne
2246 1038 2296 1090 in
2346 1050 2409 1089 eo

832 1125 993 1194 (quod
1018 1126 1181 1193 absit)
1211 1128 1322 1181 ﬁeri
1358 1136 1536 1195 posset
1567 1127 1709 1198 quod
1741 1130 1932 1183 alicubi
1968 1130 2157 1197 legitur
2193 1147 2203 1179 :
2238 1145 2255 1178 t
2285 1128 2412 1181 Um-

830 1219 914 1269 nis
942 1217 1110 1270 virtus
1136 1226 1217 1271 cst
1244 1218 1420 1283 vidua,
1452 1234 1611 1288 quant
1653 1221 1805 1273 fortis
1858 1236 1962 1274 non
1996 1220 2167 1273 firmat
2201 1218 2406 1288 patien-

824 1308 934 1370 tia;
966 1325 983 1357 μ
1020 1308 1070 1359 in
1108 1308 1389 1363 charitatis
1441 1310 1653 1365 fervore
1707 1310 1893 1376 David,
1925 1310 2163 1379 belligeri
2196 1309 2406 1364 Goliatlt

827 1404 910 1456 (ut
941 1397 1103 1451 refert
1134 1398 1431 1466 Scriptura)
1466 1401 1719 1453 victorem
1753 1402 2006 1470 typicum,
2034 1417 2191 1469 quem
2233 1402 2409 1468 sequi-

821 1501 915 1539 tur
970 1487 1107 1553 istc,
1168 1490 1377 1542 invidia:
1434 1492 1737 1556 superando
1788 1492 1974 1545 vitium
2018 1510 2030 1544 :
2073 1493 2125 1545 in
2169 1493 2407 1544 castitate

824 1574 1102 1644 utriusque
1132 1579 1446 1633 substantite
1475 1579 1756 1641 Joannem,
1789 1581 2009 1633 charum
2042 1580 2253 1633 Christo
2282 1595 2409 1648 apo-

828 1665 1050 1731 stolum,
1094 1684 1247 1733 quem
1295 1680 1619 1735 cognoverat
1664 1663 2059 1737 quodammodo
2104 1672 2202 1725 hac
2248 1672 2404 1724 etiam

830 1754 1023 1818 pietate
1042 1756 1157 1822 plus
1189 1757 1306 1808 aliis
1337 1756 1511 1810 eidem
1542 1758 1764 1811 Domino
1796 1760 2207 1827 complacuisse.
2239 1760 2407 1813 Cime-

827 1860 945 1897 rum
993 1847 1041 1899 in
1087 1862 1224 1900 verte
1256 1850 1641 1916 compassionis
1674 1852 1964 1916 proposito,
2008 1864 2163 1917 quem
2196 1850 2277 1900 vir
2307 1848 2405 1900 iste

2515 669 2702 723 sedulo
2732 671 2957 738 cupiens
2986 670 3188 728 referre
3216 675 3419 729 lucrum
3452 675 3517 729 tle
3552 677 3748 731 talento
3792 681 3891 733 sibi
3922 695 3956 733 a
3993 682 4095 735 Deo

2516 760 2823 815 commisso.
2859 763 2935 815 Eo
2962 772 3197 832 tempore
3221 765 3365 820 illius
3389 769 3674 836 provincim
3699 770 3946 838 populus,
3975 788 4093 839 pcr-

2515 863 2699 902 versus
2729 865 2912 918 opere,
2963 854 3201 921 quamvis
3226 854 3468 910 subditus
3498 857 3617 911 fidei
3651 868 3868 923 nostrae,
3915 863 4094 913 eccle-

2513 941 2644 994 siam
2678 956 2783 996 non
2807 943 3196 1013 frequentabat,
3225 960 3322 1001 nec
3350 948 3684 1002 sacerdotum
3718 949 3851 1004 satis
3877 953 4091 1004 curabat

2515 1030 2795 1098 imperium
2831 1050 2842 1084 :
2876 1047 3033 1101 quem
3067 1022 3159 1089 vir.
3182 1035 3407 1091 blandus
3441 1039 3619 1092 verbis
3663 1053 3890 1093 n.0nens
3920 1040 4091 1094 suavi.

2513 1120 2633 1187 bus,
2667 1132 2719 1176 et
2749 1122 2926 1176 divina
2974 1138 3118 1191 saepe
3176 1125 3258 1193 (Ill
3308 1128 3454 1181 locus
3507 1129 3700 1197 inerat)
3750 1129 3965 1197 eloquia
4016 1147 4089 1183 rv-

2514 1222 2698 1270 texens
2723 1256 2736 1279 ,
2792 1216 3137 1271 szecularibus
3160 1217 3223 1271 ad
3255 1220 3533 1275 ecclesiam
3565 1222 3804 1276 modeste
3832 1236 4088 1276 convoca-

2516 1309 2602 1369 tis,
2651 1310 2929 1378 prreceptis
2959 1324 3053 1364 eos
3085 1310 3399 1366 fecundabat
3431 1314 3771 1367 salutaribus.
3811 1316 3925 1381 Qua
3959 1317 4009 1369 in
4038 1334 4088 1369 re

2516 1396 2793 1453 Doctorem
2826 1401 3062 1469 gentium
3095 1402 3418 1468 imitabatur,
3471 1406 3559 1470 qui
3605 1405 3830 1459 rudibus
3864 1406 3944 1459 lac
3985 1407 4085 1472 pri-

2514 1505 2655 1541 mum
2686 1491 2932 1558 praebuit,
2962 1501 3014 1545 et
3043 1501 3225 1561 postea
3252 1493 3412 1548 fortes
3440 1494 3559 1548 cibo
3582 1496 3753 1549 solido
3774 1496 3946 1563 pavit.
3980 1496 4086 1549 Una

2516 1596 2744 1649 namque
2771 1582 2975 1637 sabbati
3002 1584 3066 1637 ad
3106 1584 3345 1638 eamdem
3379 1588 3585 1649 urbem,
3617 1597 3979 1641 mercatorum
4030 1603 4085 1640 ex

2513 1674 2743 1727 diversis
2784 1676 3018 1741 partibus
3049 1677 3331 1729 multitudo
3356 1678 3780 1747 congregabatur
3812 1678 4041 1730 maxima
4073 1694 4084 1726 :

2512 1764 2595 1814 cui
2644 1773 2795 1829 pater
2845 1764 2964 1827 iste,
3016 1767 3375 1833 apostolorum
3425 1768 3678 1831 imitator,
3722 1780 3876 1821 extra
3908 1767 4087 1820 ntbcm

2512 1853 2755 1908 veniebat
2776 1855 3023 1920 obviam;
3055 1872 3116 1911 ac
3140 1874 3298 1926 super
3331 1870 3543 1927 pcatem
3575 1861 3768 1912 stando
3799 1859 3983 1912 tandiu
4014 1861 4089 1911 d3-

828 1938 1195 1990 sanctissitnus
1237 1942 1572 2004 sequebatur,
1611 1940 1708 1990 nisi
1742 1939 1910 2006 ipsum
1945 1955 2120 1991 rerum
2171 1940 2405 1991 omnium
2444 1920 2484 1976 Β
2518 1947 2635 1997 vina
2666 1945 3105 2001 subministrabat
3148 1920 3357 2016 pabula;
3387 1964 3491 2017 quo
3524 1950 3737 2017 quidam
3763 1963 3975 2011 eorum,
4004 1963 4090 2014 per

825 2029 1101 2089 factorem,
1135 2029 1220 2095 qui
1281 2044 1374 2095 pro
1428 2030 1584 2082 totius
1641 2032 1852 2097 generis
1910 2032 2125 2083 humani
2187 2032 2403 2095 delicto,

823 2131 1017 2169 amara:
1049 2118 1232 2170 mortis
1263 2118 1493 2186 gustavit
1529 2120 1769 2185 poculum
1813 2120 1876 2171 ad
1914 2129 2119 2188 tempus
2140 2120 2277 2173 '!lsta
2312 2123 2410 2174 sub

824 2207 1105 2271 brevitate,
1140 2225 1241 2261 non
1275 2210 1337 2263 ad
1373 2210 1639 2263 fastidium
1672 2212 1928 2279 alicujus,
1963 2213 2055 2265 sed
2084 2213 2147 2264 ad
2178 2214 2408 2265 :mlificn-

827 2298 1023 2351 tionem
1055 2299 1173 2352 ideo
1206 2300 1275 2351 ita
1320 2302 1750 2361 transcurrimus,
1796 2302 1940 2365 qttia,
1980 2313 2164 2353 sattClo
2192 2302 2407 2368 jnvante

824 2390 1045 2458 Spiritu,
1089 2390 1154 2442 atl
1190 2390 1291 2443 alia
1322 2390 1507 2455 multa,
1544 2390 1636 2444 scd
1666 2402 1837 2445 tamen
1872 2393 2109 2460 ejusdem
2143 2394 2240 2446 viri
2273 2395 2405 2446 facta

822 2482 1083 2534 narranda
1112 2482 1291 2534 venire
1318 2480 1669 2548 disponimus.

898 2574 986 2625 \‘ir
1012 2588 1237 2641 namque
1264 2576 1483 2627 omnino
1515 2573 1727 2629 Christo
1759 2574 1987 2635 deditus,
2024 2575 2124 2628 hoc
2155 2575 2256 2629 sibi
2285 2593 2403 2630 cum

820 2666 1029 2718 cmtcris
1059 2675 1412 2732 spontaneum
1447 2664 1709 2718 inferebat
1758 2666 2089 2733 martyrium,
2145 2677 2405 2734 quatenus

820 2756 1140 2810 immensum
1176 2757 1500 2825 triumphttm
1533 2756 1635 2810 sibi
1670 2757 1967 2825 acquireret
2010 2772 2071 2811 cx
2126 2757 2279 2812 hoste
2309 2776 2405 2813 ne-

819 2848 1126 2916 quissimo;
1172 2849 1213 2901 si
1270 2851 1478 2915 quando
1533 2849 1810 2902 mstuantis
1868 2848 2133 2903 incentiva
2185 2852 2403 2904 sentit-et

820 2939 1075 3002 libidinis,
1105 2950 1342 2992 armatus
1388 2949 1499 2993 toto
1540 2953 1765 3007 corpore
1802 2938 2197 3009 inexpugnabili
2241 2942 2400 2995 lorica

821 3032 966 3095 fidei,
996 3040 1049 3086 et
1070 3041 1227 3100 caput
1256 3042 1472 3085 ornatus
1494 3032 1645 3101 galea
1667 3032 1909 3100 justitiae,
1933 3047 2080 3100 spem
2107 3033 2401 3087 accendens

820 3124 1028 3177 fervore
1066 3120 1304 3176 cmlesds
1354 3120 1558 3189 glorim,
1609 3122 1765 3174 talem
1805 3121 2110 3190 imponebat
2149 3138 2402 3176 verecun-

819 3214 958 3269 diam
987 3214 1219 3281 Spiritui,
1254 3213 1484 3266 carnalis
1526 3213 1775 3281 nequitim
1807 3212 2249 3267 administratori.
2288 3213 2403 3267 Vir-

819 3306 995 3372 ginem
1029 3303 1309 3371 siquidem,
1359 3302 1650 3355 sccundum
1692 3301 1939 3369 peritura:
1985 3302 2161 3355 carnis
2191 3301 2393 3371 spurci-

823 3397 948 3446 tiam
998 3392 1284 3446 admodum
1335 3392 1651 3459 pulchram,
1701 3392 1750 3444 itt
1795 3404 1893 3444 suo
1942 3390 2063 3445 fecit
2105 3390 2405 3445 castissima

821 3496 988 3539 stratu
1021 3484 1202 3536 tantliu
1230 3497 1406 3536 secum
1439 3482 1738 3549 quiescere,
1764 3480 1935 3534 donec
1967 3481 2017 3533 itt
2062 3480 2254 3535 caelum
2297 3484 2405 3550 spi-

823 3577 925 3630 ritu
951 3577 1153 3629 intento
1184 3582 1347 3628 totum
1382 3573 1699 3626 Psalterium
1726 3571 1928 3627 diceret
1957 3586 2021 3626 ex
2053 3571 2278 3638 ordine;
2311 3587 2408 3627 nec

822 3668 898 3721 sic
925 3667 971 3721 ei
1005 3666 1055 3719 in
1102 3664 1279 3733 aliquo
1310 3673 1517 3733 poterat
1559 3664 1820 3733 malignus
1858 3664 2079 3730 spiritus
2125 3663 2406 3719 obsistere.

827 3758 1267 3826 Ovirttntdongc
1298 3755 1639 3821 laudabilem,
1690 3757 1778 3822 qui
1827 3756 2100 3809 aestuantis
2148 3754 2406 3821 barathri,

823 3850 922 3903 etsi
972 3850 1269 3913 interesset,
1330 3848 1628 3902 nullatenus
1683 3846 1853 3901 sensit
1901 3847 2253 3915 voraginem!
2314 3845 2414 3900 llic

827 3954 1057 4009 namque
1084 3939 1214 3994 illud
1246 3947 1326 3993 est
1355 3936 1669 3993 honorabile
1692 3937 1913 4006 lignum,
1944 3936 2010 3991 de
2038 3952 2143 4006 quo
2174 3935 2405 3991 Salomo-

826 4040 909 4091 nis
928 4038 1087 4092 verba
1110 4044 1397 4098 testantur,
1415 4032 1557 4103 quia,
1585 4046 1739 4088 secus
1764 4046 2016 4100 aquarum
2042 4030 2234 4087 ﬂuenta
2262 4032 2412 4097 plan-

827 4137 1015 4191 tatum,
1035 4127 1098 4179 ad
1123 4127 1292 4180 sancti
1315 4124 1543 4192 Spiritus
1560 4123 1837 4178 humorem
1862 4122 2082 4191 protulit
2103 4120 2411 4175 indeiicien-

826 4227 931 4272 tem
960 4216 1214 4282 radicem,
1240 4216 1519 4270 coucivcm
1549 4214 1758 4269 scilicet
1784 4213 2096 4283 angelorum
2130 4212 2407 4282 virginita-

825 4318 954 4373 tem,
985 4316 1038 4363 et
1080 4322 1187 4361 non
1234 4305 1422 4360 metuit
1456 4303 1692 4358 exterius
1731 4314 1916 4357 aestum
1948 4302 2017 4356 ab
2059 4302 2271 4357 inimico
2312 4301 2410 4355 sibi

826 4398 1049 4462 illatum,
1089 4399 1212 4466 quia
1244 4394 1566 4450 intrinsecus
1594 4395 1776 4449 divino
1808 4408 1930 4449 rore
1974 4390 2148 4447 fuerat
2176 4392 2413 4461 plenarie

826 4491 1118 4561 irrigatum.
1148 4489 1249 4544 .llic
1276 4488 1432 4543 etiam
1478 4497 1561 4541 εει
1606 4486 1687 4539 vir
1729 4484 1819 4540 ille
1861 4483 2189 4553 magnificus,
2221 4482 2285 4536 de
2310 4499 2413 4551 quo

2514 2035 2651 2087 servi
2696 2037 2774 2089 sui
2821 2051 2954 2104 opus
2999 2036 3176 2091 divina
3206 2039 3529 2093 concedente
3554 2041 3741 2108 gratia,
3775 2054 3873 2107 pro
3904 2038 4091 2107 quibus

2514 2138 2768 2181 venerant
2820 2128 3181 2196 relinquentes
3228 2129 3291 2182 ad
3346 2140 3549 2195 tempus
3601 2130 3972 2191 mercimonia,
4026 2129 4087 2179 ad

2512 2225 2817 2270 sanctorum
2866 2218 3007 2272 hunc
3062 2231 3252 2286 sponte
3299 2220 3656 2287 sequebantur
3682 2231 3867 2272 sancta
3899 2218 4087 2280 ovilia;

2512 2307 2696 2373 sicque
2724 2309 2772 2359 in
2803 2308 3026 2361 ecclesia
3056 2310 3411 2377 persistcndo,
3445 2322 3624 2363 sancta
3656 2320 3972 2363 reverenter
4000 2324 4081 2359 au-

2511 2396 2814 2451 scultabunt
2842 2397 3013 2451 officia
3043 2416 3053 2449 :
3100 2410 3217 2466 post
3266 2401 3399 2463 ha'c,
3427 2410 3640 2466 peracto
3667 2416 3760 2468 pro
3790 2416 3898 2463 quo
3927 2415 4087 2451 ven-:-

2511 2496 2630 2538 rant
2671 2489 2900 2553 negotio,
2938 2489 3263 2557 repedabant
3293 2488 3359 2544 ad
3390 2490 3625 2558 propria,
3654 2490 3934 2542 animabus
3983 2489 4089 2541 suis

2510 2576 2686 2631 divino
2714 2580 2859 2647 prius
2884 2580 3064 2634 officio
3089 2582 3367 2649 saginatis.

3130 2669 3355 2725 CAPUT
3397 2670 3459 2723 ll.

2706 2763 2831 2813 Acta
2869 2760 3046 2815 Roma:
3078 2779 3095 2815 :
3137 2763 3250 2815 libri
3287 2762 3349 2814 ab
3388 2763 3658 2814 Aldhelmo
3697 2762 3891 2828 scripti.

2580 2850 2730 2904 llnnc
2757 2862 2933 2904 autem
2962 2851 3014 2904 in
3046 2861 3187 2905 tanta
3220 2852 3592 2920 persistentem
3615 2850 3737 2903 boni
3761 2851 3940 2917 operis
3970 2864 4089 2917 per-

2507 2940 2829 3006 severantia,
2873 2940 3180 3006 apostolica:
3213 2940 3356 2994 sedis
3396 2954 3634 2993 summus
3662 2938 3924 3007 pontifex,
3977 2953 4091 2991 ma-

2506 3045 2624 3100 gna:
2655 3030 2952 3085 sanctitatis
2971 3031 3050 3085 vir
3071 3031 3308 3101 Sergius,
3335 3033 3625 3096 asciverat;
3655 3032 3778 3099 quia
3806 3032 3904 3084 etsi
3938 3031 4089 3099 longe

2508 3121 2734 3189 poritum
2774 3121 2946 3189 ampla
2992 3129 3255 3176 terrarum
3300 3122 3491 3191 spatia,
3534 3120 3795 3190 scopulosi
3846 3128 4085 3179 montes.

2507 3213 2770 3267 scabrosa:
2797 3213 2961 3267 valles
2987 3223 3301 3282 separarent
3350 3224 3405 3269 et
3449 3228 3682 3284 aequora,
3737 3212 3853 3266 hac
3911 3222 4086 3266 tamen

2506 3319 2625 3374 quae.
2651 3304 2891 3369 dicimus,
2922 3314 2976 3359 et
3011 3304 3177 3360 multa
3204 3319 3319 3374 qua:
3348 3305 3494 3372 lapsa
3543 3318 3572 3357 a
3618 3303 3873 3358 memoria
3920 3305 4089 3373 stylus

2509 3409 2611 3446 non
2663 3394 2952 3462 perarabit,
2984 3392 3051 3448 de
3102 3406 3168 3449 eo
3210 3407 3447 3462 μετεωρο
3480 3392 3743 3447 audierat.
3798 3391 3918 3446 Ilo:
3965 3406 4090 3446 vero

2508 3496 2561 3537 ttt
2582 3483 2811 3539 Sanctus
2841 3487 2970 3537 tanti
3000 3483 3163 3552 patris
3188 3482 3545 3551 Romanaeque
3572 3483 3731 3536 curia:
3762 3482 3967 3535 monita
3998 3496 4087 3534 au-

2510 3573 2660 3639 divit,
2695 3574 2797 3629 iter
2817 3573 3064 3642 arripuit,
3096 3573 3336 3644 quamvis
3361 3572 3608 3638 arduum,
3642 3572 3843 3641 ingenti
3874 3572 4087 3640 quidem

2509 3665 2738 3720 refertus
2784 3665 2990 3730 laetitia,
3039 3664 3161 3734 quia
3192 3664 3455 3719 successit
3496 3663 3544 3718 ei
3587 3676 3744 3717 causa
3793 3661 4088 3731 principum

2511 3755 2888 3823 Apostolorum
2933 3755 3114 3811 videre
3156 3754 3247 3809 diu
3293 3753 3594 3809 desiderata
3625 3750 3855 3817 limina;
3908 3754 4090 3807 dolens

2512 3862 2663 3910 vero,
2714 3846 2855 3915 quod
2890 3846 2971 3900 vel
3002 3846 3068 3900 ad
3117 3856 3325 3915 tempus
3365 3859 3624 3916 corporeo
3672 3845 3910 3900 termino
3954 3854 4088 3899 tanta

2513 3936 2848 4006 relinquebat
2875 3935 3103 3991 fratrum
3147 3936 3437 3992 consortia.
3486 3935 3554 3991 Ut
3581 3947 3756 3991 autem
3780 3936 3863 3989 vir
3902 3937 4090 4003 pretio-

2514 4026 2760 4081 sissimus
2785 4025 3009 4081 Romam
3037 4027 3200 4092 venit,
3231 4025 3564 4081 lmlabundus
3593 4040 3688 4094 pro
3717 4037 3936 4095 peracta
3971 4028 4088 4080 obe-

2514 4116 2734 4186 dientia,
2792 4118 2908 4171 sine
2947 4133 3046 4186 qua
3092 4116 3423 4187 impossibile
3463 4124 3546 4171 est
3591 4115 3818 4184 alicujus
3864 4116 4087 4169 animam

2515 4221 2744 4275 unquam
2776 4220 2936 4274 posse
2980 4206 3195 4274 salvari,
3227 4205 3510 4275 apostolici
3542 4204 3640 4259 viri
3672 4203 3970 4259 honorifice
4012 4219 4088 4258 re-

2515 4306 2701 4366 ceptus
2729 4296 3015 4366 colloquio,
3050 4304 3104 4350 et
3132 4310 3229 4365 pro
3258 4295 3396 4351 velle
3425 4294 3477 4350 in
3519 4294 3765 4349 omnibus
3796 4294 3943 4348 illius
3972 4307 4088 4363 pro-

2516 4398 2633 4457 pter
2682 4389 3065 4444 inhabitantem
3121 4388 3340 4457 gratiam
3392 4386 3484 4441 Dei
3540 4400 3666 4441 usus
3721 4384 4089 4448 contubernio,

2519 4483 2781 4538 beneficio
2840 4484 3037 4537 nostris
3080 4482 3410 4550 temporibus
3459 4480 3695 4535 inaudito
3740 4478 4025 4533 decoratur
4062 4494 4089 4531 a

824 4580 1093 4650 Scriptura
1123 4579 1255 4634 dicit
1288 4596 1303 4633 :
1340 4577 1528 4633 Beatus
1548 4577 1699 4630 homo
1727 4577 1814 4646 qui
1841 4591 2041 4642 semper
2070 4584 2142 4627 est
2169 4573 2401 4643 pavidus.
2437 4600 2486 4661 υ
2519 4574 2650 4638 Deo,
2686 4574 2771 4628 cui
2800 4588 2858 4629 se
2896 4573 3087 4628 devote
3118 4572 3377 4638 dederat;
3404 4586 3511 4642 quo
3537 4570 3705 4641 magis
3725 4587 3753 4625 a
3778 4581 3931 4627 tanto
3968 4586 4091 4639 pou:

827 4673 919 4729 ille
938 4687 1064 4727 vero
1092 4679 1360 4741 prmcepta
1394 4678 1610 4725 secutus
1632 4668 1831 4731 divina,
1869 4666 2078 4720 lumbos
2101 4680 2226 4718 suos
2249 4664 2408 4717 casti-

826 4775 935 4822 tate
962 4764 1350 4832 circumligavit
1378 4762 1592 4823 eximia,
1629 4771 1813 4814 tcnens
1872 4759 2122 4811 ardentes
2169 4757 2409 4810 lucernas

826 4857 877 4910 in
902 4855 1169 4920 manibus,
1200 4853 1489 4906 intraturus
1529 4865 1648 4905 cum
1676 4848 1885 4917 Sponso
1919 4847 1985 4901 ad
2020 4848 2229 4915 nuptias
2258 4845 2411 4914 spiri-

824 4946 995 4999 ttales
1022 4952 1182 5012 atque
1211 4941 1478 4995 cmlestes.

899 5036 1065 5102 Quem
1096 5030 1438 5089 Eleutlterius
1467 5029 1687 5082 antistes
1729 5025 2009 5079 laudabilis
2034 5024 2141 5077 vita
2170 5033 2223 5079 et
2253 5024 2415 5077 mori-

828 5130 946 5195 bus,
980 5127 1131 5197 cujus
1157 5124 1281 5180 facit
1310 5124 1637 5179 mentionem
1672 5120 1810 5175 Beda
1833 5118 2153 5174 venerabilis
2195 5119 2410 5189 presby-

829 5229 913 5275 ter
954 5220 1006 5273 in
1037 5217 1329 5286 Anglorum
1361 5214 1587 5269 Historia
1616 5213 2002 5278 ecclesiastica,
2038 5211 2253 5281 dignum
2285 5225 2405 5264 eon-

829 5312 1072 5363 siderans
1100 5305 1416 5361 sacerdotali
1448 5303 1647 5365 officio.
1674 5310 1728 5356 et
1749 5316 1844 5371 per
1868 5315 1925 5356 se
1946 5300 2182 5371 rogando
2205 5309 2258 5355 et
2283 5300 2414 5354 alios

837 5400 935 5455 [ide
967 5398 1254 5454 catholicos
1291 5396 1570 5459 hortando,
1604 5395 1670 5448 ad
1707 5401 1907 5447 tantum
1931 5394 2173 5448 ordinem
2203 5408 2417 5462 promo-

840 5493 931 5546 vit.
961 5490 1016 5543 in
1049 5503 1155 5557 quo
1177 5488 1259 5541 vir
1305 5488 1396 5541 Dei
1445 5484 1751 5555 aliquandiu
1781 5485 2034 5538 victitans
2075 5484 2412 5555 irrepreben-

844 5580 1064 5635 sibiliter
1097 5578 1416 5643 ministerio,
1448 5578 1513 5630 ab
1542 5577 1729 5631 eodem
1774 5575 2001 5645 praesule
2049 5582 2198 5643 pater
2233 5589 2416 5629 mona-

846 5669 1063 5723 chorum
1122 5670 1318 5724 meruit
1369 5669 1619 5723 constitui
1677 5670 1730 5722 in
1783 5669 2037 5738 praedicto
2085 5667 2415 5724 Meldunensi

844 5761 1105 5816 cmttobio.
1148 5761 1355 5829 Quibus
1402 5775 1505 5815 non
1546 5773 1733 5831 Sponte
1780 5763 2118 5831 pratpositus,
2159 5762 2414 5831 quidquid

846 5850 1057 5910 assidue
1085 5854 1308 5911 docebat
1341 5854 1561 5925 pollenti
1590 5853 1820 5924 eloquio,
1869 5865 2034 5911 totum
2069 5857 2217 5924 quasi
2248 5858 2414 5910 bonus

2517 4665 2657 4718 tiiice
2702 4665 2954 4733 omnique
2986 4661 3180 4733 populo
3210 4670 3574 4718 veneraretur.
3607 4660 3701 4715 Vir
3746 4662 3949 4731 quippe
3987 4660 4077 4714 tau.

2515 4755 2704 4810 dabilis
2751 4769 2956 4821 secum,
3002 4769 3319 4825 quocunque
3368 4755 3497 4820 ibat,
3546 4764 3601 4809 ut
3648 4754 3971 4823 adimpleret
3997 4754 4087 4807 sibi

2514 4849 2799 4902 commissa
2839 4847 3035 4911 officia,
3069 4846 3377 4901 vestimenta
3426 4845 3769 4902 sacerdotalia
3800 4847 4088 4903 deferebat.

2515 4937 2719 5004 Quibus
2750 4938 2801 4992 in
2835 4936 3180 4991 Lateranensi
3224 4943 3285 4990 ut
3322 4945 3654 4991 sacramenta
3685 4934 3906 4991 offerret
3953 4953 4092 5006 pres-

2515 5028 2724 5098 byterio
2747 5028 2985 5091 indutus,
3028 5027 3354 5093 subsequens
3381 5027 3689 5082 miraculum
3719 5036 3995 5081 ostensum
4017 5039 4092 5080 est

2515 5117 2783 5174 omnibus.
2811 5116 2963 5173 Juste
2990 5126 3042 5171 et
3071 5118 3158 5186 pie
3185 5125 3403 5186 peracto
3431 5118 3606 5172 missa:
3632 5116 3835 5182 officio,
3881 5117 4090 5172 eodem~

2517 5223 2619 5278 que
2650 5208 2910 5263 ministris
2940 5211 3053 5262 suis
3081 5209 3388 5278 porrigente
3436 5208 3692 5272 casulam,
3736 5208 4083 5263 indubitantet

2517 5299 2589 5355 ibi
2615 5299 2932 5368 prasidi-nte
2956 5298 3149 5353 divina.-
3176 5298 3469 5368 maiestatis
3498 5297 3752 5368 potentia,
3784 5298 3857 5351 ita
3882 5299 4090 5353 firmiter

2519 5401 2573 5446 ct
2596 5401 2904 5445 constanter
2925 5390 3057 5444 solis
3082 5388 3235 5444 radio
3266 5388 3536 5459 pependit,
3563 5404 3624 5443 ac
3657 5390 3701 5443 si
3727 5388 3955 5459 alicujus
3976 5389 4093 5443 sofi-

2516 5482 2601 5536 da:
2628 5481 2870 5537 materiei
2910 5490 3299 5535 sustentaretur
3320 5480 3641 5534 adminiculo
3667 5497 3678 5531 :
3704 5479 3819 5534 lucc
3845 5490 4021 5533 autem
4044 5480 4090 5531 iu

2517 5572 2849 5629 Meldunensi
2878 5572 3135 5626 hactenus
3164 5570 3387 5626 habetur
3418 5569 3662 5630 ecclesia.
3692 5570 3742 5622 in
3774 5570 4088 5626 sanctitatis.

2520 5675 2576 5721 ut
2619 5666 2791 5729 decet,
2845 5678 3030 5732 magna
3084 5662 3401 5718 reverentia.
3454 5661 3497 5714 Ο
3526 5675 3648 5715 vere
3695 5674 3892 5713 novum
3928 5661 4090 5727 tnagni

2521 5759 2651 5813 Elia:
2682 5756 3016 5828 prodigium!
3073 5752 3245 5823 Illum,
3286 5753 3548 5822 discipulo
3575 5761 3850 5818 cernente,
3897 5754 3961 5805 ad
3991 5766 4093 5806 εαξη

2526 5851 2635 5907 lum
2667 5863 2854 5905 currus
2885 5847 3080 5905 levavit
3110 5845 3324 5916 igneus;
3380 5843 3525 5910 huic,
3554 5842 3733 5899 multis
3758 5841 4087 5903 mirantibus,
