4214 6528
200 439 262 493 69
1177 431 1326 486 νιτΑ
1371 430 1427 486 S.
1475 427 1826 482 ALDllELMl
1872 428 2144 481 FARICIU
2187 427 2532 483 AUCTORE.
3394 434 3460 487 7tt

201 553 248 603 in
282 547 516 604 Rortnrna
550 550 681 603 urbe
707 546 833 600 solis
860 545 1075 599 servivit
1111 544 1318 606 radius;
1364 542 1451 595 ille
1484 541 1536 593 itr
1569 548 1769 593 remota
1800 543 1844 599 Α
1878 539 1927 589 in
1985 539 2183 590 honore
2227 540 2393 591 Sullcli
2439 538 2656 591 Joannis
2706 540 2977 592 Conditum
3033 556 3195 609 super
3240 542 3451 596 ﬁuviunr

197 644 315 698 εαξιί
349 652 497 710 parte
540 641 688 695 claro
728 640 981 693 devectus
1024 646 1107 691 est
1147 637 1379 698 lumine,
1424 632 1573 686 istius
1620 632 1774 683 indu-

197 742 370 787 menta
401 732 694 785 sacerdotis
724 731 774 782 in
805 729 968 782 simili
1003 726 1301 794 pependere
1330 726 1616 775 elemento.
1672 719 1777 773 Sed

193 826 333 879 absit.
381 831 436 875 ut
476 822 633 875 istur’n
663 829 852 874 sancto
883 820 1273 887 mquiparemus
1305 815 1465 868 [Ξιίωέ
1512 814 1598 867 ille
1635 812 1774 865 cnim

198 919 454 985 propheta
480 915 792 983 magniﬁcus
822 913 996 966 adhuc
1027 911 1176 973 vivit,
1232 924 1335 976 quo
1372 917 1557 961 contra
1608 905 1773 958 ﬁlium

195 1006 485 1075 iniquitatis
502 1005 736 1068 dimicet,
758 1006 882 1071 quin
901 1004 1061 1057 etiam
1088 1000 1363 1055 moriendo
1381 1010 1429 1052 et
1450 996 1774 1065 resurgendo

193 1096 429 1149 divinum
455 1096 719 1165 prmcedat
738 1095 1026 1161 judicium;
1066 1093 1149 1145 hic
1168 1107 1298 1144 vero
1320 1100 1535 1144 sumtus
1564 1089 1774 1143 confes-

192 1202 299 1252 sor,
334 1188 401 1241 de
433 1197 683 1256 percepto
716 1186 934 1253 praemio
964 1194 1086 1237 ante
1114 1183 1204 1236 Dei
1238 1181 1466 1234 tribunal
1488 1191 1657 1233 exstat
1681 1182 1772 1232 la:-

195 1280 450 1343 tiSsimus,
483 1278 570 1331 ubi
612 1294 701 1330 sua
734 1280 928 1345 pict.rtc
960 1273 1251 1328 intercedat
1279 1289 1373 1342 pro
1403 1272 1610 1326 cunctis
1642 1271 1773 1323 ﬁde-

194 1370 328 1423 libus
358 1388 367 1421 :
402 1380 790 1431 verumtamen,
821 1382 1123 1435 quanquam
1159 1365 1354 1431 diSpari
1380 1363 1593 1424 merito,
1623 1363 1666 1414 si
1698 1362 1773 1413 las

192 1472 272 1515 est
296 1463 476 1516 dicere
506 1476 713 1526 verum,
748 1460 905 1511 ambo
932 1458 1085 1511 valde
1116 1459 1359 1525 placrvere
1394 1456 1521 1508 Deo.

262 1553 388 1605 Post
421 1553 534 1606 lucc
562 1562 748 1606 sancto
775 1550 888 1602 viro
930 1550 1065 1616 apud
1115 1547 1421 1616 praedictum
1466 1560 1651 1613 papam
1683 1545 1770 1597 ditt

193 1656 456 1707 morante,
485 1644 666 1698 divino
691 1644 964 1712 ingerente
995 1641 1218 1707 Spirrtrr,
1249 1646 1463 1707 rogatus
1486 1646 1567 1689 est
1590 1636 1653 1688 ab
1683 1651 1767 1698 eo,

192 1745 247 1787 ut
277 1734 555 1801 quemdam
588 1735 877 1801 baptizaret
908 1748 1125 1801 prrcruru
1156 1749 1168 1795 ;
1206 1732 1270 1784 de
1292 1730 1442 1796 crrjrrs
1472 1728 1649 1795 utique
1676 1742 1770 1794 ge-

192 1824 363 1877 nitore
412 1824 461 1877 in
511 1825 704 1892 popqu
742 1823 940 1890 absque
980 1820 1257 1876 evidentia:
1300 1834 1457 1871 causa
1500 1818 1631 1869 satis
1674 1816 1769 1869 du-

1880 629 1966 695 qui
1997 629 2192 681 dicitur
2216 629 2396 694 From,
2423 630 2489 679 ab
2520 630 2660 680 ornni
2694 632 2934 683 sier-ulmi
2967 632 3182 683 servitio
3213 632 3457 685 redderet

1878 719 2116 772 absoluta
2138 757 2153 781 ,
2184 720 2661 788 episc0porumque
2687 721 2952 774 cathedris
2972 766 2985 786 ,
3030 721 3217 774 ordine
3235 762 3248 783 ,
3297 723 3457 788 jussis

1876 820 1927 862 et
1957 811 2193 878 synodis.
2225 811 2308 873 lit,
2333 812 2374 862 si
2403 811 2616 877 quando
2643 812 2820 878 aliquo
2847 814 3034 867 ordine
3064 813 3452 878 ecclesiastico,

1876 902 1953 953 vel
1979 904 2135 953 etiam
2170 901 2465 969 indigerent
2499 904 2832 971 presbytero,
2859 920 2888 956 a
2912 921 3229 976 quocunque
3260 909 3454 961 vellent

1877 990 2019 1042 illum
2067 988 2304 1044 lacerent
2348 992 2607 1053 ordinari,
2658 994 2925 1047 catholico
2968 1004 3143 1049 tamen
3189 998 3454 1051 existente

1875 1081 2126 1146 episcopo
2153 1098 2167 1145 ;
2201 1082 2242 1133 si
2264 1093 2438 1134 autem
2472 1083 2775 1149 religiosum
2804 1084 3049 1137 abbatem
3082 1086 3227 1139 obire
3247 1090 3427 1140 cantio

1875 1179 2044 1236 geret,
2071 1178 2126 1223 et
2153 1170 2214 1222 ad
2247 1171 2465 1224 alterius
2504 1174 2822 1225 electionem
2854 1184 3067 1228 ventum
3093 1186 3273 1240 esset,
3308 1176 3453 1229 illrun

1875 1275 2032 1326 quem
2088 1262 2333 1330 religiosa
2387 1264 2731 1332 congregatio
2773 1279 3045 1317 servorum
3096 1266 3186 1319 Dei
3234 1266 3454 1334 eligeret

1875 1352 2109 1405 omnium
2143 1357 2407 1406 cornrrrrrni
2440 1357 2662 1408 con~ilio
2685 1401 2698 1421 ,
2743 1357 2882 1410 hunc
2922 1374 2951 1410 e
2984 1361 3202 1427 vestigio
3238 1375 3451 1425 promo-

1877 1446 2129 1496 vendurn.
2161 1444 2276 1497 Jarn
2308 1455 2430 1496 tunc
2462 1446 2600 1497 enim
2626 1448 2844 1500 ambitio
2867 1448 3248 1502 monachorum
3282 1452 3437 1503 inole-

1878 1546 2020 1587 verat
2052 1551 2061 1584 :
2093 1533 2193 1602 jam
2240 1551 2341 1588 non
2397 1546 2453 1587 ut
2501 1546 2679 1602 pastor
2722 1550 2813 1603 per
2856 1541 3070 1602 ostium,
3124 1539 3215 1590 sed
3268 1548 3325 1591 ut
3366 1540 3440 1591 l'ur

1873 1625 2086 1677 aliunde
2112 1626 2318 1679 Vl'leJl
2352 1629 2717 1680 mercenarius
2744 1629 2941 1681 intrare
2961 1670 2975 1691 ,
3010 1628 3235 1698 ideoque
3260 1631 3452 1684 divinat

1876 1715 1951 1768 rei
1985 1720 2226 1784 provisor
2255 1718 2348 1769 ista
2376 1720 2642 1785 poscebat.
2677 1720 2803 1781 Qum
2838 1729 3010 1773 tamen
3043 1720 3450 1775 inhabitantium

1875 1807 2012 1860 vitiis
2045 1819 2097 1859 et
2132 1810 2418 1861 ambitione
2449 1809 2795 1876 quorumdam
2836 1811 3010 1861 omnia
3044 1819 3238 1863 mutata
3270 1812 3444 1864 viden-

193 1915 331 1967 bium
376 1917 579 1983 :quia,
628 1924 685 1966 ut
732 1917 893 1965 moris
939 1923 1017 1964 est
1072 1913 1181 1963 l'erc
1226 1910 1459 1962 omnium
1506 1907 1761 1977 gentinrn,

1879 1907 1961 1948 tor
1985 1914 1998 1961 ;
2025 1914 2142 1949 nam
2174 1896 2241 1949 ad
2277 1898 2495 1949 nihilum
2529 1913 2662 1963 pene
2692 1898 2905 1951 redacta
2935 1899 3189 1966 religione
3210 1940 3224 1963 ,
3256 1902 3450 1967 spretis

192 2008 339 2074 plebs
364 2005 709 2073 rumigernla,
737 2006 874 2058 hunc
897 2004 1144 2071 genuisse
1166 2001 1515 2069 apostolicum
1539 2002 1765 2052 aestima-

191 2103 297 2154 bat.
333 2102 490 2154 Falso
528 2100 665 2153 enim
714 2115 841 2165 gens
883 2102 1043 2152 inscia
1081 2100 1178 2149 hoc
1221 2099 1289 2151 de
1340 2107 1485 2149 tanto
1531 2098 1766 2149 antistite

189 2192 535 2260 Opinabatur,
577 2190 697 2258 quia
729 2205 821 2257 per
855 2190 977 2241 vita:
1011 2189 1252 2240 meritum
1298 2188 1346 2238 irt
1384 2186 1622 2255 registris
1657 2186 1767 2239 suis

188 2285 412 2352 aliisque
451 2282 743 2349 Scriptura:
786 2280 917 2332 locis
960 2280 1039 2331 vir
1088 2279 1405 2346 apostolicus
1439 2277 1761 2330 declaratur.

187 2376 352 2445 Cujus
399 2378 564 2442 patris
603 2373 964 2426 voluntatibus
1001 2380 1217 2424 sanctus
1260 2370 1570 2423 Aldhelmus
1600 2368 1765 2420 obse-

188 2470 448 2529 eundans,
484 2482 672 2534 puero,
712 2463 939 2517 nonnisi
974 2477 1161 2515 novent
1192 2461 1395 2513 dierum
1426 2460 1677 2525 Spatium,
1713 2466 1767 2509 ut

188 2559 499 2625 perhibetur
523 2598 539 2623 ,
580 2563 796 2625 gerente
823 2597 835 2618 ,
865 2552 1096 2607 ﬁdeliora
1126 2570 1271 2605 more
1296 2553 1346 2604 in
1372 2550 1593 2604 eccle~ia
1625 2558 1767 2602 cate-

188 2656 418 2719 chizato,
440 2668 620 2707 coram
653 2652 950 2704 astantibus
977 2650 1145 2703 turbis
1175 2648 1429 2714 prmccpit
1454 2647 1687 2704 r'diCCtC,
1719 2642 1763 2696 si

189 2756 339 2814 pater
367 2744 482 2813 cjus
510 2754 654 2796 esset
681 2744 724 2796 is
751 2744 837 2810 qui
868 2740 1025 2809 vulgo
1055 2739 1348 2792 dicebatur.
1388 2737 1527 2789 lllico
1553 2737 1722 2786 in‘ans
1749 2774 1762 2794 ,

189 2847 493 2901 quanquam
521 2832 738 2885 nimiurrr
765 2830 1036 2900 parvulus,
1068 2830 1285 2882 remotis
1310 2835 1493 2879 contra
1522 2836 1763 2877 naturam

191 2926 388 2995 linguze
416 2923 846 2978 obstrusionibus
871 2962 886 2987 ,
920 2922 1044 2975 fecit
1071 2919 1211 2988 quod
1240 2920 1403 2973 abbas
1429 2918 1515 2972 ille
1539 2918 1768 2985 jusscrat

186 3016 581 3069 sanctissiruus.
617 3013 907 3067 Locutione
935 3014 1078 3066 enim
1101 3012 1198 3065 sibi
1227 3010 1474 3062 divinitus
1498 3009 1614 3062 :lata
1636 3051 1648 3071 ,
1683 3022 1767 3059 sa-

188 3108 365 3176 tisque
397 3105 738 3175 intelligibili,
771 3103 998 3157 ostendit
1029 3103 1276 3157 omnibus
1310 3116 1417 3153 non
1449 3116 1505 3153 se
1535 3116 1653 3152 esse
1679 3114 1767 3169 ge-

188 3201 359 3254 nitum
387 3200 528 3253 illius
566 3213 725 3267 opere
747 3240 759 3261 ,
793 3213 946 3267 quem
974 3212 1140 3250 vanus
1173 3196 1223 3249 in
1252 3195 1353 3248 hoc
1383 3195 1645 3248 referebat
1676 3208 1767 3262 po-

190 3292 365 3357 pulus.
389 3289 577 3343 Mirum
604 3290 795 3358 quippe
819 3304 1151 3353 nequaquam
1175 3296 1276 3353 est,
1296 3288 1417 3353 quia
1435 3286 1667 3338 novitate
1692 3299 1771 3336 ca-

188 3393 268 3436 ret
294 3401 305 3434 :
332 3382 422 3436 ille
445 3398 670 3451 namque
692 3383 780 3451 qui
814 3382 978 3435 asina:
1001 3381 1282 3434 ruditatem
1308 3381 1538 3432 humano
1563 3379 1771 3447 eloquio

188 3472 315 3528 fecit
349 3476 596 3541 peritam,
642 3474 780 3526 idenr
819 3475 933 3541 ipse
974 3473 1127 3525 istius
1162 3472 1394 3540 linguam
1437 3469 1654 3522 inl‘antis
1704 3468 1768 3521 ad

188 3566 581 3635 religiosissimi
623 3565 720 3619 viri
757 3567 935 3633 ju~sus
962 3563 1191 3617 reddidit
1218 3561 1500 3615 eruditam.
1529 3560 1573 3613 0
1602 3561 1770 3613 virum

188 3658 357 3710 multa
389 3656 544 3709 laude
574 3654 816 3725 dignum,
852 3654 1010 3707 nimia
1044 3652 1296 3706 refertum
1319 3650 1634 3705 sanctitate!
1679 3648 1767 3718 qui

192 3749 279 3801 tali
313 3764 445 3802 usus
466 3747 805 3801 discretionis
829 3746 1034 3809 studio,
1063 3753 1117 3799 et
1149 3752 1347 3813 patrem
1373 3745 1438 3797 ab
1468 3743 1646 3812 ignoto
1671 3742 1770 3795 sibi

186 3839 500 3910 peccamine
531 3839 807 3905 liberavit,
840 3848 884 3892 et
912 3837 1145 3906 seipsum
1175 3877 1189 3900 ,
1232 3834 1384 3903 cujus
1421 3833 1595 3887 meriti
1632 3833 1769 3900 apud

188 3932 357 3987 Deum
388 3932 669 3996 existeret,
702 3940 863 3984 tanta:
896 3930 1039 3981 urbis
1067 3928 1261 3995 populo
1291 3925 1598 3979 declaravit.

264 4025 360 4078 Vir
387 4025 488 4079 iste
516 4024 808 4077 litterarum
834 4020 1051 4074 Scientia
1077 4021 1314 4088 apprime
1338 4027 1392 4071 et
1412 4018 1547 4071 inter
1572 4016 1772 4086 prirrros

189 4117 437 4171 eruditus
462 4156 477 4178 ,
511 4114 597 4167 die
627 4113 852 4182 quadarn
880 4126 1001 4165 cum
1031 4112 1079 4164 irt
1114 4108 1293 4178 regina
1318 4108 1526 4161 urbium
1558 4118 1772 4176 aposto-

187 4210 364 4263 lorurn
399 4206 683 4263 ecclesiam
708 4204 1095 4273 ingrederetur,
1129 4201 1194 4255 ad
1220 4200 1427 4253 laudent
1450 4214 1634 4254 eorum
1666 4214 1773 4254 rne-

189 4301 361 4354 moria
394 4298 605 4367 dignam
635 4296 730 4349 Iros
758 4294 925 4350 edidit
955 4306 1159 4345 versus.

516 4388 655 4461 “lic,
686 4397 789 4442 etc.
825 4386 953 4439 Vide
980 4383 1119 4453 infra
1149 4398 1325 4449 poema
1356 4378 1455 4446 Χ.)

265 4484 337 4541 Ut
380 4491 558 4537 autem
590 4480 970 4535 monachorum
1017 4491 1202 4531 norma
1254 4472 1587 4539 Aldhelmus,
1638 4471 1770 4523 tanti

191 4579 331 4642 viri,
357 4588 583 4630 summa:
614 4573 758 4627 sedis
789 4570 1014 4624 rectoris
1034 4607 1048 4631 ,
1090 4566 1315 4633 benigne
1349 4565 1559 4616 functus
1589 4572 1773 4616 contu-
1805 4586 1849 4643 υ

192 4670 405 4733 bernio;
434 4675 490 4722 et
512 4675 569 4718 ut
593 4664 725 4717 alter
750 4662 990 4725 alterius,
1017 4659 1088 4711 uti
1110 4655 1438 4711 consuetudo
1465 4663 1547 4708 est
1573 4660 1777 4706 sancto-

190 4776 311 4815 rum
360 4759 575 4813 Patrum
598 4792 616 4821 ,
650 4754 785 4807 bene
827 4759 943 4805 erat
972 4750 1259 4803 instructus
1289 4743 1552 4811 colloquio
1578 4782 1592 4807 ,
1624 4755 1778 4809 repe-

190 4853 324 4907 dare
364 4849 435 4904 ad
477 4846 687 4916 prepria
718 4883 733 4908 ,
762 4852 817 4898 et
842 4841 907 4896 ad
941 4841 1085 4910 prius
1122 4836 1306 4892 statuit
1336 4835 1507 4891 redire
1538 4833 1778 4902 proposi-

193 4952 328 4996 tum.
362 4939 515 4993 Tunc
541 4951 570 4989 a
592 4944 775 4989 sancto
800 4945 952 5000 papa,
984 4929 1048 4982 ad
1075 4942 1291 4981 suorum
1317 4933 1650 4993 posterorum
1678 4924 1776 4975 uti-

194 5033 402 5090 litatem
430 5071 445 5097 ,
502 5028 577 5082 uti
624 5026 740 5079 sine
783 5022 1146 5093 inquietudine
1193 5018 1371 5073 debita
1422 5016 1513 5070 Dei
1560 5014 1775 5070 servitia

192 5125 477 5182 celebrare
505 5126 741 5188 possent,
776 5115 889 5168 haec
924 5128 1042 5182 quae
1086 5109 1223 5165 infra
1262 5108 1506 5179 leguntur
1535 5105 1778 5174 quaesivit

195 5227 385 5275 sancta
434 5210 686 5276 donaria;
738 5223 843 5264 non
875 5205 986 5260 auri
1026 5205 1108 5259 vel
1157 5203 1363 5274 argenti
1404 5210 1491 5255 aut
1522 5200 1779 5269 cujusque

195 5308 408 5367 metalli
453 5302 731 5375 pondera,
780 5297 901 5369 quia
947 5308 1166 5352 securus
1210 5293 1276 5347 de
1319 5292 1549 5346 crastino
1585 5290 1780 5344 nullius

194 5398 306 5453 nisi
340 5399 435 5455 Dei
461 5395 732 5467 quierebat
760 5391 1158 5447 adminiculum.
1188 5386 1343 5442 l’etiit
1363 5399 1490 5453 ergo
1518 5383 1775 5446 edictum,

198 5489 403 5547 summi
434 5487 604 5543 Patris
634 5483 951 5540 auctoritate
976 5480 1266 5543 sancitum,
1307 5485 1566 5545 quatenus
1593 5487 1778 5527 mona-

197 5583 388 5646 steria,
414 5594 531 5650 qua:
565 5577 673 5631 Deo
700 5582 964 5649 annuente
986 5570 1210 5626 sollicita
1236 5574 1415 5622 mente
1435 5563 1779 5636 gubernabat,

201 5674 557 5730 Meldunense
583 5668 825 5732 scilicet,
865 5665 952 5721 ubi
980 5660 1367 5718 inthronizatus
1406 5658 1578 5712 fuerat
1605 5653 1781 5725 (quod

202 5765 419 5823 Meldun
450 5770 650 5819 sancta
691 5756 963 5815 memorire
989 5795 1005 5822 ,
1051 5754 1117 5809 de
1165 5752 1317 5822 cujus
1355 5750 1521 5817 stirpe
1571 5755 1785 5802 sanctus

207 5862 307 5913 istc
328 5852 629 5919 descendit,
659 5850 992 5916 condiderat)
1014 5854 1170 5915 atque
1200 5841 1320 5900 huic
1344 5840 1611 5897 subditum
1645 5836 1783 5892 aliud

1870 1996 2232 2059 apostolorum
2272 1991 2733 2043 adhortationibus
2758 2033 2770 2054 ,
2803 2007 2922 2059 qua:
2962 1993 3077 2058 ipso
3106 1993 3448 2044 continentur

1870 2084 2285 2150 privilegimnon
2305 2083 2475 2135 solum
2505 2084 2554 2134 in
2582 2082 2669 2133 illo
2694 2083 2829 2148 loco,
2851 2096 3028 2133 verum
3055 2084 3214 2134 etiam
3243 2084 3295 2135 in
3319 2084 3441 2134 mul-

1870 2175 1937 2225 tis
1961 2176 2088 2226 locis
2112 2173 2338 2241 Angliae,
2356 2173 2675 2223 inhonestati
2700 2180 2753 2222 et
2774 2171 3013 2238 turpibus
3038 2172 3197 2224 lucris
3218 2173 3444 2224 servien-

1870 2272 1968 2325 tes,
1999 2264 2078 2316 sui
2109 2274 2158 2314 et
2192 2277 2407 2315 suarum
2444 2277 2618 2313 rerum
2652 2262 2946 2315 libertatem
2973 2263 3116 2329 justo
3142 2260 3232 2314 Dei
3252 2262 3449 2329 judicio

1867 2354 2177 2406 amiserunt.
2198 2353 2409 2406 Sanctis
2426 2354 2621 2405 eteuirn
2642 2354 2765 2404 viris
2779 2366 2830 2405 et
2848 2356 2991 2405 omni
3019 2356 3295 2405 honestate
3316 2369 3441 2420 prir-

1867 2450 1993 2501 ditis
2020 2488 2034 2508 ,
2070 2458 2125 2499 ut
2168 2448 2282 2514 ipse
2325 2446 2647 2513 apostolicos
2679 2447 2730 2499 in
2762 2458 3021 2498 contextu
3054 2461 3164 2498 sua:
3191 2447 3451 2499 orationis

1867 2538 1973 2603 ait,
2003 2539 2117 2589 talis
2148 2538 2361 2590 libertas
2394 2537 2617 2589 debetur
2648 2547 2701 2589 et
2732 2536 3062 2589 conceditur.
3093 2535 3223 2588 Nam
3255 2537 3299 2588 si
3333 2552 3445 2603 pro~

1869 2629 1994 2696 prie
2027 2628 2283 2680 voluntati
2312 2627 2696 2687 servientibus,
2724 2634 2775 2676 ct
2804 2625 3027 2677 terrenis
3055 2623 3349 2677 commodis
3372 2625 3450 2677 in-

1869 2722 2157 2781 hiantibus,
2192 2728 2336 2771 tanta
2369 2718 2629 2770 libertatis
2661 2718 2879 2769 l'acultas
2914 2719 3254 2782 tribueretur,
3288 2718 3441 2771 dcent

1869 2812 1988 2862 vita:
2017 2823 2068 2862 et
2100 2811 2398 2862 sanctitatis
2432 2807 2641 2859 habitus
2675 2824 2779 2859 mn
2815 2810 3023 2859 ruodicc
3051 2807 3448 2873 deturparetur.

1939 2901 2067 2967 Qua:
2113 2898 2374 2951 libertatis
2410 2899 2608 2964 scripta
2656 2906 2875 2948 sanctus
2907 2899 3005 2949 iste
3036 2897 3100 2948 ad
3137 2898 3452 2963 prtetitulata

1869 2993 2190 3045 monasteria
2221 2988 2443 3055 ιιιςιιιιη,
2479 2998 2637 3055 atque
2666 2987 2874 3039 duobus
2908 2997 3032 3039 tunc
3062 2987 3115 3039 in
3148 2988 3340 3055 Anglia
3370 3001 3453 3038 re-

1869 3085 2024 3152 gibus
2087 3081 2359 3143 ostendit,
2414 3079 2517 3132 lna:
2572 3079 2779 3131 scilicet
2839 3094 2936 3130 suo
2999 3079 3292 3142 avunculo,
3343 3078 3453 3144 regi

1873 3175 2164 3237 Saxonum,
2197 3183 2249 3227 et
2279 3171 2588 3235 Ethelredo,
2624 3172 2736 3239 regi
2763 3169 3075 3223 Merciorum
3107 3187 3117 3221 :
3154 3184 3270 3237 qua:
3293 3170 3452 3223 etiam

1859 3266 2015 3320 iidem
2056 3263 2415 3319 strenuissimi
2456 3272 2509 3315 et
2552 3262 2642 3313 Dei
2682 3264 2797 3315 zelo
2844 3262 3029 3329 repleti
3060 3275 3212 3328 reges
3241 3276 3333 3313 sua
3362 3275 3453 3311 an-

1874 3365 2119 3416 ctoritate
2147 3363 2492 3413 saneiverunt
2515 3398 2529 3421 ,
2560 3358 2683 3426 quia
2719 3356 3107 3423 incorruptibili
3137 3356 3455 3408 auctoritate

1872 3451 2167 3520 apostolica
2218 3449 2425 3503 ﬁrmata
2486 3459 2849 3517 cognoverunt
2907 3464 2920 3498 :
2981 3455 3036 3499 et
3086 3446 3449 3513 cujuscunqrrc

1876 3545 2022 3598 modi
2058 3542 2414 3611 expeditionis
2455 3542 2568 3594 sive
2605 3540 2726 3593 belli
2771 3540 3003 3592 turbatio
3043 3539 3179 3591 inter
3218 3536 3454 3590 conﬁnes

1875 3634 2055 3697 ﬁeret,
2110 3633 2227 3686 loca
2278 3631 2568 3700 supradicti
2601 3630 2772 3683 Patris
2800 3630 3081 3681 Sanctitate
3130 3638 3183 3680 et
3221 3627 3448 3679 scicntia

1880 3727 2177 3779 reverenda
2198 3765 2214 3791 ,
2252 3724 2415 3777 libera
2446 3723 2513 3777 ab
2542 3721 2689 3776 omni
2718 3726 3019 3773 statuerunt
3050 3718 3162 3770 fore
3192 3717 3410 3771 servitio
3436 3732 3451 3779 ;

1875 3828 1929 3871 et
1960 3819 2189 3886 posteris
2217 3817 2328 3869 suis
2359 3816 2540 3869 itidem
2588 3829 2648 3868 ea
2689 3811 3037 3867 custodienda
3080 3810 3298 3874 litteris,
3342 3810 3455 3862 suis

1877 3912 2118 3964 manibus
2168 3909 2475 3975 impressis,
2533 3907 2887 3972 reliquerunt.
2940 3902 3044 3958 Sed
3097 3902 3306 3954 occasio
3349 3916 3453 3953 non

1883 4002 2095 4055 tenendi
2138 4002 2443 4055 succrevit:
2490 3997 2611 4066 quia
2652 3999 2794 4049 enim
2839 3994 3013 4047 cereis
3053 3991 3234 4061 ﬁguris
3282 3999 3455 4043 tanto-

1883 4109 1999 4146 rum
2061 4093 2275 4145 Patrum
2341 4098 2538 4143 statuta
2609 4102 2714 4141 non
2779 4088 3098 4140 invenerunt
3147 4082 3454 4150 assignata.

1878 4184 1998 4236 ideo
2053 4198 2156 4235 non
2211 4180 2555 4235 custodienda
2614 4178 2723 4245 (ut
2750 4172 3080 4246 perhibent)
3113 4173 3453 4226 amiserunt:

1880 4276 2029 4344 quasi
2074 4276 2193 4341 plus
2225 4276 2431 4328 valeret
2472 4271 2536 4325 ad
2584 4269 2985 4339 probationem,
3033 4265 3282 4335 peritura:
3320 4278 3460 4317 cerae

1888 4368 2192 4434 inrprCSsio,
2222 4379 2381 4434 quam
2414 4361 2705 4430 apostolica
2729 4359 2814 4414 vel
2838 4371 3023 4427 regum
3049 4355 3170 4425 jure
3197 4351 3456 4409 servanda

1882 4459 2017 4510 laeta
2052 4456 2333 4509 institutio.
2367 4452 2607 4507 Nondum
2638 4452 2781 4505 enim
2814 4448 3166 4503 transmarina
3201 4460 3458 4515 quorum-

1880 4547 2002 4599 dam
2042 4545 2291 4598 Liburnis
2321 4553 2467 4595 \ecta
2506 4542 2676 4593 fuerat
2705 4538 2931 4601 astutia,
2962 4551 3133 4604 neque
3180 4544 3291 4589 toto
3331 4534 3459 4587 orbe

1880 4648 2179 4702 quanquam
2229 4630 2516 4684 transitura
2564 4639 2767 4681 tantum
2811 4625 2989 4679 adhuc
3035 4623 3459 4677 debacchaverat

1882 4725 2146 4787 avaritia;
2192 4721 2366 4773 adhuc
2410 4719 2553 4773 enim
2601 4717 2653 4769 in
2700 4717 2967 4769 mentibus
3008 4714 3293 4766 multorum
3338 4711 3457 4764 ﬁdei

1887 4817 2141 4879 regnabat
2182 4813 2462 4882 integritas
2487 4851 2499 4875 ,
2550 4809 2784 4863 nondum
2818 4808 2928 4860 Dco
2957 4807 3130 4859 dedita
3171 4805 3221 4857 in
3254 4812 3457 4856 tantum

1881 4911 1977 4961 sibi
2010 4907 2289 4960 allectabat
2323 4904 2549 4955 humana
2581 4897 2862 4965 copiditas.

1958 5001 2080 5053 l’ust
2111 5000 2259 5061 hac,
2292 4995 2537 5049 revoluto
2576 4991 2831 5061 aliquanti
2873 4987 3127 5056 temporis
3156 4984 3456 5049 curriculo,

1885 5094 2007 5147 dum
2037 5100 2256 5145 sanctus
2286 5088 2364 5140 \ir
2393 5088 2444 5139 in
2476 5084 2805 5139 Meldunensi
2836 5081 3101 5143 ecclesia,
3143 5086 3199 5132 et
3239 5086 3452 5145 tempo-

1887 5187 1981 5239 rali
2015 5196 2174 5251 pace,
2207 5190 2261 5235 et
2292 5179 2601 5247 angelorum
2636 5175 2827 5228 solatio
2859 5175 3120 5227 lrueretur
3148 5186 3162 5234 ;
3206 5177 3461 5236 regnante

1885 5279 2174 5348 Anglorum
2207 5287 2331 5341 rege
2362 5271 2597 5333 Osredo,
2627 5282 2771 5322 anno
2810 5264 3093 5319 derninica:
3132 5259 3458 5315 lncarnatio—

1888 5373 1971 5426 nis
1996 5368 2469 5438 septingentesimo
2497 5372 2669 5422 sexto,
2700 5361 2910 5428 quidam
2943 5356 3215 5409 Br-itenum
3243 5352 3461 5407 nomine

1886 5475 2037 5519 tenus
2068 5462 2321 5531 prmsules
2353 5456 2727 5511 hreretizabant
2766 5453 2832 5506 dc
2875 5446 3107 5519 paschali
3151 5443 3378 5501 termino
3429 5461 3444 5492 ι

1888 5557 1954 5609 de
1983 5554 2101 5607 aliis
2133 5550 2365 5620 pluribus
2396 5546 2772 5601 ecclesiastica:
2801 5538 3220 5596 orthodoxitatls
3247 5534 3460 5589 institu-

1890 5647 2138 5701 tionibus.
2159 5644 2332 5710 Quare
2356 5641 2625 5695 Saxonum
2644 5636 2918 5691 orientalis
2938 5634 3104 5703 plaga:
3122 5636 3301 5685 sancta
3329 5641 3462 5696 syn-

1890 5742 2054 5803 odus,
2094 5735 2450 5793 venerabilem
2491 5730 2830 5787 Aldhelmum
2878 5728 3120 5781 abbatem
3145 5765 3159 5788 ,
3205 5732 3257 5776 et
3286 5719 3463 5773 adhuc

1899 5843 2098 5889 tantum
2135 5829 2497 5899 presbyterum
2531 5823 2788 5893 (nondum
2820 5819 2960 5875 enim
3010 5825 3226 5871 sanctus
3265 5822 3316 5867 et
3360 5809 3463 5862 vita
