4214 6602
753 478 810 531 7|
1705 475 2102 534 LDllliiAll'S,
2146 473 2774 528 SCIIlﬁEtibiiNEhSlS
2819 473 3208 528 l-lHSCOl'L'S.
3925 477 3994 532 7i

750 599 803 643 ει
847 589 1080 641 moribas
1129 588 1180 639 iu
1224 589 1410 641 ordine
1479 589 1772 654 ponebatur
1817 588 2181 655 pontificum},
2231 603 2322 648 pm
2359 587 2398 640 Α
2435 583 2734 647 fabricaret,
2769 585 2866 639 lioe
2893 601 2986 653 pro
3009 601 3070 640 eo
3102 587 3366 654 virgineus
3389 599 3560 651 natas,
3593 605 3618 641 a
3645 597 3654 638 ἕ
3680 593 3759 642 sui
3791 593 3992 646 laudem

753 678 1055 733 sanctitatis
1083 693 1193 732 suae
1238 679 1538 732 reverentia
1584 680 1820 746 rogavit,
1868 678 2058 729 librum
2104 691 2322 739 compo-
2431 690 2522 723 sua
2542 690 2642 742 que
2665 677 2936 742 genitricis
2967 676 3224 730 honorem
3257 687 3416 745 atque
3461 681 3608 732 istius
3649 680 3992 744 famam,de-

752 787 879 825 uere
908 773 1216 840 egregium,
1249 785 1352 836 quo
1383 769 1644 837 maligna,
1690 785 1806 836 qua:
1845 779 1970 821 tunc
2013 783 2169 832 supra
2215 783 2324 818 mo-
2431 766 2654 816 tlaravit
2685 765 2927 817 mirabile
2977 769 3188 818 factum.
3252 767 3485 836 Denique
3537 785 3654 822 cum
3701 771 3766 822 ad
3818 775 3996 839 tcmpii

751 865 878 916 dum
946 860 1267 930 pullulabat,
1328 859 1547 912 bmresis
1607 859 1878 910 llritonum
1939 858 2319 909 destrueretur.
2432 853 2586 921 hujus
2615 854 2717 906 alta
2748 855 2954 922 fastigia
2997 855 3196 909 diversi
3222 859 3462 910 machina
3499 859 3833 912 instrumenti
3881 876 3998 914 ma-

750 956 919 1020 Quem
950 952 1215 1016 Sanctus,
1264 959 1320 1002 ut
1362 960 1475 1002 erat
1515 963 1758 1001 sermone
1801 949 2026 1010 nitidus,
2069 947 2322 1013 sapientia
2431 961 2546 1012 gitti!
2571 946 2744 999 trabes
2775 947 3094 1012 levarentur,
3129 949 3366 1017 quredam
3401 966 3582 1004 earum
3607 967 3634 1003 a
3690 951 3996 1021 bipennige-

755 1047 988 1098 refertus
1009 1084 1023 1107 ,
1054 1052 1107 1096 et
1138 1044 1418 1096 sanctitate
1457 1041 1770 1107 conSpicuus
1794 1082 1806 1099 .
1853 1041 2174 1104 argumentis
2215 1041 2325 1106 ple-
2431 1039 2502 1088 ris
2532 1037 2792 1104 reperitur
2822 1038 3040 1092 minima
3065 1081 3078 1102 ,
3110 1053 3228 1109 quae
3278 1051 3449 1094 tamen
3497 1043 3560 1094 ad
3615 1042 3994 1110 longitudinem

753 1150 884 1197 nus,
935 1142 988 1186 et
1037 1134 1364 1201 syllogismis
1413 1132 1699 1199 pra-ditus,
1754 1131 2056 1184 liberalibus
2110 1131 2325 1196 insuper
2430 1128 2652 1180 aliarum
2685 1129 2920 1183 studiose
2950 1131 3016 1182 ab
3042 1131 3120 1184 eis
3154 1131 3326 1184 fuerat
3371 1141 3626 1186 resecata.
3679 1133 3785 1187 Sed
3825 1134 3998 1185 omni—

753 1226 1041 1293 scripturis
1072 1234 1122 1276 et
1154 1223 1533 1276 ecclesiasticis
1575 1222 1854 1275 sententiis
1892 1221 2279 1275 eruditissimus
2307 1261 2321 1283 ,
2431 1226 2616 1282 nolens
2647 1215 2781 1268 Deus
2815 1215 2934 1269 idm
2968 1218 3131 1281 hanc.
3167 1229 3220 1272 ut
3268 1219 3364 1272 sibi
3414 1222 3640 1287 placuit,
3675 1221 3996 1282 tlcCttrtavit,

755 1327 840 1376 i-t,
892 1326 947 1368 ut
995 1316 1132 1368 Beda
1179 1326 1397 1376 narrat,
1449 1314 1500 1366 in
1549 1312 1798 1364 omnibus
1844 1315 2323 1380 prudentissimus,
2431 1317 2694 1374 quatenus
2725 1306 2776 1359 in
2811 1308 2908 1361 lioc
2939 1310 3095 1362 etiam
3128 1313 3263 1364 servi
3295 1312 3374 1364 sui
3406 1313 3648 1366 meritum
3699 1313 4000 1365 benti-ibus

759 1407 1118 1459 Israelitarum
1151 1405 1386 1473 repletus
1431 1403 1878 1466 institutionibus,
1923 1404 2324 1472 {Egyptiorum-
2433 1402 2746 1455 notilimret.
2798 1402 2948 1455 Tunc
2990 1404 3206 1468 opifices
3253 1406 3569 1471 pernimium
3624 1405 3823 1471 tristes,
3879 1407 4000 1470 quia

752 1513 853 1566 que
918 1498 984 1550 de
1016 1496 1117 1548 line
1150 1495 1330 1548 multis
1363 1493 1756 1546 inventionibus
1798 1503 1851 1546 et
1893 1504 2194 1546 sanctorum
2230 1494 2328 1546 l’a-
2435 1494 2545 1545 hare
2578 1495 2880 1560 participari
2911 1494 3142 1547 secundo
3174 1496 3287 1548 loco
3339 1494 3563 1548 debebat
3613 1496 3847 1559 initimn,
3875 1494 3999 1562 qni-.l

755 1601 892 1642 trum
926 1589 1249 1642 autlieuticis
1283 1587 1697 1646 traditionibus,
1731 1588 1821 1638 sed
1854 1597 1906 1639 ct
1950 1588 2187 1639 carmine
2230 1587 2324 1638 Pa-
2433 1586 2666 1638 facerent
2717 1586 2896 1647 dubii.
2929 1587 2993 1639 ad
3040 1589 3203 1639 sancti
3259 1589 3425 1641 l-‘atris
3483 1588 3636 1656 huius
3683 1601 4004 1640 concurrunt

753 1681 966 1732 cliouiio
998 1678 1174 1730 abbati
1219 1680 1285 1729 ab
1326 1680 1531 1744 angelis
1575 1676 1804 1739 tradito,
1848 1686 1901 1729 et
1941 1679 2164 1731 aliorum
2209 1679 2326 1731 t'eli-
2434 1677 2736 1730 consiiium.
2767 1681 2906 1743 Quos
2935 1677 3042 1738 ille,
3075 1681 3171 1732 etsi
3208 1690 3378 1732 mente
3429 1683 3614 1733 anxius
3671 1681 4002 1741 redderetur,

759 1772 1026 1836 ginseruni
1059 1770 1305 1835 dogmate
1337 1770 1466 1819 satis
1499 1777 1703 1832 aperto,
1735 1769 2050 1836 supradictis
2081 1770 2326 1822 liereticis
2435 1769 2500 1819 de
2548 1769 2908 1820 misericordia
2956 1769 3044 1822 Dei
3104 1772 3336 1823 confisus
3358 1812 3371 1833 ,
3401 1770 3628 1840 benigne
3674 1771 3952 1838 alloquitur
3993 1792 4000 1820 :

756 1860 1084 1922 transmisit,
1120 1874 1211 1926 per
1240 1859 1494 1925 quosdam
1524 1858 1842 1911 domesticos
1872 1859 1991 1910 fidei
2021 1868 2072 1911 et
2102 1861 2229 1910 satis
2262 1860 2324 1910 ad
2443 1873 2460 1904 σ
2503 1856 2616 1922 Eia,
2665 1855 2873 1922 fratres,
2908 1858 2968 1908 ad
3014 1868 3324 1910 cmterarum
3371 1874 3666 1912 ruensuram
3719 1859 3759 1910 si
3814 1860 4005 1912 lineata

758 1953 858 2003 lioc
895 1950 1079 2001 fideles
1112 1950 1404 2002 ministros.
1452 1949 1567 2014 Ipse
1599 1963 1724 1999 vero
1763 1948 1908 2000 solus
1949 1949 1998 2001 iu
2045 1948 2325 2001 afﬂictione
2364 1942 2404 1997 Β
2435 1947 2591 1998 luerit
2644 1946 2863 2008 discite,
2897 1948 3067 2015 deque
3120 1949 3284 2001 beata:
3343 1947 3433 2002 Dei
3489 1950 3760 2016 genitricis
3809 1951 4008 2002 auxiiiu

760 2042 961 2108 positus
1003 2041 1187 2091 orabat
1235 2037 1446 2090 assidue
1492 2047 1547 2089 ut
1593 2038 1731 2090 Deus
1772 2039 1838 2090 ab
1868 2047 2025 2089 tantm
2069 2038 2332 2090 haereseos
2434 2036 2623 2088 devote
2654 2038 2937 2099 confidite;
2985 2039 3102 2104 quia
3135 2055 3251 2106 qum
3283 2041 3416 2093 lacte
3461 2041 3604 2108 virgo
3653 2046 3794 2109 pavit
3835 2041 4010 2093 homi-

757 2133 1115 2199 implicatioue
1145 2132 1344 2184 mentis
1375 2131 1491 2183 illus
1520 2131 1824 2196 dignaretur
1863 2129 2105 2194 eripere;
2152 2130 2332 2195 sicque
2437 2145 2553 2179 nein
2582 2128 2762 2190 Deum,
2797 2129 2998 2196 alisque
3029 2129 3333 2183 difficultate
3357 2131 3509 2198 liujus
3536 2133 3729 2184 laboris
3761 2147 4006 2185 nosumu

760 2230 824 2278 ad
854 2225 1137 2277 dominica:
1167 2237 1306 2276 vera:
1337 2222 1455 2274 lidci
1493 2221 1724 2287 regulam
1749 2260 1762 2282 ,
1794 2229 1845 2271 et
1879 2219 2020 2286 ipsos
2051 2219 2326 2285 prcesules,
2437 2227 2612 2284 potest
2633 2218 2922 2283 adimplere
2950 2218 3298 2273 desiderium.
3332 2239 3348 2270 ι
3383 2221 3532 2274 'i‘anc
3577 2223 3826 2276 audacter
3875 2238 4010 2287 per-

761 2323 816 2368 et
844 2315 1179 2367 innumeram
1226 2313 1402 2380 pnpuli
1452 2310 1717 2363 revocavit
1759 2308 2174 2362 multitudinem.
2220 2309 2331 2373 Qua
2436 2321 2564 2370 gens
2607 2307 2671 2359 ad
2719 2305 2994 2373 stipitem,
3023 2311 3268 2375 populum
3303 2312 3631 2369 hortabatur,
3663 2327 3768 2378 quo
3800 2328 4010 2363 summu

761 2403 812 2454 in
847 2417 902 2454 re
935 2400 1313 2467 omnipotentis
1345 2399 1436 2451 Dei
1480 2412 1722 2467 magnam
1770 2411 2048 2464 possumus
2089 2396 2321 2448 conside-
2436 2397 2716 2449 conamine
2748 2396 2949 2449 trabem
2981 2398 3029 2449 iii
3057 2398 3326 2466 superiora
3364 2400 3650 2463 traherent,
3696 2416 3799 2453 non
3847 2402 4011 2454 ltresi-

763 2503 883 2544 rare
915 2491 1122 2557 pietatis
1158 2508 1185 2540 ιι
1213 2488 1609 2549 isericordiam,
1645 2502 1760 2552 qua:
1801 2488 1875 2538 sic
1917 2496 2128 2538 sanctos
2173 2499 2331 2546 suos.
2438 2495 2611 2540 tantes
2639 2484 2705 2540 de
2735 2485 3061 2554 longitudine
3085 2488 3245 2540 illius.
3282 2488 3395 2540 Max
3430 2489 3574 2556 plebs
3612 2489 3823 2542 sutfulta
3875 2493 4010 2542 tanti

768 2581 889 2642 ubi,
915 2591 968 2631 et
993 2580 1204 2648 quando
1229 2590 1278 2632 et
1312 2577 1580 2646 quomodo
1611 2577 1744 2640 vult,
1778 2577 1929 2643 plene
1955 2578 2242 2643 justiticat,
2279 2587 2334 2630 ut
2443 2577 2615 2632 l’atris
2664 2579 2881 2643 auxilio,
2907 2579 3064 2632 corde
3098 2578 3287 2633 devoto
3318 2580 3592 2633 Dominum
3636 2582 4009 2650 interpel'ans,

767 2686 859 2738 per
885 2685 998 2734 eos,
1025 2673 1185 2724 etiam
1217 2671 1465 2724 absentes
1496 2684 1739 2736 corpore,
1776 2678 1915 2720 tanta
1945 2682 2197 2733 Operetur
2226 2671 2332 2721 vir-
2437 2682 2591 2732 quam
2618 2667 2936 2734 paterjussit
2960 2669 3212 2721 continuo
3237 2670 3434 2722 trabem
3463 2672 3616 2724 levat.
3649 2670 3800 2734 Tum,
3824 2672 4005 2724 divitia

763 2773 930 2814 tutum
981 2763 1229 2828 insignia.
1271 2760 1375 2814 Iste
1411 2760 1550 2813 enim
1597 2772 1810 2811 sanctus
1839 2759 1937 2812 iter
1968 2759 2088 2811 illuc
2117 2760 2334 2825 pedibus
2437 2767 2754 2823 cooperante
2805 2756 3192 2822 misericordi],
3245 2773 3338 2825 pro
3391 2757 3641 2812 famulatu
3699 2761 3838 2812 servi
3894 2763 4007 2824 sui,

763 2851 1160 2919 haudquaquam
1193 2851 1387 2902 fecerat
1409 2889 1422 2908 ,
1461 2849 1551 2901 sed
1579 2849 1794 2916 egregio
1822 2849 2190 2900 encliiridione
2221 2863 2333 2901 lllO-
2439 2853 2751 2912 supportaut
2781 2859 2896 2897 eam
2926 2847 3032 2910 jam
3081 2846 3366 2914 longiorem
3409 2849 3631 2908 ceteris,
3663 2849 3726 2901 ad
3783 2864 4010 2917 quarum

763 2950 934 3002 uitos,
987 2939 1276 3003 sedulaque
1325 2941 1564 2991 oratione
1615 2939 1948 3000 sublevatos,
1982 2939 2046 2988 ad
2093 2938 2336 2989 veritatis
2441 2947 2741 2987 mensuram
2775 2935 2918 3001 prius
2951 2936 3120 2988 fuerat
3151 2938 3331 2990 incisa.
3375 2938 3423 2989 In
3450 2952 3554 3005 quo
3582 2953 3741 3006 opere
3771 2941 4010 2994 itnitafus

759 3029 1048 3082 reduxerat
1077 3028 1236 3080 viam.
1273 3026 1697 3080 lmirabaturiste
1723 3026 1968 3080 nitnirutn
1992 3070 2004 3091 ,
2041 3029 2208 3096 gratia
2242 3024 2332 3081 Dei
2439 3035 2520 3077 est
2542 3024 2756 3077 beatum
2790 3023 3084 3094 Donatum,
3120 3025 3353 3080 Reatina:
3384 3029 3527 3080 urbis
3555 3031 3882 3096 episcopum,
3916 3047 4010 3099 qtu

761 3119 967 3182 plenus,
1000 3129 1048 3169 et
1084 3122 1130 3169 in
1167 3119 1262 3169 ltot:
1299 3117 1435 3171 facto
1461 3119 1804 3185 Apostolum,
1829 3119 1917 3187 qui
1951 3121 2250 3173 Corinthios
2283 3130 2336 3174 et
2439 3114 2657 3168 calicem
2685 3115 2932 3178 vitreum,
2966 3130 3286 3184 paganorum
3321 3121 3516 3185 impetu
3540 3121 3868 3173 confractum
3889 3122 4008 3173 sola

759 3209 971 3261 Galatas
997 3251 1011 3276 ,
1044 3208 1387 3263 Colossenses
1424 3211 1580 3263 etiam
1612 3226 1641 3264 ει
1676 3213 2157 3281 pseudo-apostolis
2201 3229 2336 3281 pm-
2439 3207 2679 3259 oratione
2713 3208 3063 3269 restauravit;
3098 3207 3304 3261 Patrem
3337 3223 3543 3276 quoque
3568 3223 3825 3274 nostrum,
3853 3212 4006 3263 mirzr.

763 3310 949 3351 ventos
991 3300 1055 3350 ad
1100 3313 1237 3352 verae
1278 3299 1398 3352 fidei
1439 3309 1632 3352 Statum
1667 3316 1760 3368 per
1786 3299 2048 3368 Epistolas
2082 3313 2332 3365 revocat;
2367 3283 2411 3343 C
2443 3297 2738 3350 sanctitatis
2789 3296 2957 3349 virum
2980 3337 2993 3360 ,
3026 3297 3271 3352 abbatem
3315 3297 3686 3365 Benedictum,
3713 3302 3800 3368 qui
3853 3303 4011 3369 longe

759 3391 1033 3458 apostolus
1065 3389 1326 3458 siquidem
1356 3400 1409 3444 et
1441 3390 1491 3442 in
1529 3394 1628 3444 line
1671 3394 1886 3460 negotio
1930 3402 2080 3460 pater
2112 3392 2328 3446 Aldliel-
2447 3388 2647 3453 positus
2671 3401 2872 3455 magna:
2900 3388 3058 3440 molis
3089 3403 3270 3441 saxum
3297 3390 3376 3456 pia
3397 3404 3551 3457 prece
3571 3393 3768 3444 aruovit
3795 3404 3823 3443 a
3871 3391 3998 3444 loco

763 3494 882 3532 mus
907 3480 1136 3547 exsutit,
1169 3482 1287 3546 quia
1310 3521 1323 3541 ,
1355 3481 1489 3532 sicut
1518 3481 1703 3534 Petrus
1735 3497 1853 3534 cum
1882 3483 2114 3547 exteris,
2146 3493 2332 3536 sancto
2440 3477 2528 3529 ubi
2570 3477 2782 3545 quidam
2818 3479 3009 3533 fratres
3057 3481 3358 3536 (mnobium
3409 3482 3626 3538 fundare
3677 3485 4006 3553 satagebant.

763 3570 962 3639 Spiritu
996 3580 1275 3632 monente,
1319 3572 1536 3622 t'aulum
1570 3579 1622 3622 et
1655 3572 1944 3623 Itarnabatn
1980 3572 2044 3624 ad
2082 3573 2170 3625 Dei
2201 3589 2333 3641 opus
2439 3566 2528 3619 Illo
2562 3567 2788 3636 denique
2821 3568 2977 3621 modo
2999 3585 3179 3623 rerum
3211 3572 3448 3636 Creator,
3474 3575 3566 3626 sed
3608 3583 3732 3643 typo
3781 3576 4005 3644 dispari.

761 3659 1097 3727 segregavit,
1125 3660 1195 3711 ita
1228 3671 1409 3712 sancta
1441 3661 1672 3729 syncdus
1700 3661 1762 3713 ad
1793 3663 2091 3730 supradicta
2124 3665 2330 3731 negotia
2443 3660 2575 3710 hanc
2604 3657 2886 3726 elongavit.
2911 3675 3016 3728 (tuo
3058 3663 3298 3728 praesulis
3342 3662 3638 3718 Israelitica:
3684 3666 3850 3733 plebis
3897 3667 4008 3720 vir-

761 3749 902 3800 liuuc
940 3748 1188 3816 eligendo
1228 3748 1484 3800 admovit.
2436 3761 2552 3816 gam
2587 3747 2759 3800 virere
2787 3748 2915 3801 fecit
2941 3756 2994 3802 et
3023 3748 3341 3804 fecundavit.
3378 3751 3468 3804 Illa
3501 3766 3626 3806 vero
3673 3763 3878 3821 parturn
3924 3755 4006 3806 in.

833 3839 1062 3904 Scripsit
1090 3853 1218 3907 ergo
1261 3837 1597 3908 Aﬁnigmata,
1646 3848 1699 3894 et
1739 3840 1805 3894 de
1847 3841 2029 3895 Laude
2072 3843 2331 3910 virginum
2439 3847 2588 3890 tactze
2619 3839 2835 3905 virginis
2864 3841 3216 3907 przeliguravit
3262 3857 3275 3893 :
3320 3840 3437 3894 Ι)ωο
3478 3853 3623 3896 certe
3668 3842 4002 3899 sanctitatem

761 3932 1038 3998 geminato
1069 3944 1231 3995 opere
1254 3971 1269 3995 ,
1305 3946 1458 3997 prosa
1491 3931 1694 3984 scilicet
1736 3940 1788 3984 et
1824 3934 2061 3986 carmine
2082 3973 2097 3997 ,
2143 3933 2330 3985 librum
2438 3929 2566 3981 tanti
2590 3930 2686 3982 viri
2715 3929 2766 3982 in
2799 3930 3114 3984 immensum
3138 3945 3376 3986 crescere
3399 3933 3840 3987 astantiecclesia:
3868 3949 4003 4002 pra:-

760 4021 1036 4074 eximiuiu.
1102 4019 1393 4073 Contexuit
1452 4033 1578 4074 vero
1629 4022 1988 4089 septiformem
2045 4023 2281 4076 libellum
2314 4064 2327 4084 ,
2437 4017 2664 4084 u0tavit;
2700 4018 2784 4071 illa
2816 4020 3015 4074 fructus
3045 4020 3230 4074 detulit
3255 4030 3310 4075 et
3340 4021 3634 4086 folia,li.'ec
3685 4025 3846 4091 patris
3899 4025 4000 4077 ΔΙ-

768 4109 898 4164 Novi
933 4125 993 4163 ac
1023 4110 1232 4164 Veteris
1263 4111 1586 4165 Testamenti
1617 4113 1863 4178 floribus,
1907 4125 1960 4166 οι
1997 4115 2064 4168 de
2104 4115 2331 4181 septena
2434 4109 2653 4172 dlielmi,
2686 4125 2804 4178 qua:
2835 4109 3010 4164 futura
3047 4122 3228 4166 esseut
3275 4128 3436 4181 opera
3485 4112 3887 4167 demonstravit.
3923 4113 4000 4166 De

765 4200 1164 4268 supputatione,
1197 4215 1262 4254 ex
1293 4203 1590 4270 disciplinis
1619 4203 1838 4256 collecta
1873 4203 2330 4272 philosophorum,
2436 4204 2603 4255 ἱςιιιειε
2635 4211 2810 4253 autent
2844 4217 2900 4254 re
2932 4218 3071 4256 nunc
3127 4203 3224 4256 ista
3271 4203 3562 4270 sufficiant,
3599 4205 3718 4274 quia
3773 4206 3998 4258 transire

772 4285 1071 4353 pertinente
1125 4290 1193 4342 ad
1250 4292 1565 4358 septil'orme
1616 4293 1813 4346 donum
1865 4293 2092 4360 Spiritus
2141 4295 2326 4346 sancti.
2435 4295 2640 4347 animus
2670 4297 2814 4361 cupit
2850 4295 2914 4347 ad
2944 4296 3177 4361 ejusdem
3208 4295 3327 4350 alia.

759 4378 986 4445 Scripsit
1015 4389 1070 4432 et
1097 4379 1163 4432 de
1196 4381 1570 4434 Adtunnitioue
1611 4382 1855 4436 fraterna:
1884 4385 2153 4438 charitatis
2187 4387 2331 4437 volu-
2505 4387 2625 4437 Post
2658 4387 2768 4437 liaic
2799 4401 2920 4439 vero
2945 4386 3170 4440 decurso
3203 4403 3306 4440 non
3339 4389 3488 4443 tnulti
3525 4391 3772 4456 temporis
3801 4392 3994 4458 spativ,

765 4483 886 4522 men
938 4485 1123 4522 unum.
1176 4470 1251 4524 De
1303 4473 1690 4525 insensiliilium
1737 4489 1913 4527 rerum
1959 4486 2175 4538 natura,
2217 4493 2330 4542 quae
2436 4485 2579 4541 later
2605 4475 2991 4541 Berthwaldus,
3015 4477 3419 4531 Cantuariorum
3453 4480 3703 4546 pontifex,
3732 4482 3808 4533 vir
3841 4497 3992 4532 revu-

761 4562 1057 4613 secundum
1087 4563 1449 4630 metaphoram
1477 4567 1822 4618 sermocinari
1851 4567 2161 4633 ligurautur,
2185 4583 2333 4620 coni-
2364 4627 2396 4633 ,ι
2437 4569 2630 4618 rendus
2656 4566 2757 4617 vita
2781 4576 2832 4619 et
2860 4567 3116 4632 moribus,
3134 4567 3425 4622 lizterarum
3443 4579 3495 4622 et
3515 4571 3988 4623 ecclesiasticormn

759 4650 936 4716 posuit
981 4651 1232 4706 alterum.
1293 4653 1366 4707 De
1414 4656 1607 4722 pedum
1664 4658 1890 4723 regulis,
1943 4659 2319 4724 metaplasnin,
2362 4627 2404 4681 ί)
2434 4657 2658 4709 scientia
2690 4657 2841 4710 valde
2871 4658 3129 4723 eruditus,
3156 4673 3252 4725 pro
3302 4662 3599 4714 sanctitatis
3642 4672 3695 4713 et
3743 4662 3991 4715 virtutum

757 4738 1069 4806 synalmplta
1096 4778 1114 4803 ,
1145 4742 1454 4804 scansione,
1485 4754 1537 4796 et
1565 4745 1750 4812 eclipsi
1783 4761 2052 4799 versuum.
2093 4747 2169 4801 De
2211 4765 2322 4802 nie-
2435 4749 2589 4816 liujus
2618 4747 2716 4799 viri
2746 4748 3123 4816 magnitudine,
3165 4749 3565 4818 litterarumque
3601 4751 3893 4805 liberalium
3937 4762 3991 4803 et

758 4829 890 4882 trica
919 4830 1122 4884 alterna
1153 4831 1582 4902 interrogationis
1623 4844 1674 4888 et
1717 4837 2075 4900 restionsionis
2116 4840 2321 4892 vicissi-
2431 4839 2723 4892 divinarum
2752 4839 2941 4892 studiis
2964 4849 3016 4893 et
3051 4840 3294 4904 scientia,
3324 4840 3463 4894 hunc
3487 4856 3690 4906 secum,
3719 4843 3764 4894 si
3794 4843 3988 4911 quiret.

759 4918 941 4974 tudine
967 4959 981 4983 ,
1013 4921 1215 4974 duabus
1247 4923 1432 4976 litteris
1461 4925 1709 4978 discreta.
1739 4926 1962 4994 Scripsit
1984 4938 2038 4982 et
2061 4929 2160 4980 alia
2190 4943 2318 4982 non-
2432 4930 2627 4996 saepius
2655 4927 2848 4982 habere
2870 4927 3140 4996 cupiebat;
3173 4943 3329 4998 quem
3374 4929 3588 4984 directis
3610 4930 3795 4998 legatis
3838 4930 3902 4983 ad
3933 4947 3990 4983 se

762 5009 902 5058 nulla
927 5049 941 5072 ,
979 5020 1158 5076 utpote
1191 5013 1270 5064 vir
1297 5015 1646 5082 undecunque
1693 5017 2032 5071 doctissimus
2062 5039 2072 5070 :
2107 5036 2226 5072 nam
2269 5030 2320 5072 ct
2432 5035 2588 5074 causa
2621 5021 2931 5074 consiliandi
2963 5021 3027 5074 de
3053 5021 3212 5074 rebus
3242 5023 3614 5076 ecclesiasticis
3642 5025 3820 5077 venire
3841 5039 3991 5090 roga-

758 5113 1006 5152 sermoue
1038 5102 1267 5166 nitidus,
1301 5114 1352 5156 et
1381 5107 1762 5172 scripturarum
1799 5110 1890 5174 (ut
1920 5109 2180 5177 diximus)
2217 5122 2318 5163 tatu
2433 5115 2523 5166 vit.
2570 5113 2661 5165 Cui
2695 5121 2928 5174 sanctus,
2980 5120 3037 5163 ut
3088 5120 3205 5164 erat
3251 5112 3412 5175 mitis,
3451 5113 3672 5164 libenter
3717 5114 3986 5176 obediens,

761 5191 1063 5246 liberalium
1115 5211 1272 5261 quam
1323 5199 1810 5252 ecclesiasticarum
1862 5212 1977 5255 erat
2027 5205 2321 5256 eruditione
2430 5205 2658 5256 venitad
2691 5217 2831 5260 eum.
2862 5210 3208 5270 moratusque
3256 5212 3336 5255 est
3363 5202 3594 5268 quandiu
3646 5204 3756 5270 ipse
3801 5205 3984 5258 voluit.

759 5284 1047 5335 mirandus.
1088 5285 1206 5337 ll.cc
1239 5287 1306 5339 de
1335 5290 1563 5356 quodam
1606 5290 1972 5357 antiquissimo
2012 5293 2225 5357 codice,
2270 5297 2317 5346 iu
2432 5293 2662 5361 lixpletis
2681 5307 2804 5362 ergo
2829 5294 2928 5346 rite
2951 5308 3044 5360 pro
3069 5295 3259 5361 quibus
3282 5294 3346 5344 ad
3369 5307 3486 5346 eum
3512 5297 3985 5360 veneratnegodis,

758 5371 992 5437 ejusdem
1028 5378 1274 5430 ecclesia:
1303 5381 1533 5432 armario
1575 5391 1823 5448 reperto,
1867 5383 1917 5434 iu
1961 5385 2115 5452 liujus
2155 5399 2318 5454 Opus-
2430 5387 2492 5438 ad
2523 5396 2752 5438 Castrum
2799 5383 3058 5451 disposuit
3107 5383 3183 5437 ire
3232 5384 3566 5438 Doroberuim
3619 5404 3629 5436 :
3684 5386 3824 5452 quod
3872 5387 3988 5439 ideo

755 5462 860 5515 cuii
890 5464 1152 5520 volumine
1184 5484 1382 5537 ponere
1410 5471 1624 5536 dignum
1657 5473 1926 5527 duximus.
2432 5477 2569 5530 Deus
2599 5475 2738 5538 fecit,
2773 5483 2828 5526 ut
2860 5475 3157 5543 longinquis
3183 5491 3390 5543 quoque
3448 5488 3704 5529 terrarum
3754 5479 3987 5543 partibus

1371 5560 1593 5615 CAPUT
1615 5562 1698 5614 ΙΙΙ.
2431 5566 2586 5634 ltujus
2615 5564 2782 5618 sancti
2813 5565 3060 5616 virtutum
3094 5565 3278 5617 merita
3311 5565 3638 5618 ostenderet.
3671 5564 3802 5617 Cum
3834 5579 3986 5618 secus

849 5644 1104 5698 Μίνωι-μία
1127 5653 1706 5718 patrata,episcopalus,
1733 5655 2226 5724 obitus,sepultura.
2429 5673 2636 5730 portum
2667 5657 2858 5712 sedens
2887 5672 3024 5722 equo
3078 5667 3340 5725 pergeret,
3372 5657 3654 5724 quamdam
3702 5672 3885 5710 navem
3915 5659 3980 5710 ad

830 5734 1111 5788 Virautetn
1138 5741 1520 5808 sanctissimus,
1549 5743 1674 5797 dum
1699 5745 1824 5798 clari
1850 5747 2028 5814 operis
2057 5761 2322 5799 monaste-
2429 5754 2596 5820 ripam
2643 5751 2802 5804 mat-is
2838 5756 3159 5803 mercatores
3208 5748 3452 5802 volebant
3501 5749 3766 5816 appellere
3826 5765 3836 5798 :
3893 5747 3986 5798 sed

758 5823 890 5877 "5m"
940 5830 1202 5890 (Ιυοάιιιιιιι
1239 5833 1445 5886 Mi'ldun
1502 5837 1565 5889 ad
1608 5840 1859 5892 honorem
1908 5842 2176 5909 genitricis
2229 5842 2321 5894 Dci
2433 5857 2760 5913 nequaquam
2812 5851 3129 5909 potuerunt,
3165 5845 3332 5894 donec
3388 5841 3483 5894 iste
3530 5842 3607 5893 vir
3666 5838 3983 5891 admirabilis
