  <div class='ocr_page' id='page_1' title='image "/cluster/home/n/w/nwhite01/storage/ocr_20150623/88-89/uc1.31175000868714/714.png"; bbox 0 0 4214 6528; ppageno 0'>
   <div class='ocr_carea' id='block_1_1' title="bbox 236 392 3516 462">
    <p class='ocr_par' dir='ltr' id='par_1_1' title="bbox 236 392 3516 462">
     <span class='ocr_line' id='line_1_1' title="bbox 236 392 3516 462; baseline 0.003 -13"><span class='ocrx_word' id='word_1_1' title='bbox 236 404 314 460; x_wconf 73' lang='lat'><strong>73</strong></span> <span class='ocrx_word' id='word_1_2' title='bbox 1276 396 1427 452; x_wconf 79' lang='lat' dir='ltr'><strong>VITA</strong></span> <span class='ocrx_word' id='word_1_3' title='bbox 1471 396 1526 450; x_wconf 89' lang='lat' dir='ltr'><strong>S.</strong></span> <span class='ocrx_word' id='word_1_4' title='bbox 1570 392 1926 451; x_wconf 76' lang='lat' dir='ltr'><strong>ALDHELMI</strong></span> <span class='ocrx_word' id='word_1_5' title='bbox 1975 393 2247 452; x_wconf 76' lang='lat' dir='ltr'><strong>FARICIO</strong></span> <span class='ocrx_word' id='word_1_6' title='bbox 2292 395 2611 452; x_wconf 74' lang='lat' dir='ltr'><strong>AUCTORE</strong></span> <span class='ocrx_word' id='word_1_7' title='bbox 3452 411 3516 462; x_wconf 69' lang='grc'><strong>74</strong></span> 
     </span>
    </p>
   </div>
   <div class='ocr_carea' id='block_1_2' title="bbox 238 512 3513 593">
    <p class='ocr_par' dir='ltr' id='par_1_2' title="bbox 238 512 3513 593">
     <span class='ocr_line' id='line_1_2' title="bbox 238 512 3513 593; baseline 0.001 -18"><span class='ocrx_word' id='word_1_8' title='bbox 238 524 574 593; x_wconf 74' lang='lat' dir='ltr'><strong>praeciperet,</strong></span> <span class='ocrx_word' id='word_1_9' title='bbox 599 520 698 575; x_wconf 89' lang='lat' dir='ltr'><strong>etsi</strong></span> <span class='ocrx_word' id='word_1_10' title='bbox 742 521 906 574; x_wconf 86' lang='lat' dir='ltr'><strong>ternis</strong></span> <span class='ocrx_word' id='word_1_11' title='bbox 934 517 1139 572; x_wconf 78' lang='lat' dir='ltr'><strong>vicibus</strong></span> <span class='ocrx_word' id='word_1_12' title='bbox 1169 517 1270 569; x_wconf 89' lang='lat' dir='ltr'><strong>hoc</strong></span> <span class='ocrx_word' id='word_1_13' title='bbox 1294 515 1611 569; x_wconf 78' lang='lat' dir='ltr'><strong>molirentur</strong></span> <span class='ocrx_word' id='word_1_14' title='bbox 1636 526 1831 581; x_wconf 89' lang='lat' dir='ltr'><strong>magno</strong></span> <span class='ocrx_word' id='word_1_15' title='bbox 1862 516 1911 572; x_wconf 81' lang='grc' dir='ltr'><strong>Α</strong></span> <span class='ocrx_word' id='word_1_16' title='bbox 1936 512 2088 580; x_wconf 83' lang='lat' dir='ltr'><strong>cujus</strong></span> <span class='ocrx_word' id='word_1_17' title='bbox 2121 528 2276 566; x_wconf 83' lang='lat' dir='ltr'><strong>unam</strong></span> <span class='ocrx_word' id='word_1_18' title='bbox 2313 523 2513 581; x_wconf 82' lang='lat' dir='ltr'><strong>partem</strong></span> <span class='ocrx_word' id='word_1_19' title='bbox 2548 513 2732 569; x_wconf 85' lang='lat' dir='ltr'><strong>Daniel</strong></span> <span class='ocrx_word' id='word_1_20' title='bbox 2765 519 3121 585; x_wconf 52' lang='lat' dir='ltr'><strong>galerum-it,</strong></span> <span class='ocrx_word' id='word_1_21' title='bbox 3154 520 3235 576; x_wconf 89' lang='lat' dir='ltr'><strong>vir</strong></span> <span class='ocrx_word' id='word_1_22' title='bbox 3277 522 3327 577; x_wconf 93' lang='lat' dir='ltr'><strong>in</strong></span> <span class='ocrx_word' id='word_1_23' title='bbox 3371 526 3513 578; x_wconf 84' lang='lat' dir='ltr'><strong>mul-</strong></span> 
     </span>
    </p>
   </div>
   <div class='ocr_carea' id='block_1_3' title="bbox 238 601 1838 670">
    <p class='ocr_par' dir='ltr' id='par_1_3' title="bbox 238 601 1838 670">
     <span class='ocr_line' id='line_1_3' title="bbox 238 601 1838 670; baseline -0.009 -1"><span class='ocrx_word' id='word_1_24' title='bbox 238 613 438 670; x_wconf 72' lang='lat' dir='ltr'><strong>virium</strong></span> <span class='ocrx_word' id='word_1_25' title='bbox 468 611 767 667; x_wconf 89' lang='lat' dir='ltr'><strong>conamine.</strong></span> <span class='ocrx_word' id='word_1_26' title='bbox 804 610 957 664; x_wconf 84' lang='lat' dir='ltr'><strong>Prius</strong></span> <span class='ocrx_word' id='word_1_27' title='bbox 989 616 1168 660; x_wconf 90' lang='lat' dir='ltr'><strong>tamen</strong></span> <span class='ocrx_word' id='word_1_28' title='bbox 1196 605 1316 660; x_wconf 90' lang='lat' dir='ltr'><strong>illos</strong></span> <span class='ocrx_word' id='word_1_29' title='bbox 1340 603 1583 658; x_wconf 90' lang='lat' dir='ltr'><strong>modeste</strong></span> <span class='ocrx_word' id='word_1_30' title='bbox 1608 601 1838 655; x_wconf 90' lang='lat' dir='ltr'><strong>interro-</strong></span> 
     </span>
    </p>
   </div>
   <div class='ocr_carea' id='block_1_4' title="bbox 238 690 1836 771">
    <p class='ocr_par' dir='ltr' id='par_1_4' title="bbox 238 690 1836 771">
     <span class='ocr_line' id='line_1_4' title="bbox 238 690 1836 771; baseline -0.009 -12"><span class='ocrx_word' id='word_1_31' title='bbox 238 704 409 771; x_wconf 74' lang='lat' dir='ltr'><strong>gavit,</strong></span> <span class='ocrx_word' id='word_1_32' title='bbox 440 702 486 756; x_wconf 87' lang='lat' dir='ltr'><strong>si</strong></span> <span class='ocrx_word' id='word_1_33' title='bbox 519 700 644 770; x_wconf 92' lang='lat' dir='ltr'><strong>quid</strong></span> <span class='ocrx_word' id='word_1_34' title='bbox 669 699 943 755; x_wconf 89' lang='lat' dir='ltr'><strong>deferrent</strong></span> <span class='ocrx_word' id='word_1_35' title='bbox 971 696 1113 766; x_wconf 90' lang='lat' dir='ltr'><strong>quod</strong></span> <span class='ocrx_word' id='word_1_36' title='bbox 1160 694 1301 749; x_wconf 86' lang='lat' dir='ltr'><strong>foret</strong></span> <span class='ocrx_word' id='word_1_37' title='bbox 1348 690 1480 746; x_wconf 90' lang='lat' dir='ltr'><strong>utile</strong></span> <span class='ocrx_word' id='word_1_38' title='bbox 1529 690 1836 760; x_wconf 91' lang='lat' dir='ltr'><strong>quotidiano</strong></span> 
     </span>
    </p>
   </div>
   <div class='ocr_carea' id='block_1_5' title="bbox 240 782 1835 859">
    <p class='ocr_par' dir='ltr' id='par_1_5' title="bbox 240 782 1835 859">
     <span class='ocr_line' id='line_1_5' title="bbox 240 782 1835 859; baseline -0.01 -10"><span class='ocrx_word' id='word_1_39' title='bbox 240 794 367 849; x_wconf 81' lang='lat' dir='ltr'><strong>usui</strong></span> <span class='ocrx_word' id='word_1_40' title='bbox 388 792 659 855; x_wconf 64' lang='lat' dir='ltr'><strong>ecclesiae;</strong></span> <span class='ocrx_word' id='word_1_41' title='bbox 694 804 852 859; x_wconf 86' lang='lat' dir='ltr'><strong>quem</strong></span> <span class='ocrx_word' id='word_1_42' title='bbox 884 789 958 843; x_wconf 92' lang='lat' dir='ltr'><strong>illi</strong></span> <span class='ocrx_word' id='word_1_43' title='bbox 993 801 1143 841; x_wconf 86' lang='lat' dir='ltr'><strong>more</strong></span> <span class='ocrx_word' id='word_1_44' title='bbox 1168 782 1523 853; x_wconf 89' lang='lat' dir='ltr'><strong>superborum</strong></span> <span class='ocrx_word' id='word_1_45' title='bbox 1570 794 1835 849; x_wconf 81' lang='lat' dir='ltr'><strong>spernen-</strong></span> 
     </span>
    </p>
   </div>
   <div class='ocr_carea' id='block_1_6' title="bbox 242 872 1836 955">
    <p class='ocr_par' dir='ltr' id='par_1_6' title="bbox 242 872 1836 955">
     <span class='ocr_line' id='line_1_6' title="bbox 242 872 1836 955; baseline -0.01 -15"><span class='ocrx_word' id='word_1_46' title='bbox 242 898 351 951; x_wconf 90' lang='lat' dir='ltr'><strong>tes,</strong></span> <span class='ocrx_word' id='word_1_47' title='bbox 382 884 503 955; x_wconf 84' lang='lat' dir='ltr'><strong>quia</strong></span> <span class='ocrx_word' id='word_1_48' title='bbox 535 884 623 938; x_wconf 83' lang='lat' dir='ltr'><strong>vili</strong></span> <span class='ocrx_word' id='word_1_49' title='bbox 650 882 880 953; x_wconf 89' lang='lat' dir='ltr'><strong>tegmine</strong></span> <span class='ocrx_word' id='word_1_50' title='bbox 902 876 1396 950; x_wconf 87' lang='lat' dir='ltr'><strong>tegebatur,.etiam</strong></span> <span class='ocrx_word' id='word_1_51' title='bbox 1442 888 1566 931; x_wconf 91' lang='lat' dir='ltr'><strong>eum</strong></span> <span class='ocrx_word' id='word_1_52' title='bbox 1619 872 1836 940; x_wconf 87' lang='lat' dir='ltr'><strong>conspi-</strong></span> 
     </span>
    </p>
   </div>
   <div class='ocr_carea' id='block_1_7' title="bbox 240 963 1834 1045">
    <p class='ocr_par' dir='ltr' id='par_1_7' title="bbox 240 963 1834 1045">
     <span class='ocr_line' id='line_1_7' title="bbox 240 963 1834 1045; baseline -0.008 -14"><span class='ocrx_word' id='word_1_53' title='bbox 240 991 369 1031; x_wconf 75' lang='lat' dir='ltr'><strong>cere</strong></span> <span class='ocrx_word' id='word_1_54' title='bbox 398 974 842 1045; x_wconf 87' lang='lat' dir='ltr'><strong>dedignabantur.</strong></span> <span class='ocrx_word' id='word_1_55' title='bbox 871 972 1139 1028; x_wconf 69' lang='lat' dir='ltr'><strong>Cazterum</strong></span> <span class='ocrx_word' id='word_1_56' title='bbox 1192 967 1284 1023; x_wconf 90' lang='lat' dir='ltr'><strong>ille</strong></span> <span class='ocrx_word' id='word_1_57' title='bbox 1338 966 1501 1031; x_wconf 88' lang='lat' dir='ltr'><strong>Deus,</strong></span> <span class='ocrx_word' id='word_1_58' title='bbox 1534 978 1632 1034; x_wconf 88' lang='lat' dir='ltr'><strong>pro</strong></span> <span class='ocrx_word' id='word_1_59' title='bbox 1679 963 1834 1033; x_wconf 88' lang='lat' dir='ltr'><strong>cujus</strong></span> 
     </span>
    </p>
   </div>
   <div class='ocr_carea' id='block_1_8' title="bbox 241 1052 1835 1133">
    <p class='ocr_par' dir='ltr' id='par_1_8' title="bbox 241 1052 1835 1133">
     <span class='ocr_line' id='line_1_8' title="bbox 241 1052 1835 1133; baseline -0.008 -14"><span class='ocrx_word' id='word_1_60' title='bbox 241 1080 431 1120; x_wconf 84' lang='lat' dir='ltr'><strong>amore</strong></span> <span class='ocrx_word' id='word_1_61' title='bbox 455 1067 687 1133; x_wconf 90' lang='lat' dir='ltr'><strong>seipsum</strong></span> <span class='ocrx_word' id='word_1_62' title='bbox 715 1064 782 1117; x_wconf 90' lang='lat' dir='ltr'><strong>ita</strong></span> <span class='ocrx_word' id='word_1_63' title='bbox 817 1064 977 1117; x_wconf 80' lang='lat' dir='ltr'><strong>vilem</strong></span> <span class='ocrx_word' id='word_1_64' title='bbox 1002 1059 1186 1113; x_wconf 86' lang='lat' dir='ltr'><strong>habitu</strong></span> <span class='ocrx_word' id='word_1_65' title='bbox 1218 1056 1546 1120; x_wconf 91' lang='lat' dir='ltr'><strong>reddiderat,</strong></span> <span class='ocrx_word' id='word_1_66' title='bbox 1579 1052 1835 1106; x_wconf 81' lang='lat' dir='ltr'><strong>exaltavit</strong></span> 
     </span>
    </p>
   </div>
   <div class='ocr_carea' id='block_1_9' title="bbox 248 1143 1832 1226">
    <p class='ocr_par' dir='ltr' id='par_1_9' title="bbox 248 1143 1832 1226">
     <span class='ocr_line' id='line_1_9' title="bbox 248 1143 1832 1226; baseline -0.009 -15"><span class='ocrx_word' id='word_1_67' title='bbox 248 1158 399 1211; x_wconf 88' lang='lat' dir='ltr'><strong>illum</strong></span> <span class='ocrx_word' id='word_1_68' title='bbox 451 1155 544 1226; x_wconf 91' lang='lat' dir='ltr'><strong>(ut</strong></span> <span class='ocrx_word' id='word_1_69' title='bbox 566 1168 778 1221; x_wconf 89' lang='lat' dir='ltr'><strong>semper</strong></span> <span class='ocrx_word' id='word_1_70' title='bbox 810 1152 935 1207; x_wconf 89' lang='lat' dir='ltr'><strong>facit</strong></span> <span class='ocrx_word' id='word_1_71' title='bbox 962 1149 1122 1219; x_wconf 91' lang='lat' dir='ltr'><strong>suos)</strong></span> <span class='ocrx_word' id='word_1_72' title='bbox 1181 1151 1235 1204; x_wconf 92' lang='lat' dir='ltr'><strong>in</strong></span> <span class='ocrx_word' id='word_1_73' title='bbox 1286 1162 1473 1203; x_wconf 87' lang='lat' dir='ltr'><strong>eorum</strong></span> <span class='ocrx_word' id='word_1_74' title='bbox 1528 1143 1832 1214; x_wconf 82' lang='lat' dir='ltr'><strong>praesentia.</strong></span> 
     </span>
    </p>
   </div>
   <div class='ocr_carea' id='block_1_10' title="bbox 244 1237 1829 1318">
    <p class='ocr_par' dir='ltr' id='par_1_10' title="bbox 244 1237 1829 1318">
     <span class='ocr_line' id='line_1_10' title="bbox 244 1237 1829 1318; baseline -0.008 -15"><span class='ocrx_word' id='word_1_75' title='bbox 244 1249 489 1318; x_wconf 74' lang='lat' dir='ltr'><strong>Expletis</strong></span> <span class='ocrx_word' id='word_1_76' title='bbox 527 1248 667 1302; x_wconf 91' lang='lat' dir='ltr'><strong>enim</strong></span> <span class='ocrx_word' id='word_1_77' title='bbox 700 1261 844 1316; x_wconf 67' lang='lat' dir='ltr'><strong>smpe</strong></span> <span class='ocrx_word' id='word_1_78' title='bbox 888 1251 1151 1300; x_wconf 80' lang='lat' dir='ltr'><strong>Incassum</strong></span> <span class='ocrx_word' id='word_1_79' title='bbox 1208 1242 1388 1296; x_wconf 89' lang='lat' dir='ltr'><strong>multis</strong></span> <span class='ocrx_word' id='word_1_80' title='bbox 1438 1237 1829 1303; x_wconf 82' lang='lat' dir='ltr'><strong>ecnaminibus,</strong></span> 
     </span>
    </p>
   </div>
   <div class='ocr_carea' id='block_1_11' title="bbox 243 1332 1831 1403">
    <p class='ocr_par' dir='ltr' id='par_1_11' title="bbox 243 1332 1831 1403">
     <span class='ocr_line' id='line_1_11' title="bbox 243 1332 1831 1403; baseline -0.009 -7"><span class='ocrx_word' id='word_1_81' title='bbox 243 1345 425 1396; x_wconf 78' lang='lat' dir='ltr'><strong>tristes</strong></span> <span class='ocrx_word' id='word_1_82' title='bbox 454 1341 666 1396; x_wconf 77' lang='lat' dir='ltr'><strong>stabant</strong></span> <span class='ocrx_word' id='word_1_83' title='bbox 703 1350 757 1395; x_wconf 90' lang='lat' dir='ltr'><strong>et</strong></span> <span class='ocrx_word' id='word_1_84' title='bbox 810 1340 998 1403; x_wconf 90' lang='lat' dir='ltr'><strong>timidi,</strong></span> <span class='ocrx_word' id='word_1_85' title='bbox 1035 1340 1089 1392; x_wconf 91' lang='lat' dir='ltr'><strong>in</strong></span> <span class='ocrx_word' id='word_1_86' title='bbox 1135 1337 1296 1391; x_wconf 85' lang='lat' dir='ltr'><strong>inane</strong></span> <span class='ocrx_word' id='word_1_87' title='bbox 1339 1334 1551 1388; x_wconf 86' lang='lat' dir='ltr'><strong>lassatis</strong></span> <span class='ocrx_word' id='word_1_88' title='bbox 1606 1332 1831 1385; x_wconf 85' lang='lat' dir='ltr'><strong>viribus.</strong></span> 
     </span>
    </p>
   </div>
   <div class='ocr_carea' id='block_1_12' title="bbox 242 1422 1833 1503">
    <p class='ocr_par' dir='ltr' id='par_1_12' title="bbox 242 1422 1833 1503">
     <span class='ocr_line' id='line_1_12' title="bbox 242 1422 1833 1503; baseline -0.006 -16"><span class='ocrx_word' id='word_1_89' title='bbox 242 1434 395 1487; x_wconf 76' lang='lat' dir='ltr'><strong>Tunc</strong></span> <span class='ocrx_word' id='word_1_90' title='bbox 425 1447 490 1487; x_wconf 81' lang='lat' dir='ltr'><strong>ex</strong></span> <span class='ocrx_word' id='word_1_91' title='bbox 523 1435 585 1488; x_wconf 90' lang='lat' dir='ltr'><strong>iis</strong></span> <span class='ocrx_word' id='word_1_92' title='bbox 611 1432 825 1503; x_wconf 89' lang='lat' dir='ltr'><strong>quidam</strong></span> <span class='ocrx_word' id='word_1_93' title='bbox 853 1432 1134 1485; x_wconf 83' lang='lat' dir='ltr'><strong>nauclerus</strong></span> <span class='ocrx_word' id='word_1_94' title='bbox 1163 1442 1290 1482; x_wconf 90' lang='lat' dir='ltr'><strong>suos</strong></span> <span class='ocrx_word' id='word_1_95' title='bbox 1315 1426 1391 1479; x_wconf 91' lang='lat' dir='ltr'><strong>sic</strong></span> <span class='ocrx_word' id='word_1_96' title='bbox 1424 1425 1599 1479; x_wconf 89' lang='lat' dir='ltr'><strong>socios</strong></span> <span class='ocrx_word' id='word_1_97' title='bbox 1655 1422 1833 1479; x_wconf 86' lang='lat' dir='ltr'><strong>flendo</strong></span> 
     </span>
    </p>
   </div>
   <div class='ocr_carea' id='block_1_13' title="bbox 246 1516 1831 1594">
    <p class='ocr_par' dir='ltr' id='par_1_13' title="bbox 246 1516 1831 1594">
     <span class='ocr_line' id='line_1_13' title="bbox 246 1516 1831 1594; baseline -0.006 -16"><span class='ocrx_word' id='word_1_98' title='bbox 246 1526 542 1594; x_wconf 81' lang='lat' dir='ltr'><strong>alloquitur</strong></span> <span class='ocrx_word' id='word_1_99' title='bbox 571 1541 586 1578; x_wconf 86' lang='lat'><strong>:</strong></span> <span class='ocrx_word' id='word_1_100' title='bbox 622 1542 642 1575; x_wconf 64' lang='grc' dir='ltr'>ί</span> <span class='ocrx_word' id='word_1_101' title='bbox 674 1523 844 1591; x_wconf 86' lang='lat' dir='ltr'><strong>Spero</strong></span> <span class='ocrx_word' id='word_1_102' title='bbox 874 1523 1120 1591; x_wconf 84' lang='lat' dir='ltr'><strong>equidem</strong></span> <span class='ocrx_word' id='word_1_103' title='bbox 1148 1518 1615 1584; x_wconf 88' lang='lat' dir='ltr'><strong>indubitanterque</strong></span> <span class='ocrx_word' id='word_1_104' title='bbox 1646 1516 1831 1580; x_wconf 80' lang='lat' dir='ltr'><strong>credo,</strong></span> 
     </span>
    </p>
   </div>
   <div class='ocr_carea' id='block_1_14' title="bbox 243 1607 1831 1685">
    <p class='ocr_par' dir='ltr' id='par_1_14' title="bbox 243 1607 1831 1685">
     <span class='ocr_line' id='line_1_14' title="bbox 243 1607 1831 1685; baseline -0.008 -16"><span class='ocrx_word' id='word_1_105' title='bbox 243 1617 394 1671; x_wconf 89' lang='lat' dir='ltr'><strong>illum</strong></span> <span class='ocrx_word' id='word_1_106' title='bbox 421 1630 578 1685; x_wconf 90' lang='lat' dir='ltr'><strong>quem</strong></span> <span class='ocrx_word' id='word_1_107' title='bbox 611 1616 662 1668; x_wconf 93' lang='lat' dir='ltr'><strong>in</strong></span> <span class='ocrx_word' id='word_1_108' title='bbox 692 1615 872 1669; x_wconf 86' lang='lat' dir='ltr'><strong>littore</strong></span> <span class='ocrx_word' id='word_1_109' title='bbox 917 1612 1136 1667; x_wconf 85' lang='lat' dir='ltr'><strong>ecrnitis</strong></span> <span class='ocrx_word' id='word_1_110' title='bbox 1181 1610 1375 1671; x_wconf 85' lang='lat' dir='ltr'><strong>virum,</strong></span> <span class='ocrx_word' id='word_1_111' title='bbox 1405 1623 1523 1662; x_wconf 89' lang='lat' dir='ltr'><strong>esse</strong></span> <span class='ocrx_word' id='word_1_112' title='bbox 1569 1607 1831 1660; x_wconf 78' lang='lat' dir='ltr'><strong>Christia-</strong></span> 
     </span>
    </p>
   </div>
   <div class='ocr_carea' id='block_1_15' title="bbox 248 1702 1831 1772">
    <p class='ocr_par' dir='ltr' id='par_1_15' title="bbox 248 1702 1831 1772">
     <span class='ocr_line' id='line_1_15' title="bbox 248 1702 1831 1772; baseline -0.008 -10"><span class='ocrx_word' id='word_1_113' title='bbox 248 1708 550 1772; x_wconf 91' lang='lat' dir='ltr'><strong>nissimum,</strong></span> <span class='ocrx_word' id='word_1_114' title='bbox 580 1708 663 1761; x_wconf 90' lang='lat' dir='ltr'><strong>cui</strong></span> <span class='ocrx_word' id='word_1_115' title='bbox 696 1722 794 1761; x_wconf 91' lang='lat' dir='ltr'><strong>nos</strong></span> <span class='ocrx_word' id='word_1_116' title='bbox 820 1706 987 1760; x_wconf 77' lang='lat' dir='ltr'><strong>inflati</strong></span> <span class='ocrx_word' id='word_1_117' title='bbox 1039 1703 1309 1771; x_wconf 82' lang='lat' dir='ltr'><strong>superbia,</strong></span> <span class='ocrx_word' id='word_1_118' title='bbox 1340 1716 1437 1754; x_wconf 90' lang='lat' dir='ltr'><strong>nec</strong></span> <span class='ocrx_word' id='word_1_119' title='bbox 1491 1702 1652 1754; x_wconf 90' lang='lat' dir='ltr'><strong>etiam</strong></span> <span class='ocrx_word' id='word_1_120' title='bbox 1706 1713 1831 1751; x_wconf 84' lang='lat' dir='ltr'><strong>ver-</strong></span> 
     </span>
    </p>
   </div>
   <div class='ocr_carea' id='block_1_16' title="bbox 245 1789 1832 1865">
    <p class='ocr_par' dir='ltr' id='par_1_16' title="bbox 245 1789 1832 1865">
     <span class='ocr_line' id='line_1_16' title="bbox 245 1789 1832 1865; baseline -0.008 -10"><span class='ocrx_word' id='word_1_121' title='bbox 245 1802 370 1855; x_wconf 89' lang='lat' dir='ltr'><strong>bum</strong></span> <span class='ocrx_word' id='word_1_122' title='bbox 392 1799 653 1865; x_wconf 88' lang='lat' dir='ltr'><strong>fecimus;</strong></span> <span class='ocrx_word' id='word_1_123' title='bbox 679 1800 755 1853; x_wconf 91' lang='lat' dir='ltr'><strong>sic</strong></span> <span class='ocrx_word' id='word_1_124' title='bbox 788 1798 930 1853; x_wconf 91' lang='lat' dir='ltr'><strong>illius</strong></span> <span class='ocrx_word' id='word_1_125' title='bbox 956 1795 1259 1850; x_wconf 87' lang='lat' dir='ltr'><strong>humilitate</strong></span> <span class='ocrx_word' id='word_1_126' title='bbox 1300 1800 1479 1847; x_wconf 90' lang='lat' dir='ltr'><strong>nostra</strong></span> <span class='ocrx_word' id='word_1_127' title='bbox 1525 1789 1832 1844; x_wconf 89' lang='lat' dir='ltr'><strong>retunditur</strong></span> 
     </span>
    </p>
   </div>
   <div class='ocr_carea' id='block_1_17' title="bbox 1938 605 3514 674">
    <p class='ocr_par' dir='ltr' id='par_1_17' title="bbox 1938 605 3514 674">
     <span class='ocr_line' id='line_1_17' title="bbox 1938 605 3514 674; baseline 0.01 -18"><span class='ocrx_word' id='word_1_128' title='bbox 1938 605 2004 657; x_wconf 92' lang='lat' dir='ltr'><strong>tis</strong></span> <span class='ocrx_word' id='word_1_129' title='bbox 2031 606 2433 659; x_wconf 87' lang='lat' dir='ltr'><strong>strenuissimus</strong></span> <span class='ocrx_word' id='word_1_130' title='bbox 2465 621 2481 667; x_wconf 88' lang='lat'><strong>;</strong></span> <span class='ocrx_word' id='word_1_131' title='bbox 2519 606 2583 658; x_wconf 89' lang='lat' dir='ltr'><strong>ad</strong></span> <span class='ocrx_word' id='word_1_132' title='bbox 2637 607 2869 674; x_wconf 66' lang='lat' dir='ltr'><strong>regimen</strong></span> <span class='ocrx_word' id='word_1_133' title='bbox 2903 624 3031 663; x_wconf 86' lang='lat' dir='ltr'><strong>vero</strong></span> <span class='ocrx_word' id='word_1_134' title='bbox 3060 610 3277 668; x_wconf 88' lang='lat' dir='ltr'><strong>alterius</strong></span> <span class='ocrx_word' id='word_1_135' title='bbox 3305 614 3514 670; x_wconf 68' lang='lat' dir='ltr'><strong>dicace-</strong></span> 
     </span>
    </p>
   </div>
   <div class='ocr_carea' id='block_1_18' title="bbox 1935 698 3514 774">
    <p class='ocr_par' dir='ltr' id='par_1_18' title="bbox 1935 698 3514 774">
     <span class='ocr_line' id='line_1_18' title="bbox 1935 698 3514 774; baseline 0.004 -21"><span class='ocrx_word' id='word_1_136' title='bbox 1935 699 2046 761; x_wconf 90' lang='lat' dir='ltr'><strong>sis,</strong></span> <span class='ocrx_word' id='word_1_137' title='bbox 2097 700 2382 765; x_wconf 88' lang='lat' dir='ltr'><strong>primates,</strong></span> <span class='ocrx_word' id='word_1_138' title='bbox 2432 698 2561 753; x_wconf 85' lang='lat' dir='ltr'><strong>cleri</strong></span> <span class='ocrx_word' id='word_1_139' title='bbox 2602 707 2659 752; x_wconf 91' lang='lat' dir='ltr'><strong>et</strong></span> <span class='ocrx_word' id='word_1_140' title='bbox 2698 700 2910 767; x_wconf 60' lang='lat' dir='ltr'><strong>copiosa</strong></span> <span class='ocrx_word' id='word_1_141' title='bbox 2957 703 3243 759; x_wconf 90' lang='lat' dir='ltr'><strong>multitudo</strong></span> <span class='ocrx_word' id='word_1_142' title='bbox 3287 708 3468 774; x_wconf 81' lang='lat' dir='ltr'><strong>p0pu&#39;i</strong></span> <span class='ocrx_word' id='word_1_143' title='bbox 3495 747 3514 773; x_wconf 88' lang='lat'><strong>,</strong></span> 
     </span>
    </p>
   </div>
   <div class='ocr_carea' id='block_1_19' title="bbox 1936 789 3518 865">
    <p class='ocr_par' dir='ltr' id='par_1_19' title="bbox 1936 789 3518 865">
     <span class='ocr_line' id='line_1_19' title="bbox 1936 789 3518 865; baseline 0.008 -25"><span class='ocrx_word' id='word_1_144' title='bbox 1936 789 2086 857; x_wconf 82' lang='lat' dir='ltr'><strong>q‘nasi</strong></span> <span class='ocrx_word' id='word_1_145' title='bbox 2122 804 2223 842; x_wconf 89' lang='lat' dir='ltr'><strong>una</strong></span> <span class='ocrx_word' id='word_1_146' title='bbox 2266 804 2397 845; x_wconf 90' lang='lat' dir='ltr'><strong>voce</strong></span> <span class='ocrx_word' id='word_1_147' title='bbox 2436 791 2761 855; x_wconf 88' lang='lat' dir='ltr'><strong>concordes,</strong></span> <span class='ocrx_word' id='word_1_148' title='bbox 2804 792 2955 858; x_wconf 81' lang='lat' dir='ltr'><strong>juxta</strong></span> <span class='ocrx_word' id='word_1_149' title='bbox 2994 808 3259 849; x_wconf 90' lang='lat' dir='ltr'><strong>canonum</strong></span> <span class='ocrx_word' id='word_1_150' title='bbox 3302 798 3518 865; x_wconf 81' lang='lat' dir='ltr'><strong>antiqua</strong></span> 
     </span>
    </p>
   </div>
   <div class='ocr_carea' id='block_1_20' title="bbox 1938 882 3518 951">
    <p class='ocr_par' dir='ltr' id='par_1_20' title="bbox 1938 882 3518 951">
     <span class='ocr_line' id='line_1_20' title="bbox 1938 882 3518 951; baseline 0.006 -19"><span class='ocrx_word' id='word_1_151' title='bbox 1938 888 2227 947; x_wconf 67' lang='lat' dir='ltr'><strong>praacepta,</strong></span> <span class='ocrx_word' id='word_1_152' title='bbox 2260 889 2501 934; x_wconf 89' lang='lat' dir='ltr'><strong>sanctum</strong></span> <span class='ocrx_word' id='word_1_153' title='bbox 2548 882 2686 935; x_wconf 89' lang='lat' dir='ltr'><strong>hunc</strong></span> <span class='ocrx_word' id='word_1_154' title='bbox 2726 882 3001 951; x_wconf 82' lang='lat' dir='ltr'><strong>elegerunt</strong></span> <span class='ocrx_word' id='word_1_155' title='bbox 3024 885 3365 941; x_wconf 90' lang='lat' dir='ltr'><strong>Aldhelmum</strong></span> <span class='ocrx_word' id='word_1_156' title='bbox 3394 904 3407 940; x_wconf 91' lang='lat'>:</span> <span class='ocrx_word' id='word_1_157' title='bbox 3432 889 3518 942; x_wconf 90' lang='lat' dir='ltr'><strong>cui</strong></span> 
     </span>
    </p>
   </div>
   <div class='ocr_carea' id='block_1_21' title="bbox 1938 969 3519 1043">
    <p class='ocr_par' dir='ltr' id='par_1_21' title="bbox 1938 969 3519 1043">
     <span class='ocr_line' id='line_1_21' title="bbox 1938 969 3519 1043; baseline 0.006 -20"><span class='ocrx_word' id='word_1_158' title='bbox 1938 969 2041 1023; x_wconf 88' lang='lat' dir='ltr'><strong>hoc</strong></span> <span class='ocrx_word' id='word_1_159' title='bbox 2070 983 2413 1038; x_wconf 89' lang='lat' dir='ltr'><strong>summopere</strong></span> <span class='ocrx_word' id='word_1_160' title='bbox 2442 969 2853 1040; x_wconf 84' lang='lat' dir='ltr'><strong>suffragabatur,</strong></span> <span class='ocrx_word' id='word_1_161' title='bbox 2888 974 3029 1043; x_wconf 88' lang='lat' dir='ltr'><strong>quod</strong></span> <span class='ocrx_word' id='word_1_162' title='bbox 3061 988 3281 1031; x_wconf 88' lang='lat' dir='ltr'><strong>vocatus</strong></span> <span class='ocrx_word' id='word_1_163' title='bbox 3323 992 3519 1033; x_wconf 84' lang='lat' dir='ltr'><strong>renue-</strong></span> 
     </span>
    </p>
   </div>
   <div class='ocr_carea' id='block_1_22' title="bbox 1935 1060 3519 1130">
    <p class='ocr_par' dir='ltr' id='par_1_22' title="bbox 1935 1060 3519 1130">
     <span class='ocr_line' id='line_1_22' title="bbox 1935 1060 3519 1130; baseline 0.005 -16"><span class='ocrx_word' id='word_1_164' title='bbox 1935 1060 2055 1123; x_wconf 87' lang='lat' dir='ltr'><strong>bat,</strong></span> <span class='ocrx_word' id='word_1_165' title='bbox 2111 1070 2371 1115; x_wconf 84' lang='lat' dir='ltr'><strong>attractus</strong></span> <span class='ocrx_word' id='word_1_166' title='bbox 2418 1071 2674 1129; x_wconf 90' lang='lat' dir='ltr'><strong>quantum</strong></span> <span class='ocrx_word' id='word_1_167' title='bbox 2734 1072 2943 1130; x_wconf 81' lang='lat' dir='ltr'><strong>pOterat</strong></span> <span class='ocrx_word' id='word_1_168' title='bbox 3001 1065 3302 1119; x_wconf 73' lang='lat' dir='ltr'><strong>resistebat.</strong></span> <span class='ocrx_word' id='word_1_169' title='bbox 3361 1067 3519 1122; x_wconf 85' lang='lat' dir='ltr'><strong>Pater</strong></span> 
     </span>
    </p>
   </div>
   <div class='ocr_carea' id='block_1_23' title="bbox 1940 1151 3516 1221">
    <p class='ocr_par' dir='ltr' id='par_1_23' title="bbox 1940 1151 3516 1221">
     <span class='ocr_line' id='line_1_23' title="bbox 1940 1151 3516 1221; baseline 0.006 -19"><span class='ocrx_word' id='word_1_170' title='bbox 1940 1151 2144 1219; x_wconf 86' lang='lat' dir='ltr'><strong>quippe</strong></span> <span class='ocrx_word' id='word_1_171' title='bbox 2175 1151 2284 1205; x_wconf 88' lang='lat' dir='ltr'><strong>Deo</strong></span> <span class='ocrx_word' id='word_1_172' title='bbox 2315 1151 2591 1218; x_wconf 85' lang='lat' dir='ltr'><strong>amabilis,</strong></span> <span class='ocrx_word' id='word_1_173' title='bbox 2630 1166 2729 1206; x_wconf 89' lang='lat' dir='ltr'><strong>nec</strong></span> <span class='ocrx_word' id='word_1_174' title='bbox 2770 1153 3061 1211; x_wconf 89' lang='lat' dir='ltr'><strong>ambitione</strong></span> <span class='ocrx_word' id='word_1_175' title='bbox 3102 1165 3185 1211; x_wconf 88' lang='lat' dir='ltr'><strong>est</strong></span> <span class='ocrx_word' id='word_1_176' title='bbox 3226 1166 3516 1221; x_wconf 88' lang='lat' dir='ltr'><strong>attractus,</strong></span> 
     </span>
    </p>
   </div>
   <div class='ocr_carea' id='block_1_24' title="bbox 1937 1242 3520 1317">
    <p class='ocr_par' dir='ltr' id='par_1_24' title="bbox 1937 1242 3520 1317">
     <span class='ocr_line' id='line_1_24' title="bbox 1937 1242 3520 1317; baseline 0.007 -22"><span class='ocrx_word' id='word_1_177' title='bbox 1937 1257 2036 1296; x_wconf 89' lang='lat' dir='ltr'><strong>nec</strong></span> <span class='ocrx_word' id='word_1_178' title='bbox 2070 1242 2432 1297; x_wconf 88' lang='lat' dir='ltr'><strong>inobedientia</strong></span> <span class='ocrx_word' id='word_1_179' title='bbox 2471 1246 2685 1299; x_wconf 88' lang='lat' dir='ltr'><strong>tandem</strong></span> <span class='ocrx_word' id='word_1_180' title='bbox 2720 1255 3018 1314; x_wconf 87' lang='lat' dir='ltr'><strong>retractus;</strong></span> <span class='ocrx_word' id='word_1_181' title='bbox 3063 1250 3155 1303; x_wconf 90' lang='lat' dir='ltr'><strong>sed</strong></span> <span class='ocrx_word' id='word_1_182' title='bbox 3195 1250 3245 1304; x_wconf 94' lang='lat' dir='ltr'><strong>in</strong></span> <span class='ocrx_word' id='word_1_183' title='bbox 3296 1259 3520 1317; x_wconf 86' lang='lat' dir='ltr'><strong>utroque</strong></span> 
     </span>
    </p>
   </div>
   <div class='ocr_carea' id='block_1_25' title="bbox 1942 1333 3520 1399">
    <p class='ocr_par' dir='ltr' id='par_1_25' title="bbox 1942 1333 3520 1399">
     <span class='ocr_line' id='line_1_25' title="bbox 1942 1333 3520 1399; baseline 0.005 -12"><span class='ocrx_word' id='word_1_184' title='bbox 1942 1333 2179 1387; x_wconf 77' lang='lat' dir='ltr'><strong>servavit</strong></span> <span class='ocrx_word' id='word_1_185' title='bbox 2210 1334 2425 1388; x_wconf 90' lang='lat' dir='ltr'><strong>modum</strong></span> <span class='ocrx_word' id='word_1_186' title='bbox 2446 1378 2462 1399; x_wconf 92' lang='lat'><strong>,</strong></span> <span class='ocrx_word' id='word_1_187' title='bbox 2498 1336 2638 1389; x_wconf 89' lang='lat' dir='ltr'><strong>nulla</strong></span> <span class='ocrx_word' id='word_1_188' title='bbox 2672 1337 2915 1393; x_wconf 88' lang='lat' dir='ltr'><strong>bonitate</strong></span> <span class='ocrx_word' id='word_1_189' title='bbox 2945 1348 3170 1393; x_wconf 86' lang='lat' dir='ltr'><strong>remota.</strong></span> <span class='ocrx_word' id='word_1_190' title='bbox 3207 1340 3345 1396; x_wconf 82' lang='lat' dir='ltr'><strong>Vere</strong></span> <span class='ocrx_word' id='word_1_191' title='bbox 3370 1342 3422 1395; x_wconf 90' lang='lat' dir='ltr'><strong>in</strong></span> <span class='ocrx_word' id='word_1_192' title='bbox 3454 1357 3520 1395; x_wconf 90' lang='lat' dir='ltr'><strong>eo</strong></span> 
     </span>
    </p>
   </div>
   <div class='ocr_carea' id='block_1_26' title="bbox 1937 1426 3519 1500">
    <p class='ocr_par' dir='ltr' id='par_1_26' title="bbox 1937 1426 3519 1500">
     <span class='ocr_line' id='line_1_26' title="bbox 1937 1426 3519 1500; baseline 0.005 -21"><span class='ocrx_word' id='word_1_193' title='bbox 1937 1426 2141 1495; x_wconf 87' lang='lat' dir='ltr'><strong>fuerat,</strong></span> <span class='ocrx_word' id='word_1_194' title='bbox 2184 1429 2325 1497; x_wconf 91' lang='lat' dir='ltr'><strong>quod</strong></span> <span class='ocrx_word' id='word_1_195' title='bbox 2367 1429 2658 1497; x_wconf 77' lang='lat' dir='ltr'><strong>Apostolus</strong></span> <span class='ocrx_word' id='word_1_196' title='bbox 2699 1432 2937 1500; x_wconf 85' lang='lat' dir='ltr'><strong>gentium</strong></span> <span class='ocrx_word' id='word_1_197' title='bbox 2980 1432 3271 1489; x_wconf 86' lang='lat' dir='ltr'><strong>Timotheo</strong></span> <span class='ocrx_word' id='word_1_198' title='bbox 3310 1435 3519 1489; x_wconf 80' lang='lat' dir='ltr'><strong>dixerat</strong></span> 
     </span>
    </p>
   </div>
   <div class='ocr_carea' id='block_1_27' title="bbox 1936 1518 3519 1592">
    <p class='ocr_par' dir='ltr' id='par_1_27' title="bbox 1936 1518 3519 1592">
     <span class='ocr_line' id='line_1_27' title="bbox 1936 1518 3519 1592; baseline 0.005 -19"><span class='ocrx_word' id='word_1_199' title='bbox 1936 1519 1990 1573; x_wconf 86' lang='lat' dir='ltr'><strong>in</strong></span> <span class='ocrx_word' id='word_1_200' title='bbox 2020 1518 2259 1587; x_wconf 86' lang='lat' dir='ltr'><strong>Epistola</strong></span> <span class='ocrx_word' id='word_1_201' title='bbox 2292 1539 2302 1573; x_wconf 89' lang='lat'><strong><em>:</em></strong></span> <span class='ocrx_word' id='word_1_202' title='bbox 2342 1520 2550 1591; x_wconf 81' lang='lat' dir='ltr'><strong>Oportet</strong></span> <span class='ocrx_word' id='word_1_203' title='bbox 2580 1523 2869 1592; x_wconf 77' lang='lat' dir='ltr'><strong>episcopum</strong></span> <span class='ocrx_word' id='word_1_204' title='bbox 2894 1526 3386 1592; x_wconf 81' lang='lat' dir='ltr'><strong>irreprehensibilem</strong></span> <span class='ocrx_word' id='word_1_205' title='bbox 3412 1545 3519 1581; x_wconf 77' lang='lat' dir='ltr'><strong>esse</strong></span> 
     </span>
    </p>
   </div>
   <div class='ocr_carea' id='block_1_28' title="bbox 1938 1610 3515 1687">
    <p class='ocr_par' dir='ltr' id='par_1_28' title="bbox 1938 1610 3515 1687">
     <span class='ocr_line' id='line_1_28' title="bbox 1938 1610 3515 1687; baseline 0.008 -26"><span class='ocrx_word' id='word_1_206' title='bbox 1938 1610 1955 1677; x_wconf 96' lang='lat'><strong>(</strong></span> <span class='ocrx_word' id='word_1_207' title='bbox 1987 1610 2014 1661; x_wconf 92' lang='grc'><em>1</em></span> <span class='ocrx_word' id='word_1_208' title='bbox 2045 1611 2181 1664; x_wconf 82' lang='lat' dir='ltr'><strong>Tim.</strong></span> <span class='ocrx_word' id='word_1_209' title='bbox 2216 1628 2304 1674; x_wconf 90' lang='grc' dir='ltr'>ιιι,</span> <span class='ocrx_word' id='word_1_210' title='bbox 2331 1611 2365 1663; x_wconf 71' lang='lat'><strong>2</strong></span> <span class='ocrx_word' id='word_1_211' title='bbox 2388 1615 2429 1680; x_wconf 95' lang='lat'><strong>).</strong></span> <span class='ocrx_word' id='word_1_212' title='bbox 2464 1614 2516 1667; x_wconf 94' lang='lat' dir='ltr'><strong>ln</strong></span> <span class='ocrx_word' id='word_1_213' title='bbox 2548 1629 2652 1681; x_wconf 91' lang='lat' dir='ltr'><strong>quo</strong></span> <span class='ocrx_word' id='word_1_214' title='bbox 2693 1630 2799 1669; x_wconf 93' lang='lat' dir='ltr'><strong>uno</strong></span> <span class='ocrx_word' id='word_1_215' title='bbox 2839 1626 3109 1686; x_wconf 69' lang='lat' dir='ltr'><strong>praecepto</strong></span> <span class='ocrx_word' id='word_1_216' title='bbox 3150 1619 3218 1673; x_wconf 90' lang='lat' dir='ltr'><strong>ab</strong></span> <span class='ocrx_word' id='word_1_217' title='bbox 3263 1621 3515 1687; x_wconf 83' lang='lat' dir='ltr'><strong>Apostolo</strong></span> 
     </span>
    </p>
   </div>
   <div class='ocr_carea' id='block_1_29' title="bbox 1938 1701 3511 1778">
    <p class='ocr_par' dir='ltr' id='par_1_29' title="bbox 1938 1701 3511 1778">
     <span class='ocr_line' id='line_1_29' title="bbox 1938 1701 3511 1778; baseline 0.006 -24"><span class='ocrx_word' id='word_1_218' title='bbox 1938 1701 2065 1755; x_wconf 90' lang='lat' dir='ltr'><strong>dato</strong></span> <span class='ocrx_word' id='word_1_219' title='bbox 2095 1702 2274 1755; x_wconf 90' lang='lat' dir='ltr'><strong>omnia</strong></span> <span class='ocrx_word' id='word_1_220' title='bbox 2306 1704 2687 1772; x_wconf 90' lang='lat' dir='ltr'><strong>subsequentia</strong></span> <span class='ocrx_word' id='word_1_221' title='bbox 2717 1707 3084 1771; x_wconf 85' lang='lat' dir='ltr'><strong>continentur,</strong></span> <span class='ocrx_word' id='word_1_222' title='bbox 3129 1710 3374 1778; x_wconf 84' lang='lat' dir='ltr'><strong>quamvis</strong></span> <span class='ocrx_word' id='word_1_223' title='bbox 3418 1725 3511 1777; x_wconf 87' lang='lat' dir='ltr'><strong>pro</strong></span> 
     </span>
    </p>
   </div>
   <div class='ocr_carea' id='block_1_30' title="bbox 1938 1791 3515 1867">
    <p class='ocr_par' dir='ltr' id='par_1_30' title="bbox 1938 1791 3515 1867">
     <span class='ocr_line' id='line_1_30' title="bbox 1938 1791 3515 1867; baseline 0.006 -24"><span class='ocrx_word' id='word_1_224' title='bbox 1938 1791 2211 1848; x_wconf 89' lang='lat' dir='ltr'><strong>intellectu</strong></span> <span class='ocrx_word' id='word_1_225' title='bbox 2240 1794 2449 1863; x_wconf 82' lang='lat' dir='ltr'><strong>singula</strong></span> <span class='ocrx_word' id='word_1_226' title='bbox 2482 1808 2587 1847; x_wconf 93' lang='lat' dir='ltr'><strong>non</strong></span> <span class='ocrx_word' id='word_1_227' title='bbox 2623 1797 2985 1850; x_wconf 80' lang='lat' dir='ltr'><strong>nominentur.</strong></span> <span class='ocrx_word' id='word_1_228' title='bbox 3020 1798 3123 1851; x_wconf 83' lang='lat' dir='ltr'><strong>Iste</strong></span> <span class='ocrx_word' id='word_1_229' title='bbox 3166 1814 3423 1867; x_wconf 86' lang='lat' dir='ltr'><strong>namque,</strong></span> <span class='ocrx_word' id='word_1_230' title='bbox 3455 1809 3515 1854; x_wconf 88' lang='lat' dir='ltr'><strong>ut</strong></span> 
     </span>
    </p>
   </div>
   <div class='ocr_carea' id='block_1_31' title="bbox 242 1879 3512 1958">
    <p class='ocr_par' dir='ltr' id='par_1_31' title="bbox 242 1879 3512 1958">
     <span class='ocr_line' id='line_1_31' title="bbox 242 1879 3512 1958; baseline -0.003 -16"><span class='ocrx_word' id='word_1_231' title='bbox 242 1888 527 1957; x_wconf 86' lang='lat' dir='ltr'><strong>superbia,</strong></span> <span class='ocrx_word' id='word_1_232' title='bbox 561 1888 702 1941; x_wconf 88' lang='lat' dir='ltr'><strong>illius</strong></span> <span class='ocrx_word' id='word_1_233' title='bbox 748 1888 1014 1956; x_wconf 83' lang='lat' dir='ltr'><strong>probitate</strong></span> <span class='ocrx_word' id='word_1_234' title='bbox 1043 1892 1222 1937; x_wconf 88' lang='lat' dir='ltr'><strong>nostra</strong></span> <span class='ocrx_word' id='word_1_235' title='bbox 1257 1882 1553 1935; x_wconf 85' lang='lat' dir='ltr'><strong>conteritur</strong></span> <span class='ocrx_word' id='word_1_236' title='bbox 1593 1879 1827 1948; x_wconf 84' lang='lat' dir='ltr'><strong>pertina-</strong></span> <span class='ocrx_word' id='word_1_237' title='bbox 1861 1882 1908 1940; x_wconf 87' lang='grc' dir='ltr'><strong>Β</strong></span> <span class='ocrx_word' id='word_1_238' title='bbox 1936 1884 2003 1938; x_wconf 80' lang='lat' dir='ltr'><strong>de</strong></span> <span class='ocrx_word' id='word_1_239' title='bbox 2042 1884 2200 1939; x_wconf 80' lang='lat' dir='ltr'><strong>bonis</strong></span> <span class='ocrx_word' id='word_1_240' title='bbox 2241 1887 2474 1952; x_wconf 53' lang='lat' dir='ltr'><strong>praelatis</strong></span> <span class='ocrx_word' id='word_1_241' title='bbox 2504 1887 2577 1940; x_wconf 61' lang='lat' dir='ltr'><strong>ait</strong></span> <span class='ocrx_word' id='word_1_242' title='bbox 2611 1896 2828 1941; x_wconf 60' lang='lat' dir='ltr'><strong>sanctus</strong></span> <span class='ocrx_word' id='word_1_243' title='bbox 2858 1889 3175 1958; x_wconf 57' lang='lat' dir='ltr'><strong>Gregorius,</strong></span> <span class='ocrx_word' id='word_1_244' title='bbox 3208 1890 3344 1943; x_wconf 55' lang='lat' dir='ltr'><strong>sicut</strong></span> <span class='ocrx_word' id='word_1_245' title='bbox 3373 1906 3512 1958; x_wconf 65' lang='lat' dir='ltr'><strong>pm-</strong></span> 
     </span>
    </p>
   </div>
   <div class='ocr_carea' id='block_1_32' title="bbox 240 1972 1825 2045">
    <p class='ocr_par' dir='ltr' id='par_1_32' title="bbox 240 1972 1825 2045">
     <span class='ocr_line' id='line_1_32' title="bbox 240 1972 1825 2045; baseline -0.005 -12"><span class='ocrx_word' id='word_1_246' title='bbox 240 1983 345 2034; x_wconf 90' lang='lat' dir='ltr'><strong>cia.</strong></span> <span class='ocrx_word' id='word_1_247' title='bbox 378 1978 513 2045; x_wconf 83' lang='lat' dir='ltr'><strong>Quid</strong></span> <span class='ocrx_word' id='word_1_248' title='bbox 549 1994 677 2033; x_wconf 89' lang='lat' dir='ltr'><strong>vero</strong></span> <span class='ocrx_word' id='word_1_249' title='bbox 720 1992 859 2030; x_wconf 90' lang='lat' dir='ltr'><strong>nunc</strong></span> <span class='ocrx_word' id='word_1_250' title='bbox 912 1991 1131 2045; x_wconf 80' lang='lat' dir='ltr'><strong>agamus</strong></span> <span class='ocrx_word' id='word_1_251' title='bbox 1184 1975 1385 2039; x_wconf 85' lang='lat' dir='ltr'><strong>nescio,</strong></span> <span class='ocrx_word' id='word_1_252' title='bbox 1414 1972 1514 2026; x_wconf 88' lang='lat' dir='ltr'><strong>nisi</strong></span> <span class='ocrx_word' id='word_1_253' title='bbox 1561 1981 1621 2025; x_wconf 93' lang='lat' dir='ltr'><strong>ut</strong></span> <span class='ocrx_word' id='word_1_254' title='bbox 1666 1972 1825 2025; x_wconf 85' lang='lat' dir='ltr'><strong>corde</strong></span> 
     </span>
    </p>
   </div>
   <div class='ocr_carea' id='block_1_33' title="bbox 245 2065 1826 2140">
    <p class='ocr_par' dir='ltr' id='par_1_33' title="bbox 245 2065 1826 2140">
     <span class='ocr_line' id='line_1_33' title="bbox 245 2065 1826 2140; baseline -0.005 -16"><span class='ocrx_word' id='word_1_255' title='bbox 245 2085 382 2140; x_wconf 82' lang='lat' dir='ltr'><strong>puro</strong></span> <span class='ocrx_word' id='word_1_256' title='bbox 436 2070 789 2138; x_wconf 87' lang='lat' dir='ltr'><strong>deprecemur</strong></span> <span class='ocrx_word' id='word_1_257' title='bbox 844 2069 1009 2136; x_wconf 83' lang='lat' dir='ltr'><strong>ipsius</strong></span> <span class='ocrx_word' id='word_1_258' title='bbox 1057 2065 1511 2130; x_wconf 89' lang='lat' dir='ltr'><strong>misericordiam,</strong></span> <span class='ocrx_word' id='word_1_259' title='bbox 1563 2075 1826 2132; x_wconf 89' lang='lat' dir='ltr'><strong>quatenus</strong></span> 
     </span>
    </p>
   </div>
   <div class='ocr_carea' id='block_1_34' title="bbox 246 2153 1829 2228">
    <p class='ocr_par' dir='ltr' id='par_1_34' title="bbox 246 2153 1829 2228">
     <span class='ocr_line' id='line_1_34' title="bbox 246 2153 1829 2228; baseline -0.006 -13"><span class='ocrx_word' id='word_1_260' title='bbox 246 2161 473 2215; x_wconf 91' lang='lat' dir='ltr'><strong>devotus</strong></span> <span class='ocrx_word' id='word_1_261' title='bbox 492 2160 606 2214; x_wconf 90' lang='lat' dir='ltr'><strong>suis</strong></span> <span class='ocrx_word' id='word_1_262' title='bbox 632 2159 876 2228; x_wconf 88' lang='lat' dir='ltr'><strong>precibus</strong></span> <span class='ocrx_word' id='word_1_263' title='bbox 905 2158 1058 2211; x_wconf 91' lang='lat' dir='ltr'><strong>nobis</strong></span> <span class='ocrx_word' id='word_1_264' title='bbox 1102 2158 1339 2225; x_wconf 87' lang='lat' dir='ltr'><strong>placatus</strong></span> <span class='ocrx_word' id='word_1_265' title='bbox 1380 2155 1521 2209; x_wconf 89' lang='lat' dir='ltr'><strong>Deus</strong></span> <span class='ocrx_word' id='word_1_266' title='bbox 1564 2153 1829 2209; x_wconf 90' lang='lat' dir='ltr'><strong>concedat</strong></span> 
     </span>
    </p>
   </div>
   <div class='ocr_carea' id='block_1_35' title="bbox 244 2247 1826 2322">
    <p class='ocr_par' dir='ltr' id='par_1_35' title="bbox 244 2247 1826 2322">
     <span class='ocr_line' id='line_1_35' title="bbox 244 2247 1826 2322; baseline -0.006 -15"><span class='ocrx_word' id='word_1_267' title='bbox 244 2266 431 2322; x_wconf 87' lang='lat' dir='ltr'><strong>portus</strong></span> <span class='ocrx_word' id='word_1_268' title='bbox 455 2262 510 2307; x_wconf 89' lang='lat' dir='ltr'><strong>et</strong></span> <span class='ocrx_word' id='word_1_269' title='bbox 537 2254 733 2307; x_wconf 87' lang='lat' dir='ltr'><strong>littora.</strong></span> <span class='ocrx_word' id='word_1_270' title='bbox 751 2270 769 2302; x_wconf 75' lang='grc' dir='ltr'><strong>ι</strong></span> <span class='ocrx_word' id='word_1_271' title='bbox 802 2249 936 2304; x_wconf 91' lang='lat' dir='ltr'><strong>lnito</strong></span> <span class='ocrx_word' id='word_1_272' title='bbox 959 2265 1078 2304; x_wconf 80' lang='lat' dir='ltr'><strong>mox</strong></span> <span class='ocrx_word' id='word_1_273' title='bbox 1102 2248 1349 2313; x_wconf 84' lang='lat' dir='ltr'><strong>consilio,</strong></span> <span class='ocrx_word' id='word_1_274' title='bbox 1375 2255 1618 2300; x_wconf 88' lang='lat' dir='ltr'><strong>sanctum</strong></span> <span class='ocrx_word' id='word_1_275' title='bbox 1652 2247 1826 2298; x_wconf 88' lang='lat' dir='ltr'><strong>virum</strong></span> 
     </span>
    </p>
   </div>
   <div class='ocr_carea' id='block_1_36' title="bbox 242 2335 1828 2408">
    <p class='ocr_par' dir='ltr' id='par_1_36' title="bbox 242 2335 1828 2408">
     <span class='ocr_line' id='line_1_36' title="bbox 242 2335 1828 2408; baseline -0.008 -9"><span class='ocrx_word' id='word_1_276' title='bbox 242 2343 603 2400; x_wconf 87' lang='lat' dir='ltr'><strong>consternatis</strong></span> <span class='ocrx_word' id='word_1_277' title='bbox 648 2342 917 2397; x_wconf 87' lang='lat' dir='ltr'><strong>mentibus</strong></span> <span class='ocrx_word' id='word_1_278' title='bbox 964 2340 1274 2408; x_wconf 82' lang='lat' dir='ltr'><strong>suppliciter</strong></span> <span class='ocrx_word' id='word_1_279' title='bbox 1324 2346 1532 2407; x_wconf 90' lang='lat' dir='ltr'><strong>rogant,</strong></span> <span class='ocrx_word' id='word_1_280' title='bbox 1564 2336 1702 2404; x_wconf 85' lang='lat' dir='ltr'><strong>quod</strong></span> <span class='ocrx_word' id='word_1_281' title='bbox 1760 2335 1828 2387; x_wconf 88' lang='lat' dir='ltr'><strong>ad</strong></span> 
     </span>
    </p>
   </div>
   <div class='ocr_carea' id='block_1_37' title="bbox 240 2428 1828 2504">
    <p class='ocr_par' dir='ltr' id='par_1_37' title="bbox 240 2428 1828 2504">
     <span class='ocr_line' id='line_1_37' title="bbox 240 2428 1828 2504; baseline -0.006 -13"><span class='ocrx_word' id='word_1_282' title='bbox 240 2450 340 2491; x_wconf 90' lang='lat' dir='ltr'><strong>eos</strong></span> <span class='ocrx_word' id='word_1_283' title='bbox 371 2436 552 2490; x_wconf 89' lang='lat' dir='ltr'><strong>venire</strong></span> <span class='ocrx_word' id='word_1_284' title='bbox 582 2434 767 2504; x_wconf 90' lang='lat' dir='ltr'><strong>eisque</strong></span> <span class='ocrx_word' id='word_1_285' title='bbox 788 2447 945 2501; x_wconf 78' lang='lat' dir='ltr'><strong>apem</strong></span> <span class='ocrx_word' id='word_1_286' title='bbox 994 2432 1132 2487; x_wconf 84' lang='lat' dir='ltr'><strong>ferre</strong></span> <span class='ocrx_word' id='word_1_287' title='bbox 1180 2430 1291 2485; x_wconf 84' lang='lat' dir='ltr'><strong>suis</strong></span> <span class='ocrx_word' id='word_1_288' title='bbox 1342 2428 1675 2484; x_wconf 86' lang='lat' dir='ltr'><strong>orationibus</strong></span> <span class='ocrx_word' id='word_1_289' title='bbox 1722 2441 1828 2481; x_wconf 92' lang='lat' dir='ltr'><strong>non</strong></span> 
     </span>
    </p>
   </div>
   <div class='ocr_carea' id='block_1_38' title="bbox 241 2518 1830 2592">
    <p class='ocr_par' dir='ltr' id='par_1_38' title="bbox 241 2518 1830 2592">
     <span class='ocr_line' id='line_1_38' title="bbox 241 2518 1830 2592; baseline -0.006 -11"><span class='ocrx_word' id='word_1_290' title='bbox 241 2525 498 2591; x_wconf 85' lang='lat' dir='ltr'><strong>dilTerat,</strong></span> <span class='ocrx_word' id='word_1_291' title='bbox 550 2538 849 2592; x_wconf 92' lang='lat' dir='ltr'><strong>eorumque</strong></span> <span class='ocrx_word' id='word_1_292' title='bbox 901 2523 1166 2591; x_wconf 87' lang='lat' dir='ltr'><strong>inspicere</strong></span> <span class='ocrx_word' id='word_1_293' title='bbox 1219 2520 1469 2587; x_wconf 84' lang='lat' dir='ltr'><strong>scapham</strong></span> <span class='ocrx_word' id='word_1_294' title='bbox 1499 2559 1515 2586; x_wconf 88' lang='lat'><strong>,</strong></span> <span class='ocrx_word' id='word_1_295' title='bbox 1546 2518 1830 2584; x_wconf 84' lang='lat' dir='ltr'><strong>officioque</strong></span> 
     </span>
    </p>
   </div>
   <div class='ocr_carea' id='block_1_39' title="bbox 240 2609 1829 2687">
    <p class='ocr_par' dir='ltr' id='par_1_39' title="bbox 240 2609 1829 2687">
     <span class='ocr_line' id='line_1_39' title="bbox 240 2609 1829 2687; baseline -0.007 -13"><span class='ocrx_word' id='word_1_296' title='bbox 240 2633 365 2686; x_wconf 92' lang='lat' dir='ltr'><strong>suo,</strong></span> <span class='ocrx_word' id='word_1_297' title='bbox 395 2618 438 2671; x_wconf 89' lang='lat' dir='ltr'><strong>si</strong></span> <span class='ocrx_word' id='word_1_298' title='bbox 462 2615 589 2687; x_wconf 91' lang='lat' dir='ltr'><strong>quid</strong></span> <span class='ocrx_word' id='word_1_299' title='bbox 619 2616 746 2669; x_wconf 89' lang='lat' dir='ltr'><strong>utile</strong></span> <span class='ocrx_word' id='word_1_300' title='bbox 770 2614 967 2679; x_wconf 89' lang='lat' dir='ltr'><strong>fuerit,</strong></span> <span class='ocrx_word' id='word_1_301' title='bbox 991 2614 1233 2680; x_wconf 88' lang='lat' dir='ltr'><strong>accipere</strong></span> <span class='ocrx_word' id='word_1_302' title='bbox 1254 2625 1361 2665; x_wconf 93' lang='lat' dir='ltr'><strong>non</strong></span> <span class='ocrx_word' id='word_1_303' title='bbox 1401 2618 1632 2665; x_wconf 88' lang='lat' dir='ltr'><strong>recuset.</strong></span> <span class='ocrx_word' id='word_1_304' title='bbox 1679 2609 1829 2663; x_wconf 84' lang='lat' dir='ltr'><strong>Tunc</strong></span> 
     </span>
    </p>
   </div>
   <div class='ocr_carea' id='block_1_40' title="bbox 246 2699 1825 2771">
    <p class='ocr_par' dir='ltr' id='par_1_40' title="bbox 246 2699 1825 2771">
     <span class='ocr_line' id='line_1_40' title="bbox 246 2699 1825 2771; baseline -0.006 -9"><span class='ocrx_word' id='word_1_305' title='bbox 246 2709 345 2763; x_wconf 85' lang='lat' dir='ltr'><strong>Dei</strong></span> <span class='ocrx_word' id='word_1_306' title='bbox 374 2706 625 2771; x_wconf 88' lang='lat' dir='ltr'><strong>famulus,</strong></span> <span class='ocrx_word' id='word_1_307' title='bbox 657 2718 765 2759; x_wconf 89' lang='lat' dir='ltr'><strong>non</strong></span> <span class='ocrx_word' id='word_1_308' title='bbox 797 2703 1005 2757; x_wconf 83' lang='lat' dir='ltr'><strong>illectus</strong></span> <span class='ocrx_word' id='word_1_309' title='bbox 1032 2701 1296 2770; x_wconf 89' lang='lat' dir='ltr'><strong>promisso</strong></span> <span class='ocrx_word' id='word_1_310' title='bbox 1337 2700 1405 2753; x_wconf 92' lang='lat' dir='ltr'><strong>ab</strong></span> <span class='ocrx_word' id='word_1_311' title='bbox 1462 2699 1526 2753; x_wconf 88' lang='lat' dir='ltr'><strong>iis</strong></span> <span class='ocrx_word' id='word_1_312' title='bbox 1583 2712 1825 2759; x_wconf 85' lang='lat' dir='ltr'><strong>munere,</strong></span> 
     </span>
    </p>
   </div>
   <div class='ocr_carea' id='block_1_41' title="bbox 243 2788 1826 2865">
    <p class='ocr_par' dir='ltr' id='par_1_41' title="bbox 243 2788 1826 2865">
     <span class='ocr_line' id='line_1_41' title="bbox 243 2788 1826 2865; baseline -0.009 -12"><span class='ocrx_word' id='word_1_313' title='bbox 243 2799 344 2853; x_wconf 87' lang='lat' dir='ltr'><strong>sed</strong></span> <span class='ocrx_word' id='word_1_314' title='bbox 374 2798 495 2865; x_wconf 88' lang='lat' dir='ltr'><strong>quia</strong></span> <span class='ocrx_word' id='word_1_315' title='bbox 527 2796 794 2850; x_wconf 87' lang='lat' dir='ltr'><strong>charitate</strong></span> <span class='ocrx_word' id='word_1_316' title='bbox 822 2791 1111 2862; x_wconf 80' lang='lat' dir='ltr'><strong>cogebatur</strong></span> <span class='ocrx_word' id='word_1_317' title='bbox 1156 2790 1220 2845; x_wconf 92' lang='lat' dir='ltr'><strong>iis</strong></span> <span class='ocrx_word' id='word_1_318' title='bbox 1265 2798 1522 2858; x_wconf 82' lang='lat' dir='ltr'><strong>praestare</strong></span> <span class='ocrx_word' id='word_1_319' title='bbox 1549 2788 1826 2851; x_wconf 81' lang='lat' dir='ltr'><strong>auxilium,</strong></span> 
     </span>
    </p>
   </div>
   <div class='ocr_carea' id='block_1_42' title="bbox 244 2878 1830 2958">
    <p class='ocr_par' dir='ltr' id='par_1_42' title="bbox 244 2878 1830 2958">
     <span class='ocr_line' id='line_1_42' title="bbox 244 2878 1830 2958; baseline -0.006 -15"><span class='ocrx_word' id='word_1_320' title='bbox 244 2887 559 2958; x_wconf 88' lang='lat' dir='ltr'><strong>sagenulam</strong></span> <span class='ocrx_word' id='word_1_321' title='bbox 592 2884 858 2949; x_wconf 88' lang='lat' dir='ltr'><strong>ascendit,</strong></span> <span class='ocrx_word' id='word_1_322' title='bbox 883 2893 940 2939; x_wconf 89' lang='lat' dir='ltr'><strong>et</strong></span> <span class='ocrx_word' id='word_1_323' title='bbox 967 2897 1062 2937; x_wconf 92' lang='lat' dir='ltr'><strong>eos</strong></span> <span class='ocrx_word' id='word_1_324' title='bbox 1085 2884 1339 2936; x_wconf 92' lang='lat' dir='ltr'><strong>continuo</strong></span> <span class='ocrx_word' id='word_1_325' title='bbox 1368 2896 1475 2936; x_wconf 93' lang='lat' dir='ltr'><strong>non</strong></span> <span class='ocrx_word' id='word_1_326' title='bbox 1512 2878 1830 2949; x_wconf 75' lang='lat' dir='ltr'><strong>dedignatus</strong></span> 
     </span>
    </p>
   </div>
   <div class='ocr_carea' id='block_1_43' title="bbox 241 2971 1829 3033">
    <p class='ocr_par' dir='ltr' id='par_1_43' title="bbox 241 2971 1829 3033">
     <span class='ocr_line' id='line_1_43' title="bbox 241 2971 1829 3033; baseline -0.006 0"><span class='ocrx_word' id='word_1_327' title='bbox 241 2978 451 3033; x_wconf 86' lang='lat' dir='ltr'><strong>adivit:</strong></span> <span class='ocrx_word' id='word_1_328' title='bbox 485 2976 664 3032; x_wconf 84' lang='lat' dir='ltr'><strong>statim</strong></span> <span class='ocrx_word' id='word_1_329' title='bbox 694 2984 869 3030; x_wconf 88' lang='lat' dir='ltr'><strong>autem</strong></span> <span class='ocrx_word' id='word_1_330' title='bbox 916 2983 973 3028; x_wconf 93' lang='lat' dir='ltr'><strong>ut</strong></span> <span class='ocrx_word' id='word_1_331' title='bbox 998 2984 1213 3028; x_wconf 85' lang='lat' dir='ltr'><strong>sanctus</strong></span> <span class='ocrx_word' id='word_1_332' title='bbox 1242 2973 1332 3027; x_wconf 86' lang='lat' dir='ltr'><strong>ille</strong></span> <span class='ocrx_word' id='word_1_333' title='bbox 1378 2971 1677 3025; x_wconf 88' lang='lat' dir='ltr'><strong>naviculam</strong></span> <span class='ocrx_word' id='word_1_334' title='bbox 1733 2984 1829 3025; x_wconf 91' lang='lat' dir='ltr'><strong>suo</strong></span> 
     </span>
    </p>
   </div>
   <div class='ocr_carea' id='block_1_44' title="bbox 242 3061 1828 3137">
    <p class='ocr_par' dir='ltr' id='par_1_44' title="bbox 242 3061 1828 3137">
     <span class='ocr_line' id='line_1_44' title="bbox 242 3061 1828 3137; baseline -0.006 -14"><span class='ocrx_word' id='word_1_335' title='bbox 242 3082 473 3137; x_wconf 87' lang='lat' dir='ltr'><strong>corpore</strong></span> <span class='ocrx_word' id='word_1_336' title='bbox 491 3065 822 3136; x_wconf 87' lang='lat' dir='ltr'><strong>ponderavit,</strong></span> <span class='ocrx_word' id='word_1_337' title='bbox 842 3064 1109 3119; x_wconf 88' lang='lat' dir='ltr'><strong>turbatum</strong></span> <span class='ocrx_word' id='word_1_338' title='bbox 1132 3064 1276 3134; x_wconf 91' lang='lat' dir='ltr'><strong>prius</strong></span> <span class='ocrx_word' id='word_1_339' title='bbox 1296 3078 1467 3129; x_wconf 89' lang='lat' dir='ltr'><strong>mare,</strong></span> <span class='ocrx_word' id='word_1_340' title='bbox 1485 3061 1828 3130; x_wconf 89' lang='lat' dir='ltr'><strong>tranquillum</strong></span> 
     </span>
    </p>
   </div>
   <div class='ocr_carea' id='block_1_45' title="bbox 244 3151 1829 3228">
    <p class='ocr_par' dir='ltr' id='par_1_45' title="bbox 244 3151 1829 3228">
     <span class='ocr_line' id='line_1_45' title="bbox 244 3151 1829 3228; baseline -0.007 -14"><span class='ocrx_word' id='word_1_341' title='bbox 244 3158 317 3214; x_wconf 80' lang='lat' dir='ltr'><strong>ad</strong></span> <span class='ocrx_word' id='word_1_342' title='bbox 367 3157 730 3228; x_wconf 86' lang='lat' dir='ltr'><strong>navigandum</strong></span> <span class='ocrx_word' id='word_1_343' title='bbox 782 3170 842 3211; x_wconf 91' lang='lat' dir='ltr'><strong>se</strong></span> <span class='ocrx_word' id='word_1_344' title='bbox 901 3154 1147 3225; x_wconf 77' lang='lat' dir='ltr'><strong>praebuit.</strong></span> <span class='ocrx_word' id='word_1_345' title='bbox 1210 3152 1300 3209; x_wconf 86' lang='lat' dir='ltr'><strong>Sic</strong></span> <span class='ocrx_word' id='word_1_346' title='bbox 1352 3151 1519 3206; x_wconf 88' lang='lat' dir='ltr'><strong>Deum</strong></span> <span class='ocrx_word' id='word_1_347' title='bbox 1565 3154 1620 3205; x_wconf 89' lang='lat' dir='ltr'><strong>in</strong></span> <span class='ocrx_word' id='word_1_348' title='bbox 1673 3164 1829 3205; x_wconf 86' lang='lat' dir='ltr'><strong>servo</strong></span> 
     </span>
    </p>
   </div>
   <div class='ocr_carea' id='block_1_46' title="bbox 1933 1977 3511 2052">
    <p class='ocr_par' dir='ltr' id='par_1_46' title="bbox 1933 1977 3511 2052">
     <span class='ocr_line' id='line_1_46' title="bbox 1933 1977 3511 2052; baseline 0.003 -21"><span class='ocrx_word' id='word_1_349' title='bbox 1933 1986 2049 2031; x_wconf 90' lang='lat' dir='ltr'><strong>erat</strong></span> <span class='ocrx_word' id='word_1_350' title='bbox 2079 1978 2131 2031; x_wconf 92' lang='lat' dir='ltr'><strong>in</strong></span> <span class='ocrx_word' id='word_1_351' title='bbox 2164 1977 2387 2033; x_wconf 87' lang='lat' dir='ltr'><strong>honoris</strong></span> <span class='ocrx_word' id='word_1_352' title='bbox 2418 1979 2687 2045; x_wconf 86' lang='lat' dir='ltr'><strong>culmine,</strong></span> <span class='ocrx_word' id='word_1_353' title='bbox 2722 1980 2793 2034; x_wconf 90' lang='lat' dir='ltr'><strong>ita</strong></span> <span class='ocrx_word' id='word_1_354' title='bbox 2823 1981 3164 2051; x_wconf 66' lang='lat' dir='ltr'><strong>praecedebat</strong></span> <span class='ocrx_word' id='word_1_355' title='bbox 3191 1981 3292 2035; x_wconf 90' lang='lat' dir='ltr'><strong>sibi</strong></span> <span class='ocrx_word' id='word_1_356' title='bbox 3325 1982 3511 2052; x_wconf 82' lang='lat' dir='ltr'><strong>subje-</strong></span> 
     </span>
    </p>
   </div>
   <div class='ocr_carea' id='block_1_47' title="bbox 1933 2070 3513 2140">
    <p class='ocr_par' dir='ltr' id='par_1_47' title="bbox 1933 2070 3513 2140">
     <span class='ocr_line' id='line_1_47' title="bbox 1933 2070 3513 2140; baseline 0.002 -17"><span class='ocrx_word' id='word_1_357' title='bbox 1933 2080 2051 2124; x_wconf 87' lang='lat' dir='ltr'><strong>ctos</strong></span> <span class='ocrx_word' id='word_1_358' title='bbox 2102 2072 2154 2123; x_wconf 91' lang='lat' dir='ltr'><strong>in</strong></span> <span class='ocrx_word' id='word_1_359' title='bbox 2203 2072 2444 2124; x_wconf 87' lang='lat' dir='ltr'><strong>omnium</strong></span> <span class='ocrx_word' id='word_1_360' title='bbox 2496 2070 2793 2125; x_wconf 89' lang='lat' dir='ltr'><strong>bonitatum</strong></span> <span class='ocrx_word' id='word_1_361' title='bbox 2836 2072 3204 2139; x_wconf 76' lang='lat' dir='ltr'><strong>amplitudine.</strong></span> <span class='ocrx_word' id='word_1_362' title='bbox 3247 2072 3513 2140; x_wconf 88' lang='lat' dir='ltr'><strong>Quidquid</strong></span> 
     </span>
    </p>
   </div>
   <div class='ocr_carea' id='block_1_48' title="bbox 1935 2164 3516 2234">
    <p class='ocr_par' dir='ltr' id='par_1_48' title="bbox 1935 2164 3516 2234">
     <span class='ocr_line' id='line_1_48' title="bbox 1935 2164 3516 2234; baseline 0.004 -19"><span class='ocrx_word' id='word_1_363' title='bbox 1935 2164 2077 2216; x_wconf 90' lang='lat' dir='ltr'><strong>enim</strong></span> <span class='ocrx_word' id='word_1_364' title='bbox 2111 2180 2203 2218; x_wconf 91' lang='lat' dir='ltr'><strong>ore</strong></span> <span class='ocrx_word' id='word_1_365' title='bbox 2238 2164 2597 2232; x_wconf 85' lang='lat' dir='ltr'><strong>praedicabat,</strong></span> <span class='ocrx_word' id='word_1_366' title='bbox 2632 2165 2779 2231; x_wconf 90' lang='lat' dir='ltr'><strong>prius</strong></span> <span class='ocrx_word' id='word_1_367' title='bbox 2810 2180 2972 2234; x_wconf 89' lang='lat' dir='ltr'><strong>opere</strong></span> <span class='ocrx_word' id='word_1_368' title='bbox 3001 2166 3117 2220; x_wconf 83' lang='lat' dir='ltr'><strong>sine</strong></span> <span class='ocrx_word' id='word_1_369' title='bbox 3146 2167 3393 2221; x_wconf 86' lang='lat' dir='ltr'><strong>elationis</strong></span> <span class='ocrx_word' id='word_1_370' title='bbox 3435 2178 3516 2221; x_wconf 90' lang='lat' dir='ltr'><strong>tu-</strong></span> 
     </span>
    </p>
   </div>
   <div class='ocr_carea' id='block_1_49' title="bbox 1936 2252 3517 2325">
    <p class='ocr_par' dir='ltr' id='par_1_49' title="bbox 1936 2252 3517 2325">
     <span class='ocr_line' id='line_1_49' title="bbox 1936 2252 3517 2325; baseline 0.004 -20"><span class='ocrx_word' id='word_1_371' title='bbox 1936 2268 2086 2305; x_wconf 90' lang='lat' dir='ltr'><strong>more</strong></span> <span class='ocrx_word' id='word_1_372' title='bbox 2118 2253 2580 2321; x_wconf 71' lang='lat' dir='ltr'><strong>prmmonstrabat.</strong></span> <span class='ocrx_word' id='word_1_373' title='bbox 2614 2252 2714 2319; x_wconf 87' lang='lat' dir='ltr'><strong>Qui</strong></span> <span class='ocrx_word' id='word_1_374' title='bbox 2744 2254 2870 2307; x_wconf 91' lang='lat' dir='ltr'><strong>dum</strong></span> <span class='ocrx_word' id='word_1_375' title='bbox 2902 2256 3265 2325; x_wconf 81' lang='lat' dir='ltr'><strong>episcopatum</strong></span> <span class='ocrx_word' id='word_1_376' title='bbox 3299 2272 3393 2325; x_wconf 89' lang='lat' dir='ltr'><strong>per</strong></span> <span class='ocrx_word' id='word_1_377' title='bbox 3420 2273 3517 2311; x_wconf 86' lang='lat' dir='ltr'><strong>an-</strong></span> 
     </span>
    </p>
   </div>
   <div class='ocr_carea' id='block_1_50' title="bbox 1936 2344 3515 2414">
    <p class='ocr_par' dir='ltr' id='par_1_50' title="bbox 1936 2344 3515 2414">
     <span class='ocr_line' id='line_1_50' title="bbox 1936 2344 3515 2414; baseline 0.003 -16"><span class='ocrx_word' id='word_1_378' title='bbox 1936 2360 2036 2398; x_wconf 85' lang='lat' dir='ltr'><strong>nos</strong></span> <span class='ocrx_word' id='word_1_379' title='bbox 2066 2352 2296 2412; x_wconf 88' lang='lat' dir='ltr'><strong>quatuor</strong></span> <span class='ocrx_word' id='word_1_380' title='bbox 2326 2344 2771 2399; x_wconf 89' lang='lat' dir='ltr'><strong>strenuosissime</strong></span> <span class='ocrx_word' id='word_1_381' title='bbox 2804 2347 3065 2409; x_wconf 78' lang='lat' dir='ltr'><strong>rexisset,</strong></span> <span class='ocrx_word' id='word_1_382' title='bbox 3094 2347 3351 2414; x_wconf 82' lang='lat' dir='ltr'><strong>episcopii</strong></span> <span class='ocrx_word' id='word_1_383' title='bbox 3394 2349 3515 2403; x_wconf 77' lang='lat' dir='ltr'><strong>offi-</strong></span> 
     </span>
    </p>
   </div>
   <div class='ocr_carea' id='block_1_51' title="bbox 1934 2432 3518 2501">
    <p class='ocr_par' dir='ltr' id='par_1_51' title="bbox 1934 2432 3518 2501">
     <span class='ocr_line' id='line_1_51' title="bbox 1934 2432 3518 2501; baseline 0.004 -17"><span class='ocrx_word' id='word_1_384' title='bbox 1934 2432 2059 2497; x_wconf 91' lang='lat' dir='ltr'><strong>cio,</strong></span> <span class='ocrx_word' id='word_1_385' title='bbox 2093 2432 2476 2495; x_wconf 70' lang='lat' dir='ltr'><strong>monasteriis,</strong></span> <span class='ocrx_word' id='word_1_386' title='bbox 2509 2448 2628 2501; x_wconf 75' lang='lat' dir='ltr'><strong>qure</strong></span> <span class='ocrx_word' id='word_1_387' title='bbox 2660 2433 2973 2501; x_wconf 84' lang='lat' dir='ltr'><strong>providente</strong></span> <span class='ocrx_word' id='word_1_388' title='bbox 3020 2435 3193 2488; x_wconf 83' lang='lat' dir='ltr'><strong>divina</strong></span> <span class='ocrx_word' id='word_1_389' title='bbox 3236 2437 3518 2491; x_wconf 81' lang='lat' dir='ltr'><strong>clenn-ntia</strong></span> 
     </span>
    </p>
   </div>
   <div class='ocr_carea' id='block_1_52' title="bbox 1938 2523 3521 2594">
    <p class='ocr_par' dir='ltr' id='par_1_52' title="bbox 1938 2523 3521 2594">
     <span class='ocr_line' id='line_1_52' title="bbox 1938 2523 3521 2594; baseline 0.001 -19"><span class='ocrx_word' id='word_1_390' title='bbox 1938 2530 2063 2577; x_wconf 85' lang='lat' dir='ltr'><strong>ante</strong></span> <span class='ocrx_word' id='word_1_391' title='bbox 2096 2523 2147 2576; x_wconf 89' lang='lat' dir='ltr'><strong>id</strong></span> <span class='ocrx_word' id='word_1_392' title='bbox 2180 2523 2339 2577; x_wconf 81' lang='lat' dir='ltr'><strong>officii</strong></span> <span class='ocrx_word' id='word_1_393' title='bbox 2383 2525 2806 2592; x_wconf 81' lang='lat' dir='ltr'><strong>gnbernaverat,</strong></span> <span class='ocrx_word' id='word_1_394' title='bbox 2852 2534 3031 2591; x_wconf 81' lang='lat' dir='ltr'><strong>patres</strong></span> <span class='ocrx_word' id='word_1_395' title='bbox 3074 2542 3385 2594; x_wconf 76' lang='lat' dir='ltr'><strong>praeponere</strong></span> <span class='ocrx_word' id='word_1_396' title='bbox 3427 2545 3521 2580; x_wconf 78' lang='lat' dir='ltr'><strong>vn—</strong></span> 
     </span>
    </p>
   </div>
   <div class='ocr_carea' id='block_1_53' title="bbox 1938 2613 3520 2686">
    <p class='ocr_par' dir='ltr' id='par_1_53' title="bbox 1938 2613 3520 2686">
     <span class='ocr_line' id='line_1_53' title="bbox 1938 2613 3520 2686; baseline 0.003 -19"><span class='ocrx_word' id='word_1_397' title='bbox 1938 2616 2053 2669; x_wconf 88' lang='lat' dir='ltr'><strong>luit.</strong></span> <span class='ocrx_word' id='word_1_398' title='bbox 2096 2613 2362 2670; x_wconf 74' lang='lat' dir='ltr'><strong>Cmterutn</strong></span> <span class='ocrx_word' id='word_1_399' title='bbox 2409 2617 2496 2682; x_wconf 89' lang='lat' dir='ltr'><strong>pia</strong></span> <span class='ocrx_word' id='word_1_400' title='bbox 2541 2616 3013 2686; x_wconf 88' lang='lat' dir='ltr'><strong>congregatiouum</strong></span> <span class='ocrx_word' id='word_1_401' title='bbox 3057 2618 3371 2685; x_wconf 77' lang='lat' dir='ltr'><strong>multitudo,</strong></span> <span class='ocrx_word' id='word_1_402' title='bbox 3420 2621 3520 2673; x_wconf 89' lang='lat' dir='ltr'><strong>sub</strong></span> 
     </span>
    </p>
   </div>
   <div class='ocr_carea' id='block_1_54' title="bbox 1939 2704 3518 2775">
    <p class='ocr_par' dir='ltr' id='par_1_54' title="bbox 1939 2704 3518 2775">
     <span class='ocr_line' id='line_1_54' title="bbox 1939 2704 3518 2775; baseline 0.003 -18"><span class='ocrx_word' id='word_1_403' title='bbox 1939 2706 2027 2771; x_wconf 89' lang='lat' dir='ltr'><strong>pio</strong></span> <span class='ocrx_word' id='word_1_404' title='bbox 2077 2713 2227 2773; x_wconf 86' lang='lat' dir='ltr'><strong>patre</strong></span> <span class='ocrx_word' id='word_1_405' title='bbox 2274 2706 2523 2758; x_wconf 84' lang='lat' dir='ltr'><strong>victitans</strong></span> <span class='ocrx_word' id='word_1_406' title='bbox 2574 2704 2823 2771; x_wconf 78' lang='lat' dir='ltr'><strong>feliciter,</strong></span> <span class='ocrx_word' id='word_1_407' title='bbox 2864 2709 3068 2775; x_wconf 89' lang='lat' dir='ltr'><strong>respuit</strong></span> <span class='ocrx_word' id='word_1_408' title='bbox 3113 2722 3178 2761; x_wconf 88' lang='lat' dir='ltr'><strong>eo</strong></span> <span class='ocrx_word' id='word_1_409' title='bbox 3229 2713 3518 2774; x_wconf 80' lang='lat' dir='ltr'><strong>superstite</strong></span> 
     </span>
    </p>
   </div>
   <div class='ocr_carea' id='block_1_55' title="bbox 1936 2794 3522 2865">
    <p class='ocr_par' dir='ltr' id='par_1_55' title="bbox 1936 2794 3522 2865">
     <span class='ocr_line' id='line_1_55' title="bbox 1936 2794 3522 2865; baseline 0.004 -20"><span class='ocrx_word' id='word_1_410' title='bbox 1936 2794 2101 2848; x_wconf 88' lang='lat' dir='ltr'><strong>alium</strong></span> <span class='ocrx_word' id='word_1_411' title='bbox 2138 2802 2332 2862; x_wconf 70' lang='lat' dir='ltr'><strong>praeter</strong></span> <span class='ocrx_word' id='word_1_412' title='bbox 2363 2810 2483 2849; x_wconf 91' lang='lat' dir='ltr'><strong>eum</strong></span> <span class='ocrx_word' id='word_1_413' title='bbox 2518 2794 2715 2850; x_wconf 87' lang='lat' dir='ltr'><strong>habere</strong></span> <span class='ocrx_word' id='word_1_414' title='bbox 2744 2808 3046 2865; x_wconf 91' lang='lat' dir='ltr'><strong>patronum.</strong></span> <span class='ocrx_word' id='word_1_415' title='bbox 3083 2798 3229 2853; x_wconf 91' lang='lat' dir='ltr'><strong>Tunc</strong></span> <span class='ocrx_word' id='word_1_416' title='bbox 3268 2799 3350 2852; x_wconf 93' lang='lat' dir='ltr'><strong>vir</strong></span> <span class='ocrx_word' id='word_1_417' title='bbox 3390 2814 3522 2853; x_wconf 84' lang='lat' dir='ltr'><strong>san-</strong></span> 
     </span>
    </p>
   </div>
   <div class='ocr_carea' id='block_1_56' title="bbox 1938 2886 3520 2956">
    <p class='ocr_par' dir='ltr' id='par_1_56' title="bbox 1938 2886 3520 2956">
     <span class='ocr_line' id='line_1_56' title="bbox 1938 2886 3520 2956; baseline 0.003 -17"><span class='ocrx_word' id='word_1_418' title='bbox 1938 2894 2076 2952; x_wconf 92' lang='lat' dir='ltr'><strong>ctus,</strong></span> <span class='ocrx_word' id='word_1_419' title='bbox 2106 2900 2293 2941; x_wconf 91' lang='lat' dir='ltr'><strong>eorum</strong></span> <span class='ocrx_word' id='word_1_420' title='bbox 2328 2886 2761 2956; x_wconf 82' lang='lat' dir='ltr'><strong>benignissimatn</strong></span> <span class='ocrx_word' id='word_1_421' title='bbox 2783 2889 3133 2944; x_wconf 86' lang='lat' dir='ltr'><strong>considerans</strong></span> <span class='ocrx_word' id='word_1_422' title='bbox 3163 2891 3520 2953; x_wconf 82' lang='lat' dir='ltr'><strong>voluntatem,</strong></span> 
     </span>
    </p>
   </div>
   <div class='ocr_carea' id='block_1_57' title="bbox 1940 2976 3521 3048">
    <p class='ocr_par' dir='ltr' id='par_1_57' title="bbox 1940 2976 3521 3048">
     <span class='ocr_line' id='line_1_57' title="bbox 1940 2976 3521 3048; baseline 0.003 -17"><span class='ocrx_word' id='word_1_423' title='bbox 1940 2976 2301 3048; x_wconf 90' lang='lat' dir='ltr'><strong>ponendoqne</strong></span> <span class='ocrx_word' id='word_1_424' title='bbox 2333 2979 2498 3033; x_wconf 89' lang='lat' dir='ltr'><strong>alium</strong></span> <span class='ocrx_word' id='word_1_425' title='bbox 2519 3020 2533 3043; x_wconf 92' lang='lat'><strong>,</strong></span> <span class='ocrx_word' id='word_1_426' title='bbox 2573 2981 2766 3034; x_wconf 87' lang='lat' dir='ltr'><strong>timens</strong></span> <span class='ocrx_word' id='word_1_427' title='bbox 2796 2981 2996 3036; x_wconf 89' lang='lat' dir='ltr'><strong>ordinis</strong></span> <span class='ocrx_word' id='word_1_428' title='bbox 3023 2983 3279 3037; x_wconf 87' lang='lat' dir='ltr'><strong>collidere</strong></span> <span class='ocrx_word' id='word_1_429' title='bbox 3319 2986 3521 3038; x_wconf 85' lang='lat' dir='ltr'><strong>stabili-</strong></span> 
     </span>
    </p>
   </div>
   <div class='ocr_carea' id='block_1_58' title="bbox 1942 3070 3522 3147">
    <p class='ocr_par' dir='ltr' id='par_1_58' title="bbox 1942 3070 3522 3147">
     <span class='ocr_line' id='line_1_58' title="bbox 1942 3070 3522 3147; baseline 0.006 -25"><span class='ocrx_word' id='word_1_430' title='bbox 1942 3077 2138 3137; x_wconf 88' lang='lat' dir='ltr'><strong>tatem,</strong></span> <span class='ocrx_word' id='word_1_431' title='bbox 2171 3070 2338 3126; x_wconf 85' lang='lat' dir='ltr'><strong>abbas</strong></span> <span class='ocrx_word' id='word_1_432' title='bbox 2361 3112 2375 3136; x_wconf 96' lang='lat'><strong>,</strong></span> <span class='ocrx_word' id='word_1_433' title='bbox 2406 3081 2467 3125; x_wconf 90' lang='lat' dir='ltr'><strong>ut</strong></span> <span class='ocrx_word' id='word_1_434' title='bbox 2497 3075 2643 3141; x_wconf 86' lang='lat' dir='ltr'><strong>prius</strong></span> <span class='ocrx_word' id='word_1_435' title='bbox 2675 3074 2877 3139; x_wconf 86' lang='lat' dir='ltr'><strong>fuerat,</strong></span> <span class='ocrx_word' id='word_1_436' title='bbox 2911 3075 2975 3128; x_wconf 88' lang='lat' dir='ltr'><strong>iis</strong></span> <span class='ocrx_word' id='word_1_437' title='bbox 3017 3078 3276 3131; x_wconf 89' lang='lat' dir='ltr'><strong>remansit</strong></span> <span class='ocrx_word' id='word_1_438' title='bbox 3308 3095 3318 3129; x_wconf 92' lang='lat'>:</span> <span class='ocrx_word' id='word_1_439' title='bbox 3362 3089 3522 3147; x_wconf 85' lang='lat' dir='ltr'><strong>atque</strong></span> 
     </span>
    </p>
   </div>
   <div class='ocr_carea' id='block_1_59' title="bbox 1943 3157 3520 3235">
    <p class='ocr_par' dir='ltr' id='par_1_59' title="bbox 1943 3157 3520 3235">
     <span class='ocr_line' id='line_1_59' title="bbox 1943 3157 3520 3235; baseline 0.007 -23"><span class='ocrx_word' id='word_1_440' title='bbox 1943 3157 2033 3213; x_wconf 90' lang='lat' dir='ltr'><strong>lna</strong></span> <span class='ocrx_word' id='word_1_441' title='bbox 2067 3174 2192 3230; x_wconf 87' lang='lat' dir='ltr'><strong>rege</strong></span> <span class='ocrx_word' id='word_1_442' title='bbox 2220 3162 2593 3217; x_wconf 89' lang='lat' dir='ltr'><strong>consentiente</strong></span> <span class='ocrx_word' id='word_1_443' title='bbox 2618 3203 2633 3228; x_wconf 92' lang='lat'><strong>,</strong></span> <span class='ocrx_word' id='word_1_444' title='bbox 2680 3173 2733 3217; x_wconf 92' lang='lat' dir='ltr'><strong>et</strong></span> <span class='ocrx_word' id='word_1_445' title='bbox 2773 3164 3096 3233; x_wconf 74' lang='lat' dir='ltr'><strong>coepiscopo</strong></span> <span class='ocrx_word' id='word_1_446' title='bbox 3139 3166 3256 3235; x_wconf 84' lang='lat' dir='ltr'><strong>ejus</strong></span> <span class='ocrx_word' id='word_1_447' title='bbox 3299 3167 3520 3223; x_wconf 82' lang='lat' dir='ltr'><strong>Daniele</strong></span> 
     </span>
    </p>
   </div>
   <div class='ocr_carea' id='block_1_60' title="bbox 243 3231 3521 3326">
    <p class='ocr_par' dir='ltr' id='par_1_60' title="bbox 243 3231 3521 3326">
     <span class='ocr_line' id='line_1_60' title="bbox 243 3231 3521 3326; baseline -0.002 -21"><span class='ocrx_word' id='word_1_448' title='bbox 243 3248 520 3305; x_wconf 88' lang='lat' dir='ltr'><strong>laudando</strong></span> <span class='ocrx_word' id='word_1_449' title='bbox 543 3249 755 3305; x_wconf 73' lang='lat' dir='ltr'><strong>nautica</strong></span> <span class='ocrx_word' id='word_1_450' title='bbox 784 3247 1070 3303; x_wconf 90' lang='lat' dir='ltr'><strong>multitudo</strong></span> <span class='ocrx_word' id='word_1_451' title='bbox 1099 3244 1321 3300; x_wconf 86' lang='lat' dir='ltr'><strong>intravit</strong></span> <span class='ocrx_word' id='word_1_452' title='bbox 1349 3252 1559 3313; x_wconf 88' lang='lat' dir='ltr'><strong>portum</strong></span> <span class='ocrx_word' id='word_1_453' title='bbox 1589 3257 1713 3298; x_wconf 88' lang='lat' dir='ltr'><strong>cum</strong></span> <span class='ocrx_word' id='word_1_454' title='bbox 1741 3243 1832 3299; x_wconf 82' lang='lat' dir='ltr'><strong>lac-</strong></span> <span class='ocrx_word' id='word_1_455' title='bbox 1862 3231 1909 3295; x_wconf 91' lang='lat' dir='ltr'><strong>C</strong></span> <span class='ocrx_word' id='word_1_456' title='bbox 1944 3254 2297 3319; x_wconf 66' lang='grc' dir='ltr'><strong>ιεειίηοειηιρ,</strong></span> <span class='ocrx_word' id='word_1_457' title='bbox 2345 3270 2410 3309; x_wconf 69' lang='lat' dir='ltr'><strong>ne</strong></span> <span class='ocrx_word' id='word_1_458' title='bbox 2458 3255 2654 3323; x_wconf 63' lang='lat' dir='ltr'><strong>aliquis</strong></span> <span class='ocrx_word' id='word_1_459' title='bbox 2694 3231 3078 3311; x_wconf 38' lang='lat' dir='ltr'><strong>ecclesiastica,</strong></span> <span class='ocrx_word' id='word_1_460' title='bbox 3122 3231 3396 3326; x_wconf 47' lang='lat' dir='ltr'><strong>dignitatis</strong></span> <span class='ocrx_word' id='word_1_461' title='bbox 3438 3263 3521 3313; x_wconf 70' lang='grc' dir='ltr'><strong>νει</strong></span> 
     </span>
    </p>
   </div>
   <div class='ocr_carea' id='block_1_61' title="bbox 244 3342 381 3397">
    <p class='ocr_par' dir='ltr' id='par_1_61' title="bbox 244 3342 381 3397">
     <span class='ocr_line' id='line_1_61' title="bbox 244 3342 381 3397; baseline -0.022 0"><span class='ocrx_word' id='word_1_462' title='bbox 244 3342 381 3397; x_wconf 91' lang='lat' dir='ltr'><strong>titia.</strong></span> 
     </span>
    </p>
   </div>
   <div class='ocr_carea' id='block_1_62' title="bbox 319 3431 1833 3497">
    <p class='ocr_par' dir='ltr' id='par_1_62' title="bbox 319 3431 1833 3497">
     <span class='ocr_line' id='line_1_62' title="bbox 319 3431 1833 3497; baseline -0.003 -9"><span class='ocrx_word' id='word_1_463' title='bbox 319 3432 444 3489; x_wconf 79' lang='lat' dir='ltr'><strong>Mox</strong></span> <span class='ocrx_word' id='word_1_464' title='bbox 469 3433 547 3489; x_wconf 89' lang='lat' dir='ltr'><strong>illi</strong></span> <span class='ocrx_word' id='word_1_465' title='bbox 573 3431 808 3490; x_wconf 70' lang='lat' dir='ltr'><strong>oll‘erunt</strong></span> <span class='ocrx_word' id='word_1_466' title='bbox 831 3446 1020 3490; x_wconf 89' lang='lat' dir='ltr'><strong>sancto</strong></span> <span class='ocrx_word' id='word_1_467' title='bbox 1049 3434 1294 3490; x_wconf 88' lang='lat' dir='ltr'><strong>volumen</strong></span> <span class='ocrx_word' id='word_1_468' title='bbox 1315 3472 1329 3497; x_wconf 91' lang='lat'><strong>,</strong></span> <span class='ocrx_word' id='word_1_469' title='bbox 1370 3431 1544 3487; x_wconf 79' lang='lat' dir='ltr'><strong>Veteri</strong></span> <span class='ocrx_word' id='word_1_470' title='bbox 1577 3445 1639 3484; x_wconf 91' lang='lat' dir='ltr'><strong>ac</strong></span> <span class='ocrx_word' id='word_1_471' title='bbox 1684 3431 1833 3485; x_wconf 84' lang='lat' dir='ltr'><strong>Novo</strong></span> 
     </span>
    </p>
   </div>
   <div class='ocr_carea' id='block_1_63' title="bbox 244 3522 1832 3597">
    <p class='ocr_par' dir='ltr' id='par_1_63' title="bbox 244 3522 1832 3597">
     <span class='ocr_line' id='line_1_63' title="bbox 244 3522 1832 3597; baseline -0.008 -12"><span class='ocrx_word' id='word_1_472' title='bbox 244 3532 599 3585; x_wconf 84' lang='lat' dir='ltr'><strong>Testamento</strong></span> <span class='ocrx_word' id='word_1_473' title='bbox 639 3536 1024 3597; x_wconf 88' lang='lat' dir='ltr'><strong>compactum:</strong></span> <span class='ocrx_word' id='word_1_474' title='bbox 1069 3533 1288 3579; x_wconf 89' lang='lat' dir='ltr'><strong>sanctus</strong></span> <span class='ocrx_word' id='word_1_475' title='bbox 1333 3537 1461 3578; x_wconf 88' lang='lat' dir='ltr'><strong>vero</strong></span> <span class='ocrx_word' id='word_1_476' title='bbox 1506 3522 1832 3576; x_wconf 86' lang='lat' dir='ltr'><strong>oblationem</strong></span> 
     </span>
    </p>
   </div>
   <div class='ocr_carea' id='block_1_64' title="bbox 246 3615 1833 3693">
    <p class='ocr_par' dir='ltr' id='par_1_64' title="bbox 246 3615 1833 3693">
     <span class='ocr_line' id='line_1_64' title="bbox 246 3615 1833 3693; baseline -0.006 -16"><span class='ocrx_word' id='word_1_477' title='bbox 246 3639 355 3678; x_wconf 90' lang='lat' dir='ltr'><strong>non</strong></span> <span class='ocrx_word' id='word_1_478' title='bbox 407 3623 641 3693; x_wconf 89' lang='lat' dir='ltr'><strong>respuit,</strong></span> <span class='ocrx_word' id='word_1_479' title='bbox 688 3631 743 3676; x_wconf 91' lang='lat' dir='ltr'><strong>et</strong></span> <span class='ocrx_word' id='word_1_480' title='bbox 780 3636 995 3676; x_wconf 88' lang='lat' dir='ltr'><strong>suarum</strong></span> <span class='ocrx_word' id='word_1_481' title='bbox 1040 3633 1218 3674; x_wconf 85' lang='lat' dir='ltr'><strong>rerum</strong></span> <span class='ocrx_word' id='word_1_482' title='bbox 1263 3616 1467 3685; x_wconf 83' lang='lat' dir='ltr'><strong>majora</strong></span> <span class='ocrx_word' id='word_1_483' title='bbox 1505 3615 1572 3669; x_wconf 89' lang='lat' dir='ltr'><strong>iis</strong></span> <span class='ocrx_word' id='word_1_484' title='bbox 1616 3628 1833 3669; x_wconf 90' lang='lat' dir='ltr'><strong>munera</strong></span> 
     </span>
    </p>
   </div>
   <div class='ocr_carea' id='block_1_65' title="bbox 247 3706 1833 3784">
    <p class='ocr_par' dir='ltr' id='par_1_65' title="bbox 247 3706 1833 3784">
     <span class='ocr_line' id='line_1_65' title="bbox 247 3706 1833 3784; baseline -0.006 -15"><span class='ocrx_word' id='word_1_485' title='bbox 247 3713 514 3783; x_wconf 64' lang='lat' dir='ltr'><strong>praebuit,</strong></span> <span class='ocrx_word' id='word_1_486' title='bbox 552 3726 857 3784; x_wconf 88' lang='lat' dir='ltr'><strong>quanquam</strong></span> <span class='ocrx_word' id='word_1_487' title='bbox 887 3712 1129 3776; x_wconf 89' lang='lat' dir='ltr'><strong>nollent;</strong></span> <span class='ocrx_word' id='word_1_488' title='bbox 1161 3725 1228 3765; x_wconf 90' lang='lat' dir='ltr'><strong>ne</strong></span> <span class='ocrx_word' id='word_1_489' title='bbox 1259 3708 1426 3778; x_wconf 91' lang='lat' dir='ltr'><strong>(quod</strong></span> <span class='ocrx_word' id='word_1_490' title='bbox 1455 3706 1614 3776; x_wconf 90' lang='lat' dir='ltr'><strong>absit)</strong></span> <span class='ocrx_word' id='word_1_491' title='bbox 1644 3706 1833 3775; x_wconf 86' lang='lat' dir='ltr'><strong>aliquis</strong></span> 
     </span>
    </p>
   </div>
   <div class='ocr_carea' id='block_1_66' title="bbox 256 3797 1832 3875">
    <p class='ocr_par' dir='ltr' id='par_1_66' title="bbox 256 3797 1832 3875">
     <span class='ocr_line' id='line_1_66' title="bbox 256 3797 1832 3875; baseline -0.006 -15"><span class='ocrx_word' id='word_1_492' title='bbox 256 3805 581 3875; x_wconf 73' lang='lat' dir='ltr'><strong>intelligeret</strong></span> <span class='ocrx_word' id='word_1_493' title='bbox 622 3812 801 3858; x_wconf 89' lang='lat' dir='ltr'><strong>actum</strong></span> <span class='ocrx_word' id='word_1_494' title='bbox 843 3816 964 3857; x_wconf 90' lang='lat' dir='ltr'><strong>esse</strong></span> <span class='ocrx_word' id='word_1_495' title='bbox 1004 3802 1180 3870; x_wconf 82' lang='lat' dir='ltr'><strong>pretio</strong></span> <span class='ocrx_word' id='word_1_496' title='bbox 1217 3800 1359 3869; x_wconf 92' lang='lat' dir='ltr'><strong>quod</strong></span> <span class='ocrx_word' id='word_1_497' title='bbox 1389 3800 1453 3854; x_wconf 90' lang='lat' dir='ltr'><strong>iis</strong></span> <span class='ocrx_word' id='word_1_498' title='bbox 1481 3813 1688 3853; x_wconf 88' lang='lat' dir='ltr'><strong>summa</strong></span> <span class='ocrx_word' id='word_1_499' title='bbox 1716 3797 1832 3867; x_wconf 83' lang='lat' dir='ltr'><strong>ejus</strong></span> 
     </span>
    </p>
   </div>
   <div class='ocr_carea' id='block_1_67' title="bbox 241 3892 1830 3972">
    <p class='ocr_par' dir='ltr' id='par_1_67' title="bbox 241 3892 1830 3972">
     <span class='ocr_line' id='line_1_67' title="bbox 241 3892 1830 3972; baseline -0.005 -19"><span class='ocrx_word' id='word_1_500' title='bbox 241 3900 550 3972; x_wconf 69' lang='lat' dir='ltr'><strong>praebuerat</strong></span> <span class='ocrx_word' id='word_1_501' title='bbox 576 3898 819 3954; x_wconf 89' lang='lat' dir='ltr'><strong>devotio.</strong></span> <span class='ocrx_word' id='word_1_502' title='bbox 842 3896 961 3963; x_wconf 89' lang='lat' dir='ltr'><strong>Quo</strong></span> <span class='ocrx_word' id='word_1_503' title='bbox 989 3896 1126 3960; x_wconf 88' lang='lat' dir='ltr'><strong>viso,</strong></span> <span class='ocrx_word' id='word_1_504' title='bbox 1156 3894 1273 3962; x_wconf 88' lang='lat' dir='ltr'><strong>ejus</strong></span> <span class='ocrx_word' id='word_1_505' title='bbox 1304 3893 1554 3963; x_wconf 87' lang='lat' dir='ltr'><strong>prostrati</strong></span> <span class='ocrx_word' id='word_1_506' title='bbox 1586 3892 1830 3961; x_wconf 83' lang='lat' dir='ltr'><strong>pedibus,</strong></span> 
     </span>
    </p>
   </div>
   <div class='ocr_carea' id='block_1_68' title="bbox 243 3983 1833 4061">
    <p class='ocr_par' dir='ltr' id='par_1_68' title="bbox 243 3983 1833 4061">
     <span class='ocr_line' id='line_1_68' title="bbox 243 3983 1833 4061; baseline -0.008 -13"><span class='ocrx_word' id='word_1_507' title='bbox 243 3990 515 4061; x_wconf 79' lang='lat' dir='ltr'><strong>rogabant</strong></span> <span class='ocrx_word' id='word_1_508' title='bbox 542 3998 602 4043; x_wconf 91' lang='lat' dir='ltr'><strong>ut</strong></span> <span class='ocrx_word' id='word_1_509' title='bbox 627 4002 723 4043; x_wconf 89' lang='lat' dir='ltr'><strong>eos</strong></span> <span class='ocrx_word' id='word_1_510' title='bbox 753 3988 866 4042; x_wconf 91' lang='lat' dir='ltr'><strong>Deo</strong></span> <span class='ocrx_word' id='word_1_511' title='bbox 893 3986 1006 4041; x_wconf 87' lang='lat' dir='ltr'><strong>suis</strong></span> <span class='ocrx_word' id='word_1_512' title='bbox 1037 3985 1287 4055; x_wconf 87' lang='lat' dir='ltr'><strong>precibus</strong></span> <span class='ocrx_word' id='word_1_513' title='bbox 1323 3983 1749 4038; x_wconf 87' lang='lat' dir='ltr'><strong>commendaret.</strong></span> <span class='ocrx_word' id='word_1_514' title='bbox 1789 3984 1833 4036; x_wconf 88' lang='grc' dir='ltr'>υ</span> 
     </span>
    </p>
   </div>
   <div class='ocr_carea' id='block_1_69' title="bbox 246 4074 1833 4147">
    <p class='ocr_par' dir='ltr' id='par_1_69' title="bbox 246 4074 1833 4147">
     <span class='ocr_line' id='line_1_69' title="bbox 246 4074 1833 4147; baseline -0.004 -12"><span class='ocrx_word' id='word_1_515' title='bbox 246 4082 423 4135; x_wconf 82' lang='lat' dir='ltr'><strong>virum</strong></span> <span class='ocrx_word' id='word_1_516' title='bbox 478 4080 746 4134; x_wconf 87' lang='lat' dir='ltr'><strong>charitate</strong></span> <span class='ocrx_word' id='word_1_517' title='bbox 800 4078 1058 4132; x_wconf 85' lang='lat' dir='ltr'><strong>refertum</strong></span> <span class='ocrx_word' id='word_1_518' title='bbox 1090 4117 1107 4144; x_wconf 91' lang='lat'><strong>,</strong></span> <span class='ocrx_word' id='word_1_519' title='bbox 1166 4075 1368 4147; x_wconf 86' lang='lat' dir='ltr'><strong>pietate</strong></span> <span class='ocrx_word' id='word_1_520' title='bbox 1424 4074 1685 4143; x_wconf 83' lang='lat' dir='ltr'><strong>plenum!</strong></span> <span class='ocrx_word' id='word_1_521' title='bbox 1742 4074 1833 4143; x_wconf 91' lang='lat' dir='ltr'><strong>qui</strong></span> 
     </span>
    </p>
   </div>
   <div class='ocr_carea' id='block_1_70' title="bbox 244 4160 1835 4242">
    <p class='ocr_par' dir='ltr' id='par_1_70' title="bbox 244 4160 1835 4242">
     <span class='ocr_line' id='line_1_70' title="bbox 244 4160 1835 4242; baseline -0.007 -11"><span class='ocrx_word' id='word_1_522' title='bbox 244 4176 391 4231; x_wconf 85' lang='lat' dir='ltr'><strong>beati</strong></span> <span class='ocrx_word' id='word_1_523' title='bbox 436 4173 645 4228; x_wconf 85' lang='lat' dir='ltr'><strong>Nicolai</strong></span> <span class='ocrx_word' id='word_1_524' title='bbox 690 4171 917 4242; x_wconf 89' lang='lat' dir='ltr'><strong>vestigia</strong></span> <span class='ocrx_word' id='word_1_525' title='bbox 958 4180 1174 4227; x_wconf 89' lang='lat' dir='ltr'><strong>secutus</strong></span> <span class='ocrx_word' id='word_1_526' title='bbox 1202 4210 1219 4238; x_wconf 94' lang='lat'><strong>,</strong></span> <span class='ocrx_word' id='word_1_527' title='bbox 1258 4182 1312 4226; x_wconf 94' lang='lat' dir='ltr'><strong>et</strong></span> <span class='ocrx_word' id='word_1_528' title='bbox 1364 4180 1552 4224; x_wconf 86' lang='lat' dir='ltr'><strong>nautas</strong></span> <span class='ocrx_word' id='word_1_529' title='bbox 1596 4160 1835 4237; x_wconf 83' lang='lat' dir='ltr'><strong>periculo</strong></span> 
     </span>
    </p>
   </div>
   <div class='ocr_carea' id='block_1_71' title="bbox 245 4264 1835 4337">
    <p class='ocr_par' dir='ltr' id='par_1_71' title="bbox 245 4264 1835 4337">
     <span class='ocr_line' id='line_1_71' title="bbox 245 4264 1835 4337; baseline -0.004 -13"><span class='ocrx_word' id='word_1_530' title='bbox 245 4268 527 4334; x_wconf 88' lang='lat' dir='ltr'><strong>liberavit,</strong></span> <span class='ocrx_word' id='word_1_531' title='bbox 570 4278 624 4323; x_wconf 91' lang='lat' dir='ltr'><strong>et</strong></span> <span class='ocrx_word' id='word_1_532' title='bbox 657 4266 784 4337; x_wconf 88' lang='lat' dir='ltr'><strong>quid</strong></span> <span class='ocrx_word' id='word_1_533' title='bbox 829 4268 967 4320; x_wconf 82' lang='lat' dir='ltr'><strong>Dens</strong></span> <span class='ocrx_word' id='word_1_534' title='bbox 1011 4274 1328 4336; x_wconf 88' lang='lat' dir='ltr'><strong>operaretur</strong></span> <span class='ocrx_word' id='word_1_535' title='bbox 1364 4279 1459 4333; x_wconf 91' lang='lat' dir='ltr'><strong>per</strong></span> <span class='ocrx_word' id='word_1_536' title='bbox 1500 4277 1630 4318; x_wconf 89' lang='lat' dir='ltr'><strong>suos</strong></span> <span class='ocrx_word' id='word_1_537' title='bbox 1658 4264 1835 4317; x_wconf 88' lang='lat' dir='ltr'><strong>adhuc</strong></span> 
     </span>
    </p>
   </div>
   <div class='ocr_carea' id='block_1_72' title="bbox 249 4353 1830 4428">
    <p class='ocr_par' dir='ltr' id='par_1_72' title="bbox 249 4353 1830 4428">
     <span class='ocr_line' id='line_1_72' title="bbox 249 4353 1830 4428; baseline -0.006 -14"><span class='ocrx_word' id='word_1_538' title='bbox 249 4362 306 4414; x_wconf 89' lang='lat' dir='ltr'><strong>in</strong></span> <span class='ocrx_word' id='word_1_539' title='bbox 356 4375 517 4415; x_wconf 90' lang='lat' dir='ltr'><strong>carne</strong></span> <span class='ocrx_word' id='word_1_540' title='bbox 565 4360 822 4428; x_wconf 82' lang='lat' dir='ltr'><strong>degentes</strong></span> <span class='ocrx_word' id='word_1_541' title='bbox 877 4358 1098 4421; x_wconf 87' lang='lat' dir='ltr'><strong>fideles,</strong></span> <span class='ocrx_word' id='word_1_542' title='bbox 1151 4356 1468 4423; x_wconf 75' lang='lat' dir='ltr'><strong>alienigenis</strong></span> <span class='ocrx_word' id='word_1_543' title='bbox 1514 4353 1830 4409; x_wconf 90' lang='lat' dir='ltr'><strong>declaravit.</strong></span> 
     </span>
    </p>
   </div>
   <div class='ocr_carea' id='block_1_73' title="bbox 250 4444 1835 4517">
    <p class='ocr_par' dir='ltr' id='par_1_73' title="bbox 250 4444 1835 4517">
     <span class='ocr_line' id='line_1_73' title="bbox 250 4444 1835 4517; baseline -0.006 -10"><span class='ocrx_word' id='word_1_544' title='bbox 250 4453 474 4507; x_wconf 84' lang='lat' dir='ltr'><strong>Librum</strong></span> <span class='ocrx_word' id='word_1_545' title='bbox 510 4466 640 4506; x_wconf 84' lang='lat' dir='ltr'><strong>vero</strong></span> <span class='ocrx_word' id='word_1_546' title='bbox 660 4490 676 4514; x_wconf 91' lang='lat'><strong>,</strong></span> <span class='ocrx_word' id='word_1_547' title='bbox 710 4450 966 4504; x_wconf 88' lang='lat' dir='ltr'><strong>bonitatis</strong></span> <span class='ocrx_word' id='word_1_548' title='bbox 993 4464 1096 4517; x_wconf 79' lang='lat' dir='ltr'><strong>Ope</strong></span> <span class='ocrx_word' id='word_1_549' title='bbox 1125 4448 1446 4517; x_wconf 89' lang='lat' dir='ltr'><strong>acquisitum</strong></span> <span class='ocrx_word' id='word_1_550' title='bbox 1467 4486 1481 4510; x_wconf 93' lang='lat'><strong>,</strong></span> <span class='ocrx_word' id='word_1_551' title='bbox 1526 4446 1591 4499; x_wconf 89' lang='lat' dir='ltr'><strong>ad</strong></span> <span class='ocrx_word' id='word_1_552' title='bbox 1635 4444 1835 4499; x_wconf 82' lang='lat' dir='ltr'><strong>Meldu-</strong></span> 
     </span>
    </p>
   </div>
   <div class='ocr_carea' id='block_1_74' title="bbox 252 4536 1833 4610">
    <p class='ocr_par' dir='ltr' id='par_1_74' title="bbox 252 4536 1833 4610">
     <span class='ocr_line' id='line_1_74' title="bbox 252 4536 1833 4610; baseline -0.006 -12"><span class='ocrx_word' id='word_1_553' title='bbox 252 4559 418 4598; x_wconf 90' lang='lat' dir='ltr'><strong>nense</strong></span> <span class='ocrx_word' id='word_1_554' title='bbox 442 4542 747 4599; x_wconf 69' lang='lat' dir='ltr'><strong>coenobium</strong></span> <span class='ocrx_word' id='word_1_555' title='bbox 775 4541 998 4607; x_wconf 82' lang='lat' dir='ltr'><strong>detulit;</strong></span> <span class='ocrx_word' id='word_1_556' title='bbox 1030 4555 1186 4610; x_wconf 90' lang='lat' dir='ltr'><strong>quem</strong></span> <span class='ocrx_word' id='word_1_557' title='bbox 1213 4538 1408 4593; x_wconf 87' lang='lat' dir='ltr'><strong>ibidem</strong></span> <span class='ocrx_word' id='word_1_558' title='bbox 1438 4537 1635 4592; x_wconf 79' lang='lat' dir='ltr'><strong>fratres</strong></span> <span class='ocrx_word' id='word_1_559' title='bbox 1659 4536 1833 4591; x_wconf 89' lang='lat' dir='ltr'><strong>adhuc</strong></span> 
     </span>
    </p>
   </div>
   <div class='ocr_carea' id='block_1_75' title="bbox 252 4630 1836 4705">
    <p class='ocr_par' dir='ltr' id='par_1_75' title="bbox 252 4630 1836 4705">
     <span class='ocr_line' id='line_1_75' title="bbox 252 4630 1836 4705; baseline -0.004 -17"><span class='ocrx_word' id='word_1_560' title='bbox 252 4638 512 4705; x_wconf 86' lang='lat' dir='ltr'><strong>positum,</strong></span> <span class='ocrx_word' id='word_1_561' title='bbox 561 4636 631 4689; x_wconf 90' lang='lat' dir='ltr'><strong>ob</strong></span> <span class='ocrx_word' id='word_1_562' title='bbox 678 4632 807 4687; x_wconf 90' lang='lat' dir='ltr'><strong>tanti</strong></span> <span class='ocrx_word' id='word_1_563' title='bbox 859 4633 956 4686; x_wconf 90' lang='lat' dir='ltr'><strong>viri</strong></span> <span class='ocrx_word' id='word_1_564' title='bbox 1008 4633 1394 4695; x_wconf 86' lang='lat' dir='ltr'><strong>reverentiam,</strong></span> <span class='ocrx_word' id='word_1_565' title='bbox 1447 4630 1609 4698; x_wconf 73' lang='lat' dir='ltr'><strong>digne</strong></span> <span class='ocrx_word' id='word_1_566' title='bbox 1655 4638 1836 4682; x_wconf 87' lang='lat' dir='ltr'><strong>custo—</strong></span> 
     </span>
    </p>
   </div>
   <div class='ocr_carea' id='block_1_76' title="bbox 248 4724 1839 4794">
    <p class='ocr_par' dir='ltr' id='par_1_76' title="bbox 248 4724 1839 4794">
     <span class='ocr_line' id='line_1_76' title="bbox 248 4724 1839 4794; baseline -0.003 -15"><span class='ocrx_word' id='word_1_567' title='bbox 248 4727 424 4793; x_wconf 82' lang='lat' dir='ltr'><strong>diunt.</strong></span> <span class='ocrx_word' id='word_1_568' title='bbox 472 4725 529 4779; x_wconf 94' lang='lat' dir='ltr'><strong>In</strong></span> <span class='ocrx_word' id='word_1_569' title='bbox 580 4727 737 4794; x_wconf 88' lang='lat' dir='ltr'><strong>hujus</strong></span> <span class='ocrx_word' id='word_1_570' title='bbox 788 4724 1049 4793; x_wconf 88' lang='lat' dir='ltr'><strong>principio</strong></span> <span class='ocrx_word' id='word_1_571' title='bbox 1094 4724 1377 4777; x_wconf 88' lang='lat' dir='ltr'><strong>anathema</strong></span> <span class='ocrx_word' id='word_1_572' title='bbox 1428 4724 1717 4789; x_wconf 88' lang='lat' dir='ltr'><strong>scriptum,</strong></span> <span class='ocrx_word' id='word_1_573' title='bbox 1772 4734 1839 4775; x_wconf 91' lang='lat' dir='ltr'><strong>ne</strong></span> 
     </span>
    </p>
   </div>
   <div class='ocr_carea' id='block_1_77' title="bbox 252 4816 1837 4887">
    <p class='ocr_par' dir='ltr' id='par_1_77' title="bbox 252 4816 1837 4887">
     <span class='ocr_line' id='line_1_77' title="bbox 252 4816 1837 4887; baseline -0.003 -11"><span class='ocrx_word' id='word_1_574' title='bbox 252 4821 368 4887; x_wconf 88' lang='lat' dir='ltr'><strong>quis</strong></span> <span class='ocrx_word' id='word_1_575' title='bbox 397 4836 518 4876; x_wconf 87' lang='lat' dir='ltr'><strong>eum</strong></span> <span class='ocrx_word' id='word_1_576' title='bbox 550 4820 676 4875; x_wconf 92' lang='lat' dir='ltr'><strong>inde</strong></span> <span class='ocrx_word' id='word_1_577' title='bbox 704 4818 965 4881; x_wconf 86' lang='lat' dir='ltr'><strong>auferret.</strong></span> <span class='ocrx_word' id='word_1_578' title='bbox 998 4818 1245 4872; x_wconf 84' lang='lat' dir='ltr'><strong>vidimus.</strong></span> <span class='ocrx_word' id='word_1_579' title='bbox 1282 4818 1467 4887; x_wconf 86' lang='lat' dir='ltr'><strong>Itaque</strong></span> <span class='ocrx_word' id='word_1_580' title='bbox 1498 4819 1578 4871; x_wconf 90' lang='lat' dir='ltr'><strong>vir</strong></span> <span class='ocrx_word' id='word_1_581' title='bbox 1602 4816 1705 4871; x_wconf 80' lang='lat' dir='ltr'><strong>iste</strong></span> <span class='ocrx_word' id='word_1_582' title='bbox 1729 4818 1837 4871; x_wconf 89' lang='lat' dir='ltr'><strong>Deo</strong></span> 
     </span>
    </p>
   </div>
   <div class='ocr_carea' id='block_1_78' title="bbox 253 4908 1836 4981">
    <p class='ocr_par' dir='ltr' id='par_1_78' title="bbox 253 4908 1836 4981">
     <span class='ocr_line' id='line_1_78' title="bbox 253 4908 1836 4981; baseline -0.001 -15"><span class='ocrx_word' id='word_1_583' title='bbox 253 4912 446 4981; x_wconf 88' lang='lat' dir='ltr'><strong>plenus</strong></span> <span class='ocrx_word' id='word_1_584' title='bbox 495 4911 548 4965; x_wconf 90' lang='lat' dir='ltr'><strong>in</strong></span> <span class='ocrx_word' id='word_1_585' title='bbox 588 4910 777 4963; x_wconf 91' lang='lat' dir='ltr'><strong>eodem</strong></span> <span class='ocrx_word' id='word_1_586' title='bbox 823 4910 942 4963; x_wconf 91' lang='lat' dir='ltr'><strong>loco</strong></span> <span class='ocrx_word' id='word_1_587' title='bbox 982 4909 1113 4962; x_wconf 79' lang='lat' dir='ltr'><strong>vixit</strong></span> <span class='ocrx_word' id='word_1_588' title='bbox 1152 4908 1317 4963; x_wconf 88' lang='lat' dir='ltr'><strong>a&#39;bbas</strong></span> <span class='ocrx_word' id='word_1_589' title='bbox 1355 4909 1616 4973; x_wconf 82' lang='lat' dir='ltr'><strong>eximius,</strong></span> <span class='ocrx_word' id='word_1_590' title='bbox 1665 4908 1836 4967; x_wconf 81' lang='lat' dir='ltr'><strong>donec</strong></span> 
     </span>
    </p>
   </div>
   <div class='ocr_carea' id='block_1_79' title="bbox 253 5001 1835 5073">
    <p class='ocr_par' dir='ltr' id='par_1_79' title="bbox 253 5001 1835 5073">
     <span class='ocr_line' id='line_1_79' title="bbox 253 5001 1835 5073; baseline -0.001 -16"><span class='ocrx_word' id='word_1_591' title='bbox 253 5019 348 5073; x_wconf 90' lang='lat' dir='ltr'><strong>per</strong></span> <span class='ocrx_word' id='word_1_592' title='bbox 386 5002 715 5058; x_wconf 85' lang='lat' dir='ltr'><strong>Berthwaldi</strong></span> <span class='ocrx_word' id='word_1_593' title='bbox 763 5016 951 5055; x_wconf 88' lang='lat' dir='ltr'><strong>manus</strong></span> <span class='ocrx_word' id='word_1_594' title='bbox 996 5002 1429 5071; x_wconf 85' lang='lat' dir='ltr'><strong>itnpositionem,</strong></span> <span class='ocrx_word' id='word_1_595' title='bbox 1471 5001 1729 5056; x_wconf 89' lang='lat' dir='ltr'><strong>canonice</strong></span> <span class='ocrx_word' id='word_1_596' title='bbox 1770 5002 1835 5056; x_wconf 89' lang='lat' dir='ltr'><strong>ad</strong></span> 
     </span>
    </p>
   </div>
   <div class='ocr_carea' id='block_1_80' title="bbox 251 5090 1837 5167">
    <p class='ocr_par' dir='ltr' id='par_1_80' title="bbox 251 5090 1837 5167">
     <span class='ocr_line' id='line_1_80' title="bbox 251 5090 1837 5167; baseline 0.002 -24"><span class='ocrx_word' id='word_1_597' title='bbox 251 5095 593 5162; x_wconf 71' lang='lat' dir='ltr'><strong>t-piscopatus</strong></span> <span class='ocrx_word' id='word_1_598' title='bbox 620 5092 858 5167; x_wconf 87' lang='lat' dir='ltr'><strong>officium</strong></span> <span class='ocrx_word' id='word_1_599' title='bbox 908 5090 1103 5146; x_wconf 84' lang='lat' dir='ltr'><strong>ductus</strong></span> <span class='ocrx_word' id='word_1_600' title='bbox 1155 5101 1278 5157; x_wconf 85' lang='lat' dir='ltr'><strong>est,</strong></span> <span class='ocrx_word' id='word_1_601' title='bbox 1326 5092 1465 5161; x_wconf 89' lang='lat' dir='ltr'><strong>quod</strong></span> <span class='ocrx_word' id='word_1_602' title='bbox 1509 5095 1610 5145; x_wconf 89' lang='lat' dir='ltr'><strong>hoc</strong></span> <span class='ocrx_word' id='word_1_603' title='bbox 1648 5092 1837 5146; x_wconf 90' lang='lat' dir='ltr'><strong>ordine</strong></span> 
     </span>
    </p>
   </div>
   <div class='ocr_carea' id='block_1_81' title="bbox 255 5186 906 5253">
    <p class='ocr_par' dir='ltr' id='par_1_81' title="bbox 255 5186 906 5253">
     <span class='ocr_line' id='line_1_81' title="bbox 255 5186 906 5253; baseline -0.002 -17"><span class='ocrx_word' id='word_1_604' title='bbox 255 5186 336 5237; x_wconf 78' lang='lat' dir='ltr'><strong>vel</strong></span> <span class='ocrx_word' id='word_1_605' title='bbox 369 5198 529 5237; x_wconf 88' lang='lat' dir='ltr'><strong>causa</strong></span> <span class='ocrx_word' id='word_1_606' title='bbox 561 5192 772 5253; x_wconf 80' lang='lat' dir='ltr'><strong>gestum</strong></span> <span class='ocrx_word' id='word_1_607' title='bbox 804 5193 906 5237; x_wconf 87' lang='lat' dir='ltr'><strong>est.</strong></span> 
     </span>
    </p>
   </div>
   <div class='ocr_carea' id='block_1_82' title="bbox 326 5271 1836 5342">
    <p class='ocr_par' dir='ltr' id='par_1_82' title="bbox 326 5271 1836 5342">
     <span class='ocr_line' id='line_1_82' title="bbox 326 5271 1836 5342; baseline 0 -16"><span class='ocrx_word' id='word_1_608' title='bbox 326 5272 592 5341; x_wconf 84' lang='lat' dir='ltr'><strong>Tempore</strong></span> <span class='ocrx_word' id='word_1_609' title='bbox 624 5271 849 5339; x_wconf 84' lang='lat' dir='ltr'><strong>Osredi,</strong></span> <span class='ocrx_word' id='word_1_610' title='bbox 884 5272 1124 5341; x_wconf 73' lang='lat' dir='ltr'><strong>prteclari</strong></span> <span class='ocrx_word' id='word_1_611' title='bbox 1156 5272 1451 5342; x_wconf 81' lang='lat' dir='ltr'><strong>Anglorum</strong></span> <span class='ocrx_word' id='word_1_612' title='bbox 1484 5273 1649 5341; x_wconf 66' lang='lat' dir='ltr'><strong>regis.</strong></span> <span class='ocrx_word' id='word_1_613' title='bbox 1694 5273 1836 5327; x_wconf 89' lang='lat' dir='ltr'><strong>lled-</strong></span> 
     </span>
    </p>
   </div>
   <div class='ocr_carea' id='block_1_83' title="bbox 255 5363 1837 5431">
    <p class='ocr_par' dir='ltr' id='par_1_83' title="bbox 255 5363 1837 5431">
     <span class='ocr_line' id='line_1_83' title="bbox 255 5363 1837 5431; baseline -0.001 -13"><span class='ocrx_word' id='word_1_614' title='bbox 255 5366 362 5427; x_wconf 90' lang='lat' dir='ltr'><strong>da,</strong></span> <span class='ocrx_word' id='word_1_615' title='bbox 408 5364 782 5418; x_wconf 80' lang='lat' dir='ltr'><strong>sanctissimus</strong></span> <span class='ocrx_word' id='word_1_616' title='bbox 828 5364 1085 5431; x_wconf 89' lang='lat' dir='ltr'><strong>antistes,</strong></span> <span class='ocrx_word' id='word_1_617' title='bbox 1128 5364 1281 5430; x_wconf 88' lang='lat' dir='ltr'><strong>cujus</strong></span> <span class='ocrx_word' id='word_1_618' title='bbox 1317 5364 1476 5417; x_wconf 86' lang='lat' dir='ltr'><strong>vitam</strong></span> <span class='ocrx_word' id='word_1_619' title='bbox 1516 5363 1837 5417; x_wconf 81' lang='lat' dir='ltr'><strong>laudabilem</strong></span> 
     </span>
    </p>
   </div>
   <div class='ocr_carea' id='block_1_84' title="bbox 258 5453 1836 5524">
    <p class='ocr_par' dir='ltr' id='par_1_84' title="bbox 258 5453 1836 5524">
     <span class='ocr_line' id='line_1_84' title="bbox 258 5453 1836 5524; baseline 0 -15"><span class='ocrx_word' id='word_1_620' title='bbox 258 5453 400 5509; x_wconf 79' lang='lat' dir='ltr'><strong>Beda</strong></span> <span class='ocrx_word' id='word_1_621' title='bbox 432 5456 756 5509; x_wconf 85' lang='lat' dir='ltr'><strong>venerabilis</strong></span> <span class='ocrx_word' id='word_1_622' title='bbox 791 5456 1074 5524; x_wconf 85' lang='lat' dir='ltr'><strong>presbyter</strong></span> <span class='ocrx_word' id='word_1_623' title='bbox 1102 5456 1153 5508; x_wconf 91' lang='lat' dir='ltr'><strong>in</strong></span> <span class='ocrx_word' id='word_1_624' title='bbox 1185 5454 1411 5509; x_wconf 84' lang='lat' dir='ltr'><strong>Historia</strong></span> <span class='ocrx_word' id='word_1_625' title='bbox 1444 5463 1625 5507; x_wconf 85' lang='lat' dir='ltr'><strong>narrat</strong></span> <span class='ocrx_word' id='word_1_626' title='bbox 1661 5456 1836 5509; x_wconf 85' lang='lat' dir='ltr'><strong>eccle-</strong></span> 
     </span>
    </p>
   </div>
   <div class='ocr_carea' id='block_1_85' title="bbox 256 5545 1831 5615">
    <p class='ocr_par' dir='ltr' id='par_1_85' title="bbox 256 5545 1831 5615">
     <span class='ocr_line' id='line_1_85' title="bbox 256 5545 1831 5615; baseline -0.001 -14"><span class='ocrx_word' id='word_1_627' title='bbox 256 5548 473 5602; x_wconf 87' lang='lat' dir='ltr'><strong>siastica</strong></span> <span class='ocrx_word' id='word_1_628' title='bbox 499 5590 513 5611; x_wconf 91' lang='lat'><strong>,</strong></span> <span class='ocrx_word' id='word_1_629' title='bbox 543 5545 827 5603; x_wconf 85' lang='lat' dir='ltr'><strong>defunctus</strong></span> <span class='ocrx_word' id='word_1_630' title='bbox 859 5549 994 5612; x_wconf 86' lang='lat' dir='ltr'><strong>vita,</strong></span> <span class='ocrx_word' id='word_1_631' title='bbox 1032 5550 1309 5603; x_wconf 69' lang='lat' dir='ltr'><strong>caelestem</strong></span> <span class='ocrx_word' id='word_1_632' title='bbox 1345 5546 1587 5615; x_wconf 81' lang='lat' dir='ltr'><strong>migravit</strong></span> <span class='ocrx_word' id='word_1_633' title='bbox 1620 5546 1685 5599; x_wconf 87' lang='lat' dir='ltr'><strong>ad</strong></span> <span class='ocrx_word' id='word_1_634' title='bbox 1720 5548 1831 5614; x_wconf 84' lang='lat' dir='ltr'><strong>glo-</strong></span> 
     </span>
    </p>
   </div>
   <div class='ocr_carea' id='block_1_86' title="bbox 257 5640 1836 5709">
    <p class='ocr_par' dir='ltr' id='par_1_86' title="bbox 257 5640 1836 5709">
     <span class='ocr_line' id='line_1_86' title="bbox 257 5640 1836 5709; baseline -0.001 -13"><span class='ocrx_word' id='word_1_635' title='bbox 257 5640 417 5696; x_wconf 72' lang='lat' dir='ltr'><strong>riam.</strong></span> <span class='ocrx_word' id='word_1_636' title='bbox 442 5640 604 5709; x_wconf 84' lang='lat' dir='ltr'><strong>Cujus</strong></span> <span class='ocrx_word' id='word_1_637' title='bbox 625 5640 898 5708; x_wconf 79' lang='lat' dir='ltr'><strong>parochia,</strong></span> <span class='ocrx_word' id='word_1_638' title='bbox 923 5656 1032 5709; x_wconf 76' lang='lat' dir='ltr'><strong>prae</strong></span> <span class='ocrx_word' id='word_1_639' title='bbox 1059 5641 1316 5695; x_wconf 88' lang='lat' dir='ltr'><strong>circoitns</strong></span> <span class='ocrx_word' id='word_1_640' title='bbox 1343 5642 1423 5694; x_wconf 92' lang='lat' dir='ltr'><strong>sui</strong></span> <span class='ocrx_word' id='word_1_641' title='bbox 1454 5641 1836 5707; x_wconf 64' lang='lat' dir='ltr'><strong>magnitudine,</strong></span> 
     </span>
    </p>
   </div>
   <div class='ocr_carea' id='block_1_87' title="bbox 257 5733 1841 5801">
    <p class='ocr_par' dir='ltr' id='par_1_87' title="bbox 257 5733 1841 5801">
     <span class='ocr_line' id='line_1_87' title="bbox 257 5733 1841 5801; baseline -0.001 -17"><span class='ocrx_word' id='word_1_642' title='bbox 257 5733 381 5800; x_wconf 83' lang='lat' dir='ltr'><strong>quia</strong></span> <span class='ocrx_word' id='word_1_643' title='bbox 427 5733 496 5785; x_wconf 90' lang='lat' dir='ltr'><strong>ab</strong></span> <span class='ocrx_word' id='word_1_644' title='bbox 538 5746 643 5786; x_wconf 91' lang='lat' dir='ltr'><strong>uno</strong></span> <span class='ocrx_word' id='word_1_645' title='bbox 684 5733 969 5801; x_wconf 87' lang='lat' dir='ltr'><strong>gubernari</strong></span> <span class='ocrx_word' id='word_1_646' title='bbox 1019 5748 1121 5786; x_wconf 90' lang='lat' dir='ltr'><strong>non</strong></span> <span class='ocrx_word' id='word_1_647' title='bbox 1167 5742 1412 5800; x_wconf 78' lang='lat' dir='ltr'><strong>poterat,</strong></span> <span class='ocrx_word' id='word_1_648' title='bbox 1444 5733 1841 5787; x_wconf 82' lang='lat' dir='ltr'><strong>ecclesiastico-</strong></span> 
     </span>
    </p>
   </div>
   <div class='ocr_carea' id='block_1_88' title="bbox 258 5823 1835 5896">
    <p class='ocr_par' dir='ltr' id='par_1_88' title="bbox 258 5823 1835 5896">
     <span class='ocr_line' id='line_1_88' title="bbox 258 5823 1835 5896; baseline 0 -19"><span class='ocrx_word' id='word_1_649' title='bbox 258 5838 376 5877; x_wconf 89' lang='lat' dir='ltr'><strong>rutu</strong></span> <span class='ocrx_word' id='word_1_650' title='bbox 421 5835 629 5893; x_wconf 87' lang='lat' dir='ltr'><strong>patrum</strong></span> <span class='ocrx_word' id='word_1_651' title='bbox 670 5840 963 5896; x_wconf 88' lang='lat' dir='ltr'><strong>regumque</strong></span> <span class='ocrx_word' id='word_1_652' title='bbox 1002 5823 1227 5881; x_wconf 87' lang='lat' dir='ltr'><strong>consilio</strong></span> <span class='ocrx_word' id='word_1_653' title='bbox 1271 5825 1442 5880; x_wconf 85' lang='lat' dir='ltr'><strong>divisa</strong></span> <span class='ocrx_word' id='word_1_654' title='bbox 1471 5835 1552 5881; x_wconf 90' lang='lat' dir='ltr'><strong>est</strong></span> <span class='ocrx_word' id='word_1_655' title='bbox 1583 5825 1633 5880; x_wconf 91' lang='lat' dir='ltr'><strong>in</strong></span> <span class='ocrx_word' id='word_1_656' title='bbox 1664 5824 1797 5879; x_wconf 88' lang='lat' dir='ltr'><strong>duas</strong></span> <span class='ocrx_word' id='word_1_657' title='bbox 1826 5844 1835 5877; x_wconf 91' lang='lat'>:</span> 
     </span>
    </p>
   </div>
   <div class='ocr_carea' id='block_1_89' title="bbox 662 5918 1339 5980">
    <p class='ocr_par' dir='ltr' id='par_1_89' title="bbox 662 5918 1339 5980">
     <span class='ocr_line' id='line_1_89' title="bbox 662 5918 1339 5980; baseline -0.001 -1"><span class='ocrx_word' id='word_1_658' title='bbox 662 5919 933 5980; x_wconf 69' lang='lat' dir='ltr'><strong>PATROL.</strong></span> <span class='ocrx_word' id='word_1_659' title='bbox 981 5921 1082 5980; x_wconf 69' lang='lat' dir='ltr'><strong>LX</strong></span> <span class='ocrx_word' id='word_1_660' title='bbox 1096 5920 1150 5980; x_wconf 75' lang='grc' dir='ltr'>Χ</span> <span class='ocrx_word' id='word_1_661' title='bbox 1166 5921 1211 5977; x_wconf 87' lang='lat'><strong>.\&#39;</strong></span> <span class='ocrx_word' id='word_1_662' title='bbox 1227 5919 1242 5974; x_wconf 95' lang='lat' dir='ltr'><strong>l</strong></span> <span class='ocrx_word' id='word_1_663' title='bbox 1258 5918 1339 5978; x_wconf 72' lang='grc' dir='ltr'><strong>Χ..</strong></span> 
     </span>
    </p>
   </div>
   <div class='ocr_carea' id='block_1_90' title="bbox 1863 4575 1913 4632">
    <p class='ocr_par' dir='ltr' id='par_1_90' title="bbox 1863 4575 1913 4632">
     <span class='ocr_line' id='line_1_90' title="bbox 1863 4575 1913 4632; baseline 0 0"><span class='ocrx_word' id='word_1_664' title='bbox 1863 4575 1913 4632; x_wconf 89' lang='lat' dir='ltr'><strong>D</strong></span> 
     </span>
    </p>
   </div>
   <div class='ocr_carea' id='block_1_91' title="bbox 1939 3347 3520 3422">
    <p class='ocr_par' dir='ltr' id='par_1_91' title="bbox 1939 3347 3520 3422">
     <span class='ocr_line' id='line_1_91' title="bbox 1939 3347 3520 3422; baseline 0.004 -21"><span class='ocrx_word' id='word_1_665' title='bbox 1939 3347 2210 3401; x_wconf 65' lang='lat' dir='ltr'><strong>smcularis</strong></span> <span class='ocrx_word' id='word_1_666' title='bbox 2239 3348 2483 3402; x_wconf 88' lang='lat' dir='ltr'><strong>sublimis</strong></span> <span class='ocrx_word' id='word_1_667' title='bbox 2514 3348 2787 3415; x_wconf 63' lang='lat' dir='ltr'><strong>potentiae,</strong></span> <span class='ocrx_word' id='word_1_668' title='bbox 2822 3348 3102 3415; x_wconf 89' lang='lat' dir='ltr'><strong>abbatem,</strong></span> <span class='ocrx_word' id='word_1_669' title='bbox 3135 3361 3333 3419; x_wconf 65' lang='lat' dir='ltr'><strong>praeter</strong></span> <span class='ocrx_word' id='word_1_670' title='bbox 3361 3367 3520 3422; x_wconf 86' lang='lat' dir='ltr'><strong>quem</strong></span> 
     </span>
    </p>
   </div>
   <div class='ocr_carea' id='block_1_92' title="bbox 1938 3437 3520 3511">
    <p class='ocr_par' dir='ltr' id='par_1_92' title="bbox 1938 3437 3520 3511">
     <span class='ocr_line' id='line_1_92' title="bbox 1938 3437 3520 3511; baseline 0.003 -22"><span class='ocrx_word' id='word_1_671' title='bbox 1938 3439 2023 3505; x_wconf 90' lang='lat' dir='ltr'><strong>pia</strong></span> <span class='ocrx_word' id='word_1_672' title='bbox 2056 3441 2339 3492; x_wconf 88' lang='lat' dir='ltr'><strong>conventio</strong></span> <span class='ocrx_word' id='word_1_673' title='bbox 2369 3437 2591 3492; x_wconf 82' lang='lat' dir='ltr'><strong>fratrum</strong></span> <span class='ocrx_word' id='word_1_674' title='bbox 2614 3439 2865 3509; x_wconf 90' lang='lat' dir='ltr'><strong>eligeret,</strong></span> <span class='ocrx_word' id='word_1_675' title='bbox 2893 3454 3093 3508; x_wconf 87' lang='lat' dir='ltr'><strong>ponere</strong></span> <span class='ocrx_word' id='word_1_676' title='bbox 3122 3441 3371 3504; x_wconf 90' lang='lat' dir='ltr'><strong>auderet,</strong></span> <span class='ocrx_word' id='word_1_677' title='bbox 3409 3444 3520 3511; x_wconf 87' lang='lat' dir='ltr'><strong>pri-</strong></span> 
     </span>
    </p>
   </div>
   <div class='ocr_carea' id='block_1_93' title="bbox 1939 3529 3518 3601">
    <p class='ocr_par' dir='ltr' id='par_1_93' title="bbox 1939 3529 3518 3601">
     <span class='ocr_line' id='line_1_93' title="bbox 1939 3529 3518 3601; baseline 0.003 -19"><span class='ocrx_word' id='word_1_678' title='bbox 1939 3529 2189 3599; x_wconf 82' lang='lat' dir='ltr'><strong>vilegium</strong></span> <span class='ocrx_word' id='word_1_679' title='bbox 2222 3533 2450 3584; x_wconf 89' lang='lat' dir='ltr'><strong>sancivit</strong></span> <span class='ocrx_word' id='word_1_680' title='bbox 2488 3546 2609 3585; x_wconf 93' lang='lat' dir='ltr'><strong>cum</strong></span> <span class='ocrx_word' id='word_1_681' title='bbox 2652 3534 3030 3597; x_wconf 88' lang='lat' dir='ltr'><strong>anathemate,</strong></span> <span class='ocrx_word' id='word_1_682' title='bbox 3073 3533 3215 3601; x_wconf 86' lang='lat' dir='ltr'><strong>quod</strong></span> <span class='ocrx_word' id='word_1_683' title='bbox 3258 3542 3440 3601; x_wconf 88' lang='lat' dir='ltr'><strong>postea</strong></span> <span class='ocrx_word' id='word_1_684' title='bbox 3490 3552 3518 3586; x_wconf 74' lang='grc' dir='ltr'>τι</span> 
     </span>
    </p>
   </div>
   <div class='ocr_carea' id='block_1_94' title="bbox 1941 3622 3516 3693">
    <p class='ocr_par' dir='ltr' id='par_1_94' title="bbox 1941 3622 3516 3693">
     <span class='ocr_line' id='line_1_94' title="bbox 1941 3622 3516 3693; baseline 0.003 -20"><span class='ocrx_word' id='word_1_685' title='bbox 1941 3622 2101 3675; x_wconf 83' lang='lat' dir='ltr'><strong>totius</strong></span> <span class='ocrx_word' id='word_1_686' title='bbox 2130 3622 2334 3689; x_wconf 60' lang='lat' dir='ltr'><strong>Anglia}</strong></span> <span class='ocrx_word' id='word_1_687' title='bbox 2384 3623 2626 3693; x_wconf 83' lang='lat' dir='ltr'><strong>synodo,</strong></span> <span class='ocrx_word' id='word_1_688' title='bbox 2682 3637 2748 3677; x_wconf 92' lang='lat' dir='ltr'><strong>eo</strong></span> <span class='ocrx_word' id='word_1_689' title='bbox 2778 3622 2827 3677; x_wconf 92' lang='lat' dir='ltr'><strong>id</strong></span> <span class='ocrx_word' id='word_1_690' title='bbox 2875 3632 3089 3693; x_wconf 86' lang='lat' dir='ltr'><strong>agente,</strong></span> <span class='ocrx_word' id='word_1_691' title='bbox 3124 3623 3430 3689; x_wconf 89' lang='lat' dir='ltr'><strong>laudatum,</strong></span> <span class='ocrx_word' id='word_1_692' title='bbox 3464 3626 3516 3678; x_wconf 91' lang='lat' dir='ltr'><strong>in</strong></span> 
     </span>
    </p>
   </div>
   <div class='ocr_carea' id='block_1_95' title="bbox 1936 3709 3514 3783">
    <p class='ocr_par' dir='ltr' id='par_1_95' title="bbox 1936 3709 3514 3783">
     <span class='ocr_line' id='line_1_95' title="bbox 1936 3709 3514 3783; baseline 0.004 -21"><span class='ocrx_word' id='word_1_693' title='bbox 1936 3709 2294 3765; x_wconf 80' lang='lat' dir='ltr'><strong>Meldnnensis</strong></span> <span class='ocrx_word' id='word_1_694' title='bbox 2324 3713 2568 3767; x_wconf 69' lang='lat' dir='ltr'><strong>ecclesia:</strong></span> <span class='ocrx_word' id='word_1_695' title='bbox 2598 3712 2831 3766; x_wconf 90' lang='lat' dir='ltr'><strong>armario</strong></span> <span class='ocrx_word' id='word_1_696' title='bbox 2862 3714 3101 3781; x_wconf 87' lang='lat' dir='ltr'><strong>reposuit</strong></span> <span class='ocrx_word' id='word_1_697' title='bbox 3129 3722 3336 3778; x_wconf 90' lang='lat' dir='ltr'><strong>ratum;</strong></span> <span class='ocrx_word' id='word_1_698' title='bbox 3372 3717 3514 3783; x_wconf 89' lang='lat' dir='ltr'><strong>quod</strong></span> 
     </span>
    </p>
   </div>
   <div class='ocr_carea' id='block_1_96' title="bbox 1936 3800 3514 3872">
    <p class='ocr_par' dir='ltr' id='par_1_96' title="bbox 1936 3800 3514 3872">
     <span class='ocr_line' id='line_1_96' title="bbox 1936 3800 3514 3872; baseline 0.004 -19"><span class='ocrx_word' id='word_1_699' title='bbox 1936 3800 2097 3853; x_wconf 88' lang='lat' dir='ltr'><strong>etiam</strong></span> <span class='ocrx_word' id='word_1_700' title='bbox 2127 3816 2297 3868; x_wconf 86' lang='lat' dir='ltr'><strong>usque</strong></span> <span class='ocrx_word' id='word_1_701' title='bbox 2326 3801 2484 3856; x_wconf 88' lang='lat' dir='ltr'><strong>hodie</strong></span> <span class='ocrx_word' id='word_1_702' title='bbox 2511 3803 2737 3857; x_wconf 90' lang='lat' dir='ltr'><strong>habetur</strong></span> <span class='ocrx_word' id='word_1_703' title='bbox 2764 3820 2777 3865; x_wconf 93' lang='lat'><strong>;</strong></span> <span class='ocrx_word' id='word_1_704' title='bbox 2801 3803 2894 3857; x_wconf 89' lang='lat' dir='ltr'><strong>sed</strong></span> <span class='ocrx_word' id='word_1_705' title='bbox 2917 3844 2932 3867; x_wconf 86' lang='lat'><strong><em>.</em></strong></span> <span class='ocrx_word' id='word_1_706' title='bbox 2964 3812 3023 3857; x_wconf 92' lang='lat' dir='ltr'><strong>ut</strong></span> <span class='ocrx_word' id='word_1_707' title='bbox 3045 3803 3291 3872; x_wconf 90' lang='lat' dir='ltr'><strong>superius</strong></span> <span class='ocrx_word' id='word_1_708' title='bbox 3316 3804 3514 3859; x_wconf 88' lang='lat' dir='ltr'><strong>dictum</strong></span> 
     </span>
    </p>
   </div>
   <div class='ocr_carea' id='block_1_97' title="bbox 1937 3891 3518 3965">
    <p class='ocr_par' dir='ltr' id='par_1_97' title="bbox 1937 3891 3518 3965">
     <span class='ocr_line' id='line_1_97' title="bbox 1937 3891 3518 3965; baseline 0.004 -24"><span class='ocrx_word' id='word_1_709' title='bbox 1937 3900 2048 3953; x_wconf 91' lang='lat' dir='ltr'><strong>est,</strong></span> <span class='ocrx_word' id='word_1_710' title='bbox 2083 3891 2312 3958; x_wconf 87' lang='lat' dir='ltr'><strong>pecca;is</strong></span> <span class='ocrx_word' id='word_1_711' title='bbox 2344 3891 2803 3962; x_wconf 66' lang='lat' dir='ltr'><strong>praepedientibus</strong></span> <span class='ocrx_word' id='word_1_712' title='bbox 2832 3903 2885 3947; x_wconf 89' lang='lat' dir='ltr'><strong>et</strong></span> <span class='ocrx_word' id='word_1_713' title='bbox 2918 3893 3265 3961; x_wconf 68' lang='lat' dir='ltr'><strong>praelatorum</strong></span> <span class='ocrx_word' id='word_1_714' title='bbox 3308 3895 3518 3965; x_wconf 84' lang='lat' dir='ltr'><strong>pigritia</strong></span> 
     </span>
    </p>
   </div>
   <div class='ocr_carea' id='block_1_98' title="bbox 1936 3983 3519 4054">
    <p class='ocr_par' dir='ltr' id='par_1_98' title="bbox 1936 3983 3519 4054">
     <span class='ocr_line' id='line_1_98' title="bbox 1936 3983 3519 4054; baseline 0.004 -17"><span class='ocrx_word' id='word_1_715' title='bbox 1936 3985 2217 4054; x_wconf 89' lang='lat' dir='ltr'><strong>ingruente</strong></span> <span class='ocrx_word' id='word_1_716' title='bbox 2241 4026 2254 4049; x_wconf 93' lang='lat'><strong>,</strong></span> <span class='ocrx_word' id='word_1_717' title='bbox 2302 3983 2367 4037; x_wconf 89' lang='lat' dir='ltr'><strong>ad</strong></span> <span class='ocrx_word' id='word_1_718' title='bbox 2416 3993 2629 4051; x_wconf 90' lang='lat' dir='ltr'><strong>tempus</strong></span> <span class='ocrx_word' id='word_1_719' title='bbox 2666 3984 2822 4037; x_wconf 90' lang='lat' dir='ltr'><strong>nobis</strong></span> <span class='ocrx_word' id='word_1_720' title='bbox 2864 3984 3073 4039; x_wconf 86' lang='lat' dir='ltr'><strong>irritum</strong></span> <span class='ocrx_word' id='word_1_721' title='bbox 3106 4001 3226 4041; x_wconf 86' lang='lat' dir='ltr'><strong>esse</strong></span> <span class='ocrx_word' id='word_1_722' title='bbox 3256 3987 3519 4043; x_wconf 89' lang='lat' dir='ltr'><strong>noscitur.</strong></span> 
     </span>
    </p>
   </div>
   <div class='ocr_carea' id='block_1_99' title="bbox 1941 4074 3514 4147">
    <p class='ocr_par' dir='ltr' id='par_1_99' title="bbox 1941 4074 3514 4147">
     <span class='ocr_line' id='line_1_99' title="bbox 1941 4074 3514 4147; baseline 0.002 -18"><span class='ocrx_word' id='word_1_723' title='bbox 1941 4076 1987 4129; x_wconf 92' lang='lat' dir='ltr'><strong>Is</strong></span> <span class='ocrx_word' id='word_1_724' title='bbox 2016 4090 2147 4130; x_wconf 88' lang='lat' dir='ltr'><strong>sane</strong></span> <span class='ocrx_word' id='word_1_725' title='bbox 2177 4076 2465 4143; x_wconf 77' lang='lat' dir='ltr'><strong>impeditus</strong></span> <span class='ocrx_word' id='word_1_726' title='bbox 2499 4074 2660 4128; x_wconf 84' lang='lat' dir='ltr'><strong>rebus</strong></span> <span class='ocrx_word' id='word_1_727' title='bbox 2702 4075 3082 4142; x_wconf 69' lang='lat' dir='ltr'><strong>saecularibus,</strong></span> <span class='ocrx_word' id='word_1_728' title='bbox 3115 4077 3166 4131; x_wconf 91' lang='lat' dir='ltr'><strong>in</strong></span> <span class='ocrx_word' id='word_1_729' title='bbox 3199 4077 3474 4147; x_wconf 81' lang='lat' dir='ltr'><strong>episcOpio</strong></span> <span class='ocrx_word' id='word_1_730' title='bbox 3500 4120 3514 4141; x_wconf 84' lang='lat'><em>.</em></span> 
     </span>
    </p>
   </div>
   <div class='ocr_carea' id='block_1_100' title="bbox 1941 4164 3519 4235">
    <p class='ocr_par' dir='ltr' id='par_1_100' title="bbox 1941 4164 3519 4235">
     <span class='ocr_line' id='line_1_100' title="bbox 1941 4164 3519 4235; baseline 0.001 -15"><span class='ocrx_word' id='word_1_731' title='bbox 1941 4178 1997 4220; x_wconf 95' lang='lat' dir='ltr'><strong>ut</strong></span> <span class='ocrx_word' id='word_1_732' title='bbox 2028 4181 2145 4221; x_wconf 89' lang='lat' dir='ltr'><strong>mos</strong></span> <span class='ocrx_word' id='word_1_733' title='bbox 2174 4175 2257 4221; x_wconf 92' lang='lat' dir='ltr'><strong>est</strong></span> <span class='ocrx_word' id='word_1_734' title='bbox 2285 4166 2523 4220; x_wconf 83' lang='lat' dir='ltr'><strong>omniqu</strong></span> <span class='ocrx_word' id='word_1_735' title='bbox 2558 4164 2655 4235; x_wconf 91' lang='lat' dir='ltr'><strong>(uti</strong></span> <span class='ocrx_word' id='word_1_736' title='bbox 2685 4164 2753 4219; x_wconf 91' lang='lat' dir='ltr'><strong>de</strong></span> <span class='ocrx_word' id='word_1_737' title='bbox 2781 4165 2843 4220; x_wconf 91' lang='grc' dir='ltr'><strong>Β.</strong></span> <span class='ocrx_word' id='word_1_738' title='bbox 2874 4167 3101 4221; x_wconf 83' lang='lat' dir='ltr'><strong>Martino</strong></span> <span class='ocrx_word' id='word_1_739' title='bbox 3125 4167 3519 4221; x_wconf 84' lang='lat' dir='ltr'><strong>Turonensitnn</strong></span> 
     </span>
    </p>
   </div>
   <div class='ocr_carea' id='block_1_101' title="bbox 1943 4256 3524 4326">
    <p class='ocr_par' dir='ltr' id='par_1_101' title="bbox 1943 4256 3524 4326">
     <span class='ocr_line' id='line_1_101' title="bbox 1943 4256 3524 4326; baseline 0.003 -17"><span class='ocrx_word' id='word_1_740' title='bbox 1943 4258 2171 4326; x_wconf 63' lang='lat' dir='ltr'><strong>praesule</strong></span> <span class='ocrx_word' id='word_1_741' title='bbox 2199 4258 2467 4326; x_wconf 84' lang='lat' dir='ltr'><strong>legitur),</strong></span> <span class='ocrx_word' id='word_1_742' title='bbox 2500 4256 2641 4310; x_wconf 84' lang='lat' dir='ltr'><strong>haud</strong></span> <span class='ocrx_word' id='word_1_743' title='bbox 2674 4269 2863 4325; x_wconf 87' lang='lat' dir='ltr'><strong>postea</strong></span> <span class='ocrx_word' id='word_1_744' title='bbox 2896 4267 3101 4313; x_wconf 90' lang='lat' dir='ltr'><strong>tantum</strong></span> <span class='ocrx_word' id='word_1_745' title='bbox 3132 4260 3296 4315; x_wconf 87' lang='lat' dir='ltr'><strong>valuit</strong></span> <span class='ocrx_word' id='word_1_746' title='bbox 3325 4261 3377 4315; x_wconf 90' lang='lat' dir='ltr'><strong>in</strong></span> <span class='ocrx_word' id='word_1_747' title='bbox 3413 4262 3524 4314; x_wconf 75' lang='lat' dir='ltr'><strong>vir-</strong></span> 
     </span>
    </p>
   </div>
   <div class='ocr_carea' id='block_1_102' title="bbox 1938 4348 3524 4417">
    <p class='ocr_par' dir='ltr' id='par_1_102' title="bbox 1938 4348 3524 4417">
     <span class='ocr_line' id='line_1_102' title="bbox 1938 4348 3524 4417; baseline 0.003 -17"><span class='ocrx_word' id='word_1_748' title='bbox 1938 4348 2171 4413; x_wconf 90' lang='lat' dir='ltr'><strong>tutibus,</strong></span> <span class='ocrx_word' id='word_1_749' title='bbox 2218 4356 2477 4417; x_wconf 90' lang='lat' dir='ltr'><strong>quantum</strong></span> <span class='ocrx_word' id='word_1_750' title='bbox 2528 4348 2677 4414; x_wconf 89' lang='lat' dir='ltr'><strong>prius</strong></span> <span class='ocrx_word' id='word_1_751' title='bbox 2718 4348 2950 4402; x_wconf 86' lang='lat' dir='ltr'><strong>valebat.</strong></span> <span class='ocrx_word' id='word_1_752' title='bbox 2982 4348 3365 4405; x_wconf 78' lang='lat' dir='ltr'><strong>Verumtamen</strong></span> <span class='ocrx_word' id='word_1_753' title='bbox 3410 4368 3524 4406; x_wconf 87' lang='lat' dir='ltr'><strong>tne-</strong></span> 
     </span>
    </p>
   </div>
   <div class='ocr_carea' id='block_1_103' title="bbox 1939 4438 3525 4509">
    <p class='ocr_par' dir='ltr' id='par_1_103' title="bbox 1939 4438 3525 4509">
     <span class='ocr_line' id='line_1_103' title="bbox 1939 4438 3525 4509; baseline 0.003 -16"><span class='ocrx_word' id='word_1_754' title='bbox 1939 4439 2041 4493; x_wconf 90' lang='lat' dir='ltr'><strong>rito</strong></span> <span class='ocrx_word' id='word_1_755' title='bbox 2072 4440 2163 4493; x_wconf 91' lang='lat' dir='ltr'><strong>ille</strong></span> <span class='ocrx_word' id='word_1_756' title='bbox 2194 4438 2571 4493; x_wconf 87' lang='lat' dir='ltr'><strong>sanctissimus</strong></span> <span class='ocrx_word' id='word_1_757' title='bbox 2604 4448 2845 4506; x_wconf 86' lang='lat' dir='ltr'><strong>vocatur,</strong></span> <span class='ocrx_word' id='word_1_758' title='bbox 2877 4454 3182 4509; x_wconf 86' lang='lat' dir='ltr'><strong>quanquam</strong></span> <span class='ocrx_word' id='word_1_759' title='bbox 3210 4442 3388 4497; x_wconf 90' lang='lat' dir='ltr'><strong>solitis</strong></span> <span class='ocrx_word' id='word_1_760' title='bbox 3420 4457 3525 4497; x_wconf 91' lang='lat' dir='ltr'><strong>non</strong></span> 
     </span>
    </p>
   </div>
   <div class='ocr_carea' id='block_1_104' title="bbox 1938 4532 3527 4600">
    <p class='ocr_par' dir='ltr' id='par_1_104' title="bbox 1938 4532 3527 4600">
     <span class='ocr_line' id='line_1_104' title="bbox 1938 4532 3527 4600; baseline 0 -14"><span class='ocrx_word' id='word_1_761' title='bbox 1938 4532 2173 4586; x_wconf 88' lang='lat' dir='ltr'><strong>abundet</strong></span> <span class='ocrx_word' id='word_1_762' title='bbox 2213 4532 2537 4596; x_wconf 86' lang='lat' dir='ltr'><strong>virtutibus;</strong></span> <span class='ocrx_word' id='word_1_763' title='bbox 2585 4532 2827 4600; x_wconf 88' lang='lat' dir='ltr'><strong>quisquis</strong></span> <span class='ocrx_word' id='word_1_764' title='bbox 2869 4532 3061 4587; x_wconf 87' lang='lat' dir='ltr'><strong>devote</strong></span> <span class='ocrx_word' id='word_1_765' title='bbox 3091 4534 3189 4587; x_wconf 89' lang='lat' dir='ltr'><strong>sibi</strong></span> <span class='ocrx_word' id='word_1_766' title='bbox 3236 4548 3265 4587; x_wconf 92' lang='lat' dir='ltr'><strong>a</strong></span> <span class='ocrx_word' id='word_1_767' title='bbox 3299 4534 3527 4588; x_wconf 87' lang='lat' dir='ltr'><strong>Domino</strong></span> 
     </span>
    </p>
   </div>
   <div class='ocr_carea' id='block_1_105' title="bbox 1940 4621 3528 4692">
    <p class='ocr_par' dir='ltr' id='par_1_105' title="bbox 1940 4621 3528 4692">
     <span class='ocr_line' id='line_1_105' title="bbox 1940 4621 3528 4692; baseline 0 -15"><span class='ocrx_word' id='word_1_768' title='bbox 1940 4625 2287 4678; x_wconf 87' lang='lat' dir='ltr'><strong>commissum</strong></span> <span class='ocrx_word' id='word_1_769' title='bbox 2333 4622 2523 4689; x_wconf 90' lang='lat' dir='ltr'><strong>implet</strong></span> <span class='ocrx_word' id='word_1_770' title='bbox 2566 4621 2801 4675; x_wconf 78' lang='lat' dir='ltr'><strong>ofﬁcium</strong></span> <span class='ocrx_word' id='word_1_771' title='bbox 2846 4622 2900 4675; x_wconf 91' lang='lat' dir='ltr'><strong>in</strong></span> <span class='ocrx_word' id='word_1_772' title='bbox 2954 4622 3409 4692; x_wconf 82' lang='lat' dir='ltr'><strong>omnibus;quod</strong></span> <span class='ocrx_word' id='word_1_773' title='bbox 3444 4623 3528 4677; x_wconf 85' lang='lat' dir='ltr'><strong>hic</strong></span> 
     </span>
    </p>
   </div>
   <div class='ocr_carea' id='block_1_106' title="bbox 1941 4710 3528 4782">
    <p class='ocr_par' dir='ltr' id='par_1_106' title="bbox 1941 4710 3528 4782">
     <span class='ocr_line' id='line_1_106' title="bbox 1941 4710 3528 4782; baseline 0.002 -17"><span class='ocrx_word' id='word_1_774' title='bbox 1941 4711 2069 4768; x_wconf 90' lang='lat' dir='ltr'><strong>fecit</strong></span> <span class='ocrx_word' id='word_1_775' title='bbox 2099 4724 2248 4781; x_wconf 88' lang='lat' dir='ltr'><strong>pater</strong></span> <span class='ocrx_word' id='word_1_776' title='bbox 2275 4710 2633 4780; x_wconf 76' lang='lat' dir='ltr'><strong>justissimus.</strong></span> <span class='ocrx_word' id='word_1_777' title='bbox 2666 4711 2773 4766; x_wconf 85' lang='lat' dir='ltr'><strong>Sed</strong></span> <span class='ocrx_word' id='word_1_778' title='bbox 2809 4712 2892 4765; x_wconf 86' lang='lat' dir='ltr'><strong>his</strong></span> <span class='ocrx_word' id='word_1_779' title='bbox 2925 4712 2995 4766; x_wconf 90' lang='lat' dir='ltr'><strong>ita</strong></span> <span class='ocrx_word' id='word_1_780' title='bbox 3039 4713 3224 4767; x_wconf 85' lang='lat' dir='ltr'><strong>relatis</strong></span> <span class='ocrx_word' id='word_1_781' title='bbox 3248 4752 3264 4777; x_wconf 92' lang='lat'><strong>,</strong></span> <span class='ocrx_word' id='word_1_782' title='bbox 3306 4714 3371 4767; x_wconf 89' lang='lat' dir='ltr'><strong>ad</strong></span> <span class='ocrx_word' id='word_1_783' title='bbox 3412 4714 3528 4782; x_wconf 85' lang='lat' dir='ltr'><strong>ejus</strong></span> 
     </span>
    </p>
   </div>
   <div class='ocr_carea' id='block_1_107' title="bbox 1939 4806 3163 4876">
    <p class='ocr_par' dir='ltr' id='par_1_107' title="bbox 1939 4806 3163 4876">
     <span class='ocr_line' id='line_1_107' title="bbox 1939 4806 3163 4876; baseline 0 -17"><span class='ocrx_word' id='word_1_784' title='bbox 1939 4808 2228 4876; x_wconf 86' lang='lat' dir='ltr'><strong>gloriosum</strong></span> <span class='ocrx_word' id='word_1_785' title='bbox 2256 4806 2461 4860; x_wconf 89' lang='lat' dir='ltr'><strong>obitum</strong></span> <span class='ocrx_word' id='word_1_786' title='bbox 2492 4806 2830 4859; x_wconf 84' lang='lat' dir='ltr'><strong>referendum</strong></span> <span class='ocrx_word' id='word_1_787' title='bbox 2861 4807 3163 4861; x_wconf 86' lang='lat' dir='ltr'><strong>veniamus.</strong></span> 
     </span>
    </p>
   </div>
   <div class='ocr_carea' id='block_1_108' title="bbox 2016 4896 3522 4967">
    <p class='ocr_par' dir='ltr' id='par_1_108' title="bbox 2016 4896 3522 4967">
     <span class='ocr_line' id='line_1_108' title="bbox 2016 4896 3522 4967; baseline 0 -15"><span class='ocrx_word' id='word_1_788' title='bbox 2016 4899 2069 4953; x_wconf 94' lang='lat' dir='ltr'><strong>ln</strong></span> <span class='ocrx_word' id='word_1_789' title='bbox 2112 4897 2383 4966; x_wconf 84' lang='lat' dir='ltr'><strong>episcopio</strong></span> <span class='ocrx_word' id='word_1_790' title='bbox 2430 4897 2693 4966; x_wconf 85' lang='lat' dir='ltr'><strong>siquidem</strong></span> <span class='ocrx_word' id='word_1_791' title='bbox 2736 4896 2818 4951; x_wconf 92' lang='lat' dir='ltr'><strong>bis</strong></span> <span class='ocrx_word' id='word_1_792' title='bbox 2847 4898 2972 4952; x_wconf 92' lang='lat' dir='ltr'><strong>bino</strong></span> <span class='ocrx_word' id='word_1_793' title='bbox 3012 4906 3232 4967; x_wconf 86' lang='lat' dir='ltr'><strong>peracto</strong></span> <span class='ocrx_word' id='word_1_794' title='bbox 3262 4912 3522 4952; x_wconf 88' lang='lat' dir='ltr'><strong>annorum</strong></span> 
     </span>
    </p>
   </div>
   <div class='ocr_carea' id='block_1_109' title="bbox 1940 4990 3524 5061">
    <p class='ocr_par' dir='ltr' id='par_1_109' title="bbox 1940 4990 3524 5061">
     <span class='ocr_line' id='line_1_109' title="bbox 1940 4990 3524 5061; baseline 0.001 -15"><span class='ocrx_word' id='word_1_795' title='bbox 1940 4992 2164 5053; x_wconf 85' lang='lat' dir='ltr'><strong>circulo,</strong></span> <span class='ocrx_word' id='word_1_796' title='bbox 2193 4993 2367 5045; x_wconf 84' lang='lat' dir='ltr'><strong>carnis</strong></span> <span class='ocrx_word' id='word_1_797' title='bbox 2402 4990 2707 5045; x_wconf 77' lang='lat' dir='ltr'><strong>infrmitate</strong></span> <span class='ocrx_word' id='word_1_798' title='bbox 2727 5000 3001 5059; x_wconf 82' lang='lat' dir='ltr'><strong>gravatus,</strong></span> <span class='ocrx_word' id='word_1_799' title='bbox 3027 5001 3284 5044; x_wconf 82' lang='lat' dir='ltr'><strong>convocat</strong></span> <span class='ocrx_word' id='word_1_800' title='bbox 3307 5008 3524 5061; x_wconf 85' lang='lat' dir='ltr'><strong>gregem</strong></span> 
     </span>
    </p>
   </div>
   <div class='ocr_carea' id='block_1_110' title="bbox 1943 5080 3523 5149">
    <p class='ocr_par' dir='ltr' id='par_1_110' title="bbox 1943 5080 3523 5149">
     <span class='ocr_line' id='line_1_110' title="bbox 1943 5080 3523 5149; baseline -0.001 -9"><span class='ocrx_word' id='word_1_801' title='bbox 1943 5086 2346 5148; x_wconf 84' lang='lat' dir='ltr'><strong>monachorum,</strong></span> <span class='ocrx_word' id='word_1_802' title='bbox 2380 5083 2701 5139; x_wconf 89' lang='lat' dir='ltr'><strong>catholicum</strong></span> <span class='ocrx_word' id='word_1_803' title='bbox 2738 5084 2964 5149; x_wconf 89' lang='lat' dir='ltr'><strong>clerum,</strong></span> <span class='ocrx_word' id='word_1_804' title='bbox 3009 5093 3065 5137; x_wconf 91' lang='lat' dir='ltr'><strong>et</strong></span> <span class='ocrx_word' id='word_1_805' title='bbox 3107 5080 3279 5139; x_wconf 81' lang='lat' dir='ltr'><strong>ferme</strong></span> <span class='ocrx_word' id='word_1_806' title='bbox 3308 5098 3523 5138; x_wconf 87' lang='lat' dir='ltr'><strong>omnem</strong></span> 
     </span>
    </p>
   </div>
   <div class='ocr_carea' id='block_1_111' title="bbox 1945 5174 3527 5246">
    <p class='ocr_par' dir='ltr' id='par_1_111' title="bbox 1945 5174 3527 5246">
     <span class='ocr_line' id='line_1_111' title="bbox 1945 5174 3527 5246; baseline -0.001 -15"><span class='ocrx_word' id='word_1_807' title='bbox 1945 5177 2199 5246; x_wconf 90' lang='lat' dir='ltr'><strong>populum</strong></span> <span class='ocrx_word' id='word_1_808' title='bbox 2230 5194 2240 5227; x_wconf 93' lang='lat'>:</span> <span class='ocrx_word' id='word_1_809' title='bbox 2291 5176 2542 5245; x_wconf 74' lang='lat' dir='ltr'><strong>pacisque</strong></span> <span class='ocrx_word' id='word_1_810' title='bbox 2584 5176 2842 5229; x_wconf 87' lang='lat' dir='ltr'><strong>unitatem</strong></span> <span class='ocrx_word' id='word_1_811' title='bbox 2874 5184 2927 5229; x_wconf 92' lang='lat' dir='ltr'><strong>et</strong></span> <span class='ocrx_word' id='word_1_812' title='bbox 2953 5174 3228 5229; x_wconf 67' lang='lat' dir='ltr'><strong>charitatis</strong></span> <span class='ocrx_word' id='word_1_813' title='bbox 3258 5175 3527 5230; x_wconf 89' lang='lat' dir='ltr'><strong>vinculum</strong></span> 
     </span>
    </p>
   </div>
   <div class='ocr_carea' id='block_1_112' title="bbox 1946 5267 3525 5341">
    <p class='ocr_par' dir='ltr' id='par_1_112' title="bbox 1946 5267 3525 5341">
     <span class='ocr_line' id='line_1_112' title="bbox 1946 5267 3525 5341; baseline -0.003 -17"><span class='ocrx_word' id='word_1_814' title='bbox 1946 5272 2265 5341; x_wconf 81' lang='lat' dir='ltr'><strong>praedicans,</strong></span> <span class='ocrx_word' id='word_1_815' title='bbox 2313 5270 2429 5323; x_wconf 90' lang='lat' dir='ltr'><strong>sine</strong></span> <span class='ocrx_word' id='word_1_816' title='bbox 2468 5269 2660 5338; x_wconf 77' lang='lat' dir='ltr'><strong>quibus</strong></span> <span class='ocrx_word' id='word_1_817' title='bbox 2689 5267 2829 5321; x_wconf 88' lang='lat' dir='ltr'><strong>nulla</strong></span> <span class='ocrx_word' id='word_1_818' title='bbox 2875 5268 2985 5323; x_wconf 86' lang='lat' dir='ltr'><strong>Deo</strong></span> <span class='ocrx_word' id='word_1_819' title='bbox 3035 5269 3203 5335; x_wconf 91' lang='lat' dir='ltr'><strong>placet</strong></span> <span class='ocrx_word' id='word_1_820' title='bbox 3263 5268 3525 5331; x_wconf 87' lang='lat' dir='ltr'><strong>Ecclesia,</strong></span> 
     </span>
    </p>
   </div>
   <div class='ocr_carea' id='block_1_113' title="bbox 1945 5357 3527 5429">
    <p class='ocr_par' dir='ltr' id='par_1_113' title="bbox 1945 5357 3527 5429">
     <span class='ocr_line' id='line_1_113' title="bbox 1945 5357 3527 5429; baseline -0.001 -14"><span class='ocrx_word' id='word_1_821' title='bbox 1945 5364 2082 5416; x_wconf 87' lang='lat' dir='ltr'><strong>sicut</strong></span> <span class='ocrx_word' id='word_1_822' title='bbox 2112 5364 2281 5415; x_wconf 90' lang='lat' dir='ltr'><strong>bonus</strong></span> <span class='ocrx_word' id='word_1_823' title='bbox 2324 5371 2505 5429; x_wconf 83' lang='lat' dir='ltr'><strong>pastor</strong></span> <span class='ocrx_word' id='word_1_824' title='bbox 2534 5373 2663 5413; x_wconf 90' lang='lat' dir='ltr'><strong>oves</strong></span> <span class='ocrx_word' id='word_1_825' title='bbox 2690 5374 2810 5413; x_wconf 86' lang='lat' dir='ltr'><strong>suas</strong></span> <span class='ocrx_word' id='word_1_826' title='bbox 2848 5358 3072 5412; x_wconf 88' lang='lat' dir='ltr'><strong>Domino</strong></span> <span class='ocrx_word' id='word_1_827' title='bbox 3101 5357 3527 5414; x_wconf 86' lang='lat' dir='ltr'><strong>commendavit.</strong></span> 
     </span>
    </p>
   </div>
   <div class='ocr_carea' id='block_1_114' title="bbox 1946 5448 3525 5520">
    <p class='ocr_par' dir='ltr' id='par_1_114' title="bbox 1946 5448 3525 5520">
     <span class='ocr_line' id='line_1_114' title="bbox 1946 5448 3525 5520; baseline -0.004 -13"><span class='ocrx_word' id='word_1_828' title='bbox 1946 5453 2066 5507; x_wconf 83' lang='lat' dir='ltr'><strong>Post</strong></span> <span class='ocrx_word' id='word_1_829' title='bbox 2098 5454 2385 5520; x_wconf 70' lang='lat' dir='ltr'><strong>ltmcrtigal</strong></span> <span class='ocrx_word' id='word_1_830' title='bbox 2434 5450 2718 5504; x_wconf 79' lang='lat' dir='ltr'><strong>familiares</strong></span> <span class='ocrx_word' id='word_1_831' title='bbox 2765 5448 2865 5501; x_wconf 77' lang='lat' dir='ltr'><strong>sbi</strong></span> <span class='ocrx_word' id='word_1_832' title='bbox 2920 5459 2971 5501; x_wconf 87' lang='lat' dir='ltr'><strong>et</strong></span> <span class='ocrx_word' id='word_1_833' title='bbox 3024 5449 3125 5501; x_wconf 77' lang='lat' dir='ltr'><strong>fide.</strong></span> <span class='ocrx_word' id='word_1_834' title='bbox 3182 5449 3525 5511; x_wconf 85' lang='lat' dir='ltr'><strong>domesticos,</strong></span> 
     </span>
    </p>
   </div>
   <div class='ocr_carea' id='block_1_115' title="bbox 1943 5540 3528 5612">
    <p class='ocr_par' dir='ltr' id='par_1_115' title="bbox 1943 5540 3528 5612">
     <span class='ocr_line' id='line_1_115' title="bbox 1943 5540 3528 5612; baseline -0.003 -17"><span class='ocrx_word' id='word_1_835' title='bbox 1943 5558 2205 5612; x_wconf 84' lang='lat' dir='ltr'><strong>quatenus</strong></span> <span class='ocrx_word' id='word_1_836' title='bbox 2237 5544 2291 5595; x_wconf 91' lang='lat' dir='ltr'><strong>in</strong></span> <span class='ocrx_word' id='word_1_837' title='bbox 2320 5542 2567 5606; x_wconf 64' lang='lat' dir='ltr'><strong>emnobio</strong></span> <span class='ocrx_word' id='word_1_838' title='bbox 2607 5540 2960 5604; x_wconf 57' lang='lat' dir='ltr'><strong>Alelduncttsi,</strong></span> <span class='ocrx_word' id='word_1_839' title='bbox 3011 5540 3149 5607; x_wconf 83' lang='lat' dir='ltr'><strong>quod</strong></span> <span class='ocrx_word' id='word_1_840' title='bbox 3181 5556 3286 5608; x_wconf 65' lang='lat' dir='ltr'><strong>pra:</strong></span> <span class='ocrx_word' id='word_1_841' title='bbox 3317 5541 3528 5593; x_wconf 83' lang='lat' dir='ltr'><strong>ca-teris</strong></span> 
     </span>
    </p>
   </div>
   <div class='ocr_carea' id='block_1_116' title="bbox 1946 5630 3525 5703">
    <p class='ocr_par' dir='ltr' id='par_1_116' title="bbox 1946 5630 3525 5703">
     <span class='ocr_line' id='line_1_116' title="bbox 1946 5630 3525 5703; baseline 0 -18"><span class='ocrx_word' id='word_1_842' title='bbox 1946 5635 2226 5697; x_wconf 77' lang='lat' dir='ltr'><strong>dilexerat,</strong></span> <span class='ocrx_word' id='word_1_843' title='bbox 2275 5634 2390 5703; x_wconf 76' lang='lat' dir='ltr'><strong>ejus</strong></span> <span class='ocrx_word' id='word_1_844' title='bbox 2440 5636 2749 5686; x_wconf 89' lang='lat' dir='ltr'><strong>humaretur</strong></span> <span class='ocrx_word' id='word_1_845' title='bbox 2796 5632 3192 5697; x_wconf 83' lang='lat' dir='ltr'><strong>corpusculum.</strong></span> <span class='ocrx_word' id='word_1_846' title='bbox 3242 5630 3331 5686; x_wconf 91' lang='lat' dir='ltr'><strong>Sic</strong></span> <span class='ocrx_word' id='word_1_847' title='bbox 3389 5630 3525 5685; x_wconf 75' lang='lat' dir='ltr'><strong>faeta</strong></span> 
     </span>
    </p>
   </div>
   <div class='ocr_carea' id='block_1_117' title="bbox 1949 5723 3524 5796">
    <p class='ocr_par' dir='ltr' id='par_1_117' title="bbox 1949 5723 3524 5796">
     <span class='ocr_line' id='line_1_117' title="bbox 1949 5723 3524 5796; baseline -0.005 -17"><span class='ocrx_word' id='word_1_848' title='bbox 1949 5727 2057 5780; x_wconf 75' lang='lat' dir='ltr'><strong>lien</strong></span> <span class='ocrx_word' id='word_1_849' title='bbox 2087 5728 2241 5796; x_wconf 75' lang='lat' dir='ltr'><strong>digna</strong></span> <span class='ocrx_word' id='word_1_850' title='bbox 2271 5725 2536 5785; x_wconf 69' lang='lat' dir='ltr'><strong>oratione,</strong></span> <span class='ocrx_word' id='word_1_851' title='bbox 2566 5733 2618 5777; x_wconf 91' lang='lat' dir='ltr'><strong>ct</strong></span> <span class='ocrx_word' id='word_1_852' title='bbox 2648 5723 2843 5775; x_wconf 76' lang='lat' dir='ltr'><strong>divinis</strong></span> <span class='ocrx_word' id='word_1_853' title='bbox 2873 5734 3110 5775; x_wconf 87' lang='lat' dir='ltr'><strong>armatus</strong></span> <span class='ocrx_word' id='word_1_854' title='bbox 3148 5723 3524 5782; x_wconf 82' lang='lat' dir='ltr'><strong>sacramentis,</strong></span> 
     </span>
    </p>
   </div>
   <div class='ocr_carea' id='block_1_118' title="bbox 1948 5813 3527 5891">
    <p class='ocr_par' dir='ltr' id='par_1_118' title="bbox 1948 5813 3527 5891">
     <span class='ocr_line' id='line_1_118' title="bbox 1948 5813 3527 5891; baseline -0.004 -18"><span class='ocrx_word' id='word_1_855' title='bbox 1948 5821 2208 5891; x_wconf 68' lang='lat' dir='ltr'><strong>gloriosus</strong></span> <span class='ocrx_word' id='word_1_856' title='bbox 2238 5821 2479 5888; x_wconf 62' lang='lat' dir='ltr'><strong>migraxit</strong></span> <span class='ocrx_word' id='word_1_857' title='bbox 2505 5834 2529 5869; x_wconf 88' lang='lat' dir='ltr'><strong>a</strong></span> <span class='ocrx_word' id='word_1_858' title='bbox 2558 5817 2775 5871; x_wconf 54' lang='lat' dir='ltr'><strong>sacculo</strong></span> <span class='ocrx_word' id='word_1_859' title='bbox 2807 5831 2961 5886; x_wconf 74' lang='lat' dir='ltr'><strong>quem</strong></span> <span class='ocrx_word' id='word_1_860' title='bbox 2986 5813 3205 5867; x_wconf 82' lang='lat' dir='ltr'><strong>Michael</strong></span> <span class='ocrx_word' id='word_1_861' title='bbox 3235 5828 3352 5867; x_wconf 85' lang='lat' dir='ltr'><strong>cum</strong></span> <span class='ocrx_word' id='word_1_862' title='bbox 3383 5821 3527 5866; x_wconf 76' lang='lat' dir='ltr'><strong>ccetn</strong></span> 
     </span>
    </p>
   </div>
   <div class='ocr_carea' id='block_1_119' title="bbox 3042 5910 3078 5966">
    <p class='ocr_par' dir='ltr' id='par_1_119' title="bbox 3042 5910 3078 5966">
     <span class='ocr_line' id='line_1_119' title="bbox 3042 5910 3078 5966; baseline 0 0"><span class='ocrx_word' id='word_1_863' title='bbox 3042 5910 3078 5966; x_wconf 87' lang='lat'><strong>3</strong></span> 
     </span>
    </p>
   </div>
  </div>
