4214 6530
786 407 852 460 ’1ῐὶ
1699 407 2130 472 ALDHELMUS,
2178 409 2802 467 SHHREBURNENSIS
2844 416 3226 471 EPISCOPU‘.
3986 427 4048 478 7t}

783 518 1016 584 suscepit
1040 515 1298 580 :trtgt:‘.it'n.
1331 516 1373 581 Q
1400 534 1448 566 in
1472 517 1722 568 tlelttttt'lt)
1766 521 1815 570 in
1867 519 2090 588 Dunling
2124 521 2266 582 villa,
2299 521 2361 574 ad
2390 527 2440 581 Α
2470 537 2705 590 saurum,
2739 541 2931 593 corpus
2957 530 3158 583 scilicet
3187 531 3343 592 illius,
3370 543 3471 584 tam
3499 535 3704 602 magnis
3730 536 4046 590 adornatum

781 623 938 675 quam
971 620 1065 673 pro
1107 606 1278 659 salute
1307 623 1490 658 eorum
1532 623 1664 674 quos
1696 611 1794 663 sub
1827 611 1917 662 Dei
1969 613 2132 664 tutela
2171 614 2360 680 guber-

782 701 939 752 nabat
984 707 1312 768 perrexerat,
1353 709 1408 751 ut
1459 703 1576 767 pius
1632 712 1811 768 pastor
1862 705 2168 769 parochiam
2213 721 2360 759 suam

775 788 1140 843 circumiens:
1164 798 1386 857 utraque
1413 793 1756 860 congregatio
1779 794 2010 846 ﬁdelium
2029 797 2256 862 primum
2284 797 2362 850 in-

775 891 855 930 ter
894 891 955 932 se
996 877 1236 932 modeste
1267 888 1470 932 tantum
1520 883 1682 948 coepit
1712 882 1909 937 trahere
1968 885 2206 950 ligitium,
2259 903 2361 954 quo

777 971 906 1023 lztnli
943 971 1150 1038 patroni
1181 985 1378 1040 corpus
1405 973 1468 1025 ad
1499 973 1865 1041 sepeliendum
1892 987 2218 1044 portaretur.
2256 979 2359 1032 Sed

777 1078 900 1127 pars
934 1060 1022 1116 illa
1051 1063 1258 1118 ratione
1302 1065 1575 1132 prazvaluit
1604 1067 1667 1118 ad
1698 1082 1856 1134 quam
1889 1069 2026 1122 idem
2061 1085 2119 1123 sc
2163 1071 2360 1137 portari

781 1151 848 1204 ad
903 1153 1276 1207 tumulandum
1330 1154 1601 1223 prmcepit.
1655 1156 1708 1210 In
1758 1158 1942 1211 eadem
1977 1173 2099 1214 vero
2134 1161 2274 1230 villa,
2310 1165 2358 1216 in

774 1259 837 1297 co
911 1246 1115 1301 scilicet
1179 1247 1300 1302 loco
1347 1264 1452 1318 qtto
1512 1250 1639 1321 vitae,
1680 1252 1838 1306 ﬁnem
1889 1253 2138 1326 fecerat,
2189 1261 2358 1328 lignea

776 1336 981 1404 capella
1013 1347 1323 1392 constructa
1355 1341 1562 1406 fuerat;
1593 1343 1686 1395 sed
1727 1355 1847 1412 post
1876 1347 1993 1412 ejus
2026 1350 2229 1405 obitum
2261 1352 2359 1405 ibi-

774 1426 897 1481 dem
928 1427 994 1482 de
1019 1427 1288 1484 Glastonia
1330 1433 1548 1501 quidam
1593 1434 1877 1504 religiosus
1909 1443 2227 1505 monachus,
2283 1443 2359 1496 la-

776 1520 897 1588 pide
918 1523 1104 1589 inciso,
1133 1525 1403 1594 quoddam
1445 1523 1573 1581 fecit
1607 1533 1900 1583 oratorium
1935 1551 1944 1582 :
1977 1535 2118 1600 quod
2151 1550 2267 1588 cum
2293 1537 2357 1588 ad

776 1610 913 1666 illius
943 1611 1200 1669 honorem
1237 1615 1470 1670 dedicari
1514 1617 1736 1684 faceret,
1767 1634 1901 1676 anus
1942 1627 2208 1692 quaedam,
2239 1643 2357 1696 quae

774 1701 942 1754 multo
973 1710 1212 1770 tempore
1241 1705 1456 1774 proprio
1487 1707 1688 1762 lumine
1717 1710 1901 1763 orbata
1953 1713 2148 1780 fuerat,
2203 1719 2358 1773 Iumi-

774 1789 859 1844 nis
893 1793 1092 1859 recepit
1119 1794 1312 1860 visum,
1343 1805 1504 1865 atque
1546 1806 1603 1852 ut
1642 1800 1926 1868 juvencula
1957 1806 2119 1870 coepit
2150 1809 2350 1864 videre.

779 1880 858 1934 Eo
887 1891 1064 1938 autem
1118 1893 1360 1954 tempore
1400 1899 1618 1942 sanctus
1671 1890 1944 1959 nginus,
1991 1895 2357 1964 Vigorniensis

774 1970 1028 2026 Ecclesia:
1068 1974 1371 2043 episcopus,
1406 1978 1488 2030 vir
1515 1979 1729 2044 quidem
1765 1991 1818 2033 et
1851 1982 1963 2048 ipse
2005 1986 2251 2040 doctrina
2301 1999 2355 2041 et

771 2076 935 2128 opere
994 2063 1417 2130 probatissimus,
1492 2067 1715 2125 Romam
1796 2087 2024 2142 pergens
2096 2078 2356 2132 orationis

771 2165 929 2205 causa
959 2166 1078 2207 cum
1111 2157 1428 2224 compedum
1458 2160 1692 2229 vinculo,
1720 2161 1905 2218 divino
1928 2164 2010 2234 (ut
2037 2167 2116 2220 fas
2143 2179 2226 2222 est
2247 2183 2357 2222 cre-

771 2242 924 2310 dere)
956 2246 1188 2299 monitus
1215 2247 1475 2315 alloquio,
1511 2250 1821 2306 Meldunum
1856 2256 2050 2320 praesul
2098 2260 2260 2323 venit,
2304 2269 2357 2314 ut

769 2330 1021 2387 defuncto
1060 2334 1295 2402 pontiﬁci
1322 2336 1566 2393 debitum
1595 2341 1840 2397 redderet
1867 2345 2206 2415 obsequium.
2241 2350 2358 2414 Quo

772 2431 828 2472 nt
852 2421 1068 2489 dignum
1115 2423 1282 2478 fuerat
1332 2433 1613 2494 tumulata,
1671 2431 1770 2485 iter
1824 2434 2096 2502 inceptum
2150 2441 2358 2506 peregit

771 2512 993 2567 antistes
1036 2514 1124 2568 ille
1163 2519 1553 2584 sanctissimus,
1609 2523 1897 2592 Romaeque
1946 2527 2122 2581 divina
2159 2531 2358 2586 virtute

770 2605 944 2656 soluta
977 2605 1075 2658 fuit
1104 2606 1191 2659 illa
1214 2618 1522 2663 catenarum
1555 2612 1959 2682 circumligatio,
1996 2622 2135 2671 sicut
2165 2621 2216 2672 in
2243 2623 2357 2685 ejus

778 2695 904 2748 Vita:
935 2697 1126 2767 legitur
1153 2701 1439 2756 volumine.
1492 2703 1597 2758 Iste
1639 2720 1782 2767 vero,
1837 2707 1972 2773 apud
2027 2707 2190 2762 Deum
2243 2725 2355 2764 om.

771 2788 917 2842 nium
946 2791 1302 2846 invocantium
1335 2810 1392 2848 se
1420 2794 1731 2861 advocatus,
1769 2802 1972 2851 cmfesti
2010 2801 2058 2853 in
2091 2802 2230 2855 solio
2259 2818 2352 2854 su-

771 2883 1044 2949 blimatus,
1096 2887 1344 2954 precibus
1372 2889 1602 2942 assiduis
1652 2892 1946 2957 supradicti
1995 2893 2093 2947 loci
2141 2910 2354 2963 gregem

770 2973 908 3041 regit
936 2971 1035 3025 sibi
1058 2973 1250 3028 devote
1279 2976 1547 3029 subditum
1572 2995 1585 3041 ;
1614 2978 1949 3047 plurimaque
1983 2996 2076 3048 per
2099 2997 2218 3035 eum
2253 2982 2354 3036 ibi-

769 3063 894 3116 dem
942 3073 1259 3130 praestantur
1314 3066 1591 3129 beneficia,
1657 3069 1722 3121 ad
1773 3071 1915 3122 illius
1969 3073 2220 3139 laudern,
2271 3076 2352 3128 cui

769 3161 857 3205 est
887 3154 1055 3208 honor
1081 3167 1132 3209 et
1159 3157 1330 3223 g'oria
1383 3173 1479 3225 per
1523 3159 1726 3212 inlinita
1771 3163 1962 3215 srrcula
2010 3166 2346 3218 smculorum.

770 3250 962 3300 Amen.

1374 3344 1602 3400 CAPUT
1644 3345 1729 3399 IV.

771 3445 969 3520 Corpus
998 3453 1159 3502 saucii
1192 3453 1448 3506 Aldhelmi
1477 3457 1743 3518 eleratum,
1775 3474 1818 3511 ct
1842 3479 1871 3512 ιι
1904 3474 2083 3516 sancto
2121 3464 2344 3520 Dunsta—

843 3530 908 3567 no
936 3517 1222 3589 imminuto
1266 3524 1469 3588 lapileo
1499 3529 1822 3583 (al/omium.
1857 3530 2153 3588 Panaetio

848 3602 930 3637 ca.
961 3585 1215 3643 Miracula
1245 3585 1401 3661 facta.

842 3699 935 3754 tlis
963 3701 1122 3770 igitur
1151 3706 1251 3760 sub
1280 3707 1558 3775 brevitate,
1613 3713 1712 3765 etsi
1767 3714 2055 3781 rusticiter,
2117 3733 2220 3771 non
2275 3730 2350 3772 ta-

775 3803 896 3843 men
941 3793 1141 3861 absque
1173 3795 1247 3848 rei
1277 3797 1516 3861 veritate,
1547 3801 1614 3853 de
1657 3804 1761 3855 vita
1808 3807 2131 3860 sanctissimi
2189 3812 2352 3876 patris

772 3879 1057 3950 Aldhelmi,
1088 3883 1268 3954 inclyti
1311 3889 1636 3944 confessoris
1666 3903 1720 3946 et
1760 3895 2045 3950 orthodoxi
2081 3900 2349 3966 pratsnlis,

770 3972 1064 4026 secundum
1094 3976 1264 4030 nostri
1309 3976 1561 4048 ingenioli
1606 3984 1919 4050 parvitatem
1950 3989 2047 4041 rite
2081 4000 2350 4042 tt'attSCttt‘~

769 4061 868 4123 sis,
898 4061 964 4113 ad
996 4078 1055 4115 ea
1100 4078 1220 4132 quae
1257 4082 1352 4134 per
1379 4083 1502 4122 eum
1549 4083 1665 4139 post
1709 4075 1845 4129 illius
1874 4077 2072 4132 obitum
2104 4080 2353 4136 Dominus

774 4152 824 4202 in
855 4152 1045 4206 eodem
1071 4156 1318 4211 cmnobio
1349 4158 1598 4225 dignatus
1627 4172 1710 4216 est
1739 4169 1946 4234 operari
1978 4171 2232 4224 miracula
2265 4189 2354 4223 ve-

772 4243 1001 4297 niarnus.
1035 4245 1350 4303 Tunmlatus
1383 4255 1642 4320 siquidem
1690 4256 1740 4309 in
1783 4261 2008 4314 ecclesia
2044 4267 2208 4316 sancti
2245 4266 2349 4319 Μι-

770 4335 972 4390 chaelis
1001 4339 1326 4408 archangeli,
1355 4342 1429 4396 illi
1458 4347 1696 4400 ecclesia:
1734 4365 1891 4416 quam
1943 4366 2096 4420 pater
2128 4354 2349 4409 fabrica-

774 4438 922 4482 verat
950 4432 1218 4496 contigua,
1259 4434 1422 4501 jacuit
1458 4451 1624 4504 usque
1657 4441 1720 4492 ad
1765 4455 1974 4511 tempus
2005 4447 2194 4510 Edwii,
2243 4449 2354 4502 fra-

2466 616 2768 680 virtutihus,
2813 619 2972 670 levari
3018 619 3144 674 fecit
3172 621 3238 675 de
3285 624 3636 691 sarciaphago,
3669 633 3722 676 et
3753 626 3806 678 in
3850 627 4040 681 locello

2467 707 2757 761 honoriﬁce
2800 710 3047 762 enlloc;iri
3099 722 3372 778 argenteo,
3424 714 3508 766 ubi
3539 724 3594 768 et
3627 715 3872 782 quedam
3907 718 4044 771 illius

2465 813 2644 866 opera,
2677 797 2741 852 de
2780 799 2913 852 libro
2935 799 3158 864 scilicet,
3192 814 3241 854 et
3271 803 3438 865 trabe,
3465 812 3520 857 et
3543 819 3728 871 puero,
3758 816 3813 859 et
3843 810 4042 872 casula,

2465 888 2676 941 laminis
2706 892 2906 944 auratis
2937 891 3110 946 adhuc
3139 904 3394 961 apparent
3441 895 3720 964 insculpta.

2535 980 2865 1049 Requievere
2912 992 3090 1036 autem
3137 982 3278 1036 illius
3322 988 3656 1039 sanctissima
3705 1000 3831 1040 ossa
3866 987 3917 1040 in
3947 1001 4031 1041 su-

2465 1073 2703 1140 pradicto
2752 1074 2950 1126 feretro
3008 1091 3101 1142 per
3153 1075 3409 1142 aliquanti
3476 1079 3736 1142 temporis
3784 1079 4039 1146 spatium,

2463 1179 2740 1232 quousque
2765 1174 2982 1218 Sanctus
3006 1163 3336 1230 Dunstanus,
3361 1167 3542 1221 divina
3571 1163 3785 1221 favente
3809 1172 4036 1221 clernen~

2465 1255 2555 1318 tia,
2611 1255 3084 1323 archipracsulatus
3121 1256 3552 1324 Cantuariorum,
3607 1264 3853 1328 suscepit
3905 1263 4042 1313 infu-

2467 1347 2592 1410 lam,
2627 1357 2680 1401 et
2707 1346 2976 1400 Danorum
3025 1361 3189 1416 super
3215 1351 3415 1419 Anglos
3453 1350 3630 1405 furere
3672 1353 3838 1420 C(Bpit
3884 1354 4040 1405 saevi-

2463 1440 2554 1491 tia.
2602 1439 2699 1503 Qui
2750 1439 2876 1491 tanti
2929 1439 3024 1492 viri
3073 1440 3294 1494 audiens
3341 1455 3500 1508 opera
3547 1450 3602 1494 et
3651 1443 3879 1508 perinde
3926 1445 4038 1509 ejus

2462 1528 2650 1580 crebra
2697 1541 2923 1582 cernens
2969 1530 3256 1596 miracula,
3313 1534 3473 1600 erepit
3517 1532 3670 1596 illud,
3719 1533 4036 1600 posthabitis

2461 1617 2692 1679 caeteris,
2737 1627 2959 1684 excepto
2987 1631 3084 1670 suo
3133 1621 3186 1672 in
3233 1634 3336 1688 quo
3385 1621 3789 1687 inthronizatus,
3822 1622 4036 1690 diligere

2460 1705 2786 1771 cmnobium,
2822 1705 3092 1774 multaque
3136 1709 3497 1764 ecclesiastico
3540 1726 3769 1780 congrua
3817 1714 4031 1764 servitis

2462 1798 2659 1853 ibidem
2690 1813 2889 1868 ponere
2918 1800 2985 1854 de
3027 1800 3185 1854 rebus
3213 1802 3472 1869 propriis,
3505 1818 3727 1871 quarum
3759 1806 3909 1873 plura
3945 1820 4031 1856 ns-

2389 1876 2436 1934 Β
2466 1906 2569 1961 que
2597 1891 2663 1944 ad
2694 1890 2744 1944 id
2777 1893 3030 1959 temporis
3063 1893 3116 1945 in
3147 1893 3395 1946 emnobio
3429 1894 3689 1947 habentur
3716 1913 3728 1944 :
3761 1897 3816 1946 in
3843 1897 4031 1960 quibus

2459 1985 2617 2037 etiam
2645 1984 2982 2038 anathemata
3007 1985 3170 2052 illius,
3207 2003 3273 2040 ne
3299 1989 3416 2054 quis
3439 2002 3500 2041 ea
3523 1986 3799 2040 eliminare
3832 1987 3898 2039 ad
3930 1989 4024 2038 ls'c.

2459 2074 2637 2129 clesia:
2663 2074 2917 2130 damnum
2945 2076 3188 2138 auderet,
3221 2080 3440 2132 metrice
3479 2079 3730 2145 inscripta
3762 2079 4023 2130 videntur.

2461 2163 2517 2217 ln
2550 2164 2767 2233 organis
2811 2165 3038 2229 scilicet,
3065 2181 3180 2234 quae
3213 2167 3277 2219 ad
3311 2166 3440 2219 tanti
3471 2168 3634 2234 patris
3660 2168 3916 2220 honorem
3948 2183 4024 2216 ar-

2459 2256 2743 2324 chiprzesul
2771 2256 3021 2322 dederat,
3060 2259 3173 2310 haec
3198 2266 3322 2310 sunt
3348 2260 3510 2312 aeneis
3542 2259 3734 2311 litteris
3760 2258 4024 2324 assignat:

2458 2361 2692 2404 carmina
2711 2370 2722 2402 '.

2521 2460 2714 2525 prgana
2738 2460 2800 2508 do
2817 2467 2982 2510 sancto
3007 2463 3179 2522 praesul
3203 2461 3480 2511 Dunstanns
3500 2464 3720 2525 Adelrno,

2521 2523 2702 2573 Perdat
2720 2525 2799 2572 hic
2822 2533 3076 2583 aeternum,
3098 2528 3179 2586 qui
3207 2527 3306 2575 vult
3328 2529 3438 2574 biuc
3463 2527 3656 2585 teilere,
3682 2523 3904 2587 regnum.

2461 2621 2516 2675 In
2566 2623 2830 2690 hydriola,
2884 2639 3065 2692 quam,
3121 2637 3177 2678 ut
3225 2628 3484 2680 ministris
3533 2630 3716 2680 altaris
3763 2626 4027 2698 lympham

2460 2713 2739 2781 funderet,
2787 2715 3032 2770 fabricari
3091 2716 3317 2777 fecerat.
3366 2719 3476 2772 hac
3530 2720 3755 2774 vidimus
3808 2720 4026 2773 metrice

2461 2807 2656 2874 scripta
2681 2825 2690 2858 :

2522 2917 2794 2975 ilvdriolam
2820 2920 2939 2967 hanc
2960 2919 3087 2968 fundi
3114 2921 3328 2970 Dnnstan
3348 2926 3655 2973 mandaverat
3689 2926 3846 2975 archi-

2520 2978 2706 3029 Prresul
2730 2989 2783 3028 ut
2806 2984 2853 3028 in
2879 2986 3028 3042 templ
3045 3003 3058 3027 ι
3081 2991 3251 3032 ειιιειυ
3273 2989 3485 3035 serviret
3504 2986 3721 3037 Adrhuo.

2462 3084 2514 3138 In
2577 3087 2914 3154 campannla,
2967 3101 3085 3154 qua:
3139 3095 3320 3142 aurata
3380 3089 3431 3142 in
3496 3090 3778 3144 refectorio
3840 3092 4025 3159 majori

2381 3211 2430 3274 Ο
2463 3191 2658 3230 mensa:
2699 3177 3031 3244 prmeminet,
3067 3179 3294 3234 obrizeis
3337 3181 3517 3250 figuris
3559 3185 3656 3238 hoc
3707 3184 4022 3254 impressum

2464 3268 2689 3320 vidimus
2719 3287 2728 3319 :

2516 3382 2722 3445 Elysiam
2748 3384 2857 3432 crrli
2885 3399 3126 3446 nunquam
3149 3387 3406 3437 contendat
3431 3390 3488 3436 ad
3515 3389 3692 3446 aulam,

2518 3449 2609 3503 Qﬁ
2632 3446 2755 3494 ferat
2780 3448 2902 3494 hanc
2933 3449 3085 3494 nolam
3114 3447 3317 3496 Aldehni
3341 3451 3406 3498 de
3429 3449 3547 3498 sede
3573 3452 3723 3499 beati.

2456 3527 2559 3582 Sed
2587 3537 2638 3581 et
2668 3529 2770 3580 alia
2800 3530 2870 3582 ibi
2904 3531 3070 3597 signa,
3109 3546 3226 3597 qua:
3256 3547 3284 3584 a
3318 3534 3471 3586 beato
3495 3532 3768 3587 Dunstano
3798 3536 4024 3604 quadra.

2455 3618 2605 3686 genis
2647 3617 2793 3670 libris
2834 3628 3011 3685 empta
3060 3617 3228 3672 fuere.
3273 3619 3427 3673 Plura
3467 3636 3678 3691 quoque
3714 3623 3863 3677 dedit
3903 3624 4022 3687 alia,

2455 3725 2570 3775 qua:
2598 3723 2629 3763 a
2663 3709 2816 3764 nobis
2845 3709 3042 3763 idcirco
3065 3711 3431 3780 relinquuntur
3459 3712 3676 3779 intacta,
3712 3727 3781 3767 ne
3812 3715 4026 3768 audien-

2459 3802 2599 3854 tibus
2627 3812 2882 3868 generent
2913 3802 3142 3854 fastidia.

2529 3891 2790 3956 Tempore
2815 3905 2940 3946 vero
2962 3892 3295 3960 postmodum
3331 3893 3485 3960 hujus
3517 3893 3801 3949 reverendt
3827 3894 4026 3949 antisti-

2459 3982 2544 4045 tis,
2571 3997 2701 4051 gens
2748 3983 3014 4037 Danorum
3048 3983 3246 4050 perﬁda
3278 3984 3495 4054 verique
3518 3984 3608 4039 Dei
3637 3986 3815 4040 adhuc
3843 3987 4024 4049 inscia,

2458 4090 2577 4130 eum
2630 4076 2965 4130 multitudine
3021 4079 3272 4130 classium
3319 4079 3546 4132 insulam
3589 4077 3784 4134 invasit
3815 4082 4023 4134 Britan-

2461 4169 2580 4220 nizc.
2656 4167 2818 4234 Cujus
2862 4167 3066 4221 feritate
3118 4168 3272 4235 longe
3314 4171 3592 4236 perterrita
3633 4185 3766 4238 gens
3803 4171 4022 4239 Anglia,

2459 4260 2595 4311 sicut
2625 4258 2789 4310 moris
2818 4268 2898 4312 est
2933 4258 3255 4320 timentium,
3290 4273 3515 4313 summa:
3546 4261 3789 4314 Trinitati
3820 4262 4027 4315 assidue

2458 4349 2648 4404 dev0ta
2696 4360 2877 4404 mente
2927 4350 3193 4404 referebat
3241 4350 3615 4421 hymnodiam,
3674 4364 3730 4406 ut
3778 4355 4026 4414 salvaret,

2460 4456 2591 4512 quos
2640 4443 2960 4508 redemerat,
3011 4445 3358 4510 persistentes
3398 4445 3450 4498 in
3501 4445 3603 4499 ﬁde
3649 4447 3934 4510 catholica,
3962 4446 4025 4500 de

774 4518 872 4570 tris
918 4519 1116 4589 Edgari
1151 4526 1309 4590 regis,
1358 4527 1445 4591 qui
1493 4539 1617 4581 ante
1650 4530 1911 4600 lidgarutn
1965 4536 2201 4592 infantia:
2245 4553 2354 4593 siue

2387 4565 2437 4626 υ
2465 4535 2623 4585 nimia
2654 4534 2969 4586 crudelitate
2999 4532 3380 4598 barbarorum;
3411 4540 3464 4588 et
3496 4544 3801 4590 sanctorum
3833 4538 3943 4590 suis
3973 4538 4020 4589 in

772 4611 982 4674 ignavia
1015 4626 1107 4678 per
1131 4611 1285 4665 devia
1312 4631 1534 4684 qumque
1568 4619 1838 4688 incedens,
1867 4625 2173 4695 nulliusque
2201 4631 2350 4696 probi

775 4701 868 4751 viri
897 4701 1122 4754 Consilio
1152 4702 1351 4769 fruens,
1386 4717 1438 4759 et
1469 4723 1689 4775 regnum
1721 4712 2028 4782 dissipando
2070 4721 2270 4784 divisit,
2299 4730 2355 4774 et

772 4789 1121 4844 ecclesiarum
1167 4793 1305 4846 bona
1353 4799 1618 4851 intestinis
1667 4806 2004 4867 praedonibus
2056 4808 2348 4864 distribuit.

767 4877 877 4930 siste
906 4893 1113 4946 quoque
1141 4885 1437 4939 ccenobitas
1477 4889 1757 4958 religiosos
1806 4895 2082 4964 utriusque
2124 4913 2284 4953 sexus
2321 4915 2350 4952 a

772 4968 1056 5023 dominicis
1098 4974 1323 5027 ovilibus
1355 4985 1675 5046 segregavit,
1725 4994 1778 5036 et
1827 4987 2160 5041 lascivientes
2187 4991 2349 5057 gulm-

772 5071 875 5122 que
907 5057 1172 5116 illecebris
1222 5069 1536 5132 servientes,
1590 5071 2033 5144 philargyriteque
2075 5078 2348 5133 inhianter

776 5148 917 5200 lucra
949 5161 1238 5217 sectantes,
1269 5172 1370 5209 non
1403 5175 1578 5213 mores
1608 5167 1894 5220 canonicos
1932 5179 1986 5220 ut
2017 5173 2238 5225 decoret
2267 5173 2348 5225 di-

779 5242 1020 5309 ligentes,
1073 5245 1165 5298 seil
1193 5252 1471 5304 saueiilaria
1501 5255 1764 5310 desideria
1801 5263 2023 5328 turpiter
2071 5263 2351 5332 impuden-

773 5343 961 5402 tcrque
983 5338 1276 5405 cupientes,
1306 5346 1580 5414 utriusque
1605 5353 1820 5416 generis
1850 5356 2075 5409 clericos
2104 5359 2152 5409 in
2182 5362 2350 5413 cccle-

773 5425 850 5477 sia
913 5427 1215 5484 collocavit.
1276 5434 1520 5491 Miser-tus
1577 5451 1750 5496 tamen
1802 5448 2140 5516 omnipotens
2212 5453 2349 5505 Dens

776 5515 1105 5576 llelduneusi
1151 5528 1421 5596 coenobio,
1466 5534 1549 5599 qui
1607 5538 1876 5592 lucernam
1929 5558 2074 5595 suam
2123 5560 2225 5596 non
2260 5549 2347 5597 diu

775 5605 942 5663 latere
985 5611 1084 5665 sub
1116 5618 1314 5679 modio,
1365 5623 1455 5673 sed
1502 5635 1556 5677 ut
1603 5625 1801 5681 lucere't
1846 5634 2114 5690 omnibus.
2144 5637 2347 5699 erigere

777 5699 942 5754 vuluit
963 5720 1121 5774 super
1145 5712 1547 5783 candelabrum;
1585 5737 1678 5790 per
1703 5725 1928 5779 clericos
1953 5737 2074 5781 tunc
2104 5729 2171 5782 ibi
2197 5745 2347 5785 (ξυιυ-

778 5809 1067 5862 morantes,
1100 5814 1408 5878 supradictis
1446 5828 1616 5869 tamen
1647 5821 1946 5888 dissitttiles,
1984 5833 2182 5879 tantum
2229 5827 2341 5879 tlte-

2462 4625 2590 4678 locis
2622 4625 2836 4678 immota
2867 4637 3110 4679 servaret
3139 4625 3290 4680 beata
3320 4641 3566 4696 corpora,
3594 4643 3822 4696 quorum
3850 4630 4019 4698 preci-

2459 4716 2557 4770 bus
2599 4717 2748 4786 plebs
2795 4714 2976 4783 adjuta
3023 4715 3220 4779 ﬁdelis,
3264 4717 3488 4786 ejusque
3535 4718 3754 4786 imperio
3792 4721 4022 4783 subdita,

2458 4809 2755 4861 crudelium
2790 4807 3017 4860 hostium
3049 4808 3368 4862 calamitatis
3395 4811 3656 4864 sarcinam
3690 4820 3871 4876 posset
3899 4826 4017 4865 eva-

2455 4898 2604 4952 dere.
2639 4897 2786 4951 Tunc
2815 4897 3147 4963 supradictus
3178 4899 3435 4964 pontifex,
3464 4898 3765 4969 iniquorum
3798 4901 4021 4955 hostium

2459 5004 2788 5058 cognoscens
2839 4990 3265 5057 perversitatem,
3313 4998 3368 5044 et
3412 4990 3465 5044 in
3513 4991 3776 5046 cbarioris
3824 4995 4021 5048 metaili

2459 5081 2637 5149 Specie
2666 5095 2846 5133 eorum
2879 5093 3121 5148 spurcam
3157 5079 3394 5149 cogitans
3434 5081 3768 5148 aviditatem,
3803 5085 4018 5137 timens-

2458 5187 2561 5241 que
2607 5187 2674 5226 ne
2721 5176 2837 5226 auri
2885 5171 3161 5240 argentive
3199 5173 3249 5225 in
3297 5173 3492 5227 feretro
3537 5173 3815 5228 existentis
3859 5176 4019 5228 illecti

2460 5277 2660 5327 amore,
2687 5263 2815 5316 tanti
2846 5263 3010 5330 patris
3040 5262 3288 5332 reliquias
3313 5263 3523 5333 pollutis
3551 5264 3792 5318 manibus
3813 5267 4022 5319 contin-

2459 5364 2664 5424 gerent.
2713 5367 2765 5408 et
2814 5363 3064 5409 tractatas
3116 5354 3256 5410 fatde
3304 5355 3455 5422 pejus
3504 5357 3886 5424 relinquerent,
3939 5357 4018 5407 rei

2460 5448 2621 5514 (quud
2653 5446 2808 5515 absit)
2866 5448 2908 5499 si
2945 5447 3184 5501 et'clesize
3239 5457 3457 5502 ornatus
3511 5448 3778 5511 tollerent,
3815 5459 4015 5503 tantum

2459 5541 2760 5592 thesaurum
2792 5541 2982 5594 alicubi
3037 5541 3381 5608 projicerent,
3411 5543 3802 5596 sanctissimum
3832 5559 4022 5613 corpus

2457 5645 2762 5688 reverenter
2799 5634 2955 5686 traxit
2996 5635 3063 5688 de
3109 5637 3328 5701 feretro,
3371 5645 3424 5688 et
3468 5635 3519 5689 in
3565 5637 3765 5690 tumulo
3806 5636 4013 5705 lapideo

2454 5733 2636 5785 sericis
2690 5730 3086 5784 linteaminibus
3150 5730 3440 5784 involutum
3505 5729 3804 5782 collocavit.
3877 5729 4020 5784 lianc

2455 5836 2625 5877 autem
2674 5825 3073 5878 translationem
3127 5834 3202 5892 et,
3257 5834 3308 5878 ut
3340 5824 3509 5877 verius
3557 5824 3750 5890 dicam,
3801 5823 4007 5879 ﬁ-ielern
