4214 6542
250 442 309 491 ῃ
1243 430 1396 485 ιιτΑ
1442 429 1497 483 s.
1534 416 1880 479 tinuum
1928 416 2199 477 nmmo
2233 422 2572 481 acernae.
3453 435 3516 487 78

242 559 651 613 alnconsionem
710 555 877 607 sancti
937 552 1199 618 corporir,
1257 550 1379 603 fecit
1439 546 1597 600 tertio
1660 556 1826 595 nonas
1858 535 1903 590 Α
1936 539 2189 602 pra-misit
2232 556 2323 608 per
2364 544 2611 597 civitates
2650 557 2771 600 ante
2820 550 3210 615 przcdieationis
3256 569 3367 609 sine
3415 558 3511 609 ad-

248 651 399 716 Maii,
436 659 486 701 nt
522 650 681 702 multa
718 655 978 699 testantur
1011 641 1403 712 .‘llartyroIOgia.
1444 638 1823 691 Verumtamen

242 740 388 793 Deus
420 749 598 794 custos
632 736 864 790 fidelium
892 735 990 787 Ituc
1022 734 1311 801 “peccatrici
1338 730 1483 799 genti
1516 729 1696 781 intulit
1731 728 1830 778 im-

240 831 569 900 properium,
616 844 711 897 per
757 827 835 880 sui
886 826 1026 879 servi
1072 824 1209 877 hcati
1243 820 1511 876 Aldhelmi
1550 820 1824 873 meritum.

237 919 374 973 Cum
406 935 501 989 per
532 920 694 974 totius
720 918 924 987 Anglia:
966 917 1238 985 regionem
1268 914 1539 968 exercitus
1569 911 1828 966 nefando—

244 1028 362 1066 rum
392 1013 489 1070 hac
521 1013 744 1080 illacque
774 1012 1123 1072 discurreret,
1150 1006 1361 1061 tandem
1390 1006 1454 1059 ad
1484 1004 1829 1060 Meldunense

236 1104 551 1159 Cteuoblum
609 1101 873 1169 pervenit,
907 1101 993 1153 ubi
1043 1099 1345 1167 indigenam
1377 1098 1663 1167 populum,
1698 1096 1827 1148 tanti

241 1198 511 1261 pontificis
542 1195 858 1249 defensione
903 1194 1285 1254 conﬁdentem,
1314 1192 1425 1244 auri
1458 1192 1668 1257 copiam
1725 1189 1824 1243 de-

238 1288 427 1341 tulisse
457 1287 752 1342 audiverat.
791 1284 913 1351 Qui,
950 1294 1006 1337 ut
1037 1283 1287 1338 frendens
1316 1283 1401 1336 leo
1429 1297 1523 1350 per
1553 1282 1822 1335 desertum

237 1380 525 1443 dismirrit,
562 1380 755 1434 nullius
791 1381 915 1435 fera:
945 1381 1136 1433 timens
1163 1391 1467 1439 occursum,
1498 1390 1674 1427 ρωςιιε
1704 1389 1826 1428 csu-

238 1471 339 1524 riei
398 1474 608 1531 ardore,
642 1483 846 1525 tantum
879 1473 1071 1541 ancrit
1100 1471 1225 1540 quid
1271 1470 1512 1532 devoret,
1545 1465 1825 1521 ecclesiam

241 1562 459 1631 irrupit,
511 1579 573 1617 ac
617 1580 783 1633 usque
822 1565 885 1616 ad
930 1572 1114 1617 sancta
1145 1571 1448 1615 sanctorum
1484 1573 1707 1611 vesanus
1735 1573 1827 1609 ac-

240 1659 430 1710 cessit.
472 1658 591 1711 Mox
637 1668 695 1710 ut
739 1659 945 1712 illorum
978 1657 1217 1726 quidam,
1248 1666 1466 1723 accepto
1498 1667 1713 1713 arcano,
1750 1651 1826 1702 la-

243 1750 399 1815 pillos
431 1751 627 1816 cupivit
666 1750 931 1817 pretiosos
966 1749 1177 1803 trahere
1205 1764 1234 1801 e
1268 1749 1485 1809 feretro,
1522 1744 1721 1795 amisso
1751 1743 1829 1793 lu-

241 1841 387 1894 mine
412 1841 591 1893 divina
622 1840 825 1895 ultione
852 1841 1110 1893 continuo
1140 1838 1335 1891 cecidit
1364 1836 1414 1889 in
1443 1835 1825 1903 pavimentum.

238 1930 393 1985 Tunc
421 1932 671 1983 ementati
716 1932 896 1982 hostes
929 1929 1107 1982 ceteri
1133 1968 1145 1989 ,
1177 1927 1357 1980 omnia
1394 1940 1510 1993 qua:
1556 1925 1605 1977 in
1638 1938 1819 1974 mona-
1856 1912 1905 1973 Β

240 2021 410 2073 Sterio
440 2028 614 2083 erant,
656 2034 956 2087 quanquam
1005 2018 1271 2079 nolentes,
1321 2017 1558 2068 fecerunt
1596 2012 1826 2076 relinqui

242 2111 507 2179 (exceptis
536 2110 617 2165 his
646 2126 765 2179 quae
808 2112 959 2178 plebs
993 2125 1226 2177 provaga
1255 2108 1363 2176 jam
1396 2108 1447 2159 in
1478 2106 1712 2158 ofﬁcinis
1741 2119 1829 2155 ac-

241 2204 511 2270 Ceperat),
561 2211 718 2270 atque
760 2202 896 2255 viam
946 2201 1215 2254 inhianter
1263 2198 1469 2267 profugi
1521 2196 1825 2262 arripuere.

238 2295 332 2348 Sic
371 2295 563 2363 quippe
588 2295 727 2347 Deus
760 2296 938 2347 locum
972 2295 1116 2347 illum
1148 2292 1393 2347 liberavit
1423 2306 1451 2343 a
1485 2291 1634 2344 rabie
1682 2290 1825 2343 frau-

239 2383 492 2437 datornm
523 2398 682 2451 prece
712 2384 792 2435 sui
824 2382 1007 2435 famuli
1044 2398 1057 2435 :
1088 2383 1264 2451 magni
1309 2382 1450 2434 enim
1487 2380 1628 2446 apud
1663 2380 1825 2432 Deum

236 2481 419 2526 exstat
447 2473 547 2526 iste
582 2482 795 2526 sanctus
828 2470 1027 2536 meriti,
1055 2473 1142 2539 qui
1178 2478 1257 2539 (ut
1288 2468 1543 2537 diximus)
1574 2468 1827 2535 populum

235 2562 347 2615 sibi
377 2564 598 2616 charum
630 2578 656 2613 a
694 2564 885 2615 timore
914 2564 1043 2616 tanti
1074 2561 1215 2615 eruit
1245 2560 1489 2629 periculi.
1529 2559 1679 2612 llunc
1702 2572 1830 2623 ergo

234 2664 297 2709 et
330 2669 426 2708 nos
465 2665 613 2709 casto
645 2656 809 2709 corde
830 2698 844 2722 ,
900 2655 1084 2723 pronis
1127 2668 1341 2722 quoque
1374 2664 1655 2705 exoremus
1682 2650 1825 2702 voci-

239 2749 366 2811 lms,
401 2757 663 2816 quatenus
693 2762 791 2799 nos
830 2746 1075 2813 indignos
1122 2746 1227 2797 vita
1259 2753 1312 2797 et
1340 2744 1598 2808 moribus,
1631 2757 1661 2795 a
1698 2755 1825 2807 pec-

234 2837 381 2890 catis
410 2845 760 2903 expurgatus,
792 2835 931 2903 apud
973 2836 1138 2889 Deum
1175 2841 1354 2886 mente
1400 2832 1686 2895 exaltatos,
1718 2830 1830 2883 suis

237 2925 435 2979 reddat
464 2926 734 2993 precibus,
763 2941 867 2993 quo
896 2940 1018 2979 cum
1050 2941 1113 2978 eo
1144 2932 1265 2993 post
1295 2925 1429 2977 hanc
1459 2924 1620 2975 vitam
1656 2921 1827 2989 potia-

240 3034 369 3072 mur
414 3018 621 3084 cmlica,
654 3018 842 3072 Natum
891 3017 1122 3071 videndo
1164 3015 1354 3070 sedere
1406 3014 1575 3068 Patris
1605 3012 1670 3067 ad
1701 3013 1828 3066 dex-

238 3121 408 3175 tram,
441 3111 522 3165 cui
566 3112 634 3163 sit
667 3111 871 3177 virtus,
906 3111 1077 3161 honor
1106 3118 1159 3164 et
1189 3108 1353 3179 gloria
1384 3122 1503 3161 cum
1536 3106 1829 3160 Pneumate

236 3211 433 3257 sancto
464 3217 559 3270 per
590 3203 851 3256 immensa
886 3202 1102 3255 szccula.

1942 639 2173 693 ventum,
2222 632 2342 698 quia
2373 642 2532 686 tanta:
2576 640 2968 702 persecutionis
3005 650 3168 695 aestus
3214 644 3508 714 ingruerat,

1938 726 2074 790 quod
2106 726 2230 778 nulli
2263 742 2448 781 eorum
2484 728 2627 781 licuit
2659 730 2856 783 chartis
2884 735 3263 788 commendare
3292 748 3509 792 actuum

1935 829 2119 870 eorum
2148 820 2442 883 sequentia.
2477 822 2625 888 Apud
2658 822 2823 875 Deum
2856 832 3031 877 tamen
3061 841 3246 882 eorum
3284 843 3387 881 non
3420 833 3514 884 mi-

1937 923 2035 960 nus
2075 917 2251 963 exstat
2281 912 2549 978 meritum,
2605 925 2694 967 aut
2725 916 2865 969 inter
2915 917 3158 976 homines
3198 923 3513 990 auctoritas,

1933 1004 2054 1066 quia
2083 1004 2389 1072 frequenter
2416 1006 2600 1059 vident
2651 1024 2768 1077 qua:
2810 1026 2904 1078 per
2924 1026 3020 1065 eos
3066 1011 3203 1068 Deus
3228 1017 3515 1073 ostendere

1933 1093 2182 1157 dignatur
2214 1095 2352 1148 haud
2386 1097 2604 1150 minima
2646 1100 2807 1166 facta,
2853 1118 2949 1171 pro
2992 1105 3186 1173 quibus
3225 1108 3367 1174 prius
3408 1125 3512 1164 non

1934 1189 2130 1255 scripta
2164 1190 2304 1249 fideli
2338 1190 2499 1245 mrdc
2546 1193 2845 1247 retinentur
2872 1196 2987 1251 sine
3016 1198 3367 1269 ambiguitate
3398 1210 3512 1255 tra-

1934 1280 2064 1334 dita.
2113 1282 2175 1333 Et
2205 1284 2322 1349 quia
2370 1285 2728 1341 accedendum
2759 1297 2841 1341 est
2870 1290 2935 1342 ad
2967 1290 3116 1343 istius
3136 1294 3306 1347 sancti
3338 1292 3501 1361 facta,

1934 1373 2358 1437 supradictnrum
2414 1378 2597 1443 utique
2650 1396 2981 1449 nequaquam
3032 1382 3289 1453 minima,
3338 1400 3511 1453 quan-

1933 1478 2089 1531 quam
2120 1479 2147 1515 a
2184 1464 2292 1517 Deo
2340 1477 2457 1531 post
2491 1468 2774 1522 umltorum
2819 1471 2926 1524 sint
2980 1484 3196 1529 ostensa
3246 1491 3505 1533 annorum

1932 1558 2215 1617 curricula.
2258 1560 2519 1613 dcisthac
2552 1576 2607 1614 re
2659 1577 2796 1615 nime
2850 1565 2946 1617 ista
2984 1566 3034 1618 in
3062 1570 3308 1634 priesenti
3358 1568 3509 1625 suffl-

1934 1658 2094 1701 οιιιηι.

2010 1740 2274 1807 Tempore
2304 1744 2467 1796 multo
2506 1756 2781 1811 postquam
2808 1748 3074 1803 Danornm
3104 1759 3262 1817 atque
3284 1749 3500 1807 Norwe-

1934 1833 2174 1897 gensinm
2207 1836 2567 1891 crudelissimi
2597 1852 2749 1903 reges
2787 1839 3134 1895 devastavere
3167 1842 3510 1911 Britanniam,

1938 1929 2240 1991 nonnullas,
2280 1936 2333 1980 nt
2367 1930 2530 1982 moris
2563 1940 2644 1982 est
2695 1932 3044 1985 barbarorum
3101 1934 3356 2001 hostium,
3400 1935 3513 2003 pul-

1936 2021 2177 2073 ctu-iores
2224 2020 2427 2074 duxere
2474 2022 2833 2087 virgunculis.
2891 2024 3033 2079 Inter
3084 2041 3217 2095 quas
3268 2027 3513 2095 qumdam

1936 2111 2093 2161 valde
2124 2110 2339 2173 nobilis,
2374 2111 2670 2178 llelphildis
2698 2116 2933 2177 nomine,
2964 2130 3084 2168 cum
3114 2120 3322 2184 captiva
3351 2118 3514 2173 duce-

1941 2212 2111 2266 retur,
2161 2201 2371 2256 cuidam
2402 2204 2683 2270 primatum
2720 2206 3127 2271 pulchritudinis
3176 2222 3330 2262 causa
3362 2210 3517 2263 valde

1937 2293 2297 2355 complacuit:
2342 2294 2431 2361 qui
2465 2293 2651 2362 legale,
2683 2295 2825 2362 quod
2873 2296 3017 2363 prius
3059 2297 3316 2351 habuerat
3367 2298 3512 2367 juxta

1938 2383 2112 2449 gemis
2142 2398 2254 2435 sua:
2284 2398 2511 2448 morem,
2544 2384 2840 2438 destitueris
2871 2387 3197 2456 Cunjttgium,
3242 2389 3367 2443 dum
3416 2390 3519 2444 hac

1941 2473 2078 2526 forte
2109 2482 2347 2525 uteretur
2399 2474 2715 2531 concubina.
2769 2486 2941 2528 morte
2994 2480 3399 2546 superveniente
3426 2480 3523 2535 de.

1940 2564 2149 2617 functus
2181 2574 2285 2617 est.
2337 2564 2460 2616 llaec
2491 2580 2620 2617 vero
2646 2567 2830 2618 orbata
2864 2567 3004 2620 illius
3032 2568 3274 2628 consilio,
3308 2584 3519 2622 reman-

1936 2654 2003 2707 sit
2033 2654 2170 2705 intcr
2198 2654 2525 2722 alienigenas
2565 2657 2757 2709 media.
2812 2658 2890 2710 Ad
2930 2673 3085 2724 quam
3140 2660 3404 2713 Danorum
3432 2674 3517 2713 ar-

1938 2746 2318 2809 cliimandrita,
2349 2746 2574 2814 cupiens
2598 2749 2735 2813 quod
2765 2748 3108 2816 subsequitur
3127 2748 3366 2813 efﬁcere,
3393 2752 3518 2818 quia

1936 2835 2151 2889 carebat
2180 2836 2387 2900 liberis,
2421 2836 2521 2890 etsi
2552 2852 2717 2891 uxore
2733 2840 3038 2905 superstite,
3069 2855 3172 2893 una
3203 2848 3407 2894 tantum
3436 2843 3519 2895 in-

1936 2940 2151 2996 gressus
2182 2936 2359 2991 nocte,
2411 2928 2595 2994 genuit
2627 2928 2813 2980 lilium.
2866 2927 2984 2993 Quo
3007 2929 3247 2997 cognito,
3293 2944 3383 2983 rex
3413 2931 3523 2996 pie-

1939 3026 2049 3070 tate
2098 3028 2293 3081 motus,
2344 3017 2465 3085 quia
2497 3017 2706 3070 advena
2749 3027 2867 3071 erat
2895 3059 2908 3080 ,
2952 3027 3217 3073 clamore
3262 3021 3522 3089 genitura:

1937 3125 2095 3177 quam
2130 3110 2181 3162 in
2229 3123 2289 3163 ea
2323 3108 2519 3162 fecerat
2548 3108 2779 3172 illectus,
2826 3118 2881 3162 ut
2914 3124 3030 3164 eam
3063 3121 3318 3175 servaret,
3352 3120 3517 3179 utque

1940 3203 2242 3254 necessaria
2275 3201 2321 3253 ei
2357 3201 2634 3263 tribueret,
2662 3202 2841 3254 uxoris
2882 3202 3013 3254 iram
3067 3212 3224 3255 caute
3253 3215 3518 3265 metuens.

324 3290 445 3344 Post
479 3292 591 3344 hzec
634 3291 901 3345 Danorum
930 3299 1244 3356 conventus,
1294 3289 1401 3343 Deo
1442 3288 1677 3352 odibilis,
1730 3290 1827 3341 im-
1860 3260 1906 3321 C
1946 3290 2156 3345 cuidam
2201 3291 2367 3344 Deum
2400 3291 2611 3343 timenti
2642 3291 3040 3345 commendavit
3070 3294 3341 3362 episcopo,
3376 3295 3463 3362 qui
3496 3311 3524 3347 τι

243 3382 509 3438 manitate
539 3382 833 3445 scelerum,
866 3390 919 3434 et
945 3379 1268 3435 Christiana:
1318 3381 1437 3435 lidei
1465 3382 1835 3443 evacuatione,

244 3482 372 3542 post
417 3474 592 3525 varios
620 3481 843 3525 eventus
872 3472 1135 3526 bellorum
1188 3472 1241 3525 in
1271 3471 1501 3526 diversis
1532 3473 1683 3536 locis,
1718 3481 1839 3539 post

242 3564 593 3619 castellorum
636 3563 1054 3616 destructionem
1090 3577 1152 3615 ac
1183 3562 1470 3616 multarum
1498 3563 1833 3617 eversionem

248 3654 487 3716 urbium,
548 3652 690 3705 omni
726 3653 961 3722 undique
995 3653 1131 3705 ultra
1181 3653 1396 3706 modum
1446 3654 1720 3708 devastata
1757 3670 1836 3708 rc-

246 3745 432 3815 gione,
475 3744 736 3795 tolerante
776 3743 908 3806 Deo,
959 3743 1023 3796 ad
1065 3752 1275 3812 tempus
1301 3758 1523 3811 regnum
1575 3745 1755 3798 habuit
1782 3746 1832 3798 in

247 3852 346 3891 sua
380 3850 629 3904 perversa
652 3835 871 3889 ditione.
925 3834 1037 3902 Qua
1070 3850 1128 3889 re
1173 3836 1369 3890 attritis
1413 3834 1835 3888 orthodoxitatis

246 3927 575 3991 cultoribus,
625 3926 970 3980 mendicitate
1011 3941 1169 3995 Opum
1209 3941 1605 3995 corporumque
1654 3928 1835 3980 multis

249 4018 706 4082 tribulationibus,
740 4016 937 4085 templa
970 4032 1074 4069 non
1109 4017 1583 4084 frequentabantur
1610 4020 1838 4072 assuetis

250 4108 583 4176 ingressibus
613 4108 867 4171 fidelium,
922 4121 1020 4161 nec
1063 4110 1447 4162 monachorum
1500 4109 1584 4161 vel
1638 4110 1839 4162 sancti-

248 4200 563 4253 monialium
620 4198 855 4252 ﬁdelium
906 4207 1077 4251 turma
1138 4199 1414 4253 nocturnis
1459 4202 1573 4252 sive
1628 4199 1835 4252 diurnis

251 4293 505 4347 utebatur
544 4290 852 4360 synasibus.
892 4290 1040 4343 Unde
1072 4290 1293 4358 contigit
1323 4291 1493 4343 sancti
1524 4302 1717 4358 corpus
1747 4291 1835 4342 diu

255 4400 486 4457 pausare
517 4386 568 4437 in
597 4385 821 4447 tumulo,
852 4383 938 4437 ubi
969 4399 999 4437 a
1029 4392 1214 4439 sancto
1248 4382 1521 4437 Dnnstano
1546 4386 1838 4451 repositum

252 4481 451 4543 fuerat,
485 4478 734 4546 pontiﬁce
765 4478 1016 4530 virtutum
1046 4476 1299 4546 congerie
1329 4475 1628 4530 clarissimo
1654 4494 1663 4528 ε
1696 4477 1837 4543 quod

252 4570 601 4637 omnipotens
620 4569 781 4633 Deus,
809 4581 1112 4636 quanquam
1135 4566 1221 4620 vili
1253 4566 1439 4620 lateret
1461 4566 1561 4619 sub
1580 4568 1829 4633 tegmine,

1943 3384 2166 3437 Domino
2197 3397 2395 3451 capere
2427 3383 2834 3439 retributionem
2883 3385 3123 3440 ambiens
3146 3428 3160 3450 ,
3209 3386 3523 3457 dominique

1941 3475 2021 3528 sui
2057 3472 2483 3528 benevolentiam
2538 3474 2738 3528 habere
2773 3477 3014 3544 cupiens,
3069 3492 3343 3548 usquequo
3393 3495 3524 3545 puer

1944 3564 2325 3629 ablactaretnr,
2366 3577 2481 3617 eam
2517 3563 2804 3618 liberaliter
2856 3565 2983 3618 fecit
3028 3567 3308 3621 custodiri.
3364 3570 3524 3623 Abla-

1944 3662 2087 3706 ctato
2130 3653 2362 3721 denique
2416 3652 2702 3722 infantulo,
2750 3672 2844 3709 rex
2881 3656 2968 3711 ille
3010 3658 3177 3711 obit:
3234 3660 3347 3713 lucc
3396 3676 3522 3713 vero

1943 3754 2099 3799 nocte
2129 3744 2343 3812 rapiens
2370 3745 2553 3809 ﬁlium,
2605 3745 2738 3815 fugre
2770 3762 2833 3814 pe
2862 3748 2921 3800 iit
2974 3748 3271 3812 latibulum,
3325 3751 3522 3820 reginre

1942 3837 2168 3892 viventis
2194 3837 2366 3892 adhuc
2393 3839 2667 3893 incurrere
2698 3840 2891 3893 timens
2924 3841 3241 3909 periculum.

2015 3930 2239 3985 Peracto
2264 3931 2383 3984 hinc
2409 3930 2691 3997 septennio
2720 3932 2955 3984 auditum
2989 3943 3067 3987 est
3097 3950 3124 3986 ιι
3169 3934 3371 4000 multis,
3399 3950 3516 3990 eam

1944 4035 2048 4073 non
2082 4022 2264 4089 procul
2299 4035 2416 4075 cs-e
2458 4021 2511 4074 in
2557 4022 2775 4075 remotis
2828 4023 3103 4090 partibus;
3147 4035 3269 4078 tunc
3317 4042 3413 4093 pro
3458 4043 3520 4081 ea

1950 4112 2077 4163 Dani
2110 4114 2321 4173 misere.
2356 4126 2461 4179 quo
2492 4112 2655 4166 lilium
2689 4113 2967 4167 reduceret
3000 4123 3053 4167 ut
3076 4124 3294 4184 paterno
3323 4114 3521 4171 fauere.-

1948 4214 2031 4257 tur
2064 4204 2218 4257 solio.
2253 4204 2403 4269 Quod
2432 4212 2486 4257 et
2516 4203 2708 4255 factum
2740 4215 2841 4267 est,
2872 4214 3240 4259 verumtamen:
3272 4207 3407 4261 idem
3442 4223 3526 4260 re-

1945 4294 2118 4358 gulus,
2157 4308 2297 4347 anno
2319 4304 2371 4347 et
2402 4296 2562 4347 semis
2586 4295 2640 4346 in
2672 4293 2901 4347 culmine
2924 4295 3072 4361 regni
3102 4304 3388 4360 transacto,
3425 4302 3522 4351 hac

1955 4386 2071 4439 lure
2100 4386 2380 4439 defunctus
2426 4396 2529 4440 est.
2574 4386 2725 4440 Tunc
2788 4387 3104 4455 llelphildis,
3149 4386 3441 4445 desolatam
3472 4406 3531 4444 se

1948 4487 2120 4529 morte
2152 4476 2258 4528 nati
2286 4475 2656 4545 considerans,
2700 4485 2753 4529 et
2780 4474 3168 4542 praeteritorum
3200 4492 3519 4537 :erumnam.

1948 4579 1999 4623 et
2029 4568 2325 4623 futurorum
2353 4566 2571 4619 multam
2603 4565 2871 4621 miseriam
2901 4565 3063 4621 corde
3092 4582 3233 4636 saepe
3256 4569 3528 4635 volutans,

254 4635 467 4733 magnis
497 4661 793 4716 adornabat
821 4635 1124 4713 virtutibus.
1178 4658 1333 4725 Saepe
1364 4657 1504 4711 enim
1535 4665 1589 4712 et
1612 4657 1840 4711 diversis
1871 4635 1921 4693 Ῑ)
1950 4658 2214 4711 stabilivit
2243 4658 2287 4710 si
2318 4666 2497 4723 posset
2524 4658 2784 4722 repedare
2804 4657 2869 4710 ad
2902 4659 3137 4727 propria,
3171 4635 3257 4714 ubi
3290 4675 3382 4727 per
3408 4676 3532 4714 san-

258 4755 593 4824 temporibus
630 4753 826 4806 multos
857 4751 1133 4818 utriusque
1162 4764 1344 4806 sexus.
1376 4749 1537 4802 variis
1572 4761 1847 4815 possessos

258 4846 628 4915 languoribus,
683 4844 948 4907 liberavit,
998 4858 1138 4913 quin,
1190 4852 1249 4896 ut
1298 4841 1520 4895 facultas
1570 4840 1743 4905 fuerit,
1796 4852 1849 4895 et

256 4937 459 4994 exinde
511 4935 768 4991 memoria
824 4935 1176 5005 succreverit,
1227 4934 1280 4987 in
1328 4933 1439 4987 suis
1468 4933 1600 4986 locis
1626 4933 1846 4987 ordina-

264 5030 378 5084 tius
410 5026 615 5097 singula
644 5026 1016 5081 describuntur
1042 5042 1056 5090 ;
1109 5025 1193 5078 illa
1219 5024 1427 5080 scilicet
1453 5039 1571 5093 qua:
1599 5038 1694 5092 per
1724 5039 1844 5087 eum

262 5120 409 5173 Deus
457 5118 580 5172 fecit
610 5126 731 5187 post
770 5117 1090 5172 destructam
1126 5130 1219 5183 per
1246 5116 1624 5184 przedicatores
1672 5116 1845 5169 Dana-

261 5222 388 5264 rum
420 5208 698 5271 smvitiam,
729 5217 781 5261 et
815 5216 934 5273 post
967 5206 1231 5262 devictam
1264 5220 1356 5274 per
1388 5206 1671 5259 bellatores
1703 5206 1849 5259 viros

264 5302 485 5355 illorum
514 5299 735 5353 invisam
766 5298 1061 5352 audaciam.
1095 5296 1168 5350 Ea
1200 5297 1341 5350 enim
1367 5298 1705 5363 antiquorutn
1738 5312 1847 5350 mc-

264 5391 439 5446 moria
468 5392 606 5444 nulla
652 5390 839 5452 tenuit,
879 5389 978 5443 etsi
1026 5402 1215 5459 magna
1259 5388 1435 5441 forent
1485 5401 1602 5454 qua:
1651 5388 1851 5457 peregit

268 5484 544 5537 Dauorum
576 5480 703 5534 inibi
736 5480 1021 5550 superstite
1054 5477 1293 5545 perﬁdia.
1348 5478 1470 5548 quia
1498 5490 1551 5534 et
1582 5480 1841 5535 bonorum

268 5576 508 5627 virorum
540 5588 605 5625 eo
639 5579 880 5637 tempore
911 5586 1098 5641 magna
1128 5570 1224 5624 fuit
1251 5571 1448 5639 inopia,
1481 5580 1534 5626 et
1564 5571 1847 5637 malorum,

267 5664 505 5733 peccatis
536 5662 891 5729 exigentibus,
937 5662 1345 5716 innumerabilis
1394 5663 1563 5729 capia.
1616 5661 1765 5728 Quod
1802 5670 1853 5716 et

270 5753 455 5806 multis
482 5751 702 5819 contigit
742 5752 1088 5821 martyribus,
1136 5752 1429 5820 quinetiam
1454 5763 1506 5807 et
1534 5752 1850 5815 quibusdam

270 5846 677 5915 discipulorum.
712 5860 840 5906 uz'os
891 5847 1003 5916 ipse
1032 5860 1273 5900 summus
1298 5846 1488 5904 Pastor
1519 5856 1568 5902 ct
1596 5846 1850 5902 Dominus

1949 4760 2156 4803 Clot'ttm
2194 4750 2301 4802 Deo
2342 4749 2501 4801 chara
2553 4749 2763 4812 merita,
2810 4747 2918 4815 jam
2951 4746 3167 4817 jamque
3192 4748 3257 4802 ad
3304 4748 3527 4804 nihilum

1951 4852 2157 4896 terrena
2179 4849 2455 4908 reputans,
2479 4840 2751 4893 certestmn
2775 4848 2957 4905 posset
2977 4840 3257 4907 acquirere
3278 4840 3523 4910 gloriam.

1954 4932 2105 4985 Venit
2137 4932 2294 4999 igitur
2323 4932 2387 4982 ad
2430 4920 2721 4983 nativitatis
2749 4929 2945 4989 solum,
2979 4928 3332 4998 Britanniam,
3364 4940 3528 5000 atque.

1953 5024 2110 5078 trium
2143 5024 2384 5077 villarum
2417 5022 2739 5076 beneficium
2780 5035 2842 5074 ex
2874 5036 3038 5075 censu
3079 5023 3209 5077 emit
3232 5037 3391 5089 quem
3442 5039 3531 5075 se.

1952 5130 2071 5168 cum
2102 5112 2299 5167 attulit.
2346 5111 2455 5176 llac
2485 5126 2613 5178 ergo
2637 5112 2691 5167 in
2726 5112 2867 5176 pacis
2892 5110 3072 5177 quiete
3104 5110 3412 5179 tetigissime
3442 5111 3538 5163 de—

1954 5205 2083 5273 gnit,
2121 5204 2316 5271 Deique
2347 5201 2594 5255 timorem
2626 5215 2748 5252 cum
2791 5207 3097 5253 sanctorum
3128 5200 3425 5253 reverentia
3483 5198 3537 5250 in

1956 5309 2150 5351 arcano
2174 5292 2350 5347 cordis
2382 5290 2743 5351 indesinenter
2772 5288 2973 5343 habuit.

2033 5387 2433 5447 Verumtamen,
2464 5382 2650 5437 divino
2675 5390 2812 5434 tacta
2840 5381 3059 5433 verbere
3086 5382 3181 5449 (eo
3202 5380 3410 5434 scilicet
3433 5394 3540 5447 quo

1961 5493 2145 5534 servos
2173 5493 2319 5541 suos,
2353 5486 2408 5530 ut
2450 5475 2516 5528 ad
2572 5476 2794 5529 meliora
2853 5472 3152 5542 proficiant,
3212 5471 3529 5539 quandoque

1964 5569 2107 5625 novit
2132 5569 2396 5636 affligere;
2432 5568 2504 5621 uti
2548 5566 2992 5630 patientissimum
3025 5564 3145 5629 .lob,
3204 5573 3259 5618 ut
3306 5577 3424 5618 eum
3483 5563 3536 5617 in

1964 5663 2263 5729 exemplum
2296 5660 2522 5727 posteris
2549 5667 2787 5723 poneret,
2842 5666 2899 5708 ut
2948 5669 3178 5722 seipsum
3230 5654 3347 5721 quis
3398 5652 3539 5707 foret

1966 5753 2136 5819 quiret
2161 5763 2472 5811 agnoscere.
2499 5744 2863 5799 misericordia
2903 5744 3078 5797 divina
3105 5742 3367 5810 quondam
3426 5756 3538 5794 car-

1969 5848 2155 5899 naliter
2196 5844 2442 5915 alllivit),
2489 5842 2847 5898 membrorum
2898 5840 3294 5896 enervationem
3325 5880 3338 5904 ,
3379 5851 3535 5909 quam
