4214 6532
767 415 831 466 79
1417 445 1420 448 .
1567 407 1624 459 S.
1670 401 2107 459 ALDIIELMUS.
2152 399 2787 456 SCIIIREBURNENSIS
2830 400 3214 456 liPlSCOPUS.
3967 399 4023 454 ευ

764 527 954 583 Crmco
1009 519 1264 574 vocabulo
1335 517 1598 585 paralysin
1653 516 1858 577 dicunt,
1917 528 2008 580 per
2056 513 2343 565 triennium
2378 517 2424 571 Λ
2454 512 2572 564 dem
2608 512 3015 580 circumquaque
3042 511 3105 563 ad
3131 528 3190 564 ea
3225 510 3337 563 loca
3362 509 3448 564 ubi
3471 511 3748 564 audierant
3772 527 4020 581 quorum.

763 631 918 684 passa
951 623 1052 666 est.
1085 613 1293 665 luitiqu
1324 623 1449 661 vero
1492 608 1648 675 hujus
1703 606 1963 674 passionis
2023 604 2198 656 taliter
2244 601 2344 655 sibi

766 705 1008 760 evenisse
1053 703 1279 757 dicebat.
1334 699 1588 762 Voverat,
1643 699 1947 766 priusquam
2006 705 2265 748 remearet
2315 711 2341 745 a

768 796 955 858 Itauia,
990 809 1048 849 se
1077 806 1344 859 nunquam
1375 790 1553 843 carnis
1597 797 1954 842 comesturam
1997 787 2341 848 alimoniam,

760 889 900 957 quod
928 889 1130 942 illibate
1149 886 1304 953 longe
1334 889 1658 938 servaverat.
1693 880 1984 942 Caeterum,
2006 877 2340 930 sacerdotum

759 978 1114 1048 quorumdam
1140 977 1291 1030 bonae
1315 971 1730 1028 conversationis
1777 972 2070 1038 supplicate
2117 970 2339 1033 monitu,

758 1091 878 1127 cum
917 1087 1096 1128 secum
1124 1071 1298 1141 plures
1321 1077 1503 1122 essent
1537 1068 1587 1120 in
1613 1066 1884 1127 convivio,
1937 1075 1991 1116 ut
2015 1065 2179 1118 semel
2228 1077 2342 1118 tan-

762 1174 870 1218 tum
896 1170 1158 1234 gustaret,
1191 1175 1376 1215 eorum
1410 1158 1656 1227 precibus
1693 1159 1776 1210 vix
1826 1157 1986 1209 inrita
2039 1157 2338 1225 acquievit,

762 1269 993 1324 moxque
1020 1253 1195 1307 divina
1225 1267 1342 1306 eam
1397 1251 1657 1320 percussit
1706 1248 1835 1300 ultio
1881 1249 2198 1316 sopradictm
2249 1249 2342 1300 sti-

762 1349 909 1401 mulo
942 1345 1272 1416 paralyseos.
1333 1344 1463 1396 Miro
1513 1341 1758 1410 equidem
1807 1342 1965 1394 modo
2008 1343 2341 1408 omnipotens

761 1437 902 1491 Deus
928 1435 1140 1490 diversa
1167 1435 1360 1488 mentis
1394 1433 1690 1486 intentione
1740 1441 2025 1500 peccantes
2065 1431 2342 1486 dissimilis

764 1543 938 1597 preme
961 1536 1144 1595 gravat
1172 1524 1406 1588 vinculo,
1438 1534 1492 1578 et
1523 1525 1575 1576 in
1621 1523 1868 1576 omnibus
1917 1523 2026 1575 suis
2082 1525 2232 1577 factis
2283 1539 2342 1579 se

758 1619 960 1686 justum
989 1617 1222 1686 judieem
1248 1627 1300 1670 et
1327 1618 1464 1683 pium
1497 1628 1614 1667 esse
1661 1613 1942 1666 Dominum
1994 1615 2339 1669 demonstrat.

762 1709 1022 1765 Ananiatn
1055 1721 1282 1776 namque
1309 1716 1362 1760 et
1390 1706 1728 1774 Sapphiram,
1777 1707 1901 1772 quia
1957 1707 2134 1760 cordis
2181 1709 2343 1762 livida

766 1802 1060 1856 intentione
1090 1797 1355 1862 cecidere,
1390 1797 1725 1852 irrevocabili
1756 1799 2021 1852 sententia
2051 1800 2209 1854 ferire
2239 1817 2340 1855 non

2451 603 2570 655 dam
2602 611 2906 654 sanctorum
2934 618 3157 670 corpora
3190 601 3548 669 requiescere,
3585 613 3640 655 ut
3695 601 3869 656 fuerat
3919 604 4018 655 \iu-

2449 694 2581 745 Culis
2611 695 2884 758 astrictus,
2915 693 3088 745 feSIini
3116 701 3362 760 satagunt
3391 693 3700 760 perducere.
3749 692 4021 749 Verumta-

2450 799 2571 837 men
2601 783 2859 837 Conditor
2888 798 3086 848 rerum,
3118 783 3206 853 qui
3237 783 3476 852 quotidie
3504 798 3601 838 suo
3631 799 3784 840 more
3825 786 4021 839 esaltat

2449 879 2677 932 humiles
2724 888 2778 931 et
2821 879 3040 949 deponit
3068 881 3298 948 superbe
3328 889 3611 946 tumentes,
3638 882 3774 933 hanc
3805 880 4019 948 gloriam

2446 970 2644 1024 famulo
2694 985 2792 1024 suo
2845 971 3158 1034 reservavit,
3195 970 3493 1024 humillimo
3523 970 3668 1024 Patri
3714 970 4019 1024 Aldbefmo.

2447 1062 2580 1115 Cum
2612 1063 2769 1130 igitur
2795 1062 2860 1115 ad
2887 1061 3007 1131 ejus
3038 1063 3424 1116 monasterium
3448 1061 3675 1116 Melduui
3705 1077 3830 1116 cum
3873 1077 4022 1116 vesa-

2449 1170 2520 1209 no
2550 1157 2839 1219 venissent,
2874 1156 3163 1208 monachos
3189 1155 3419 1209 fraterna
3451 1153 3706 1208 cbaritate
3733 1153 3868 1208 inibi
3920 1155 4018 1206 vic-

2445 1246 2660 1300 titantes
2682 1244 2902 1314 supplici
2928 1259 3057 1299 voce
3085 1247 3447 1314 alloquuntur,
3477 1255 3533 1298 ut
3580 1244 3675 1299 Dei
3736 1259 4019 1312 precaren-

2447 1347 2530 1390 tur
2561 1336 2920 1401 clementiam,
2953 1346 3214 1403 quatenus
3236 1351 3396 1404 super
3416 1337 3555 1389 hunc
3577 1349 4018 1405 cnergumenum,

2445 1443 2539 1496 per
2568 1429 2704 1481 servi
2733 1429 2814 1480 sui
2841 1427 3106 1483 Aldhelmi
3139 1429 3408 1492 meritum,
3457 1430 3761 1482 ostenderet
3813 1438 4022 1480 assueta

2446 1517 2721 1572 miracula.
2751 1519 2817 1571 At
2846 1518 3096 1572 monachi
3130 1519 3228 1572 hoc
3255 1519 3334 1574 eis
3355 1519 3564 1572 salubre
3587 1517 3783 1573 dedere
3802 1531 4024 1584 respon.

2447 1627 2563 1665 sum
2601 1628 2612 1662 :
2650 1629 2667 1660 ι
2697 1610 2866 1664 llodie
2887 1610 3068 1679 vigilia
3097 1612 3440 1665 Ascensionis
3488 1611 3858 1677 Redemptoris
3907 1624 4018 1662 0m-

2448 1705 2592 1757 nium
2619 1714 2842 1771 eSt,qua
2867 1717 3104 1766 carnem,
3146 1703 3211 1757 de
3254 1703 3567 1757 intemerata
3617 1700 3833 1770 Virgine
3873 1715 4022 1754 acce-

2451 1804 2613 1862 ptam,
2667 1805 2722 1848 et
2759 1796 2946 1847 mortis
3001 1793 3246 1862 passione
3293 1792 3664 1862 glorilicatam,
3698 1792 3927 1860 portavit
3956 1792 4020 1844 ad

763 1893 968 1946 distulit
1000 1910 1012 1946 :
1050 1893 1186 1944 hanc
1210 1906 1358 1955 vero,
1391 1888 1511 1958 quia
1545 1890 1706 1942 invita
1737 1899 1791 1942 et
1816 1892 2040 1957 quadam
2066 1891 2342 1947 charitatis
2378 1895 2418 1953 Β
2450 1889 2670 1954 ccelum,
2700 1887 2787 1940 ubi
2822 1886 2960 1941 Deus
2989 1895 3044 1940 et
3072 1886 3252 1951 homo,
3287 1899 3422 1938 unus
3448 1881 3707 1947 Christus,
3740 1883 3793 1936 in
3832 1882 4018 1936 dexte-

759 1983 944 2049 specie
977 1982 1238 2048 peccavit,
1271 1980 1336 2032 ad
1366 1989 1573 2046 tempus
1601 1979 1872 2045 corrigere
1903 1981 2087 2032 voluit.
2137 1982 2342 2046 Quibus

761 2071 1021 2140 exemplis
1048 2069 1271 2139 quisque
1298 2084 1491 2123 cavere
1520 2069 1700 2132 debet,
1735 2078 1791 2122 ut
1822 2079 1911 2122 aut
1965 2086 2070 2124 non
2129 2083 2339 2137 voveat,

762 2173 857 2217 aut
879 2175 998 2233 post
1026 2173 1206 2218 votum
1239 2163 1506 2232 promissa
1541 2162 1840 2230 persolvat,
1871 2171 1924 2216 et
1945 2179 2050 2232 qua
2097 2163 2345 2218 intentio-

761 2271 833 2310 ne
861 2255 1189 2310 difficultatis
1215 2269 1332 2322 qum
1363 2255 1471 2306 Deo
1493 2253 1688 2307 obtulit
1719 2263 1904 2320 postea
1956 2269 2061 2307 non
2112 2255 2338 2322 frangat.

764 2347 890 2401 llzec
919 2345 1098 2415 igitur,
1130 2345 1610 2399 sanctimonialium
1668 2345 1858 2396 amicta
1903 2343 2185 2408 velamine,
2232 2345 2342 2397 cir-

763 2453 1100 2506 cumquaque
1129 2436 1181 2490 in
1205 2437 1387 2491 rhodie
1419 2437 1663 2489 vehiculo
1692 2450 1720 2487 a
1770 2436 1880 2488 suis
1911 2436 2224 2489 satellitibus
2278 2435 2343 2489 ad

756 2538 1066 2583 sanctorum
1100 2525 1392 2594 patrocinia
1422 2541 1481 2579 se
1510 2525 1777 2578 deducere
1820 2525 2071 2592 faciebat,
2127 2527 2198 2578 uti
2251 2541 2344 2592 per

757 2634 944 2673 eorum
974 2627 1157 2671 sancta
1209 2616 1458 2684 suffragia
1507 2616 1648 2667 illius
1697 2615 2080 2667 reviviscerent
2135 2627 2342 2667 nzorttta

765 2709 1026 2763 membra.
1057 2710 1306 2761 Attamen
1342 2722 1446 2759 non
1480 2716 1536 2759 ut
1566 2720 1751 2759 eorum
1804 2704 1944 2757 Deus
1995 2704 2344 2772 Omnipotens

757 2814 892 2864 quos
937 2813 1152 2866 semper
1194 2798 1454 2865 glorificat
1511 2809 1727 2850 suorum
1781 2794 2017 2847 fidelium
2069 2807 2346 2862 Speruerct

759 2891 1081 2952 orationem,
1107 2888 1200 2943 sed
1225 2904 1329 2956 quo
1361 2887 1555 2941 famam
1578 2886 1714 2940 servi
1746 2887 1827 2939 sui
1849 2886 2116 2940 Aldhelmi
2149 2888 2344 2954 sapius

760 2979 1096 3034 ostendendo
1120 2979 1376 3032 miracula
1407 2979 1610 3031 fateret
1661 2976 2050 3041 sublimiorem,
2097 2976 2239 3031 illam
2289 2980 2340 3032 iu

756 3070 1083 3126 infirmitatis
1113 3068 1348 3137 periculo
1395 3068 1574 3122 taudiu
1632 3067 2054 3122 misericorditer
2094 3069 2341 3135 dttinuit,

753 3176 1040 3231 quousque
1062 3160 1406 3215 Meldtmcuse
1430 3159 1734 3213 coenobium
1769 3161 1970 3214 veniret
2000 3162 2137 3215 sicut
2157 3161 2342 3230 dispo-

2449 1993 2507 2032 ra
2537 1977 2630 2030 Dei
2663 1976 2854 2030 sedens
2883 1976 3156 2043 dijudicat,
3189 1983 3348 2042 atque
3400 1977 3693 2028 animarum
3736 1974 4019 2042 languores

2447 2077 2602 2120 sanat
2631 2077 2683 2121 et
2713 2081 3023 2134 corporum.
3069 2066 3423 2133 Quapmpter,
3469 2065 3765 2118 charissimi
3808 2065 4018 2128 fratres,

2447 2161 2498 2212 in
2522 2159 2749 2213 ecclesia
2781 2168 3113 2226 pernoctate,
3143 2174 3202 2211 ac
3225 2157 3428 2212 intento
3463 2157 3622 2212 corde
3649 2172 3828 2210 sacras
3857 2173 4016 2212 excu-

2447 2248 2558 2301 bias
2588 2249 2878 2312 celebrate,
2903 2259 2958 2301 et
2985 2250 3099 2301 sine
3123 2248 3463 2316 ambiguitate
3493 2248 3691 2302 credite
3738 2249 3879 2318 quod
3935 2249 4024 2301 ille

2446 2341 2535 2409 qui
2567 2355 2685 2394 cum
2718 2340 2770 2394 in
2801 2349 3002 2394 tantum
3035 2340 3336 2394 subiimavit
3365 2352 3424 2396 ut
3450 2355 3629 2396 secum
3653 2343 3702 2395 in
3727 2343 3868 2396 caalo
3899 2358 4016 2411 gra-

2447 2431 2603 2485 tulari
2628 2431 2849 2495 faceret,
2880 2432 2992 2500 ipse
3024 2431 3161 2485 idem
3191 2447 3282 2497 per
3333 2448 3454 2487 eum
3483 2433 3620 2502 quod
3645 2434 3879 2502 qnmritis
3923 2436 4019 2488 de-

2445 2526 2780 2578 moostrabit.
2805 2543 2824 2576 ι
2865 2525 3173 2580 Astantibus
3201 2541 3329 2596 ergo
3367 2528 3472 2582 illis
3499 2538 3620 2582 ante
3651 2529 3878 2582 iconiam
3923 2547 4017 2584 no-

2445 2618 2540 2669 stri
2574 2617 2945 2685 Redemptoris
2997 2628 3263 2673 nocturno
3293 2621 3494 2686 ofﬁcio,
3542 2621 3716 2675 divina
3749 2624 4015 2677 infirmum

2450 2708 2620 2778 tetigit
2650 2709 3037 2775 misericordia,
3072 2726 3166 2778 pro
3197 2711 3378 2766 famuli
3399 2712 3480 2766 sui
3512 2713 3719 2768 merito.
3744 2713 3874 2767 Nam
3899 2731 4022 2783 pos-

2445 2814 2716 2854 sessorem
2747 2814 2858 2853 sua:
2891 2799 3105 2854 fabrica:
3131 2816 3252 2855 cum
3294 2804 3615 2870 competenti
3668 2804 3771 2858 sibi
3819 2805 4022 2874 expulit

2445 2889 2766 2942 contumelia
2793 2906 2809 2953 ;
2834 2890 2906 2942 ita
2935 2903 3124 2944 sanum
3153 2891 3381 2946 reddens
3409 2893 3698 2958 infirmum,
3730 2907 3793 2948 ac
3820 2895 3867 2948 si
3919 2895 4012 2950 fu:-

2444 2979 2497 3034 di
2527 2980 2751 3048 hospitis
2775 2982 2919 3035 nulla
2974 2997 3096 3037 eum
3155 2999 3387 3053 unquam
3445 2986 3704 3055 tetigisset
3757 2988 4016 3044 molestia.

2445 3070 2561 3136 Quo
2592 3071 2726 3136 viso,
2759 3086 2946 3126 omnes
2977 3073 3066 3143 qui
3098 3073 3342 3139 aderant,
3377 3077 3573 3146 quique
3609 3078 3801 3133 auditis
3824 3080 4020 3134 la:titia2

2445 3164 2663 3218 vocibus
2715 3164 3077 3230 advenerant,
3127 3167 3438 3222 sonantibus
3489 3168 3686 3237 signis,
3736 3169 4020 3226 devotione

759 3260 960 3308 suerat.
988 3250 1228 3320 Denique
1261 3266 1381 3304 cum
1415 3251 1609 3303 ἱὺὶιΙι-ηι
1645 3251 1695 3302 in
1723 3253 1889 3304 sancti
1932 3252 2084 3305 istius
2135 3251 2336 3306 festivi-
2368 3236 2410 3297 Ο
2445 3257 2620 3310 cordis
2644 3265 2700 3311 et
2726 3270 2861 3312 sono
2887 3257 3052 3322 vocis,
3086 3258 3394 3328 sempiterni
3424 3236 3582 3331 Regis
3605 3261 3888 3318 laudarunt
3910 3281 4018 3319 tua-

763 3345 886 3399 tatis
913 3344 1111 3414 vigilia,
1144 3345 1331 3398 devota
1365 3352 1540 3396 mente
1573 3342 1662 3396 Dei
1692 3353 2005 3410 exspectans
2055 3359 2148 3412 per
2198 3345 2336 3398 servi

759 3436 843 3490 sui
867 3436 1118 3490 meritum
1169 3435 1616 3495 consolationem,
1674 3443 1960 3500 prostrata,
2016 3433 2136 3502 quia
2191 3445 2334 3489 stare

763 3526 1040 3595 nequibat,
1088 3525 1311 3594 jaceret,
1362 3524 1595 3591 dumque
1647 3523 1898 3590 religiosa
1955 3524 2336 3579 monachorum

758 3617 974 3680 cohors,
1007 3625 1125 3684 post
1148 3613 1416 3668 solemnes
1445 3613 1757 3676 matutinos,
1792 3622 2046 3667 consueto
2075 3629 2242 3680 more,
2272 3615 2336 3670 ad

758 3709 1019 3762 honorem
1047 3715 1249 3761 sanctze
1295 3705 1475 3759 Maria:
1505 3705 1787 3759 Genitricis
1821 3704 2194 3775 Redemptoris
2244 3722 2336 3760 no-

753 3799 852 3854 stri
881 3798 1134 3868 hymnum
1166 3797 1492 3859 decantaret,
1532 3794 1712 3849 divino
1762 3810 1884 3848 mox
1916 3804 2052 3849 tacta
2101 3795 2338 3850 medica-

761 3892 926 3955 mine,
979 3888 1149 3944 sensit
1201 3888 1436 3943 meoibra
1491 3890 1637 3955 prius
1691 3887 1840 3940 arida
1891 3889 2231 3953 reviviscere,
2287 3899 2342 3944 et

756 3993 984 4048 propere
1023 3993 1150 4034 sana
1179 3979 1430 4042 surrexit,
1469 3987 1628 4046 atque
1675 3993 1842 4047 usque
1891 3979 1956 4032 ad
2011 3979 2184 4034 locum
2236 3996 2338 4049 quo

757 4070 1154 4126 sanctissimum
1185 4083 1380 4137 corpus
1411 4070 1582 4123 fuerat
1620 4069 1736 4146 sine
1785 4068 2006 4124 ductore
2065 4072 2336 4138 pervenit;

752 4173 874 4228 quas
897 4158 966 4213 ab
994 4158 1109 4228 ipsa
1136 4158 1222 4214 die
1258 4158 1516 4229 quidquid
1545 4158 1718 4229 potuit
1745 4161 1944 4216 trahere
1966 4161 2109 4217 illius
2153 4164 2337 4217 saluti-

754 4251 854 4306 feri
881 4249 963 4307 sui
989 4252 1230 4308 ecclesia:
1252 4251 1508 4317 contulit,
1537 4261 1699 4320 atque
1725 4251 1853 4309 inibi
1883 4268 2045 4308 carne
2088 4253 2336 4308 defuncta

749 4347 804 4402 in
837 4359 964 4416 pace
991 4345 1211 4415 quievit.

1368 4433 1596 4490 CAPUT
1639 4433 1698 4488 γ.

747 4549 1156 4618 Εηιγρωηεηης,
1191 4556 1499 4609 contractus,
1550 4555 1798 4627 encwcus
1830 4548 2023 4601 sanati.
2077 4547 2331 4600 lievclaiio

1419 4633 1670 4684 corporis.

820 4709 1025 4764 Accidit
1051 4718 1229 4764 autem
1263 4717 1470 4776 postea,
1500 4721 1620 4760 cum
1654 4707 1847 4760 ibidem
1871 4722 2053 4762 sacras
2086 4708 2137 4760 in
2173 4719 2330 4760 nocte

749 4803 1092 4858 Ascensiouis
1118 4801 1323 4856 Domini
1346 4800 1685 4855 celebrarent
1741 4801 1964 4868 vigilias,
2026 4801 2180 4870 longe
2235 4801 2333 4854 ad-

752 4893 997 4948 mirabile
1045 4895 1262 4946 facutm.
1322 4891 1453 4945 Nam
1509 4890 1746 4959 ejusdem
1800 4892 2060 4960 parochia:
2113 4893 2328 4961 quidam

751 4986 1002 5051 rusticus,
1036 4983 1268 5053 peccatis
1298 4983 1438 5036 illius
1470 4983 1824 5049 exigentibus,
1853 4981 2025 5036 fuerat
2053 4994 2331 5051 correptus

756 5091 785 5128 a
835 5077 1116 5130 dmtttuniu.
1164 5075 1332 5140 Quem
1371 5075 1828 5141 consanguinitate
1876 5075 2180 5144 propinqui,
2241 5078 2330 5144 qui

755 5170 1050 5222 cernebant
1071 5167 1249 5219 furore
1278 5164 1486 5233 agitari,
1535 5176 1585 5218 et
1612 5166 1664 5216 in
1698 5165 1862 5219 Deum
1891 5165 2115 5235 ejusque
2147 5168 2332 5222 fideles

759 5256 1122 5326 blaSphemias
1154 5255 1435 5308 nonnullas
1465 5257 1730 5322 spumanti
1755 5273 1846 5310 ore
1871 5257 2152 5326 projicere,
2173 5268 2332 5327 atque

753 5347 810 5401 in
837 5363 932 5404 eos
959 5360 1249 5414 eorumque
1281 5345 1510 5409 vicinos,
1546 5361 1698 5410 saxa,
1741 5348 1936 5415 ignem,
1978 5365 2148 5414 arma,
2180 5353 2332 5404 deni-

758 5452 863 5508 que
890 5451 1215 5506 quaecunque
1245 5439 1387 5488 furor
1437 5436 1761 5490 miniStraret
1816 5439 2054 5507 insanus,
2116 5457 2328 5508 capere,

759 5530 984 5586 vinculis
1009 5529 1218 5594 quidem
1253 5530 1435 5582 ferreis
1464 5531 1854 5595 manciparunt,
1886 5549 1948 5585 ac
1976 5536 2050 5586 sic
2105 5540 2202 5589 sub
2250 5552 2336 5591 so-

757 5620 879 5674 larti
911 5634 1059 5682 cura,
1087 5621 1136 5670 in
1169 5629 1418 5686 quantum
1443 5621 1652 5673 iilorum
1684 5623 2012 5676 inurbanitas
2062 5632 2336 5693 permitte-

756 5710 869 5773 bat,
921 5710 1006 5762 die
1057 5720 1321 5778 noctuque
1377 5711 1754 5778 aliquantisper
1811 5716 2126 5769 habuerunt.
2163 5719 2332 5784 Tunc,

756 5801 890 5857 inito
918 5802 1156 5866 consilio,
1189 5820 1281 5872 per
1310 5821 1442 5872 quos
1485 5816 1741 5859 noverant
1786 5809 2156 5876 sapientiores,
2193 5827 2333 5866 eum-

2442 3348 2637 3418 gualia.

2514 3439 2630 3490 Alio
2668 3452 2880 3508 quoque
2919 3447 3158 3510 tempore
3189 3440 3266 3495 vir
3313 3441 3526 3511 quidam
3575 3459 3738 3514 aeger,
3795 3447 4018 3515 pedibus

2439 3537 2600 3595 atque
2650 3529 2798 3581 coxis
2835 3529 3064 3585 adhaesis
3113 3533 3376 3600 cruribus,
3429 3534 3688 3588 tantillum
3736 3537 3836 3591 sibi
3885 3541 4020 3608 quod

2441 3630 2556 3673 erat
2602 3619 2808 3674 itineris
2855 3622 2941 3673 vis
2977 3622 3092 3675 solo
3120 3623 3376 3691 reptando
3403 3626 3644 3681 manibus
3686 3631 3969 3698 peragebat
4005 3652 4015 3684 :

2439 3712 2529 3781 qui
2564 3713 2800 3778 tandem,
2835 3713 3016 3769 labore
3064 3714 3310 3771 defectus
3349 3717 3587 3784 assiduo,
3616 3722 3888 3788 quomodo
3929 3721 4018 3776 Dei

2441 3803 2806 3869 clementiam,
2838 3812 2897 3858 ut
2944 3804 3028 3858 sui
3059 3803 3422 3874 misereretur,
3457 3807 3673 3876 cojusve
3703 3811 3891 3864 sancti-
3922 3811 4018 3864 ad-

2442 3897 2770 3961 minicufum,
2818 3899 3128 3966 postularet,
3157 3900 3364 3955 curiosa
3397 3915 3574 3957 mente
3620 3905 3810 3959 sedulo
3838 3922 4016 3960 secum

2445 3986 2713 4042 volvebat.
2757 3988 3016 4053 Tandem,
3058 4005 3152 4057 per
3184 3989 3345 4046 totius
3377 3995 3660 4061 provincia:
3688 3997 4016 4050 latitudinem

2441 4078 2579 4132 fama
2627 4079 2858 4142 volante,
2894 4081 3150 4149 cognovit
3199 4088 3450 4152 quoniam
3497 4086 3549 4138 in
3598 4089 3832 4142 orat0rio
3879 4091 4015 4156 quod

2441 4166 2635 4220 Christi
2667 4169 2896 4222 ecclesia
2947 4169 3168 4239 Anglice
3211 4183 3448 4240 vocatur,
3493 4176 3830 4245 omnipotens
3880 4179 4016 4234 Deus

2439 4260 2624 4314 solitas
2653 4271 2966 4328 operaretur
2995 4264 3240 4332 virtutes,
3270 4267 3477 4323 scilicet
3511 4269 3649 4338 quod
3675 4269 4013 4327 diversorum

2440 4351 2716 4419 Oppressis
2778 4353 3091 4422 languorutn
3137 4359 3466 4426 gravamiue,
3522 4369 3580 4414 ut
3625 4361 3743 4429 pius
3800 4364 4019 4420 humani

2442 4443 2653 4510 generis
2698 4452 3044 4511 restaurator,
3086 4447 3389 4504 innumeras
3443 4451 3688 4507 redderet
3740 4456 4016 4511 sanitates.

2447 4532 2540 4586 Illo
2594 4535 2752 4601 igitur
2783 4546 3068 4604 utcunque,
3099 4541 3250 4606 quasi
3279 4542 3395 4596 sine
3425 4542 3534 4597 ullo
3578 4545 3820 4612 vestigio,
3854 4549 4014 4616 cepit

2442 4624 2660 4679 tendere
2685 4641 2949 4693 gressum,
2979 4640 3034 4681 ut
3059 4628 3195 4684 sicut
3222 4632 3548 4688 credulitatis
3573 4635 3748 4690 fuerat
3775 4653 4014 4708 compos,

2439 4715 2509 4769 ita
2536 4717 2778 4770 sanitatis
2803 4719 2978 4786 quiret
2995 4735 3117 4775 esse
3137 4723 3421 4792 particeps.
3445 4725 3772 4794 Consumpto
3790 4729 4019 4798 denique

2437 4809 2637 4877 aliquot
2661 4810 2868 4864 dierum
2899 4828 3143 4879 numero,
3175 4815 3275 4870 etsi
3304 4831 3467 4884 parvo
3497 4818 3706 4885 itinere,
3754 4822 3839 4875 vix
3869 4827 4017 4892 equi-

2435 4903 2556 4955 dem
2587 4901 2798 4957 tandem
2827 4903 2893 4956 ad
2926 4904 3288 4971 Meldutu-nse,
3312 4909 3430 4974 quia
3461 4907 3514 4962 in
3545 4911 3660 4978 ipso
3683 4910 3800 4979 ejus
3833 4912 4018 4968 itinere

2436 4995 2592 5048 situm
2618 5003 2720 5058 est,
2750 4995 2964 5050 devenit
2989 5000 3314 5054 ccenobium.
3349 5001 3466 5055 Mox
3495 5012 3550 5056 ut
3573 5012 3856 5059 veteranus
3880 5006 4015 5060 idem

2437 5087 2819 5140 monasterium
2850 5088 3120 5156 ingressus
3150 5099 3251 5158 est,
3283 5092 3450 5147 sensit
3477 5093 3652 5149 inesse
3676 5097 3775 5150 sibi
3805 5096 4015 5166 aliquod

2437 5177 2502 5231 de
2551 5178 2907 5232 membrorum
2939 5190 3153 5250 torpore
3201 5185 3350 5252 quasi
3406 5183 3635 5239 lenitatis
3687 5189 4008 5242 remedium.

2437 5267 2778 5322 l’ernoctavit
2826 5270 3001 5338 igitur,
3038 5288 3193 5328 mane
3233 5273 3319 5328 die
3343 5275 3512 5330 altero
3545 5291 3875 5339 recessurus.
3911 5295 4016 5348 quo

2437 5377 2557 5414 eum
2603 5365 2933 5428 compulerat
2965 5366 3212 5432 intentio,
3253 5369 3351 5422 nisi
3393 5369 3482 5423 hic
3527 5369 3684 5436 Deus,
3718 5386 3809 5436 per
3848 5371 4013 5424 sancti

2440 5452 2761 5506 confesoris
2813 5456 2892 5506 sui
2947 5456 3219 5522 meritum,
3275 5471 3384 5512 suae
3445 5458 3655 5525 pietatis
3711 5459 4017 5530 dignaretur

2443 5545 2681 5608 pnebere
2726 5544 3048 5600 subsidium.
3081 5547 3208 5600 Erat
3234 5549 3374 5602 enim
3405 5549 3517 5602 dies
3569 5549 3784 5605 Sabbati
3836 5553 3886 5605 in
3928 5567 4017 5606 ve-

2440 5637 2630 5700 Sprl'is,
2660 5649 2710 5690 et
2764 5637 2896 5690 infra
2932 5641 3216 5707 supradicti
3251 5643 3422 5696 Patris
3449 5654 3662 5698 octavas
3694 5643 4014 5700 festivitatis.

2442 5728 2591 5781 Mane
2645 5738 2820 5782 autem
2863 5731 2969 5797 jam
3019 5731 3172 5797 facto,
3225 5744 3274 5785 et
3321 5734 3449 5788 solis
3497 5734 3702 5791 fervore
3744 5737 4015 5800 roborato,

2440 5821 2714 5889 primaque
2753 5822 2875 5874 hora
2923 5822 3024 5876 diei
3055 5839 3082 5876 a
3113 5828 3521 5894 congregatione
3553 5829 3769 5885 fratrum
3823 5829 4014 5885 ibidem
