4214 6564
199 435 259 487 8l
1173 428 1328 483 VITA
1366 427 1423 482 S.
1466 422 1817 481 ALDllELMI
1858 423 2126 483 FARICIO
2166 426 2491 484 AUCTUHE
3416 433 3485 488 δῇ

200 546 644 601 commorandum
700 544 1001 604 decantata,
1054 558 1172 596 cum
1226 558 1336 611 iam
1393 546 1782 610 prmpararctur
1811 542 1865 598 Α
1893 540 2095 594 reddat.
2122 557 2141 593 ι
2179 541 2272 597 llis
2322 541 2587 612 siquidem
2620 541 3078 598 adhortationibus
3112 545 3383 601 ntultotics
3415 550 3482 602 ab

205 640 480 707 processio
513 640 564 692 in
592 639 840 703 chorum,
895 653 1013 692 cum
1047 639 1255 690 czeteris
1288 634 1577 704 procedere
1607 633 1787 686 volen-

203 731 369 795 tibus,
425 730 573 795 sequi
614 739 668 781 ut
708 729 898 796 potuit,
955 730 1103 781 venit
1145 728 1424 788 infirmus;
1470 725 1557 778 ubi
1610 724 1789 776 tandiu

204 823 405 875 orando
428 821 592 891 jacnit
612 864 624 883 ,
657 820 829 874 donec
857 834 1005 873 more
1035 820 1193 873 solito
1228 833 1321 887 per
1351 818 1641 872 claustrum
1672 816 1789 869 offi-

202 915 459 982 cinasque
507 921 774 980 pergeret,
812 927 874 965 ac
909 912 1047 964 unde
1079 912 1212 965 ierat
1252 919 1518 964 remearet
1566 908 1788 962 fratrum

200 1005 569 1074 congregatio.
602 1006 861 1058 Cantante
899 1014 1075 1056 autem
1112 1000 1497 1054 monachorum
1554 1010 1788 1063 caterva,

200 1109 255 1153 et
305 1098 645 1151 multitudine
686 1097 857 1149 laicali
910 1104 1146 1159 astante,
1175 1094 1349 1147 divina
1396 1093 1618 1147 claudus
1669 1107 1791 1144 mox

199 1202 432 1245 attactus
458 1192 671 1260 pietate,
702 1198 924 1257 stupore
948 1203 1140 1257 magno
1164 1188 1314 1256 quasi
1344 1198 1490 1239 extra
1517 1201 1575 1239 se
1601 1183 1792 1247 factus,

208 1289 278 1339 de
330 1288 446 1338 loco
499 1285 551 1338 in
594 1300 699 1353 quo
732 1283 940 1352 iacebat
989 1282 1188 1335 exsiliit
1229 1294 1413 1345 sanus,
1462 1292 1523 1332 ac
1568 1277 1611 1331 si
1652 1276 1794 1330 nulla

204 1391 438 1445 unquam
466 1375 707 1444 corporis
757 1374 837 1426 sui
883 1371 1139 1425 sensisset
1170 1371 1513 1432 detrimenta,
1546 1378 1704 1437 atque
1731 1366 1795 1420 ad

202 1465 531 1520 sanctissimi
577 1464 817 1532 corporis
851 1462 1087 1515 tumbam
1120 1461 1370 1527 accurrit,
1406 1469 1461 1513 ut
1489 1458 1799 1528 quantulas-

202 1573 419 1626 cunque
471 1567 651 1626 posset
704 1557 815 1610 Deo
855 1553 906 1607 in
960 1568 1118 1608 servo
1168 1570 1264 1607 suo
1310 1553 1508 1621 gratias
1556 1549 1794 1604 referret.

202 1652 324 1714 Quo
363 1649 497 1712 viso,
531 1662 719 1701 omnes
763 1647 851 1715 qui
902 1647 1211 1709 intererant,
1265 1644 1355 1698 Dei
1399 1642 1798 1705 omnipotentis,

202 1742 295 1810 qui
326 1740 492 1793 sancti
522 1740 602 1791 sui
645 1752 799 1805 prece
830 1738 953 1789 talia
996 1734 1216 1799 fecerat,
1248 1735 1532 1789 laudarunt
1580 1748 1801 1802 magna-

208 1834 303 1885 lia.
338 1833 383 1885 ls
412 1846 535 1884 vero
557 1830 645 1896 qui
668 1828 911 1882 sanitatis
944 1830 1013 1878 ita
1045 1827 1238 1880 habita:
1262 1826 1512 1880 utebatur
1535 1825 1800 1887 remedio,

206 1922 394 1975 multis
443 1920 773 1987 temporibus
803 1918 866 1970 ad
898 1916 1137 1986 ejusdem
1189 1917 1357 1970 sancti
1407 1917 1612 1970 laudem
1652 1918 1800 1970 ineo

204 2014 395 2081 deguit
436 2010 795 2073 monasterio;
841 2018 894 2062 et
936 2007 1111 2062 adhuc
1136 2007 1293 2062 isthic
1319 2017 1603 2076 supersunt
1649 2008 1801 2060 multi

207 2108 472 2171 degentes
497 2102 549 2155 iu
581 2100 878 2153 monastico
902 2098 1081 2151 habitu
1111 2098 1198 2167 qui
1225 2115 1345 2154 cum
1374 2100 1519 2167 prius
1544 2108 1595 2152 et
1621 2108 1800 2167 postea

209 2200 353 2250 bene
377 2204 659 2255 noverunt,
679 2192 866 2258 quibus
884 2190 1198 2246 relatoribus
1225 2205 1321 2243 nos
1345 2190 1443 2244 ista
1487 2191 1802 2258 scripsimus

212 2288 286 2339 de
316 2301 400 2349 eo,
434 2286 497 2337 ad
530 2282 907 2353 Redemptoris
957 2282 1122 2334 nostri
1171 2282 1396 2350 gloriam
1441 2289 1601 2345 atque
1630 2279 1800 2333 sancti

211 2382 335 2447 ejus
369 2380 681 2433 laudabilem
713 2375 1044 2432 memoriam.

292 2472 432 2525 Inter
485 2473 584 2524 alia
640 2470 914 2532 nonnulla,
972 2482 1089 2537 quae
1144 2481 1239 2535 pro
1287 2465 1427 2520 servi
1468 2465 1551 2521 sui
1604 2464 1807 2519 meritis

213 2564 558 2631 mnuipotens
578 2562 715 2615 Deus
742 2558 991 2629 patefecit
1015 2556 1307 2612 reverenda
1328 2572 1512 2626 opera,
1541 2555 1804 2625 quoddam

214 2652 532 2705 admirabile
576 2652 742 2714 dictu,
791 2649 931 2717 quod
972 2646 1231 2716 sequitur,
1278 2646 1351 2699 ibi
1404 2656 1679 2701 ostensum
1729 2654 1809 2698 cst

216 2742 554 2794 miraculum.
627 2740 891 2806 Tempore
957 2736 1113 2805 primi
1179 2735 1439 2791 Willelmi
1514 2736 1809 2805 Anglorum

214 2833 578 2888 Strenuissimi
623 2832 785 2900 regis,
836 2838 994 2899 atque
1026 2828 1261 2883 Warriui
1313 2828 1522 2883 abbatis
1565 2828 1808 2882 eamdem

218 2922 516 2976 Ecclesium
589 2921 818 2991 regulari
893 2916 1255 2973 moderamine
1317 2920 1678 2987 gubernantis,
1760 2919 1811 2971 in

215 3014 451 3078 quadam
525 3012 693 3065 insula
779 3026 895 3081 quin
972 3008 1258 3064 Wichland
1322 3010 1541 3078 Anglice
1609 3023 1813 3063 nuncu-

216 3116 395 3171 patur,
464 3103 673 3171 quidam
747 3103 979 3170 piscator
1044 3102 1372 3166 morabatur,
1418 3098 1529 3170 qui,
1582 3100 1815 3153 necessi-

219 3194 348 3248 talis
415 3211 523 3246 su-e
588 3193 765 3260 inopia
827 3202 1079 3258 coactus,
1148 3190 1385 3259 quotidie
1447 3205 1543 3261 per
1601 3203 1813 3258 aequora

215 3286 481 3355 piscando
535 3285 841 3349 laborabat;
905 3292 958 3338 et
1015 3284 1234 3338 marinis
1280 3284 1529 3351 periculis
1572 3298 1714 3352 smpe
1755 3297 1813 3338 se

218 3377 534 3444 ingerendo,
570 3392 726 3430 manu
780 3386 833 3430 et
870 3386 984 3430 arte
1014 3376 1208 3432 vietum
1240 3378 1533 3445 qumrebat.
1566 3377 1813 3442 Quadam

221 3488 354 3524 vero
385 3471 490 3530 die.
521 3487 587 3523 eo
621 3487 711 3536 per
740 3484 888 3523 mare
910 3480 1154 3539 vagante,
1178 3470 1465 3525 confestim
1496 3485 1561 3525 ex
1591 3470 1815 3524 adversa

221 3569 379 3627 parte
433 3559 619 3612 nebula
678 3560 904 3627 quadam
958 3561 1216 3628 irruente,
1266 3560 1465 3613 lumina
1516 3560 1813 3625 oculorum,

222 3650 460 3716 peccatis
491 3650 602 3703 suis
654 3651 877 3703 forsitan
917 3651 993 3704 sic
1024 3650 1384 3720 exigentibus,
1419 3653 1507 3705 tali
1538 3650 1820 3705 occasione

221 3742 427 3794 amisit.
492 3740 594 3807 Qui
655 3740 745 3795 diu
794 3756 978 3797 errans
1026 3757 1121 3809 per
1168 3743 1320 3798 devia
1369 3758 1667 3812 mquorum,
1718 3742 1823 3798 huc

222 3835 463 3902 illucque
490 3832 886 3887 alternantibus
923 3832 1101 3895 undis,
1128 3833 1338 3887 tandem
1370 3833 1633 3887 sociorum
1671 3832 1822 3885 auxi-

225 3930 324 3993 liu,
359 3927 446 3995 qui
480 3928 530 3980 in
563 3928 685 3980 aliis
735 3926 998 3980 naviculis
1045 3936 1221 3989 erant,
1270 3925 1500 3993 adjutus,
1548 3925 1613 3978 ad
1646 3924 1822 3978 littora

224 4036 403 4090 usque
455 4021 715 4089 pervenit,
763 4028 947 4087 atque,
979 4017 1216 4071 ductoris
1263 4017 1428 4071 fretus
1479 4015 1822 4080 adminiculo,

223 4114 296 4165 ad
354 4121 671 4164 consuetum
719 4110 880 4164 rediit
922 4109 1283 4177 hospitiolum.
1330 4108 1531 4163 Deinde
1573 4109 1825 4163 caecitatis

236 4201 403 4268 hujus
460 4199 599 4253 fama
663 4200 851 4252 volans
900 4198 999 4252 hac
1056 4198 1283 4267 illacque
1332 4213 1426 4264 per
1477 4198 1824 4265 provinciam,

226 4294 529 4346 amicorum
592 4291 913 4360 frequentia,
989 4305 1216 4358 quorum
1286 4290 1505 4343 auribus
1570 4287 1823 4353 insonuit,

230 4383 446 4437 mravit
505 4397 663 4449 quam
724 4382 884 4436 citius
940 4382 1006 4435 ad
1065 4397 1185 4436 cum
1239 4382 1441 4444 venire,
1499 4381 1830 4447 interrogans

230 4475 472 4543 qualiter
526 4474 811 4541 insperata:
854 4473 1104 4525 orbitatis
1149 4471 1248 4525 sibi
1293 4473 1607 4541 contigisset
1643 4473 1830 4525 adver-

232 4568 391 4619 sitas.
429 4564 650 4630 Quibus,
697 4562 855 4617 lli-bili
907 4579 1038 4617 voce
1068 4578 1316 4630 exorsus,
1370 4578 1530 4618 omne
1563 4563 1702 4631 quod
1733 4562 1827 4617 sibi

233 4656 511 4711 acciderat
541 4654 731 4709 ordine
756 4654 1063 4707 declaravit.
1101 4654 1228 4707 Post
1258 4653 1371 4709 lure
1393 4654 1458 4708 ab
1483 4654 1562 4708 eis
1586 4668 1827 4721 qtucrere

234 4749 409 4816 coepit
439 4745 566 4812 quid
600 4755 801 4814 ageret,
846 4744 985 4813 apud
1015 4761 1172 4814 quem
1200 4756 1505 4800 sanctorum
1550 4754 1832 4812 sperarent

238 4854 370 4894 mnu
406 4837 823 4890 miscricordiam
856 4836 1217 4891 inventurum.
1268 4837 1377 4893 Sibi
1410 4846 1583 4890 autem
1618 4838 1833 4905 propin-

239 4944 477 4999 quorum
512 4937 701 4981 intesta
733 4929 1077 4997 congregatio
1107 4930 1186 4982 sic
1235 4929 1573 4999 respondisse
1605 4927 1773 4983 fertur
1818 4944 1832 4983 :

247 5039 269 5074 θ
311 5020 497 5073 Μοιήιιε
528 5017 643 5081 tibi,
679 5021 863 5081 frater,
888 5018 1168 5073 consilium
1202 5020 1360 5088 hujus
1384 5021 1461 5075 rei
1495 5020 1623 5074 dare
1664 5024 1839 5076 nesci-

246 5133 393 5177 tnns,
424 5116 522 5168 nisi
557 5124 612 5167 tit
652 5131 807 5182 quam
839 5117 997 5170 citius
1030 5116 1249 5170 lestincs
1277 5116 1341 5171 ad
1371 5115 1566 5171 Christi
1597 5118 1841 5172 ecclesia}

250 5211 438 5262 luniua
501 5208 552 5259 in
606 5206 932 5261 Occidentali
989 5219 1160 5276 parte,
1210 5208 1295 5262 ubi
1352 5208 1525 5263 divina
1584 5210 1839 5264 iniraCula

247 5300 451 5367 «ἀγρίης
498 5299 659 5363 fiunt;
695 5300 829 5353 sicut
855 5300 996 5353 enint
1027 5300 1270 5369 ponulari
1299 5317 1515 5357 rumore
1552 5300 1739 5363 fertur,
1773 5302 1843 5355 ibi

248 5394 588 5446 diversarum
621 5391 985 5444 infirmitatum
1014 5406 1211 5460 genera
1242 5404 1605 5459 evacuantur;
1654 5410 1759 5463 quo
1793 5392 1843 5448 iu

257 5488 385 5539 loco
449 5484 832 5551 omnipotentis
893 5485 983 5538 Dei
1041 5487 1381 5540 clementiam
1445 5488 1543 5557 piis
1598 5489 1848 5556 precibus

252 5578 440 5634 tandiu
473 5576 755 5646 cfﬂagites,
788 5580 1179 5647 pra-ternorum
1234 5591 1571 5650 peccatorum
1608 5582 1848 5636 satisfac-

255 5674 457 5726 tionem
529 5671 786 5725 instanter
853 5672 1154 5741 promittas,
1228 5674 1589 5745 eleemosynis
1662 5677 1851 5743 quibus

255 5764 464 5833 poteris
496 5762 771 5818 malefacta
818 5772 902 5819 tua
936 5764 1191 5830 redimas,
1220 5766 1391 5821 donec
1423 5780 1473 5823 te
1516 5767 1709 5821 divinae
1757 5783 1850 5836 po—

257 5856 441 5912 tentia:
491 5857 636 5927 larga
670 5859 938 5917 miseratio
989 5859 1224 5931 pristinis
1276 5861 1485 5917 sanitati
1531 5862 1849 5918 incolumem

1890 637 2099 701 amicis,
2150 636 2393 705 quamvis
2438 636 2672 699 rusticis,
2719 639 3049 703 sapientibus
3093 646 3296 701 tamen,
3346 641 3486 695 bene

1892 734 2147 797 monitus,
2176 731 2242 784 ad
2271 734 2673 799 monasterium,
2709 731 2797 784 tibi
2822 730 3019 785 diversi
3050 732 3253 786 debiles
3284 748 3482 786 conve-

1894 834 2103 887 nerant,
2155 823 2428 892 perrexit;
2490 823 2578 893 qui
2632 834 2740 877 tres
2788 837 2961 877 annos
3014 822 3124 879 illic
3176 826 3482 880 infirmitate

1896 914 2139 968 laborans
2170 915 2372 982 deguit.
2405 912 2511 968 Sed
2542 915 2659 982 pius
2691 923 2746 969 et
2776 915 3083 969 misericors
3103 915 3280 981 Pater,
3308 917 3396 985 qui
3430 918 3483 971 in

1895 1014 2166 1056 momento
2221 1004 2579 1073 quodcunque
2631 1005 2744 1056 vult
2795 1005 2978 1071 efficit,
3044 1005 3097 1060 in
3162 1016 3267 1059 tam
3327 1005 3486 1075 longo

1897 1103 2139 1160 tempore
2185 1094 2515 1149 desiderium
2571 1095 2739 1158 illius,
2790 1095 3211 1150 misericorditer
3260 1096 3313 1151 in
3362 1111 3487 1151 eum

1895 1203 2147 1258 operaus,
2203 1188 2495 1256 adimplere
2561 1190 2752 1244 noluit.
2806 1187 3067 1241 Prmscius
3124 1186 3301 1254 itaque
3359 1186 3488 1256 quid

1898 1282 2133 1337 futurum
2184 1281 2273 1343 sit,
2318 1281 2403 1335 cui
2464 1280 2628 1334 etiam
2682 1288 2983 1334 reservaret
3039 1276 3261 1349 gloriam
3316 1278 3511 1333 laudis.

1897 1390 2027 1435 sum,
2062 1375 2139 1429 sic
2166 1373 2325 1429 etiam
2358 1372 2681 1429 remorando
2712 1372 2954 1426 sanitatis
3004 1370 3202 1425 donum
3246 1368 3316 1425 de
3346 1368 3490 1424 malo

1902 1464 2132 1519 faciebat
2176 1465 2320 1531 prius
2365 1466 2588 1519 bonum.
2619 1463 2898 1517 Postremo
2928 1469 3085 1517 nocte
3113 1476 3218 1516 una
3244 1460 3296 1515 in
3324 1459 3491 1516 cubili

1902 1569 2002 1608 suo
2054 1563 2373 1623 prostratus,
2408 1570 2505 1622 per
2535 1554 2709 1607 visum
2740 1556 2792 1607 in
2821 1552 3023 1608 somnis
3056 1553 3361 1608 admonitus
3408 1560 3495 1608 est

1907 1647 2047 1713 quod
2078 1647 2142 1699 ad
2192 1645 2590 1700 Meldunensem
2638 1644 2939 1708 ecclesiam,
2968 1644 3058 1698 ubi
3088 1643 3232 1699 servi
3279 1641 3359 1697 sui
3399 1642 3493 1698 Al-

1905 1739 2107 1793 dhelmi
2178 1752 2375 1807 corpus
2449 1737 2842 1805 requiescebat,
2913 1749 3156 1805 gressum
3228 1734 3489 1799 tenderet.

1908 1829 2101 1897 ibique,
2131 1828 2239 1883 Deo
2260 1829 2498 1895 iuvante,
2525 1842 2588 1881 ac
2610 1827 2779 1881 sancti
2803 1826 2883 1880 sui
2914 1840 3071 1895 prece
3096 1826 3197 1881 hoc
3219 1825 3495 1897 exigente.

1840 1892 2163 1974 Bamissum
2220 1920 2402 1973 tandiu
2460 1920 2638 1974 lumen
2695 1930 3060 1989 recuperaret.
3115 1920 3206 1974 llis
3257 1919 3494 1981 dictis,a

1910 2012 2018 2064 Deo
2044 2010 2409 2078 praemonitus,
2461 2010 2527 2064 ad
2553 2009 2951 2065 hleldunensem
2975 2009 3253 2064 ecclesiam
3300 2010 3499 2064 comite

1909 2112 2196 2171 prareunte,
2219 2111 2294 2154 est
2313 2100 2633 2155 adductusin
2657 2103 2910 2155 crastino.
2940 2101 3049 2154 Illic
3064 2100 3275 2170 quidem
3290 2109 3497 2164 septem

1908 2194 2173 2246 continuis
2204 2193 2414 2255 diebus,
2447 2193 2638 2257 vigiliis
2666 2202 2717 2246 et
2749 2192 3107 2254 orationibus,
3142 2191 3235 2245 Dei
3285 2189 3498 2245 miseri-

1909 2284 2145 2339 cordiam
2164 2298 2282 2336 cum
2306 2293 2611 2337 sanctorum
2637 2297 2855 2336 suorum
2870 2282 3136 2352 suffragiis
3153 2282 3492 2351 deprecatur,

1910 2388 1969 2433 ut
1996 2381 2081 2448 qui
2118 2389 2333 2433 venerat
2365 2388 2675 2444 peccatores
2711 2380 2886 2431 salvos
2956 2379 3131 2432 facere
3188 2378 3254 2431 ad
3308 2378 3500 2446 prioris

1912 2470 2127 2524 luminis
2154 2480 2347 2524 statum
2380 2485 2501 2524 eum
2532 2470 2843 2539 dignaretur
2885 2468 3172 2523 adducere.
3214 2468 3497 2523 Sustenta-

1913 2561 2066 2613 batur
2116 2560 2325 2613 interim
2358 2560 2579 2614 fratrum
2632 2559 3009 2630 eleemosynis,
3040 2560 3129 2626 qui
3160 2560 3238 2613 sic
3290 2558 3501 2614 deside-

1916 2651 2066 2705 rabat
2122 2652 2344 2720 gratiam
2401 2651 2631 2706 Domini.
2696 2652 2936 2721 Septimo
2995 2663 3171 2705 autem
3226 2650 3503 2705 Domiuit-o

1914 2744 2020 2811 die,
2069 2745 2423 2815 ltetlemptore
2452 2755 2633 2799 nostro
2689 2744 2760 2797 illi
2810 2744 3024 2798 volente
3077 2742 3501 2797 misericordiam

1917 2846 2192 2904 prmstare,
2224 2844 2385 2904 atque
2431 2834 2601 2890 fidelis
2634 2834 2713 2888 sui
2746 2832 2940 2888 tamam
2985 2834 3148 2888 etiam
3181 2843 3233 2889 et
3284 2833 3337 2887 in
3396 2832 3498 2887 huc

1915 2926 2194 2995 propalare
2235 2926 2404 2995 (utsit
2430 2940 2553 2977 vera
2583 2923 2671 2977 illa
2701 2926 2963 2978 sententia
2999 2924 3180 2995 [Joan.
3210 2939 3317 2987 XIV,
3354 2922 3445 2993 f3]
3488 2942 3499 2975 :

1919 3016 1978 3072 Si
2018 3017 2140 3084 quid
2172 3016 2417 3084 petieritis
2450 3014 2659 3068 Patrem
2689 3015 2740 3067 in
2772 3016 2975 3068 nomine
3011 3031 3124 3069 meo
3195 3016 3281 3082 fiet
3312 3014 3499 3085 vobis),

1919 3104 2072 3160 istius
2122 3106 2291 3158 sancti
2347 3105 2589 3171 precibus
2646 3114 2806 3171 atque
2854 3105 3122 3174 suffragiis
3168 3107 3505 3171 aliorumque

1919 3205 2224 3251 sanctorum
2273 3197 2468 3249 ibidem
2498 3196 2913 3264 quiescentium,
2943 3197 3113 3250 visum
3162 3211 3320 3265 quem
3363 3198 3502 3249 ami-

1920 3296 2063 3342 serat
2113 3288 2183 3341 ita
2235 3289 2459 3355 recepit.
2514 3286 2648 3340 Dum
2701 3289 2753 3341 in
2809 3287 3079 3342 Dominica
3134 3286 3222 3341 die
3257 3284 3504 3341 monachi

1922 3392 2069 3433 more
2095 3378 2253 3432 solito
2299 3392 2394 3446 per
2419 3378 2647 3431 claustra
2678 3377 2983 3432 monasterii
3011 3376 3077 3431 ad
3107 3377 3505 3445 processionem

1921 3469 2084 3535 irent,
2118 3480 2275 3537 atque
2318 3468 2384 3521 ad
2433 3468 2707 3522 introitum
2741 3469 2988 3523 ecclesia:
3036 3470 3276 3523 canendo
3319 3466 3509 3522 rediis-

1922 3570 2062 3625 sent,
2134 3562 2228 3614 illo
2295 3560 2347 3614 iu
2412 3560 2589 3614 medio
2654 3560 2834 3630 templi
2894 3570 3017 3614 ante
3084 3559 3398 3614 crucifixum
3454 3558 3511 3613 in

1925 3652 2254 3707 orationibus
2324 3652 2555 3719 jacente,
2620 3661 2762 3705 tanta
2829 3652 3061 3719 Spiritus
3126 3652 3294 3705 sancti
3342 3651 3510 3719 gratia

1926 3758 2088 3812 super
2107 3757 2227 3797 eum
2251 3742 2551 3807 descendit,
2572 3752 2651 3806 ut,
2678 3744 3022 3797 cernentibus
3043 3744 3271 3809 cunctis,
3297 3741 3517 3809 sanguis

1928 3850 1993 3888 ex
2048 3834 2217 3888 oculis
2265 3834 2379 3901 ejus
2432 3834 2673 3901 guttatim
2729 3832 3009 3895 deflueret,
3074 3842 3129 3887 et
3190 3832 3517 3887 cadentibus

1928 3927 2163 3995 squamis
2193 3942 2251 3981 se
2276 3927 2386 3996 jam
2432 3928 2612 3981 videre
2641 3926 2916 3981 clamaret.
2949 3925 3247 3994 Statimque
3274 3939 3506 3979 consur-

1932 4034 2087 4089 gens,
2144 4022 2235 4088 qui
2289 4029 2414 4073 ante
2466 4020 2582 4073 sine
2635 4018 2858 4072 ductore
2917 4020 2995 4072 ire
3050 4018 3388 4089 nequiverat,
3444 4020 3512 4072 ad

1931 4112 2233 4179 sepulcrum
2285 4112 2455 4164 sancti
2499 4114 2647 4165 solus
2679 4109 2863 4163 venire
2904 4110 3151 4174 festinat;
3202 4110 3293 4177 qui
3321 4110 3414 4165 diu
3445 4110 3516 4163 ibi

1934 4216 2043 4269 pra:
2095 4201 2288 4269 gaudio
2318 4200 2497 4256 flendo
2539 4209 2861 4271 prostratus,
2897 4200 3114 4257 tandem
3163 4216 3516 4272 consurgens,

1935 4290 2060 4343 illuc
2124 4290 2267 4344 unde
2334 4300 2555 4344 venerat
2618 4298 2703 4345 est
2768 4306 3035 4345 reversus.
3097 4290 3223 4346 lltec
3278 4292 3525 4346 videntes

1936 4395 2123 4434 omnes
2166 4381 2255 4449 qui
2300 4380 2525 4435 aderant
2571 4381 2679 4435 Deo
2724 4380 2909 4436 laudes
2959 4382 3151 4437 devote
3194 4381 3522 4450 referebant,

1936 4472 2021 4525 cui
2057 4474 2226 4525 honor
2255 4482 2309 4525 et
2334 4469 2500 4540 gloria
2526 4472 2579 4526 in
2616 4473 2813 4527 szccula
2838 4473 3179 4527 sazcnlonum.
3222 4478 3447 4529 Amen.

2009 4564 2262 4632 Superius
2283 4553 2423 4619 serie
2440 4563 2686 4620 lectionis
2703 4564 3003 4631 retulimus,
3029 4565 3387 4619 sacratissima
3402 4578 3524 4620 ossa

1942 4657 2114 4711 Patris
2148 4658 2315 4711 nostri
2349 4656 2639 4719 Aldhelmi,
2671 4666 2889 4726 propter
2920 4655 3190 4709 Danorum
3224 4656 3528 4725 perﬁdiam,

1936 4769 1963 4805 a
2008 4750 2303 4808 reverettdo
2346 4750 2583 4805 antistite
2612 4750 2889 4804 Dunstano
2931 4747 3342 4805 Cantuariorum
3389 4747 3528 4805 infra

1941 4860 2292 4900 marmoream
2325 4843 2560 4897 tumbam
2591 4842 2907 4906 honorifice,
2948 4842 3137 4915 sericis
3180 4841 3529 4907 indumentis,

1942 4938 2131 5007 ligneis
2164 4936 2352 4998 thecis,
2376 4932 2541 4989 fuisse
2566 4934 2855 4997 collocata;
2890 4950 3028 4989 nunc
3052 4943 3229 4988 autem
3273 4941 3531 5003 quantum

1944 5028 2196 5095 temporis
2239 5028 2374 5079 inter
2405 5035 2751 5095 utrorumque
2780 5026 2980 5080 obitum
3016 5025 3299 5093 praesulem
3344 5024 3530 5090 fuerit,

1944 5127 2263 5187 quantumve
2291 5127 2405 5185 post
2439 5117 2695 5171 Dunstaui
2728 5114 3105 5170 dormitiouem
3126 5116 3368 5184 jacuere,
3397 5131 3533 5187 qua-

1947 5210 2135 5262 litcrve
2163 5217 2215 5262 et
2260 5222 2287 5259 a
2321 5207 2516 5277 quibus
2565 5208 2673 5261 sint
2711 5208 2941 5272 elevata,
2999 5205 3204 5262 referre
3257 5220 3532 5262 curamus.

1949 5304 2138 5357 Fuerat
2171 5302 2249 5355 vir
2274 5300 2374 5355 iste
2404 5314 2431 5352 a
2467 5300 2622 5355 beato
2655 5299 2985 5365 Eleutherio,
3028 5300 3303 5356 Saxonum
3334 5308 3529 5367 quarto

1948 5400 2226 5466 episcopo,
2261 5395 2513 5461 Melduni,
2546 5397 2598 5449 iu
2651 5393 2876 5450 ecclesia
2907 5393 3273 5462 apostolorum
3306 5391 3446 5446 Petri
3477 5401 3534 5446 et

1949 5490 2119 5554 Pauli,
2151 5490 2313 5543 abbas
2331 5488 2627 5551 ordinatus,
2671 5502 2813 5541 anno
2840 5485 3119 5540 dominica:
3147 5484 3535 5544 Incarnationis

1950 5582 2342 5637 sexcentesimo
2382 5582 2722 5648 sexagesimo
2747 5586 2802 5631 et
2828 5578 3046 5632 circiter
3078 5587 3236 5631 sexto
3258 5617 3273 5640 ,
3321 5576 3532 5642 episco-

1952 5688 2051 5744 pus
2072 5687 2221 5735 vero,
2248 5685 2388 5725 anno
2447 5668 2687 5738 ejusdem
2735 5666 2845 5722 veri
2901 5667 3197 5723 Salvatoris
3246 5666 3301 5720 in
3341 5665 3539 5720 mundo

1953 5765 2244 5820 secundum
2296 5776 2512 5817 carnem
2580 5761 2875 5816 nativitatis
2934 5760 3411 5829 septingentesimo
3481 5761 3530 5804 rt

1954 5858 2159 5929 quinto,
2194 5874 2218 5910 a
2241 5853 2558 5912 Blitliwaldo
2579 5868 2888 5911 successore
2904 5851 2945 5907 Τ
2952 5851 3193 5920 lieodori,
3224 5849 3535 5905 Cantuario-
