4214 6534
229 414 295 468 35
1335 413 1698 468 EXCERPTA
1741 416 1824 468 DE
1866 417 1920 470 S.
1968 419 2353 474 ALDHELMO.
3421 431 3486 484 εδ

229 545 348 582 cum
382 531 627 598 lact-ymts
655 518 975 581 confitentur
1001 571 1014 593 ,
1047 536 1099 581 et
1127 530 1292 581 sancti
1322 523 1581 582 Aldhelmi
1613 529 1802 583 suli‘ra-
1839 540 1885 589 Α
1915 547 2029 586 mus
2058 536 2377 604 subrogatur
2397 579 2409 602 ,
2445 547 2561 604 post
2593 538 2823 592 tleddam
2854 542 3159 608 episcopum
3185 585 3197 605 ,
3229 544 3314 612 qni
3348 545 3485 594 utri.

229 622 374 688 gium
418 618 766 672 inclamitant.
815 619 881 671 At
924 618 1016 674 ille
1066 617 1313 686 scapham
1355 620 1420 672 ad
1473 619 1806 674 inferendum

231 713 486 766 auxilium
519 711 849 777 conscendit,
879 720 933 765 et
961 726 1084 764 mox
1114 721 1172 764 ut
1191 721 1406 765 sanctus
1438 712 1667 766 lembum
1693 728 1811 764 cor-

232 817 361 871 pore
387 816 482 856 suo
515 802 736 868 pressit,
767 801 832 854 ad
860 815 1074 854 omnem
1109 802 1542 868 tranquillitatem
1573 818 1630 856 se
1654 818 1810 871 para-

231 900 340 946 tum
376 906 521 944 mare
548 889 795 957 praebuit,
837 897 890 942 et
919 898 1106 943 nautas
1137 905 1256 945 cum
1298 904 1430 945 nave
1459 900 1616 946 terra:
1643 907 1811 960 appu-

234 984 313 1036 lit.
345 982 433 1037 llic
461 993 637 1036 autem
663 984 741 1035 vir
771 991 992 1036 sanctus
1033 981 1227 1035 multos
1257 983 1578 1051 conseripsit
1603 984 1767 1040 libros
1795 1024 1811 1051 ,

232 1085 418 1143 utpote
448 1076 797 1142 undecunque
839 1074 1177 1128 doctissimus
1204 1114 1219 1138 ,
1261 1074 1400 1129 inter
1439 1089 1575 1144 quos
1619 1076 1810 1129 librum

230 1163 300 1218 de
328 1165 596 1234 Virginum
623 1162 778 1218 laude
809 1172 861 1216 et
891 1162 959 1216 de
988 1162 1169 1232 Pugna
1202 1173 1406 1232 septem
1439 1164 1810 1233 principalium

229 1257 482 1310 vitiorum
510 1300 524 1321 ,
559 1255 625 1311 de
649 1254 951 1325 Disciplinis
980 1255 1437 1324 phil050phorum,
1464 1257 1532 1311 de
1557 1258 1813 1311 Admoni-

229 1351 380 1404 tione
422 1348 670 1402 fraternae
699 1348 993 1411 charitatis,
1034 1348 1335 1417 multosque
1357 1349 1488 1402 alios
1515 1351 1814 1417 composuit

229 1441 418 1494 libros.
457 1439 599 1493 Fecit
621 1453 832 1508 quoque
859 1437 1157 1493 coenobium
1177 1437 1329 1506 juxta
1358 1439 1576 1494 ﬂuvium
1601 1441 1689 1510 qui
1723 1457 1816 1496 ro-

229 1541 384 1586 catur
408 1532 598 1586 Frome
621 1572 633 1592 .
665 1531 754 1586 ubi
781 1531 954 1586 adhuc
982 1538 1087 1583 stat
1116 1529 1340 1584 ecclesia
1375 1531 1428 1584 in
1462 1532 1662 1586 honore
1694 1545 1816 1587 san-

227 1621 303 1677 cti
345 1621 564 1675 Joannis
606 1622 857 1688 Baptistae
887 1629 1190 1674 constructa
1219 1661 1233 1684 ,
1268 1621 1478 1689 etapud
1524 1621 1814 1677 Bradelord

229 1715 446 1767 tertium
475 1714 771 1768 construxit
800 1712 1197 1767 monasterium.
1230 1713 1333 1767 Sed
1361 1713 1446 1767 illa
1496 1716 1817 1769 monasteria

226 1821 256 1859 a
289 1803 448 1860 Danis
472 1817 651 1874 postea
680 1805 892 1859 fuerunt
915 1805 1087 1859 deleta
1126 1813 1181 1860 et
1216 1804 1509 1860 destructa.
1539 1805 1808 1874 Nusquam

1917 639 2020 692 que
2052 627 2332 690 provinciae
2365 627 2700 695 prmsiduhat.
2735 631 3042 685 Aldhelmus
3086 647 3211 686 vero
3243 636 3292 685 in
3326 649 3486 688 sene-

1914 724 2059 769 ctute
2088 716 2222 770 bona
2242 761 2256 785 ,
2289 720 2475 786 plenus
2504 719 2788 774 virtutibus
2818 729 2869 773 et
2898 722 3177 776 sanctitate
3200 762 3214 787 ,
3242 725 3486 791 migravit

1915 809 1980 862 ad
2008 808 2286 863 Dominum
2309 823 2495 865 octavo
2516 811 2785 866 Kalendas
2806 810 2971 878 Junii,
2998 823 3052 867 et
3079 814 3129 868 in
3160 817 3489 872 monasterio

1916 916 2011 955 suo
2040 903 2365 957 Meldunensi
2391 943 2407 968 ,
2454 904 2502 956 id
2545 914 2625 959 est
2652 905 2997 974 hlalmesbury
3026 920 3146 960 cum
3172 922 3362 978 magno
3393 909 3493 961 hoc

1919 1008 2048 1048 nore
2088 995 2359 1064 sepelitur.
2399 993 2564 1063 Cujus
2592 997 2793 1050 obitum
2825 1003 3038 1051 Sanctus
3079 997 3329 1061 nginus
3357 1000 3492 1052 divi-

1918 1086 2057 1138 nitus
2089 1099 2447 1154 praenoscens,
2486 1088 2538 1141 in
2585 1086 2814 1157 quodam
2865 1102 2962 1141 suo
2992 1088 3194 1156 scripto
3240 1091 3318 1143 sic
3373 1089 3488 1144 ait:

1923 1189 1941 1224 ι
1981 1171 2107 1226 Post
2135 1172 2268 1227 duos
2296 1189 2469 1227 annos
2498 1174 2833 1238 Aldhelmus,
2871 1173 3146 1242 religiosus
3167 1175 3446 1242 episcopus
3473 1217 3488 1240 ,

1918 1263 2164 1333 migravit
2205 1263 2270 1316 ad
2316 1262 2636 1327 Dominum;
2680 1262 2822 1333 quod
2859 1276 2959 1332 ego
2989 1278 3083 1332 per
3111 1263 3493 1319 revelationem

1923 1368 2235 1422 agnoscens,
2269 1357 2573 1408 convocatis
2611 1354 2893 1422 fratribus,
2922 1368 3205 1409 excessum
3235 1367 3500 1410 veneran-

1919 1444 1968 1498 di
2005 1445 2168 1513 patris
2191 1444 2269 1498 eis
2295 1444 2475 1512 aperui
2503 1461 2517 1511 ;
2547 1445 2865 1514 concitoque
2901 1445 3069 1513 gradu
3101 1445 3164 1500 ad
3199 1443 3374 1499 locum
3407 1445 3495 1500 ubi

1918 1549 2128 1588 sacrum
2157 1550 2350 1602 corpus
2371 1535 2580 1603 iacebat
2605 1535 2984 1605 quinquaginta
3021 1535 3130 1590 fere
3151 1535 3388 1592 millibus
3416 1535 3502 1591 ul-

1920 1633 1998 1677 tra
2044 1624 2385 1677 hieldunense
2418 1625 2796 1677 monasterium
2831 1626 3060 1691 positum
3092 1623 3303 1690 deveni,
3335 1634 3391 1679 et
3429 1623 3497 1677 ad

1918 1714 2245 1782 sepulturam
2267 1713 2488 1776 adduxi,
2516 1723 2570 1768 et
2591 1712 2881 1767 honoriﬁce
2899 1712 3417 1781 sepelivi,mandans
3441 1724 3500 1768 ut

1924 1811 1976 1864 i‘n
2021 1825 2336 1880 quocunque
2390 1811 2508 1864 loco
2550 1823 2758 1864 sacrum
2805 1823 3003 1878 corpus
3043 1808 3096 1863 in
3139 1811 3504 1878 a=portatione

224 1896 374 1950 enim
403 1911 430 1948 a
463 1897 787 1949 monasterio
813 1936 828 1957 ,
859 1895 961 1948 nisi
995 1897 1314 1950 necessitate
1336 1912 1524 1965 magna
1553 1908 1770 1951 coactus
1797 1939 1811 1960 ,
1848 1888 1890 1946 Β
1923 1913 2263 1971 pausaverat,
2294 1916 2461 1956 sacrte
2501 1901 2675 1954 crucis
2711 1900 2980 1968 signacula
3010 1899 3368 1968 erigerentur.
3395 1901 3506 1953 Ma-

226 1985 599 2054 progrediens,
632 1986 971 2053 pecuniarum
1003 1985 1221 2038 minime
1251 1985 1440 2038 avidus
1464 1986 1688 2048 exstitit,
1719 1986 1811 2039 sed

224 2077 406 2130 omnia
434 2076 533 2130 sibi
558 2085 771 2142 erogata
800 2075 853 2127 in
882 2090 1008 2128 usus
1032 2076 1187 2128 utiles
1210 2085 1263 2127 et
1291 2089 1580 2142 pauperum
1614 2089 1814 2142 expen-

225 2169 388 2221 dehat
417 2185 430 2232 ;
465 2178 522 2220 ut
551 2178 727 2221 autem
755 2182 971 2221 carnem
999 2182 1150 2220 suam
1184 2165 1423 2235 fragilem
1448 2165 1668 2219 domare
1700 2181 1818 2233 pos-

225 2265 335 2320 set,
371 2257 499 2310 fonti
529 2257 619 2326 qui
652 2258 924 2325 proximus
949 2267 1036 2311 est»
1054 2257 1398 2320 monasterio,
1426 2258 1512 2325 qui
1543 2256 1662 2309 fons
1692 2271 1812 2309 san-

223 2353 298 2406 cti
325 2351 590 2404 Aldhelmi
624 2358 848 2402 vocatur
876 2389 890 2413 ,
920 2363 978 2403 se
1003 2349 1227 2403 humero
1256 2358 1411 2401 tenus
1434 2348 1804 2417 immergebat.

227 2442 330 2504 Ilii,
368 2456 464 2494 nec
492 2440 770 2510 glacialem
797 2440 1026 2509 rigorem
1061 2455 1278 2504 curans,
1313 2439 1559 2494 noctibus
1589 2438 1814 2493 durabat

225 2536 539 2605 psalterium
583 2545 750 2588 totum
801 2535 1111 2588 decantans.
1155 2533 1488 2587 Feminarum
1541 2533 1811 2587 consortia

226 2644 334 2682 non
368 2624 600 2696 fugiebat
627 2643 639 2690 ;
677 2626 782 2678 imo
814 2625 895 2676 vel
925 2625 1168 2677 assidens
1197 2624 1282 2675 vel
1315 2624 1558 2677 cubitans
1581 2624 1810 2690 aliquam

220 2718 518 2777 detinebat.
548 2729 844 2784 quousque,
876 2713 1053 2767 carnis
1085 2720 1388 2781 tepescente
1412 2712 1631 2776 lubrico,
1663 2711 1814 2781 quie-

223 2823 282 2864 to
308 2822 361 2864 ct
393 2811 610 2862 immoto
638 2805 937 2861 discederet
978 2806 1175 2860 animo.
1217 2803 1460 2858 Derideri
1499 2818 1559 2859 se
1600 2803 1812 2858 videbat

222 2903 505 2969 diabolus,
538 2916 761 2956 cernens
800 2900 1166 2954 adhaerentem
1199 2898 1473 2961 leminam,
1507 2897 1808 2965 virumque,

220 2994 361 3047 alias
407 2999 628 3047 avocato
670 2992 869 3057 animo,
920 2988 1253 3042 insistentem
1300 2986 1563 3040 cantando
1607 2986 1809 3053 psalte-

223 3085 361 3139 rium
387 3102 402 3151 ;
434 3092 485 3137 et
516 3080 862 3135 valelaciebat
887 3089 1100 3133 sanctus
1131 3078 1373 3141 mulieri,
1407 3077 1556 3130 salvo
1585 3077 1807 3144 pudore,

223 3179 390 3232 illmsa
427 3175 696 3229 castitate.
740 3172 969 3228 Sanctus
1009 3171 1150 3224 enim
1188 3168 1503 3224 Aldhelmus
1534 3169 1648 3222 vice.
1681 3182 1810 3236 qua-

221 3271 350 3321 dam
378 3266 568 3321 detulit
595 3280 774 3319 secum
803 3263 869 3316 de
904 3263 1072 3316 Roma
1103 3261 1269 3314 altare
1296 3276 1358 3313 ex
1391 3269 1653 3313 marmore
1683 3272 1811 3310 can-

220 3360 351 3414 dido
376 3405 389 3424 ,
425 3358 624 3412 habens
653 3355 706 3408 in
737 3354 1098 3422 grossitudine
1142 3367 1234 3405 sex
1268 3351 1427 3419 pedes
1451 3391 1466 3416 ,
1511 3351 1560 3402 in
1587 3350 1813 3417 longitu-

220 3453 354 3504 dine
385 3458 629 3518 quatuor,
665 3447 716 3500 in
753 3446 1032 3500 latitudine
1073 3453 1179 3498 tres
1225 3444 1451 3512 palmas.
1489 3442 1636 3495 llunc
1680 3441 1812 3508 lapi-

221 3541 350 3596 dem
381 3555 547 3608 usque
590 3539 654 3592 ad
701 3539 860 3605 Alpes
904 3552 1089 3590 secum
1120 3536 1307 3590 detulit
1337 3534 1604 3599 camelos,
1650 3543 1703 3588 et
1743 3534 1812 3586 ibi

222 3641 446 3701 propter
495 3637 757 3698 praerupta
807 3629 905 3682 viae
947 3627 1177 3681 concidit
1221 3636 1274 3679 et
1321 3628 1473 3678 ruina
1513 3625 1810 3692 iumentum

221 3723 504 3789 contrivit,
535 3732 586 3776 et
618 3735 854 3774 marmor
880 3720 930 3774 in
965 3719 1100 3773 duas
1124 3729 1298 3786 partes
1334 3717 1508 3785 fregit.
1540 3717 1654 3781 Quo
1677 3715 1812 3780 viso,

221 3815 564 3876 Aldhelmus,
593 3812 705 3866 fusa
729 3811 792 3864 ad
821 3811 986 3864 Deum
1013 3824 1171 3876 prece
1193 3817 1247 3863 et
1270 3809 1389 3861 data
1419 3807 1811 3868 benedictione,

219 3908 416 3963 salutis
456 3907 690 3975 vigorem
731 3903 947 3957 animali
991 3900 1205 3965 reddit,
1241 3909 1294 3954 et
1327 3898 1556 3954 fractura
1602 3898 1810 3965 lapidis,

219 4015 352 4069 qua:
380 4014 484 4053 non
515 4005 658 4052 recta
691 3996 854 4058 linea,
888 3992 981 4048 sed
1011 3992 1238 4060 quodam
1281 3991 1518 4043 anfractu
1543 3988 1814 4043 dissiliens

221 4099 510 4161 crepuerat
534 4132 549 4156 ,
580 4089 755 4144 statim
788 4103 846 4143 se
879 4087 927 4140 in
960 4086 1186 4139 solidum
1227 4084 1495 4152 compegit
1527 4099 1537 4134 :
1571 4081 1622 4134 in
1656 4080 1816 4133 inira-

217 4187 331 4241 culi
360 4193 534 4237 tamen
579 4181 831 4234 memoria
866 4178 1042 4231 adhuc
1072 4175 1293 4229 cicatrix
1335 4175 1580 4228 scissura:
1618 4184 1803 4224 osten-

218 4277 370 4330 ditur
397 4315 412 4338 ,
460 4281 643 4326 sanata
674 4269 886 4339 quidem
932 4266 1190 4321 miraculo
1213 4305 1227 4329 ,
1264 4265 1355 4318 sed
1385 4264 1598 4317 curioso
1630 4271 1808 4314 tamen

223 4367 507 4438 perspicua
539 4364 718 4417 oculo.
744 4361 900 4428 Lapis
930 4359 1020 4413 ille
1048 4357 1209 4411 modo
1237 4356 1431 4410 dicitur
1459 4367 1580 4408 eSse
1606 4353 1657 4406 in
1684 4367 1818 4422 quo-

221 4464 350 4516 dam
382 4458 760 4514 canonicorum
810 4453 1045 4520 prioratu
1098 4450 1310 4502 nomine
1336 4448 1608 4500 Britannum
1639 4445 1688 4497 in
1713 4445 1816 4497 So-

224 4560 532 4609 mersetana
548 4545 835 4617 provincia.
861 4543 1114 4596 Processu
1138 4539 1351 4592 tandem
1372 4534 1626 4602 temporis
1641 4533 1816 4586 West-

218 4603 490 4699 -S—a—xonica
523 4603 670 4708 plaga
701 4639 751 4689 in
781 4636 915 4688 duos
943 4633 1282 4700 episcopatus
1309 4629 1476 4681 divisa
1506 4623 1730 4688 exstitit,
1759 4632 1814 4678 et
1845 4603 1895 4662 Ῑ)

226 4733 417 4792 Daniel
440 4731 725 4785 Wintonim
750 4727 1061 4796 praeficitur,
1093 4733 1148 4780 et
1171 4719 1564 4778 Schireburnite
1596 4717 1810 4772 Aldhel-

255 4871 1498 4898 Μ

1120 4977 1631 5056 ΕΧΟΕΒΡΤΛ
1709 4973 1841 5048 DE
1900 4973 1976 5047 S.
2041 4969 2631 5048 ALDIIELMO.

1922 2002 2047 2046 nent
2081 1993 2257 2044 adhuc
2283 2006 2469 2045 omnes
2499 2003 2709 2054 cruces,
2742 2005 2840 2044 nec
2863 1990 2967 2043 ulla
2996 2004 3182 2044 eorum
3222 1989 3504 2044 vetustatis

1920 2082 2088 2135 sensit
2110 2080 2353 2148 injurias,
2386 2095 2612 2148 quarum
2639 2094 2741 2133 una
2773 2082 2826 2132 in
2853 2080 3086 2134 claustro
3117 2078 3502 2133 monachorum

1918 2172 2084 2226 videri
2118 2186 2286 2239 usque
2315 2171 2473 2225 hodie
2504 2179 2699 2236 potest.
2732 2169 2864 2224 Cum
2889 2170 3030 2224 enim
3054 2169 3109 2223 in
3131 2168 3362 2238 quadam
3395 2169 3508 2222 val—

1921 2265 1991 2327 le,
2029 2265 2151 2317 dum
2186 2264 2422 2322 viveret.
2464 2261 2528 2314 ad
2562 2258 2958 2329 pradicandum
2989 2267 3276 2327 pergeret,
3305 2266 3362 2312 et
3387 2272 3505 2312 ser-

1919 2369 2131 2410 monem
2159 2354 2225 2408 ad
2251 2353 2459 2423 plebem
2492 2353 2723 2416 faceret,
2756 2352 2894 2407 forte
2925 2351 3176 2407 baculum
3202 2350 3504 2406 fraxineum

1919 2461 2027 2516 quo
2058 2446 2302 2500 utebatur
2331 2455 2486 2500 terra:
2516 2444 2655 2508 lixit,
2679 2452 2734 2499 et
2763 2444 2978 2498 interim
3009 2458 3104 2512 per
3125 2443 3221 2497 Dei
3257 2444 3504 2498 virtutem

1915 2539 2103 2590 miram
2151 2539 2201 2591 in
2245 2536 2665 2604 magnitudinem
2689 2535 2994 2590 excrevisse
3019 2548 3181 2589 succo
3201 2533 3465 2590 animatus
3489 2575 3504 2600 .

1915 2634 2114 2688 cortice
2143 2634 2381 2696 indutus,
2410 2633 2658 2687 foliorum
2687 2641 2743 2688 et
2772 2632 3043 2689 frondium
3077 2632 3328 2688 decoram
3369 2633 3509 2687 emi-

1916 2728 2051 2782 sisse
2076 2727 2293 2782 dicitur.
2336 2726 2479 2781 Obiit
2507 2737 2688 2781 autem
2726 2741 2870 2780 anno
2895 2725 3106 2782 Domini
3134 2726 3502 2796 septingente—

1915 2822 2050 2874 simo
2079 2834 2242 2883 nono,
2283 2819 2351 2873 ab
2371 2833 2511 2873 anno
2539 2833 2646 2888 quo
2695 2819 2866 2874 lactus
2892 2829 2975 2874 est
3028 2819 3194 2873 abbas
3233 2817 3510 2874 tricesimo

1917 2918 2129 2978 quarto,
2154 2920 2207 2963 et
2224 2909 2562 2978 episcOpatus
2582 2909 2662 2963 sui
2690 2923 2831 2962 anno
2853 2909 3059 2979 quinto.
3092 2907 3222 2962 Post
3243 2907 3501 2962 ducentos

1916 3002 2266 3071 quadraginta
2314 3016 2483 3056 annos
2521 3009 2642 3068 post
2671 3001 2877 3055 obitum
2920 3001 3039 3069 ejus
3065 3041 3080 3065 ,
3125 3000 3332 3055 scilicet
3364 3015 3507 3054 anno

1917 3095 2129 3149 Domini
2163 3095 2571 3165 nongentesimo
2599 3095 3010 3165 quadragesimo
3039 3109 3203 3160 nono,
3231 3095 3503 3149 elevatunt

1919 3185 2017 3241 fuit
2058 3201 2251 3250 corpus
2294 3187 2411 3256 ejus
2449 3201 2658 3240 sacrum
2696 3185 2762 3240 de
2788 3197 2926 3240 terra
2971 3193 3023 3240 et
3063 3185 3114 3240 in
3155 3185 3354 3240 scrinio
3383 3200 3508 3239 cum

1920 3298 2112 3352 magno
2143 3282 2346 3336 honore
2394 3281 2732 3336 collocatum.
2769 3279 2959 3334 Narrat
2986 3281 3130 3334 enim
3160 3278 3329 3342 Beda,
3363 3277 3504 3333 libro

1920 3377 2126 3445 quinto,
2159 3373 2392 3442 capitulo
2417 3381 2607 3427 octavo
2632 3372 2864 3436 decimo,
2905 3369 3046 3439 quod
3079 3369 3415 3436 Aldhelmus,
3452 3368 3506 3422 in

1917 3466 2291 3520 ecclesiasticis
2339 3466 2499 3518 rebus
2549 3472 2602 3518 et
2624 3465 2843 3517 scientia
2885 3463 3283 3532 Scripturarum
3345 3462 3501 3516 nobi-

1918 3558 2036 3612 liter
2061 3558 2373 3621 instructus,
2408 3555 2646 3622 scripsit,
2670 3555 2896 3624 jubente
2936 3554 3141 3624 synodo
3171 3568 3284 3607 suae
3307 3553 3506 3622 gentis,

1919 3648 2112 3701 librum
2153 3649 2427 3717 egregium
2468 3648 2726 3700 adversus
2759 3661 3005 3701 errorem
3041 3645 3320 3700 Britonum
3348 3689 3362 3712 ,
3401 3660 3508 3715 quo

1920 3739 2006 3793 vel
2047 3738 2245 3792 Pascha
2279 3753 2385 3792 non
2433 3752 2529 3792 suo
2575 3743 2817 3804 tempore
2856 3735 3237 3798 celebrabant,
3288 3734 3371 3790 vel
3404 3734 3509 3789 alia

1920 3828 2165 3896 perplura
2196 3827 2572 3881 ecclesiasticae
2601 3828 2830 3881 castitati
2853 3835 2907 3881 et
2931 3829 3046 3894 paci
3067 3825 3334 3881 contraria
3355 3840 3510 3896 gere-

1920 3922 2088 3985 bant,
2139 3921 2441 3989 multosque
2491 3934 2677 3975 eorum
2727 3918 2794 3974 ad
2847 3919 3166 3974 catholicam
3221 3918 3509 3974 dominicae

1921 4011 2138 4064 Paschte
2168 4011 2586 4065 celebrationem
2621 4009 2779 4079 hujus
2811 4009 2931 4064 libri
2974 4009 3262 4064 lectionem
3306 4007 3505 4078 perdo-

1921 4100 2016 4155 xit.
2041 4101 2268 4169 Scripsit
2288 4112 2341 4155 et
2361 4102 2428 4155 de
2453 4100 2768 4170 Virginitate
2799 4100 2992 4154 librum
3022 4099 3296 4161 eximium,
3325 4114 3502 4168 quem.

1922 4195 1972 4248 in
2019 4195 2328 4263 exemplum
2367 4193 2591 4259 Sedulii,
2634 4193 2909 4263 geminato
2960 4206 3123 4260 opere
3168 4201 3221 4245 ct
3266 4190 3506 4244 versibus

1923 4287 2252 4340 hexametris
2279 4295 2332 4341 et
2354 4300 2512 4354 prosa
2536 4285 2861 4354 composuit.
2901 4282 3129 4350 Scripsit
3158 4291 3214 4338 et
3243 4281 3341 4335 alia
3376 4295 3510 4334 non-

1923 4379 2103 4442 nulla,
2146 4388 2330 4446 utpote
2362 4378 2444 4431 vir
2484 4378 2841 4445 undecunque
2880 4375 3260 4440 doctissimus,
3305 4388 3426 4428 nam
3457 4385 3512 4429 et

1922 4484 2172 4525 sermone
2202 4469 2422 4532 nitidus,
2449 4477 2504 4523 et
2529 4469 2960 4538 Scripturarum,
2993 4477 3049 4522 ut
3074 4467 3208 4530 dixi,
3243 4476 3350 4521 tam
3375 4466 3511 4522 libe-

1925 4564 2114 4617 ratium
2138 4577 2296 4630 quam
2320 4561 2806 4616 ecclesiasticarum
2835 4568 2952 4615 erat
2979 4559 3286 4615 eruditione
3309 4559 3510 4614 tniran-

1923 4656 2043 4710 dus.
2076 4656 2198 4710 llaec
2231 4653 2388 4710 Beda.

1704 5137 2052 5148 _——_—————-

595 5203 675 5258 Ea:
701 5203 852 5257 Beda:
877 5202 1016 5256 Hist.
1041 5200 1237 5253 Eccles.
1275 5214 1334 5264 v,
1371 5197 1458 5250 18.

311 5305 460 5357 Anno
482 5298 760 5352 dominica:
777 5294 1153 5349 utcarnattonis
1169 5291 1642 5360 septingentesimo
1665 5291 1822 5357 quin-

230 5409 312 5459 to,
347 5393 604 5459 Allridus,
635 5407 725 5444 rex
759 5386 1372 5448 Nitrthanhumbrorum,
1406 5382 1686 5437 defunctus
1711 5392 1816 5446 est,

228 5502 378 5544 anno
406 5484 555 5553 regni
584 5485 661 5535 sui
697 5481 952 5535 vicesimo
991 5478 1216 5532 necdum
1240 5476 1493 5544 impleto;
1523 5474 1605 5527 cui
1631 5486 1820 5525 succe-

228 5585 366 5638 dens
399 5580 451 5634 in
483 5577 762 5644 imperium
785 5574 922 5626 tilius
953 5585 1080 5626 suus
1112 5568 1381 5628 Osredus.
1413 5581 1541 5636 puer
1565 5576 1683 5618 octo
1709 5564 1817 5617 cir-

227 5674 364 5729 citer
405 5683 686 5727 annorum.
716 5667 960 5734 regnavit
989 5664 1143 5717 annis
1175 5661 1446 5715 undecim.
1479 5658 1650 5725 Hujus
1674 5656 1819 5723 regni

229 5765 493 5836 principio
518 5764 737 5818 antistes
775 5761 1124 5817 Orientalium
1143 5761 1408 5813 Saxonum
1441 5756 1618 5810 licdda
1661 5756 1821 5808 cocic-

225 5874 363 5914 atcm
398 5857 639 5928 migravit
663 5854 724 5907 ad
751 5854 945 5916 vitam;
980 5853 1145 5909 bonus
1177 5853 1368 5920 quippe
1395 5860 1501 5901 erat
1540 5865 1596 5900 ar
1623 5849 1674 5915 ju
1716 5857 1816 5900 Ub.

1929 5202 1981 5248 et
2002 5189 2360 5260 episcopalem
2387 5188 2545 5241 vitam
2570 5185 2681 5240 sive
2713 5184 3010 5238 doctrinam
3039 5181 3206 5251 magis
3228 5182 3388 5236 insito
3409 5184 3510 5239 sibi

1931 5287 2182 5339 virtutum
2203 5297 2385 5336 amore
2403 5294 2559 5349 quam
2579 5278 2897 5334 lectionibus
2916 5276 3188 5330 institutus
3203 5278 3507 5331 exercebat.

1933 5375 2166 5442 Denique
2184 5371 2669 5428 reverendissimus
2687 5368 2911 5421 antistes
2935 5365 3296 5433 Pechtelmus,
3326 5366 3392 5420 de
3407 5383 3512 5434 quo

1931 5467 1980 5520 in
2008 5465 2354 5534 sequentibus
2386 5476 2483 5516 suo
2516 5462 2632 5515 loco
2666 5458 2951 5515 dicendum
2985 5465 3089 5521 est,
3119 5458 3208 5524 qui
3241 5471 3360 5510 cum
3384 5473 3506 5511 suc—

1933 5577 2145 5620 cessore
2171 5576 2266 5617 suo
2322 5558 2605 5614 Aldhelmo
2635 5555 2803 5609 multo
2834 5565 3074 5622 tempore
3111 5551 3283 5607 adhuc
3327 5551 3510 5605 diaco-

1930 5673 2026 5711 nus
2057 5655 2170 5710 sive
2200 5651 2493 5708 monachus
2522 5650 2639 5716 fuit,
2672 5650 2876 5705 referre
2905 5657 2987 5702 est
3019 5645 3210 5700 solitus
3247 5688 3260 5712 ,
3287 5646 3426 5712 quod
3459 5646 3510 5697 in

1929 5753 2050 5805 loco
2081 5765 2186 5819 quo
2218 5748 2501 5801 defunctus
2521 5756 2604 5799 cst
2630 5786 2641 5809 ,
2671 5745 2739 5797 ob
2762 5742 3008 5796 meritum
3045 5738 3348 5793 sanctitatis
3373 5735 3510 5804 ejus,

1928 5844 2087 5897 multa
2124 5842 2406 5896 sanitatum
2438 5837 2540 5891 sint
2592 5846 2793 5906 patrata
2819 5831 3069 5888 miracula
3101 5872 3112 5895 ,
3165 5830 3508 5893 hominesque
