4214 6528
805 414 872 468 87

805 527 1090 596 provincia:
1139 524 1282 579 illius
1308 523 1493 579 solitos
1523 522 1757 577 ablatum
1789 524 1912 578 inde
1954 523 2226 591 pulverem
2259 536 2382 589 pro-

806 632 920 685 pter
947 620 1259 688 languentes
1281 618 1331 669 in
1356 629 1545 685 aquam
1572 616 1781 669 mittere
1807 624 1967 684 atque
1989 614 2144 683 hujus
2170 623 2382 683 gustum

803 712 919 764 sive
943 711 1305 777 aspersionem
1330 705 1511 759 multis
1532 708 1812 760 sanitatem
1840 706 2056 775 aegrotis
2079 714 2133 760 et
2157 706 2381 757 homini-

802 802 904 856 bus
932 811 984 855 et
1016 800 1295 866 pecoribus
1319 799 1592 861 conferre;
1653 807 1873 866 propter
1920 797 2063 866 quod
2115 796 2377 864 frequenti

799 892 1065 943 ablatione
1114 888 1348 957 pulveris
1375 888 1509 942 sacri
1560 887 1698 942 fossa
1730 889 1801 943 sit
1855 888 2050 943 ibidem
2107 887 2241 942 facta
2273 904 2377 943 non

795 981 1033 1032 minium.

866 1071 982 1136 Quo
1010 1070 1283 1133 defuncto,
1314 1072 1648 1138 episeopatus
1691 1070 1975 1139 provincia:
1996 1070 2139 1123 illius
2170 1071 2220 1123 itt
2247 1070 2376 1123 duas

794 1159 1077 1230 parochias
1099 1159 1297 1213 divisus
1319 1169 1402 1214 est
1436 1177 1448 1211 :
1481 1176 1582 1213 una
1604 1160 1723 1213 data
1768 1159 1995 1225 Danieli,
2018 1174 2177 1227 quam
2210 1173 2374 1229 usque

794 1253 954 1306 hodie
985 1252 1139 1321 regit;
1171 1250 1341 1307 altera
1368 1252 1670 1319 Aldhelmo,
1703 1254 1785 1306 cui
1819 1254 1973 1307 annis
1995 1264 2221 1322 quatuor
2241 1261 2374 1305 stre-

800 1344 1054 1398 nuissime
1076 1343 1283 1412 praefuit
1310 1362 1322 1397 :
1349 1344 1505 1397 ambo
1525 1354 1578 1398 et
1601 1347 1652 1398 in
1678 1346 1839 1401 rebus
1858 1346 2229 1400 ecclesiasticis
2251 1345 2372 1398 etin

794 1431 1019 1486 scientia
1048 1431 1442 1500 Scripturarum
1473 1431 2084 1488 suificienterinstructi.
2108 1431 2370 1502 Denique,

792 1521 1126 1588 Aldhelmus,
1161 1538 1281 1577 cum
1313 1523 1485 1577 adhuc
1512 1535 1655 1577 esset
1681 1524 1957 1591 presbyter
1983 1533 2038 1577 et
2068 1524 2233 1578 abbas
2260 1540 2373 1579 uto-

791 1614 1010 1668 nasterii
1033 1616 1170 1684 quod
1202 1614 1436 1669 Maildufi
1465 1616 1650 1669 urbem
1701 1618 1999 1678 nominant.
2022 1618 2253 1685 scripsit,
2282 1618 2371 1684 ju-

788 1702 951 1759 bente
967 1705 1171 1774 synodo
1196 1719 1307 1759 sua:
1334 1706 1507 1775 gentis
1537 1746 1552 1771 ,
1583 1706 1775 1760 librum
1806 1709 2076 1776 egregium
2113 1708 2369 1761 adversus

789 1808 1024 1849 errorem
1068 1796 1365 1859 Britonum,
1395 1812 1500 1865 quo
1528 1798 1612 1851 vel
1637 1799 1841 1852 Pascha
1865 1814 1970 1852 non
2000 1814 2100 1853 suo
2129 1808 2368 1867 tempore

786 1885 1081 1952 celebrant,
1108 1886 1191 1941 vel
1232 1887 1333 1940 alia
1366 1888 1612 1956 perplura
1642 1890 2017 1944 ecclesiastica:
2048 1892 2279 1945 castitati
2306 1902 2361 1947 et

786 1974 907 2039 paci
936 1976 1199 2028 contraria
1229 1985 1441 2045 gerunt,
1461 1977 1760 2045 multosque
1791 1995 1975 2033 eorum
1997 1980 2362 2049 quiOceiden-

788 2064 983 2121 talibus
1019 2066 1316 2122 Saxonibus
1336 2068 1533 2123 subditi
1561 2078 1712 2124 erant
1760 2070 2003 2125 Britones
2045 2070 2111 2125 ad
2139 2072 2364 2126 catholi-

1647 411 1700 465 S.
1747 408 2097 465 Αιυιιειω
2137 404 2423 463 OPERUM
2465 406 2642 463 PARS
2681 407 2813 461 l.—
2840 406 3198 464 EPISTOLE

3954 420 4003 480 88

2413 530 2463 585 Α
2491 536 2608 576 eam
2630 521 2884 575 dominici
2915 521 3131 575 Pascha:
3173 519 3586 575 celebrationem
3620 518 3776 589 hujus
3821 522 4000 579 lectione

2488 612 2751 679 perduxit.
2785 612 3083 679 Scripsitet
3124 613 3191 667 de
3223 611 3538 682 Virginitate
3566 613 3759 668 librum
3787 615 4001 671 eximium

2483 716 2639 768 quem
2674 704 2726 754 in
2756 704 3057 769 exemplum
3080 702 3303 766 Sedulii,
3329 705 3601 772 geminato
3630 718 3809 768 opere.
3835 716 3881 759 et
3904 721 4001 760 rer-

2481 794 2628 846 sibus
2657 794 2979 849 hexametris
3003 803 3058 849 et
3082 808 3258 862 prosa,
3290 796 3610 862 composuit.
3636 794 3853 864 Scripsit
3873 807 3916 852 et
3928 799 4004 853 alia

2481 886 2728 938 nonnulla
2765 926 2781 951 ,
2813 898 2996 955 utpote
3024 887 3105 940 vir
3132 886 3480 956 undecunque
3519 888 3856 942 doctissimus
3880 908 3891 943 :
3912 906 4003 944 nam

2478 987 2531 1029 et
2560 991 2806 1033 sermone
2834 979 3033 1033 nitidus
3062 986 3120 1034 et
3154 980 3535 1046 scripturarum
3564 1021 3580 1042 ,
3613 990 3675 1034 ut
3711 978 3982 1045 dixi,tatnli

2478 1065 2737 1120 beraliurn
2763 1082 2919 1135 quam
2951 1068 3437 1122 ecclesiasticarum
3466 1078 3580 1123 erat
3602 1069 3887 1124 eruditione
3917 1070 4003 1123 mi-

2476 1158 2692 1213 randus.
2733 1160 2848 1224 Quo
2876 1159 3131 1215 defuncto
3156 1202 3172 1227 ,
3197 1160 3567 1230 pontificatum
3599 1178 3700 1232 pro
3728 1177 3791 1217 eo
3814 1163 4004 1233 suscepit

2476 1247 2750 1314 Forthere,
2781 1251 2870 1320 qui
2926 1267 3093 1320 usque
3128 1253 3285 1306 hodie
3332 1263 3611 1319 superest;
3649 1253 3727 1307 vir
3774 1265 3825 1309 et
3852 1256 4003 1324 ipsein

2472 1340 2760 1411 Scripturis
2780 1345 2976 1397 sanctis
3006 1342 3230 1396 multum
3254 1344 3512 1398 eruditus.

2875 1437 2959 1491 Ex
2987 1437 3143 1493 Will.
3168 1437 3379 1493 Halms.
3409 1439 3483 1492 De
3512 1438 3678 1511 Rrgg.

2543 1526 2691 1580 Fecit
2718 1527 2822 1581 duo
2851 1530 3204 1582 monasteria:
3232 1545 3391 1583 unum
3424 1532 3553 1597 sibi,
3577 1532 3803 1587 alterum
3846 1531 4001 1587 sorori.

2470 1617 2682 1673 Sororis
2731 1620 3035 1675 coenobium
3064 1622 3358 1690 appellatur
3401 1622 3756 1693 Berekingutu
3804 1626 3851 1679 in
3876 1625 4004 1679 latere

2468 1706 2757 1764 Lundonia:
2784 1711 2849 1764 ad
2880 1720 3002 1765 octo
3020 1710 3259 1765 milliaria
3302 1711 3485 1768 situm.
3508 1713 3582 1768 lbi
3611 1716 3701 1769 illa
3730 1715 4000 1784 Ethelberga

2466 1808 2656 1851 vocata
2727 1799 2912 1854 habuit
2962 1800 3296 1856 cohaerentes
3323 1803 3421 1857 sibi
3444 1803 3742 1859 sanctitatis
3763 1813 3813 1860 et
3837 1805 4005 1874 pietatis

2397 1875 2437 1935 Β
2466 1890 2637 1942 socias
2657 1888 2971 1944 llildelidam
2998 1892 3237 1959 proximo
3262 1892 3377 1948 loco
3403 1895 3862 1961 suecessorem,ad
3879 1910 4002 1965 quam

2465 1988 2639 2035 exstat
2705 1980 2933 2038 emissus
2984 1984 3277 2040 beatissimi
3344 1986 3613 2042 Aldhelmi
3666 1988 3732 2043 de
3784 1988 4003 2059 virginum

2468 2072 2625 2128 laude
2652 2072 2852 2129 Codex.

789 2255 3999 2292 ΜΨ

1560 2388 2237 2503 SANGTI
2315 2392 3277 2506 ALBHELMI

1966 2599 2361 2652 SCHIREBURN
2371 2601 2546 2653 ENSIS
2583 2602 2864 2656 EPISCOPI

1858 2769 2963 2961 EPISTOLZE,

2353 3010 2491 3055 SIVE

1702 3144 1942 3219 EJUS‘
1999 3146 2419 3223 OPERUM
2481 3150 2795 3229 PRIMA
2860 3155 3130 3232 PARS.

1351 3393 1680 3451 EI'ISTOLA
1725 3394 1761 3448 Ι.

1186 3528 1452 3566 Αιοιιεωιι
1496 3530 1561 3567 AD
1599 3529 1926 3567 ϐΕῐιυΝτ-ιυιι.

837 3626 982 3691 illzrc
1021 3625 1224 3691 epis'olrt
1266 3628 1393 3691 int_t‘r
1434 3625 1664 3691 Bonifacii
1702 3626 1841 3676 Mart.
1868 3626 2041 3689 Epistt.
2069 3631 2359 3691 reperitur:

772 3690 886 3738 inde
914 3691 1005 3735 huc
1030 3688 1281 3737 translata.
1316 3687 1495 3749 Grcas]

848 3768 1071 3822 Dmnino
1108 3768 1518 3837 gloriosissimo,
1567 3768 1910 3824 occidentalis
1959 3772 2104 3841 regni
2148 3782 2363 3841 sceptra

771 3860 1283 3927 gnhernanti,qnem
1314 3875 1435 3929 ego,
1465 3870 1521 3913 ut
1550 3861 1675 3915 mihi
1702 3872 1966 3918 scrutator
1998 3864 2174 3919 cordis
2203 3874 2255 3919 et
2284 3880 2364 3919 re-

774 3967 894 4005 rum
930 3953 1077 4005 testis
1106 3960 1209 4017 est,
1236 3950 1468 4006 fraterna
1494 3953 1750 4009 charitate
1769 3955 2081 4024 amplector,
2104 3956 2363 4011 Gcruttlio

774 4041 905 4109 rogi,
927 4040 1190 4111 simulque
1214 4043 1420 4096 cunctis
1444 4042 1540 4098 Dei
1562 4043 1924 4099 sacerdotibus
1952 4062 2043 4113 per
2065 4046 2361 4101 Domnonia

773 4135 1235 4197 conversantibus,
1286 4134 1623 4199 Aldltclmus,
1656 4134 1775 4189 sine
1807 4137 2118 4191 meritorum
2155 4151 2359 4205 praero—

774 4226 947 4293 gativa
994 4224 1197 4279 abbatis
1230 4222 1405 4279 ofﬁcio
1454 4224 1687 4291 functus,
1733 4225 2019 4295 optabilem
2049 4227 2102 4280 in
2135 4226 2361 4281 Domino

768 4318 1018 4372 salutem.

850 4409 1026 4474 Nuper
1054 4422 1174 4460 eum
1200 4421 1370 4460 essem
1398 4407 1449 4459 in
1479 4408 1705 4461 concilio
1732 4407 2129 4475 episcoporum,
2159 4421 2223 4461 ex
2252 4414 2358 4461 tota

775 4511 909 4564 pene
958 4494 1225 4548 Britannia
1281 4495 1683 4550 innumerabilis
1739 4495 1830 4549 Dei
1882 4494 2220 4549 sacerdotum
2271 4509 2360 4549 ca-

775 4601 922 4641 :erva
960 4585 1235 4651 confluxit,
1269 4584 1336 4637 ad
1367 4588 1464 4639 hoc
1492 4586 1787 4654 prtesertim
1818 4595 2161 4656 congregata,
2184 4592 2244 4639 ut
2265 4600 2360 4655 pro

783 4678 1139 4731 l'Icclesiarum
1187 4676 1543 4729 sollicitudine
1597 4684 1653 4730 et
1709 4675 2009 4729 animarum
2058 4675 2227 4729 salute
2292 4675 2359 4729 ab

2393 3398 2574 3464 Clam
2625 3399 2725 3455 sub
2761 3400 3038 3471 disciplina
3081 3404 3311 3460 cmuobii
3364 3405 3589 3464 solerter
3641 3418 3897 3471 exerceat,
3932 3413 4000 3460 aut

2471 3502 2638 3557 certe,
2681 3501 2991 3547 cunctorum
3031 3495 3335 3551 mortalium
3366 3499 3713 3555 contubernia
3743 3501 3996 3561 declinans.

2467 3584 2519 3637 iu
2550 3582 2790 3653 squalida
2828 3583 3116 3639 solitudine
3143 3596 3380 3642 remotus
3405 3590 3863 3659 contemplatiram
3896 3602 3997 3641 ana-

2466 3671 2756 3725 choreseos
2786 3680 3005 3740 peragat
3033 3672 3195 3726 vitam
3216 3673 3239 3726 ἳ
3260 3672 3423 3743 Igitur
3457 3684 3515 3729 ut
3542 3676 3738 3730 certius
3761 3684 3917 3730 vestra
3936 3687 3998 3727 sa—

2467 3761 2666 3831 gacitas
2708 3760 3133 3818 animadvertere
3172 3772 3332 3833 queat
3377 3778 3472 3833 pro
3504 3764 3696 3835 quibus
3726 3766 3886 3821 causis
3909 3775 3997 3817 mea

2468 3851 2808 3908 mediocritas
2840 3854 3040 3923 scripta
3070 3852 3345 3921 direxerit,
3372 3856 3753 3924 compendiose
3781 3866 3831 3911 ct
3853 3852 3995 3907 brevi-

2467 3954 2548 3999 ter
2590 3944 2905 4000 enucleabo.
2961 3945 3215 4000 Auditum
3264 3961 3492 4017 namque
3518 3957 3573 4003 et
3601 3948 3827 4005 diversis
3852 3959 3997 4002 rumo-

2466 4052 2582 4091 rum
2613 4036 2851 4091 rclativis
2879 4047 3211 4105 compertum
3258 4038 3413 4093 nobis
3442 4047 3523 4093 est
3559 4040 3701 4108 quod
3735 4037 3997 4093 sacerdotes

2466 4128 2627 4183 vestri
2654 4127 2707 4183 in
2736 4128 3011 4183 catholicze
3043 4128 3165 4184 ﬁdei
3188 4129 3390 4199 regula,
3424 4129 3717 4185 secundum
3746 4129 3995 4196 Scriptura

2464 4230 2810 4290 prazceptum,
2861 4221 3080 4276 minime
3124 4222 3470 4287 concordent,
3500 4232 3555 4277 et
3598 4236 3695 4290 per
3738 4234 3905 4278 eorum
3944 4217 3997 4269 si-

2464 4310 2715 4366 multates
2756 4318 2811 4365 et
2871 4326 3073 4381 pugnas
3121 4312 3427 4375 verborum,
3477 4312 3530 4367 in
3573 4312 3811 4369 Ecclesia
3840 4306 3995 4367 Christi

2464 4414 2625 4469 grave
2663 4400 2894 4455 scbisma
2932 4410 2987 4456 et
3014 4400 3233 4457 crudele
3260 4402 3570 4457 scandalum
3596 4412 3861 4467 nascatur,
3885 4396 3994 4469 quod

2467 4494 2863 4565 l‘salrnographi
2895 4495 3157 4551 sententia
3194 4504 3420 4551 testatur
3446 4497 3628 4552 dicens
3658 4513 3677 4552 ε
3719 4495 3831 4551 Pas
3872 4495 3995 4547 multa

2464 4583 2790 4653 diligentibus
2826 4600 3009 4639 nomen
3056 4594 3235 4651 tuum,
3269 4596 3317 4641 et
3356 4598 3558 4642 nonest
3595 4589 3647 4641 in
3676 4588 3781 4641 illis
3816 4585 3993 4641 scanda-

2464 4676 2589 4727 lum.
2622 4675 2811 4730 Pacem
2842 4678 3037 4745 quippe
3076 4678 3347 4747 religionis
3374 4680 3457 4746 pia
3494 4680 3777 4735 concordia
3803 4677 3992 4746 copulat.

776 4768 1022 4820 euntibus
1052 4766 1264 4820 decreta
1304 4781 1566 4819 canonum
1597 4774 1651 4820 et
1680 4764 1893 4819 Patrum
1924 4775 2122 4821 statuta
2154 4774 2350 4820 tracta-
2387 4775 2437 4833 1)
2465 4769 2600 4820 sicut
2630 4767 2943 4823 charitatem
2974 4768 3088 4822 dira
3128 4770 3401 4824 contentio
3440 4770 3782 4825 contaminat.
3810 4770 3923 4824 Nam
3946 4768 3993 4819 ad

780 4871 984 4922 rentur,
999 4867 1050 4912 el
1070 4859 1122 4911 in
1139 4857 1661 4922 comruune,Christo
1674 4859 2026 4927 patrocinium
2045 4866 2349 4926 praestante,

784 4959 1247 5005 cnttservarcntur.
1282 4948 1371 5001 llis
1396 4950 1551 5016 igitur
1581 4948 1683 5001 rite
1716 4950 1961 5015 precatis,
1994 4964 2153 5002 omne
2175 4963 2353 5003 sacer-

779 5044 953 5094 dotale
982 5040 1259 5094 concilium
1277 5079 1294 5105 ,
1319 5053 1492 5092 meam
1518 5038 1831 5106 parvitatem
1856 5037 1969 5107 pari
2002 5046 2270 5105 praecepto
2300 5045 2354 5089 et

776 5136 931 5186 simili
977 5132 1238 5186 sententia
1285 5134 1674 5201 compulerunt,
1706 5140 1762 5184 ut
1805 5129 1869 5183 ad
1914 5140 2105 5183 vestra:
2141 5128 2355 5196 pietatis

774 5224 1113 5291 pra-sentiam
1143 5223 1457 5290 epistolares
1496 5224 1790 5275 litterarum
1836 5222 2013 5289 apices
2046 5221 2351 5290 dirigerem,

779 5328 1042 5370 eteorum
1087 5326 1357 5383 paternam
1409 5317 1735 5384 petitionem,
1771 5316 2145 5382 salubremque
2170 5329 2357 5383 sugge-

780 5411 1032 5473 stionem,
1068 5424 1160 5474 per
1190 5411 1401 5475 scripta:
1428 5408 1621 5475 stylnm
1654 5407 1978 5469 intimarem,
2024 5405 2123 5459 hoc
2154 5416 2257 5469 est,
2288 5406 2354 5459 de

782 5500 1033 5553 Ecclesiae
1074 5500 1350 5552 catholica:
1392 5498 1592 5550 unitate
1638 5506 1690 5549 et
1726 5496 2043 5550 Clristianze
2086 5497 2353 5564 religionis

776 5590 1080 5655 concordia,
1128 5592 1241 5645 sine
1279 5590 1471 5658 quibus
1524 5588 1691 5640 etiosa
1738 5586 2009 5655 torpescit,
2049 5596 2103 5640 et
2148 5604 2355 5643 merces

781 5679 951 5731 futura
996 5680 1206 5736 fatiscit.
1241 5681 1376 5747 Quid
1412 5679 1553 5733 enim
1586 5688 1807 5744 prnsurtt
1837 5680 2093 5732 bonorum
2134 5696 2353 5746 cperunt

777 5771 1152 5837 etnolntttcnla,
1179 5774 1218 5825 si
1249 5783 1395 5825 extra
1422 5770 1736 5823 catholicam
1768 5782 2015 5837 gerantur
2040 5773 2350 5838 ECt‘iCSiilll),

777 5878 931 5919 suam
969 5866 1009 5920 si
1041 5867 1227 5933 aliquis
1259 5864 1521 5920 actualcm
1558 5864 1737 5931 t‘igidJ:
1763 5866 2179 5921 conversationis
2209 5882 2351 5937 ivgu-

2460 4859 2711 4911 unitaten
2779 4858 3128 4914 fraternitatis
3178 4870 3339 4915 rcctzn
3397 4861 3515 4916 fidei
3556 4869 3842 4917 sectatores
3880 4856 3994 4913 Psal-

2460 4948 2612 5000 tnista
2658 4948 2689 5001 h
2732 4957 2918 5011 rtatur,
2981 4950 3226 5018 inquiens
3276 4965 3292 5003 :
3353 4949 3489 5003 Deus
3534 4951 3623 5019 qui
3654 4949 3877 5003 habitare
3900 4944 3994 5015 fati!

2457 5040 2720 5091 unanimes
2772 5041 2824 5092 in
2873 5040 3046 5093 domo.
3108 5040 3303 5095 Domus
3358 5055 3483 5095 vero
3534 5040 3687 5105 haec,
3736 5034 3989 5095 secundum

2458 5128 2801 5199 allegoriam,
2844 5130 3081 5185 Ecc‘esia
3113 5145 3207 5199 per
3247 5140 3385 5185 totos
3427 5129 3609 5185 mundi
3647 5130 3880 5185 cardines
3916 5122 3994 5178 dif-

2459 5222 2574 5277 fusa
2607 5222 2940 5292 intelligitur.
2987 5222 3233 5277 llmretici
3266 5238 3494 5293 namque
3524 5231 3579 5277 et
3615 5217 3919 5275 sebismatici
3943 5215 3992 5266 ab

2462 5316 2713 5370 Ecclesia:
2744 5316 3002 5370 societate
3030 5314 3297 5379 extranei,
3332 5330 3425 5383 per
3446 5313 3842 5369 contentionum
3869 5322 3992 5375 arsu-

2459 5416 2657 5472 menta,
2709 5406 2762 5460 itt
2819 5406 3021 5460 mundo
3061 5406 3403 5474 pullulanles,
3450 5414 3523 5469 et,
3572 5404 3739 5460 veluti
3766 5397 3990 5458 horrendi

2458 5498 2786 5553 zizaniorum
2818 5497 3021 5553 semina
3055 5499 3105 5551 in
3156 5500 3331 5553 medio
3381 5497 3619 5552 fecundre
3657 5497 3845 5567 segetis
3880 5498 3988 5549 sala.

2459 5590 2783 5646 dominicam
2824 5605 3050 5646 messem
3096 5590 3383 5646 maculant.
3422 5589 3525 5645 Sed
3563 5582 3909 5659 hujuscemodi
3933 5577 3989 5634 al-

2460 5681 2770 5734 tercatinnis
2815 5681 3158 5750 opprobrium
3221 5679 3508 5748 apostoiica
3553 5677 3838 5748 compescit
3888 5675 3990 5728 buc-

2459 5773 2598 5826 cina.
2645 5773 2742 5839 Qui
2774 5775 2896 5832 vult.
2933 5773 3117 5843 inquit,
3164 5773 3509 5826 contentiosus
3555 5787 3680 5839 esse,
3728 5786 3818 5824 nos
3868 5764 3988 5818 ιιιιηι

2457 5867 2866 5920 (Citsuclttdittcm
2922 5879 3020 5917 non
3066 5864 3328 5935 habemus,
3376 5881 3464 5919 ncc
3496 5863 3723 5920 Ecclesia
3754 5860 3862 5927 Dei,
3900 5865 3987 5921 4η
