4214 6550
199 433 266 488 89
1618 430 1768 489 EPIS

1877 429 1950 486 LA
1992 433 2031 488 Ι.
3403 443 3470 497 90

202 565 300 602 non
336 547 484 602 habet
531 549 784 602 maculam
827 556 912 600 aut
938 561 1139 618 rugam.
1169 548 1361 602 Pacem
1396 560 1645 613 namque,
1674 545 1776 598 (Ἀ-
1809 544 1856 601 Α
1884 544 2019 598 cima
2041 557 2226 613 quarta
2266 549 2386 604 luna
2435 563 2601 620 usque
2633 550 2697 604 ad
2733 551 3043 622 vigesimam
3084 553 3308 622 primam
3336 571 3470 626 sup-

200 641 517 695 tholieorum
542 651 768 696 matrem
790 680 805 705 ,
836 650 889 694 et
913 639 1141 694 liliorum
1176 640 1268 694 Dei
1295 639 1610 707 genitricem
1639 652 1781 702 esse,

198 731 504 801 evangelica
551 731 893 800 promulgant
936 731 1149 783 oracula
1183 747 1194 781 :
1231 729 1377 782 Beati
1406 728 1629 799 paciﬁci,
1661 742 1786 794 quo-

197 824 339 876 niam
369 823 464 890 ﬁlii
495 821 586 875 Dei
615 823 953 876 vocabuntur.
985 821 1134 875 Unde
1161 821 1386 876 Domino
1413 832 1466 874 et
1499 821 1779 876 Salvatore

201 927 387 969 nostro
414 932 441 966 a
489 930 699 968 summo
747 915 1004 968 caelorum
1055 913 1263 982 fastigio
1304 913 1691 973 descendente,
1725 918 1783 965 ut

199 1007 616 1074 chirographum
649 1006 964 1075 protoplasti
1003 1004 1241 1069 deleret,
1281 1013 1335 1057 et
1365 1004 1615 1056 mundum
1657 1017 1784 1067 pace

197 1103 475 1167 sequestra
524 1099 937 1163 reconciliaret,
984 1097 1218 1166 angelica
1267 1097 1458 1150 cecinit
1508 1095 1780 1150 melodia:

199 1187 380 1239 Gloria
414 1188 463 1242 in
494 1187 706 1240 excelsis
735 1185 842 1240 Deo
867 1194 910 1238 et
936 1187 989 1237 in
1021 1197 1154 1238 terra
1185 1203 1287 1255 pax
1317 1186 1602 1238 hominibus
1635 1185 1782 1237 boum

196 1280 511 1354 voluntatis._
546 1279 608 1333 Et
651 1277 926 1332 Psaltnista
964 1295 977 1330 :
1012 1275 1152 1342 Fiat,
1187 1279 1388 1346 inquit,
1437 1293 1542 1343 pax
1585 1277 1638 1328 in
1682 1278 1782 1328 vir-

198 1382 303 1424 tute
332 1359 452 1439 tua,
475 1381 519 1425 et
556 1370 874 1424 abundantia
902 1372 954 1423 iit
984 1372 1208 1424 turribus
1238 1372 1355 1424 tuis.
1411 1370 1646 1438 Denique
1694 1384 1783 1422 ru-

199 1478 318 1515 mor
352 1463 604 1516 Ecclesia:
637 1463 759 1516 fidei
789 1462 1087 1515 contrarius
1115 1462 1268 1531 longe
1313 1463 1520 1530 lateque
1561 1475 1779 1531 percre-

197 1553 328 1618 buit,
364 1553 506 1623 quod
535 1554 640 1608 sint
671 1553 722 1607 in
763 1553 1033 1622 provincia
1078 1563 1251 1607 vestra
1277 1555 1492 1623 quidam
1523 1553 1780 1607 sacerdo-

197 1655 276 1699 tes
325 1653 381 1698 et
410 1645 590 1699 clerici
659 1655 932 1699 tonsuram
994 1647 1163 1700 sancti
1219 1645 1360 1700 Petri
1417 1645 1778 1712 apostolorum

196 1737 456 1805 principis
488 1736 832 1805 pertinaciter
862 1736 1154 1790 refutantes
1175 1778 1189 1802 ,
1233 1750 1396 1804 seque
1427 1738 1515 1789 tali
1558 1751 1781 1790 excusa-

192 1827 356 1882 tionis
384 1828 625 1898 apologia
659 1828 1001 1897 pertinaciter
1031 1827 1381 1882 defendentes
1414 1829 1615 1893 vivunt,
1639 1827 1779 1896 quod

1887 636 2171 701 putationis
2198 642 2414 708 seriem,
2441 651 2494 696 et
2527 643 2786 711 paschalis
2817 644 3003 698 calculi
3040 645 3327 701 terminum
3356 657 3463 702 tra-

1884 725 2153 791 diderunt,
2206 746 2362 796 quem
2411 733 2708 802 anticipare
2751 742 2804 787 et
2835 735 3134 802 transgredi
3168 747 3352 790 contra
3379 739 3470 806 jus

1885 825 1936 868 et
1967 815 2044 870 fas
2069 818 2306 874 illicitum
2336 820 2448 877 fore
2477 833 2825 878 censuerunt.
2866 824 3031 878 Porro
3063 827 3146 879 isti
3171 828 3468 882 secundum

1884 907 2176 963 decennem
2214 926 2624 982 noveunemque
2667 915 2898 968 Anatolii
2932 927 3293 983 computatum
3318 961 3332 985 ,
3376 931 3468 973 aut

1887 1001 2056 1064 potius
2079 999 2227 1067 juxta
2255 1002 2475 1069 Sulpicii
2503 1002 2684 1057 Severi
2718 1005 2978 1072 regulam,
3014 1007 3102 1072 qui
3129 1024 3322 1061 Lxxxtv
3361 1025 3464 1062 au-

1885 1106 2072 1143 norum
2101 1108 2313 1147 cursum
2345 1096 2672 1164 descripsit,
2721 1097 2931 1150 decima
2957 1108 3142 1166 quarta
3181 1098 3302 1152 luna
3342 1116 3464 1154 cum

1883 1183 2083 1238 Judmis
2129 1188 2374 1253 paschale
2405 1198 2796 1243 sacramentum
2823 1190 3128 1255 celebrant,
3171 1207 3292 1246 eum
3330 1209 3466 1246 πως

1886 1283 2020 1327 trum
2058 1275 2314 1331 Ecclesia:
2347 1277 2601 1334 Romanae
2631 1281 2909 1350 pontifices
2938 1281 3004 1334 ad
3038 1285 3322 1349 perfectam
3359 1287 3468 1339 cal-

1883 1367 1984 1419 culi
2032 1369 2292 1423 rationem
2323 1382 2632 1439 sequantur.
2676 1375 2777 1428 Sed
2810 1389 2908 1428 nec
2950 1375 3172 1430 Victorii
3202 1379 3464 1445 paschalis

1886 1456 2122 1512 laterculi
2171 1461 2514 1527 curriculum,
2559 1463 2648 1530 qtti
2702 1479 2881 1515 uxr-xu
2929 1480 3192 1519 annorum
3247 1467 3466 1520 circulis

1883 1550 2205 1611 continetur,
2269 1552 2490 1618 posteris
2541 1553 2854 1607 sectandum
2905 1553 3278 1613 decreverunt.
3337 1557 3468 1611 Erat

1887 1653 2120 1708 namque
2146 1656 2313 1708 genus
2333 1643 2598 1710 quoddam
2626 1645 2995 1699 hmreticorum
3044 1646 3181 1714 apud
3225 1649 3469 1703 Orienta-

1883 1727 1981 1791 les,
2010 1730 2150 1797 quod
2178 1732 2752 1787 tessareskaidekatitai
2779 1745 3016 1800 vocatur,
3043 1738 3093 1790 id
3117 1748 3217 1807 est,
3251 1749 3470 1808 quarta-

1883 1820 2144 1876 decimani
2167 1863 2182 1889 ,
2234 1838 2299 1878 eo
2329 1824 2470 1892 quod
2501 1835 2691 1895 quarta
2731 1825 2936 1880 decima
2977 1827 3096 1881 luna
3127 1829 3470 1886 cumludmis

198 1929 480 1974 auctorum
513 1927 568 1974 et
597 1934 985 1988 praeessorum
1010 1935 1226 1974 suorum
1258 1928 1528 1974 tonsuram
1565 1920 1779 1973 imiten.
1812 1903 1862 1964 Β
1888 1915 2155 1970 Christum
2190 1919 2713 1985 hlasphemantibus,
2748 1931 2802 1976 et
2846 1922 3161 1990 margaritas
3193 1923 3466 1994 Evangelii

193 2023 300 2077 tur,
333 2027 469 2080 quos
493 2011 672 2064 divina
701 2011 1000 2064 illustratos
1025 2011 1192 2080 gratia
1226 2011 1386 2065 fuisse
1409 2011 1778 2079 grandiloquis

187 2104 574 2158 assertionibus
615 2111 1005 2165 contestantur,
1052 2103 1141 2172 qui
1188 2102 1234 2156 si
1277 2116 1306 2154 a
1352 2103 1506 2157 nobis
1553 2102 1779 2156 sollicite

189 2196 535 2250 sciscitentur
557 2195 676 2262 quis
708 2196 907 2262 primus
933 2205 1123 2248 auctor
1154 2209 1355 2248 rasurae
1385 2193 1544 2260 hujus
1574 2204 1628 2247 et
1660 2203 1778 2246 ton-

187 2301 328 2340 sura:
373 2285 663 2349 exstiterit,
713 2286 932 2339 omnino
987 2295 1078 2339 aut
1127 2287 1404 2340 veritatem
1461 2285 1774 2354 ignorando,

186 2388 275 2433 aut
303 2378 588 2433 falsitatem
617 2376 1001 2432 dissimulando
1016 2378 1412 2430 obmutescunt.
1432 2375 1535 2429 Nos
1566 2385 1770 2438 autem,

185 2473 478 2527 secundum
510 2471 858 2539 plurimorum
881 2469 1212 2540 opinionem,
1245 2469 1520 2524 Simonem
1553 2469 1776 2538 magicae

186 2562 320 2617 artis
386 2563 717 2618 inventorem
771 2560 927 2629 hujus
991 2569 1221 2614 tonsura:
1267 2561 1559 2628 principem
1613 2559 1776 2613 fuisse

185 2653 568 2722 comperimus,
594 2652 716 2721 quia
745 2652 954 2718 qualem
989 2660 1357 2718 quantumque
1389 2665 1546 2703 uecro
1561 2651 1774 2702 mantia:

187 2743 450 2797 fallaciam
497 2752 682 2797 contra
731 2741 946 2796 beatum
1000 2739 1213 2795 Petrum
1258 2739 1628 2794 fraudulenter
1665 2754 1776 2793 ma-

187 2836 519 2901 chinaretur,
566 2845 836 2891 certamen
889 2835 1255 2906 apostolorum
1307 2844 1361 2889 et
1410 2833 1596 2889 decem
1650 2833 1774 2889 libri

185 2926 482 2981 Clementis
539 2936 700 2982 testes
761 2934 926 2991 sunt;
994 2941 1130 2990 nos,
1185 2926 1437 2995 inquam,
1477 2926 1770 2980 secundum

187 3029 589 3073 sacrosanctam
639 3018 937 3086 Scriptura:
981 3019 1389 3083 auctoritatem,
1438 3017 1505 3070 de
1551 3026 1773 3071 tonsura

183 3122 365 3164 nostra
400 3112 641 3166 veritatis
691 3109 1057 3165 testiinonium
1106 3110 1480 3180 perhibentes,
1534 3109 1774 3163 diversas

181 3203 250 3257 ob
298 3217 489 3257 causas
557 3204 770 3258 Petrum
827 3203 1126 3274 apostolum
1191 3205 1332 3257 hunc
1402 3204 1562 3256 ritum
1614 3219 1766 3256 sum-

182 3294 352 3362 psisse
381 3293 947 3364 asserimuspriniitus
987 3304 1042 3347 ut
1091 3293 1314 3348 formam
1362 3301 1417 3348 et
1460 3293 1765 3346 similitudi-

180 3401 302 3440 nem
355 3385 553 3440 Christi
602 3386 656 3440 in
706 3388 881 3455 capite
912 3393 1168 3456 gestaret,
1212 3386 1361 3451 dum,
1410 3400 1506 3454 pro
1556 3385 1764 3440 redem-

179 3478 363 3543 ptione
394 3485 571 3532 nostra
601 3479 776 3532 crucis
803 3477 1101 3548 patibulum
1131 3479 1425 3543 subiturus,
1460 3493 1489 3532 a
1536 3477 1762 3533 nefanda

180 3568 490 3623 Jtidazorum
521 3578 681 3638 gente
711 3571 878 3624 acutis
923 3571 1197 3638 spinarum
1231 3571 1432 3623 aculeis
1472 3570 1766 3625 crudeliter

179 3673 564 3729 coronaretur;
605 3663 800 3718 deinde
847 3674 901 3717 ut
945 3667 1255 3719 sacerdotes
1293 3663 1496 3718 Veteris
1538 3673 1590 3718 et
1635 3663 1766 3717 Novi

187 3753 520 3809 'festatuenti
582 3755 632 3809 in
685 3765 900 3809 tonsura
949 3765 1000 3810 et
1050 3755 1231 3809 habitu
1283 3755 1764 3818 discernerentur;

180 3855 458 3914 postremo
501 3857 558 3900 ut
603 3845 742 3900 idem
784 3847 1056 3915 apostolus
1107 3847 1298 3916 suique
1344 3860 1684 3900 successores
1714 3855 1768 3898 et

175 3934 487 4004 sequipeda:
527 3934 870 3989 ridiculosutn
906 3945 1215 4005 gaunaturze
1271 3935 1557 3990 ludibrium
1589 3937 1640 3988 in
1675 3951 1767 4003 po-

177 4025 301 4092 pulo
347 4026 591 4080 Romano
634 4036 948 4094 portarent,
981 4025 1104 4094 quia
1154 4035 1208 4081 et
1238 4041 1421 4081 eorum
1453 4027 1681 4080 barones
1712 4034 1767 4080 et

177 4118 362 4174 hostes
392 4121 629 4173 exercitu
663 4129 946 4188 superatos
995 4119 1096 4173 sub
1126 4134 1325 4174 corona
1359 4118 1590 4172 vendere
1627 4117 1769 4171 sole-

173 4211 327 4266 hant.
381 4213 642 4266 Cmterum
691 4213 742 4267 itt
783 4212 958 4266 Veteri
1011 4211 1358 4265 Testamento
1390 4221 1621 4264 tonsurae
1661 4211 1768 4277 sig-

175 4321 300 4361 num
333 4319 362 4356 a
395 4303 663 4368 Nazareis,
701 4304 749 4355 ill
799 4311 898 4365 est,
946 4303 1166 4366 sanetis,
1225 4302 1276 4354 ni
1331 4302 1505 4364 fallor,
1538 4299 1767 4366 Sttlttpsil

177 4398 482 4451 exordium.
522 4396 612 4448 Est
644 4396 787 4450 enim
820 4395 999 4464 regale
1023 4403 1078 4448 et
1103 4393 1436 4448 sacerdotale
1466 4391 1766 4445 stemmatis

175 4488 454 4544 indicium.
487 4487 616 4540 Nam
649 4487 778 4540 tiara
823 4486 960 4555 apud
992 4492 1200 4540 veteres
1231 4485 1282 4537 iu
1316 4484 1491 4552 capite
1515 4481 1766 4536 sacerdo-

1795 3250 1842 3312 C

1885 2006 1988 2058 rittt
2069 2023 2352 2076 porcorum
2415 2011 2746 2066 calcantibus
2797 2011 3017 2066 Pascha:
3072 2014 3467 2071 solemnitatem

1885 2109 2163 2166 peragunt,
2187 2109 2240 2153 et
2269 2101 2336 2154 ob
2367 2100 2468 2155 hoe
2499 2103 2659 2156 alieni
2690 2119 2717 2154 a
2754 2104 2908 2158 beata
2935 2105 3355 2160 orthodoxorum
3377 2123 3466 2161 so-

1882 2185 2101 2242 dalitate
2135 2190 2274 2244 inter
2303 2190 2767 2246 schismaticorum
2800 2194 3150 2249 conciliabula
3181 2197 3462 2251 infeliciter

1882 2291 2216 2349 reputautur,
2263 2285 2405 2352 quod
2454 2285 2664 2339 beatum
2724 2287 3074 2354 Augustinum
3121 2290 3174 2342 in
3229 2289 3368 2343 libro
3395 2290 3466 2344 de

1881 2374 2164 2439 nonaginta
2195 2374 2484 2428 hmresibus
2513 2376 2715 2444 scripto
2743 2391 3197 2432 commemorasse
3219 2379 3464 2434 memini.

1882 2463 2009 2518 Illud
2039 2481 2166 2519 vero
2194 2482 2350 2534 quam
2384 2467 2538 2521 valle
2578 2482 2605 2520 a
2659 2469 2762 2521 fide
2790 2469 3050 2523 catholica
3093 2469 3382 2538 discrepat,
3407 2480 3463 2524 et

1879 2557 1946 2611 ab
1988 2559 2292 2625 evangelica
2338 2561 2620 2613 traditione
2663 2559 2956 2624 discordat,
3011 2559 3148 2628 quod
3196 2561 3330 2614 ultra
3361 2561 3461 2614 Sa-

1880 2649 2047 2702 brium
2095 2650 2329 2703 fluminis
2377 2651 2569 2703 fretum
2615 2651 2954 2706 Demetarutn
3013 2651 3349 2715 sacerdotes,
3395 2651 3465 2706 de

1881 2741 2087 2809 privata
2116 2741 2327 2809 propria
2373 2743 2800 2797 conversationis
2849 2742 3108 2796 munditia
3149 2742 3460 2810 gloriantes,

1881 2843 2114 2888 nostram
2143 2837 2572 2889 communionem
2603 2851 2926 2905 magnOpere
2968 2835 3368 2898 abominantur,
3408 2835 3460 2888 iu

1879 2932 2102 2990 tantum,
2132 2935 2186 2978 ut
2226 2941 2322 2980 nec
2354 2927 2404 2979 iu
2431 2926 2668 2981 Ecclesia
2701 2926 2977 2980 nobiscum
3001 2927 3302 2980 orationum
3335 2925 3460 2977 olli-

1877 3017 1958 3068 cia
1985 3017 2279 3082 celebrare,
2313 3033 2412 3071 nec
2451 3019 2515 3070 ad
2549 3033 2787 3072 mensam
2831 3017 3074 3071 ciborum
3109 3013 3332 3082 fercula,
3365 3029 3464 3083 pro

1878 3108 2154 3163 charitatis
2199 3110 2390 3178 gratia,
2436 3110 2637 3177 pariter
2665 3112 2942 3178 percipere
2973 3107 3258 3176 dignentur
3285 3123 3299 3160 :
3331 3107 3458 3174 quin

1878 3198 1986 3252 imo
2034 3199 2328 3268 fragmenta
2384 3200 2704 3254 ferculorum
2771 3208 2826 3254 et
2875 3197 3132 3267 reliquias
3180 3196 3462 3265 epularum

1875 3288 2151 3345 lurconum
2197 3306 2388 3346 eanum
2439 3291 2661 3344 rictibus
2700 3299 2755 3346 et
2803 3290 3090 3343 immundis
3128 3286 3466 3342 devorandas

1876 3387 2056 3454 porcis
2085 3385 2392 3453 projiciuut.
2427 3382 2650 3437 Vascula
2675 3396 2890 3452 quoque
2919 3393 2972 3435 et
2996 3380 3201 3450 phialas
3223 3387 3316 3434 aut
3336 3393 3454 3433 are-

1877 3479 2021 3532 nosis
2050 3477 2325 3531 salilonum
2374 3475 2587 3545 glareis,
2614 3483 2706 3529 aut
2745 3474 2903 3529 fulvis
2935 3473 3232 3528 favillarum
3263 3471 3461 3527 emeri-

1876 3571 1972 3624 bus
2001 3569 2262 3637 expianda
2295 3566 2672 3636 purgandaque
2703 3566 3034 3634 prmcipiunt.
3068 3564 3182 3619 Non
3209 3563 3461 3619 salutatio

1875 3663 2092 3731 pacifica
2145 3663 2458 3730 praebetur,
2507 3675 2610 3712 nou
2661 3658 2902 3713 osculum
2950 3658 3052 3726 pits
3105 3654 3460 3711 fraternitatis

1872 3752 2113 3816 offertur,
2167 3751 2376 3805 dicente
2421 3750 2677 3818 Apostolo
2711 3765 2726 3802 :
2759 3747 2998 3804 Salutate
3043 3763 3128 3800 vos
3181 3746 3238 3800 in
3281 3745 3460 3799 osculo

1871 3855 2069 3906 sancto,
2103 3857 2200 3897 nec
2238 3843 2483 3896 manibus
2524 3842 2839 3906 lomcutum,
2889 3849 2981 3894 aut
3010 3841 3147 3893 latex
3175 3853 3294 3893 cum
3337 3853 3458 3892 ina-

1875 3936 2118 4004 uutcrgio
2145 3935 2450 4000 exhibetur,
2478 3948 2651 4002 neque
2684 3931 2910 4002 pedibus
2940 3929 3007 3985 ad
3045 3930 3315 3984 lavacrum
3343 3929 3458 3997 pel-

1872 4031 1952 4084 vis
1994 4030 2316 4098 appouitttr,
2364 4041 2481 4080 cum
2530 4026 2814 4092 Salvator,
2866 4023 3089 4078 sindone
3139 4021 3463 4091 przecinctus

1875 4121 2258 4189 discipulorum
2301 4118 2463 4187 pedes
2491 4118 2735 4181 abluens,
2766 4129 3008 4169 normam
3040 4110 3192 4166 nobis
3223 4109 3457 4165 tradide-

1873 4213 1942 4265 rit
1974 4211 2235 4276 imitandi,
2266 4211 2449 4264 dicetts
2492 4226 2504 4262 :
2553 4208 2701 4262 Sicut
2731 4222 2822 4273 ego
2853 4207 2970 4274 feci,
3004 4206 3074 4257 ita
3105 4213 3152 4257 et
3180 4219 3267 4258 vos
3308 4204 3463 4272 facile

1872 4303 2008 4354 aliis.
2041 4306 2132 4354 Ast
2152 4317 2279 4354 vero
2301 4300 2343 4353 si
2387 4298 2608 4368 quilibet
2634 4297 2702 4352 de
2733 4295 2955 4358 nostris,
2987 4294 3039 4347 id
3084 4301 3187 4358 est,
3218 4292 3460 4347 Catholi-

1873 4397 1952 4450 cis
1973 4394 2035 4446 ad
2069 4409 2180 4458 eos,
2215 4391 2489 4446 habitandi
2523 4391 2714 4459 gratia,
2763 4387 3118 4456 perrexerint,
3165 4399 3270 4439 non
3304 4385 3452 4453 prius

1875 4485 1937 4538 ad
1979 4485 2306 4538 consortium
2351 4480 2649 4535 sodalitatis
2697 4493 2808 4532 sum
2848 4478 3111 4531 asciscere
3151 4475 3460 4545 dignantur,

178 4591 286 4633 tum
320 4579 771 4633 constituebatur.
819 4577 939 4631 llaec
965 4577 1124 4647 bysso
1147 4585 1354 4630 retorto
1386 4574 1617 4628 rotunda
1649 4583 1762 4626 erat
1791 4597 1843 4658 υ
1874 4591 2029 4645 quam
2074 4573 2420 4642 quadraginta
2453 4569 2660 4624 dierum
2709 4570 2882 4637 spatia
2911 4568 2965 4621 in
2996 4566 3304 4635 pmuitendo
3333 4579 3459 4633 per-

174 4673 325 4740 quasi
376 4671 586 4740 sphmra
633 4669 804 4726 media
833 4711 846 4734 ,
891 4678 945 4724 et
986 4669 1086 4723 hoc
1131 4669 1461 4736 signiﬁcatur
1515 4668 1566 4720 iu
1613 4677 1762 4735 parte

175 4763 363 4832 capitis
428 4775 599 4814 tonsa.
677 4760 883 4815 Corona
933 4771 1109 4812 autem
1173 4757 1399 4810 latitudo
1457 4771 1621 4810 aurea
1683 4765 1766 4809 est

175 4857 362 4911 cireuli
405 4871 523 4923 qua:
553 4871 735 4922 regum
791 4854 958 4922 capita
1000 4853 1191 4922 cingit.
1247 4851 1543 4918 Utrumque
1590 4851 1766 4918 itaque

175 4949 386 5016 signum
413 4947 732 5012 exprimitur
772 4945 824 4998 in
865 4945 1036 5012 capite
1089 4943 1429 5004 clericorum,
1477 4941 1637 4994 Petro
1691 4941 1768 4993 di-

178 5049 380 5094 cente:
424 5037 526 5092 Vos
573 5039 692 5091 estis
718 5053 874 5107 genus
915 5037 1148 5098 electum,
1200 5035 1370 5105 regale
1399 5034 1763 5088 sacerdmituu.

180 5132 290 5186 lloc
324 5131 430 5185 ritu
461 5129 713 5184 tondendi
740 5138 794 5183 ct
814 5127 1031 5182 radendi
1064 5136 1118 5181 ut
1148 5127 1274 5179 vitia
1303 5136 1610 5180 resecentur
1657 5126 1767 5193 sig-

178 5234 356 5289 natur,
411 5233 466 5278 et
512 5223 749 5278 crinibus
803 5223 979 5277 carnis
1027 5232 1222 5276 nostra:
1269 5223 1417 5290 quasi
1456 5219 1767 5275 criminibus

176 5329 467 5370 cxuamur.

246 5406 346 5460 Est
395 5415 574 5460 autem
619 5406 786 5461 altera
817 5405 1089 5461 crudelior
1135 5403 1432 5459 animarum
1467 5403 1759 5473 pernicies,

176 5502 314 5572 quod
337 5543 353 5568 ,
404 5500 457 5555 in
488 5510 827 5555 sacrosancta
859 5499 1092 5569 paschali
1123 5500 1460 5554 solemnitate
1486 5543 1498 5565 ,
1537 5511 1764 5554 cccxvut

180 5596 396 5649 l'atrutn
439 5593 674 5662 regulam
708 5607 812 5646 non
858 5602 1114 5654 sectatur,
1140 5591 1229 5660 qui
1253 5591 1303 5644 iii
1336 5591 1553 5646 Nicamo
1585 5592 1765 5645 conci-

179 5689 249 5742 lio
293 5685 786 5744 decennovenalem
836 5683 1075 5739 laterculi
1134 5684 1398 5738 circulum
1447 5698 1539 5752 per
1566 5686 1762 5750 ogtloa-

178 5783 294 5833 itam
339 5787 396 5832 et
438 5775 810 5832 hendekadam
859 5789 1028 5846 usque
1081 5775 1146 5829 ad
1198 5775 1356 5829 finem
1398 5775 1582 5829 mundi
1613 5785 1761 5830 recto

179 5869 385 5925 tramite
415 5867 696 5924 decursum
723 5865 897 5936 sagaci
926 5865 1146 5923 solertia
1176 5875 1488 5922 sanxerunt.
1529 5867 1590 5922 Et
1612 5881 1637 5920 ο
1672 5869 1758 5922 τερ-

1872 4681 2032 4736 agere
2061 4664 2477 4733 compellantur.
2523 4662 2590 4715 Et
2630 4661 2680 4715 iti
2723 4660 2826 4714 hoc
2867 4660 3150 4714 hmreticos
3176 4657 3461 4712 infeliciter

1873 4759 2168 4818 imitantur,
2199 4753 2286 4824 qui
2315 4768 2373 4807 se
2405 4753 2688 4818 Katharos,
2717 4750 2767 4804 id
2794 4758 2876 4804 est
2905 4750 3133 4802 mundos
3160 4746 3454 4813 nuncupari

1871 4848 2174 4902 voluerunt.
2228 4844 2370 4897 lleu!
2429 4845 2553 4906 heu,
2589 4856 2685 4909 pro
2720 4839 2879 4893 tantis
2911 4839 3221 4893 erroribus!
3280 4838 3460 4906 potius

1872 4958 2026 5010 quant
2061 4941 2238 4993 Evax!
2273 4938 2450 4993 Evax!
2484 4936 2802 5006 lacrymosis
2831 4935 3050 4989 vocibus
3078 4943 3128 4988 et
3154 4930 3456 5002 querelosis

1872 5033 2184 5102 singultibus
2215 5031 2504 5099 lugubriter
2533 5028 2964 5098 ingetttiuatidum
2999 5039 3147 5088 reor,
3197 5034 3256 5078 et
3283 5035 3450 5078 totum

1873 5127 1972 5180 hoc
1997 5134 2179 5179 contra
2210 5123 2482 5187 Evangelii
2523 5129 2786 5191 prmcepta
2817 5119 3110 5174 secundum
3157 5117 3454 5172 Pharisaro-

1873 5236 1985 5274 rum
2012 5219 2197 5271 iiiaues
2233 5215 2547 5269 traditiones
2574 5227 2732 5282 agere
2760 5221 3051 5266 noscuntur
3073 5254 3087 5276 ,
3117 5209 3336 5264 Christo
3371 5223 3453 5262 vc-

1875 5313 2070 5364 rat-iter
2100 5310 2422 5377 astipulante
2447 5308 2660 5374 (Matth.
2690 5307 2846 5374 unt)
2879 5323 2892 5359 :
2952 5304 3041 5358 Va:
3061 5304 3224 5367 vobis,
3258 5302 3455 5358 Scriba:

1869 5415 1916 5457 et
1950 5402 2219 5467 I’liarisa'i,
2254 5400 2340 5468 qui
2363 5401 2620 5451 mundatis
2649 5399 2783 5468 quod
2816 5397 2942 5465 foris
2973 5405 3044 5449 est
3077 5395 3252 5448 colicis
3280 5403 3326 5448 et
3362 5409 3457 5460 pa-

1870 5493 2108 5560 ropsidt’s.
2142 5490 2272 5544 Nam
2303 5489 2561 5542 Dominus
2591 5504 2709 5542 eum
2738 5486 3034 5555 publicanis
3068 5493 3122 5537 et
3157 5480 3458 5552 peccatori-

1870 5585 1966 5639 bus
1994 5581 2235 5637 convivia
2284 5580 2586 5634 celebrasse
2621 5576 2967 5638 describitur,
3010 5583 3068 5627 ut
3093 5585 3252 5626 verus
3285 5567 3457 5624 medi-

1869 5692 1962 5732 cus
1986 5673 2288 5744 purulentis
2318 5673 2620 5725 animarum
2651 5667 2968 5724 vulneribus
2998 5667 3192 5720 divinm
3237 5664 3457 5734 pietatis

1867 5765 2218 5822 medicamina
2249 5774 2302 5821 et
2348 5762 2587 5818 caelestis
2614 5760 2912 5816 clementia:
2939 5759 3261 5826 cataplasma
3291 5769 3442 5813 eom-

1867 5870 2103 5934 ponet‘et.
2138 5860 2338 5917 Idcirco
2368 5866 2702 5931 peceatorum
2732 5853 3021 5924 consortia,
3055 5850 3458 5908 Pharisaeorum
