4214 6536
716 414 775 472 91
1559 411 1612 462 5.
1660 400 2009 460 Λιυιιιλωιι
2049 391 2315 452 Ul’ERUM

2422 392 2544 445 aus
2584 391 2622 444 ι.
2653 421 2718 431 --
2743 391 3117 448 Ei’lS'l’OL/E.
3914 386 3982 442 92

721 543 886 590 more,
922 524 1136 578 minime
1161 518 1428 587 despexit,
1454 517 1544 570 sed
1572 516 1744 584 potius
1779 513 1920 564 illam
1953 506 2302 576 peccatricem
2336 501 2388 557 Δ
2415 504 2605 557 ctionis
2627 504 2897 574 eleganter
2921 510 3202 556 attestatur
3232 501 3280 568 (ι
3315 501 3432 556 ουτ,
3473 501 3590 568 χιιι)
3619 521 3630 554 ;
3665 503 3730 557 δέ
3753 506 3976 557 "cum".

719 619 930 689 polluta:
960 615 1080 669 vita:
1117 611 1322 681 piacula
1355 607 1651 674 lugubriter
1694 605 2004 666 deflentem,
2037 609 2090 653 et
2115 599 2293 650 Donti-
2403 609 2599 650 omnem
2649 595 3009 663 prophetiam,
3064 603 3111 647 et
3156 594 3325 646 omnia
3373 594 3636 662 mysteria,
3695 597 3742 647 si
3770 597 3982 649 habeam

718 685 863 763 nicns
904 706 1063 776 pedes
1095 703 1223 755 fusis
1255 701 1612 769 lacrymarum
1664 693 1925 747 imbribus
1974 693 2294 743 humectau—
2399 687 2574 754 ﬁdem,
2606 688 2678 740 ita
2705 697 2758 739 ut
2788 696 2981 738 montes
3009 689 3340 753 transferam,
3370 693 3418 737 et
3446 685 3488 737 si
3510 685 3771 737 tradidero
3795 700 3980 752 corpus

717 811 844 863 teut,
869 773 928 851 ac
951 796 1139 849 solutis
1167 803 1220 846 et
1257 791 1390 845 laxis
1420 789 1794 842 cincinnorum
1821 782 2057 837 crinibus
2081 790 2297 847 tergi-tt-
2399 795 2567 831 meum
2591 788 2642 832 ut
2669 779 2883 830 ardeam
2903 816 2918 842 ,
2949 777 3253 830 charitatem
3281 785 3452 826 autent
3480 790 3583 827 non
3621 773 3863 837 habeam,
3896 775 3981 826 ni-

717 861 997 945 temisoli'a
1020 885 1301 940 clementia
1326 879 1741 935 misericorditer
1764 875 2083 931 refocillavit
2111 875 2296 926 dicens
2401 868 2476 920 hil
2519 867 2644 920 mihi
2692 867 2921 934 prodest.
2974 864 3038 919 Et
3069 871 3127 916 ut
3173 861 3348 917 brevis
3373 863 3654 917 sententia:
3701 863 3984 917 claustello

716 980 866 1049 (Luc.
903 994 971 1031 vn
997 1017 1013 1042 ,
1035 977 1128 1043 47)
1158 992 1174 1029 :
1215 974 1564 1026 demittuntur
1596 969 1673 1022 illi
1715 979 1920 1037 peccata
1951 965 2134 1033 multa,
2170 964 2291 1031 quia
2411 969 2601 1013 cuncta
2633 957 3040 1022 concludantur,
3094 953 3291 1009 frustra
3317 953 3384 1008 de
3424 952 3529 1009 liJe
3568 955 3836 1008 catholica
3869 953 3979 1008 ina-

715 1043 891 1124 di’texit
919 1070 1154 1123 multum.
2410 1050 2547 1102 niter
2575 1048 2853 1117 gloriatur.
2901 1046 2992 1116 qui
3019 1045 3211 1114 dogma
3258 1052 3312 1097 ct
3341 1044 3573 1114 regulam
3621 1045 3795 1098 sanati
3841 1043 3980 1099 Petri

790 1164 918 1230 Qua:
947 1175 1066 1214 cum
1100 1160 1170 1212 ita
1196 1173 1256 1212 se
1290 1156 1543 1217 habeant,
1573 1159 1787 1220 propter
1813 1162 2148 1204 communem
2181 1159 2295 1198 (ξω-
2410 1155 2513 1192 non
2544 1145 2798 1193 sectatur.
2852 1135 3274 1190 Fundamentum
3304 1136 3498 1204 quippe
3523 1133 3781 1189 Ecclesia:
3809 1145 3862 1188 et
3890 1133 3983 1188 lir-

723 1226 877 1310 lestis
925 1253 1108 1322 patrie
1156 1259 1357 1304 sortem
1407 1257 1459 1303 et
1507 1247 1762 1316 angelica:
1811 1238 2110 1298 sodalitatis
2137 1238 2300 1292 colle-
2406 1238 2729 1285 momentum
2760 1228 2882 1283 fidei
2944 1227 3312 1295 principaliter
3346 1229 3396 1278 itt
3426 1226 3638 1280 Christo
3668 1234 3725 1280 et
3752 1242 3981 1295 sequen-

713 1349 881 1419 gium,
914 1317 1157 1401 subnixis
1204 1342 1449 1410 precibus
1477 1348 1532 1394 et
1559 1339 1712 1393 ﬂexis
1744 1335 2031 1404 poplitibus
2061 1343 2296 1386 vestram
2411 1330 2490 1375 lel‘
2547 1321 2598 1373 in
2658 1319 2816 1373 1’6er
2865 1317 3186 1370 collocatum
3240 1330 3573 1385 neQIiaquam
3615 1317 3986 1384 ingruentibus

715 1407 1098 1492 fraternitatem
1131 1407 1442 1501 adiurantes
1467 1430 1778 1498 suppliciter
1806 1425 2182 1494 efﬂagitamtts,
2244 1433 2300 1476 ut

2426 1421 2778 1480 cmpestatum
2826 1409 3124 1464 turbinibus
3181 1408 3541 1462 nutabundum
3574 1407 3866 1471 vacillabit,
3913 1409 3986 1462 ita

714 1530 937 1583 ulterius
962 1527 1263 1582 doctrinam
1293 1531 1348 1577 et
1376 1524 1588 1576 decreta
1629 1520 1768 1574 beati
1805 1519 1946 1572 l’etri
1996 1513 2298 1572 contumaci

2422 1504 2661 1572 lposwlo
2685 1504 3052 1572 promulgante
3081 1501 3132 1570 (I
3160 1501 3278 1554 Cor.
3307 1516 3385 1563 ιιι,
3413 1500 3535 1569 ll):
3571 1499 3988 1556 Fundamentum

715 1620 893 1674 cordis
925 1617 1208 1687 supercilio
1256 1621 1312 1668 et
1342 1621 1589 1682 protervo
1633 1620 1853 1680 pectore
1884 1624 1988 1662 non
2023 1606 2300 1660 abomine-

2422 1595 2547 1648 tliud
2588 1610 2731 1646 nemo
2759 1603 2919 1661 potest
2951 1607 3139 1663 ponere
3168 1601 3350 1660 praeter
3387 1592 3442 1644 id
3481 1593 3616 1661 quod
3645 1592 3868 1662 positum
3895 1599 3988 1650 est.

717 1709 868 1777 mini,
901 1718 954 1762 et
979 1685 1322 1761 traditionem
1358 1703 1609 1757 Ecclesia:
1638 1701 1894 1754 Romana:
1937 1706 2159 1767 prepter
2188 1695 2299 1763 pri-
2404 1690 2541 1758 Quod
2573 1697 2646 1741 est
2678 1687 2828 1740 Jesus
2861 1685 3114 1740 Christus.
3171 1685 3326 1739 Petro
3355 1694 3530 1739 autem
3557 1685 3754 1738 veritas
3781 1686 3851 1737 ita
3883 1686 3991 1751 pri-

715 1816 806 1856 sca
833 1800 1069 1870 priorum
1097 1806 1288 1851 statuta
1334 1803 1630 1847 vestrorum
1659 1803 1992 1859 nequaquam
2024 1786 2298 1857 tyrannica

2405 1780 2654 1849 vilegium
2677 1779 2853 1832 sanxit
2882 1777 3134 1832 Ecclesia:
3165 1775 3379 1848 (Matth.
3404 1776 3512 1846 xvr)
3545 1793 3556 1827 :
3600 1773 3680 1828 Tu
3702 1791 3753 1827 es
3782 1773 3988 1838 Petra“,

716 1850 806 1856 ___
1131 1850 1138 1851 κ
1747 1850 1758 1858 .
1850 1850 1865 1859 .
2046 1850 2063 1857 -

716 1894 836 1946 [reti
858 1889 1172 1958 pertinacia,
1201 1893 1513 1951 arroganter
1535 1880 1918 1950 aspernemini.
1945 1879 2133 1931 Petrus
2155 1891 2300 1929 nam-
2331 1850 2382 1911 Β
2406 1879 2454 1922 et
2482 1884 2630 1936 super
2661 1869 2793 1919 hanc
2820 1876 3018 1936 petram
3044 1865 3314 1932 azdi/icabo
3345 1864 3629 1919 Ecclesium
3654 1880 3842 1917 meam.

718 1998 822 2052 que
849 1981 940 2035 Dei
974 1979 1162 2033 Filium
1215 1976 1368 2030 beata
1404 1989 1532 2027 \‘oce
1570 1971 1848 2025 confessus
1894 1967 2078 2021 audire
2108 1967 2303 2019 meruit

717 2073 936 2144 (Matth.
961 2074 1072 2138 XVI)
1095 2087 1107 2121 :
1138 2068 1218 2121 Tu
1239 2085 1289 2121 es
1319 2065 1525 2126 Petrus,
1550 2073 1597 2116 et
1618 2078 1768 2128 super
1791 2060 1922 2112 hanc
1950 2068 2148 2126 petram
2174 2057 2304 2110 tedi-

726 2164 889 2231 [iraba
922 2160 1198 2214 Ecclesium
1241 2171 1426 2219 meam,
1475 2162 1521 2205 et
1543 2162 1706 2218 parta
1736 2150 1891 2218 inferi
1923 2165 2023 2200 non
2054 2147 2300 2214 pra’vale-

726 2258 848 2308 bunt
876 2254 1115 2306 adversus
1145 2263 1278 2312 eum,
1300 2255 1347 2299 et
1374 2244 1462 2297 tibi
1493 2242 1623 2294 dabo
1653 2242 1818 2294 claves
1848 2237 1990 2308 regni
2020 2237 2303 2297 certorum;

719 2359 765 2402 et
796 2347 1129 2415 quodcunque
1177 2338 1410 2410 ligaveris
1437 2339 1590 2403 super
1621 2343 1840 2392 terram,
1895 2330 1987 2382 erit
2015 2329 2229 2398 ligatunt
2259 2333 2306 2378 et

717 2439 769 2492 in
801 2436 957 2500 atriis,
992 2443 1036 2488 et
1067 2431 1400 2498 quodcunque
1428 2424 1636 2480 solveris
1657 2439 1811 2489 super
1842 2431 2053 2484 terram,
2103 2419 2197 2472 erit
2227 2433 2310 2470 so-

718 2530 885 2582 tutum
913 2535 960 2578 et
988 2527 1040 2578 in
1069 2522 1213 2576 creto.
1244 2521 1299 2575 Si
1327 2532 1453 2587 ergo
1484 2515 1646 2568 Petro
1675 2515 1854 2566 claves
1883 2511 2126 2565 caelestis
2157 2507 2307 2577 regni

722 2635 751 2672 a
778 2617 989 2670 Christo
1015 2614 1224 2668 collata:
1257 2619 1398 2673 sunt,
1433 2607 1501 2661 de
1529 2619 1634 2676 quo
1665 2613 1822 2673 poeta
1852 2603 1924 2656 ait
1954 2619 1966 2654 :

879 2728 1098 2788 Claviger
1119 2723 1385 2783 aethereos,
1411 2726 1599 2782 portam
1625 2717 1708 2779 qui
1736 2715 1901 2778 pandit
1925 2714 1973 2762 in
1996 2711 2173 2772 tethra;

728 2813 850 2880 quis
881 2809 1134 2864 Eccle~ite
1161 2805 1281 2875 ejus
1309 2810 1510 2856 statuta
1563 2798 1876 2867 principalia
1919 2807 2205 2864 spernens,
2257 2800 2312 2845 et

727 2903 988 2956 doctrina:
1009 2896 1259 2953 mandata
1284 2905 1657 2955 contemnens,
1686 2904 1779 2958 per
1808 2883 2047 2941 cmlestis
2077 2881 2310 2950 paradisi

731 3004 938 3064 portam
970 2987 1390 3062 gratulabundus
1420 2982 1716 3051 ingreditur
1741 2980 1763 3033 ?
1791 2989 1844 3033 et
1864 2979 1910 3032 si
1941 2977 2057 3044 ipse
2087 2982 2317 3043 potestas

739 3101 844 3141 teni
891 3083 1090 3153 ligandi
1118 3091 1278 3151 atque
1308 3076 1672 3133 monarcliiam
1701 3071 1944 3128 solvendi
1979 3070 2029 3123 in
2070 3067 2210 3122 crelo
2258 3074 2314 3120 et

732 3182 787 3233 in
821 3188 960 3232 terra
995 3173 1132 3229 felici
1159 3181 1304 3226 sorte
1335 3178 1388 3222 et
1435 3165 1686 3236 peculiari
1739 3161 2018 3232 privilegio
2067 3157 2313 3224 accipere

732 3267 1048 3338 promeruit,
1098 3264 1218 3333 quis
1247 3258 1510 3331 paschalis
1559 3255 1683 3310 festi
1711 3255 1945 3321 regulam
1991 3260 2046 3303 et
2073 3259 2306 3302 tonsuras

734 3337 987 3414 Romanae
1011 3357 1169 3409 ritum
1206 3351 1470 3414 refutans,
1504 3363 1610 3402 non
1642 3344 1816 3414 potius
1846 3357 1904 3396 se
1935 3340 2133 3395 strictis
2157 3337 2308 3392 nexi-

732 3456 831 3506 bus
859 3447 1300 3506 inextricabiliter
1346 3439 1689 3510 obligandum
1733 3449 1890 3502 quam
1921 3429 2307 3486 absolvendum

729 3544 1024 3598 clementer
1054 3537 1316 3592 ullatenus
1345 3528 1669 3586 arbitretur?
1699 3525 1806 3580 Sed
1830 3523 2058 3578 fortasse
2083 3520 2314 3589 quilibet

728 3637 1048 3704 stroptiosus
1079 3631 1336 3684 librorum
1380 3625 1567 3685 lector,
1617 3636 1681 3674 ac
1713 3633 1872 3686 sagax
1923 3615 2311 3681 scripturarum

730 3728 1055 3792 disceptatur
1078 3721 1167 3774 tali
1196 3733 1254 3773 se
1275 3713 1632 3770 excusationis
1651 3710 1838 3779 clypeo
1859 3705 2132 3771 defendat,
2157 3713 2213 3758 et
2235 3712 2314 3756 ta-

736 3823 800 3873 lis
830 3817 1090 3888 apologia:
1121 3825 1304 3880 parma
1336 3813 1612 3875 pretcgat:
1649 3801 1780 3868 Ego,
1814 3796 2079 3867 inquiens,
2118 3795 2318 3848 utrius-

732 3922 838 3978 que
883 3899 1221 3960 instrumenti
1270 3903 1537 3965 prazccpta
1580 3893 1787 3946 sincera
1825 3889 1926 3942 lide
1956 3899 2211 3951 veneror,
2251 3897 2314 3938 ac

734 3975 936 4052 sanctae
957 3990 1235 4048 Trinitatis
1257 4003 1414 4041 unam
1437 3983 1749 4046 essentiam,
1774 3992 2046 4048 unamque
2067 3975 2316 4029 substan-

743 4092 892 4152 tiam,
942 4092 995 4138 et
1023 4082 1210 4136 trinam
1239 4092 1591 4149 personarum
1619 4073 1971 4129 substantiam
2005 4070 2164 4125 corde
2189 4083 2308 4124 cre«

732 4177 859 4233 dulo
879 4173 1158 4238 confiteor,
1178 4168 1466 4223 Dominica:
1481 4163 1871 4219 lucaruatiouis
1894 4167 2314 4225 sacramentum,

732 4281 788 4326 et
818 4266 1081 4339 passionis
1127 4262 1444 4333 patibulum,
1493 4273 1556 4313 ac
1598 4254 2012 4314 resurrectionis
2055 4262 2312 4321 tropaeum

738 4376 867 4416 voce
893 4358 1058 4414 libera
1092 4370 1187 4425 per
1239 4353 1489 4423 populum
1520 4349 1843 4418 prmdicabo.
1873 4346 2195 4415 Supremum
2232 4342 2315 4394 vi-

736 4468 924 4506 vorum
951 4461 1006 4505 et
1033 4457 1364 4502 mortuorum
1393 4457 1638 4506 examen,
1692 4437 1906 4509 quando
1936 4435 2163 4505 singulis
2194 4432 2316 4502 qui-

740 4544 946 4611 busque
976 4551 1073 4607 pro
1119 4536 1426 4589 meritorum
1478 4530 1792 4587 diversitate
1820 4528 1999 4596 dispar
2031 4523 2314 4580 retributio

738 4623 1267 4701 aquissimisjudicii
1321 4620 1562 4675 lancibus
1617 4617 1984 4679 lt‘tttinabilut‘,
2030 4613 2318 4681 diligenter

738 4719 1080 4784 denuntiabn,
1115 4727 1172 4773 et
1201 4715 1358 4782 hujus
1382 4713 1505 4768 tidci
1535 4711 1816 4780 privilegio
1842 4711 1894 4763 in
1915 4705 2313 4762 Catholicorum

741 4822 885 4868 (:qu
911 4810 1235 4881 glomeratus
1277 4807 1394 4860 sine
1432 4803 1614 4871 al.quo
1658 4799 1987 4856 infelicitatis
2039 4798 2322 4854 obstaculo

739 4901 1190 4958 connumerabor.
1237 4899 1340 4954 Sed
1374 4897 1530 4967 hujus
1567 4895 1926 4951 excusationis
1949 4907 2322 4963 prepugnacn-

741 4999 878 5062 tum,
927 4995 1026 5048 sub
1055 5006 1162 5063 quo
1190 5006 1249 5046 se
1292 4991 1619 5044 delitescere
1666 4987 1962 5051 confidunt,
2014 4985 2322 5054 apostolicae

746 5087 1108 5157 castigatimiis
1135 5085 1323 5139 balista
1351 5084 1469 5138 solo
1502 5091 1659 5138 tenus
1685 5081 1917 5136 dirutum
1965 5093 2325 5149 conquassare

745 5194 798 5237 ct
819 5179 1156 5248 confringere
1179 5179 1335 5231 nitar.
1367 5175 1453 5230 Ait
1483 5189 1712 5243 namque
1735 5173 1988 5239 Iacobus,
2021 5181 2325 5228 matertera:

743 5261 954 5325 Domini
989 5270 1127 5322 filius
1152 5285 1162 5320 :
1214 5267 1292 5320 Tu
1321 5267 1487 5319 credis
1523 5268 1642 5334 quia
1671 5282 1801 5319 unus
1827 5276 1899 5320 est
1931 5263 2089 5329 Deus,
2117 5275 2171 5318 et
2200 5263 2325 5333 quia

743 5379 838 5430 per
860 5360 1089 5416 ironiam
1120 5359 1402 5413 duodecim
1445 5358 1688 5412 tribubus
1721 5359 1774 5411 in
1824 5355 2161 5424 dispersione
2189 5370 2324 5424 gen-

746 5455 876 5508 tium
909 5452 1217 5508 constitutis
1247 5450 1585 5520 loquebatur,
1620 5449 1799 5504 statim
1825 5449 2098 5517 subiunxit
2125 5468 2137 5502 ;
2193 5448 2329 5502 Bene

748 5546 871 5610 facis
901 5561 919 5610 ;
947 5553 992 5596 et
1023 5543 1277 5597 dtemonrs
1303 5542 1513 5595 credunt
1538 5549 1587 5594 et
1615 5541 2023 5605 contremiscunt,
2055 5541 2172 5607 quia
2201 5540 2330 5607 ﬁdes

747 5640 853 5690 sine
877 5637 1114 5703 operibus
1131 5643 1330 5687 mortua
1354 5643 1446 5687 est.
1480 5633 1634 5689 Fides
1650 5647 1844 5702 nempe
1867 5633 2128 5687 catholica
2148 5643 2201 5687 ct
2224 5633 2258 5686 fi
2274 5649 2330 5684 a-

752 5739 919 5781 ternae
952 5725 1228 5780 charitatis
1277 5725 1561 5779 concordia
1611 5723 2043 5794 inseparabiliter
2074 5726 2184 5794 pari
2215 5734 2326 5778 tru-

753 5829 876 5872 uute
910 5816 1158 5880 tendunt,
1213 5818 1340 5870 sicut
1375 5817 1696 5888 praedicator
1724 5817 1966 5886 egregius
1999 5829 2048 5872 ct
2083 5817 2184 5874 Vas
2212 5819 2324 5873 cle-

2978 1971 3310 2027 EPISTOLA
3356 1973 3418 2025 Il.

2717 2081 2985 2122 Αιιιιιειιιι
3016 2082 3081 2119 ΛΟ
3111 2080 3372 2120 οεδιτιιιυι
3402 2079 3664 2120 εοιιοιιειι.

2471 2159 2617 2218 [Hmc
2641 2157 2845 2218 epistola
2880 2157 3008 2205 sicut
3033 2161 3084 2204 et
3109 2157 3392 2218 praecedens
3424 2159 3666 2218 reperitur
3692 2159 3817 2205 inter
3846 2155 3995 2206 Boni-

2408 2220 2517 2269 facii
2543 2217 2685 2268 Mart.
2710 2218 2902 2280 Epistt.;
2931 2218 3044 2268 inde
3068 2217 3162 2266 huc
3180 2218 3426 2270 translata.
3450 2217 3628 2280 Cass]

2483 2324 2857 2381 Dilectissima:
2886 2333 3045 2392 atque
3091 2322 3476 2378 amantissimas
3521 2324 3715 2384 sorori,
3763 2331 3822 2376 et
3859 2323 3994 2376 mihi

2411 2417 2626 2474 sincero
2647 2415 2924 2470 cltaritatis
2955 2412 3146 2468 affectu
3179 2411 3517 2478 veneraudze,
3544 2410 3858 2466 Aldhelmus
3875 2427 4004 2478 sup-

2413 2511 2559 2578 plex,
2608 2506 2830 2575 indigno
2857 2505 3068 2559 abbatis
3099 2503 3356 2558 vocabulo
3384 2503 3618 2569 functus,
3666 2503 3717 2557 in
3769 2503 4000 2558 Domino

2414 2601 2664 2653 salutem.
3709 2665 3714 2668 h

2485 2689 2788 2758 Coguoscat
2823 2693 3004 2740 vestra
3030 2683 3240 2741 almitas
3268 2683 3336 2739 de
3367 2683 3630 2754 baptismo
3669 2686 3873 2740 sereris
3909 2700 4000 2742 me

2419 2779 2778 2846 interrogasse
2811 2776 3143 2847 pontificem,
3166 2775 3256 2845 qui
3283 2773 3550 2830 licentiam
3575 2773 3722 2829 dedit
3740 2775 4004 2844 baptizari

2419 2872 2563 2926 illam
2588 2869 3078 2933 sanctimonialem,
3136 2867 3232 2922 sed
3263 2875 3468 2921 tantum
3499 2867 3635 2922 clam
3663 2876 3716 2922 et
3741 2870 4001 2921 latenter.

2421 2963 2608 3020 Saluto
2642 2972 2694 3019 te
2723 2963 3030 3031 diligenter,
3060 2958 3304 3030 Osgitlia,
3335 2974 3401 3015 ex
3434 2959 3619 3013 intimo
3641 2957 3816 3012 cordis
3844 2960 4006 3012 cubi-

2421 3056 2563 3119 culo,
2595 3053 2838 3109 subnixis
2862 3052 3110 3121 precibus
3137 3053 3428 3105 obsecrans
3453 3090 3466 3113 ,
3499 3057 3554 3104 ut
3594 3048 3803 3102 assidua
3853 3048 4010 3103 Scri-

2423 3155 2700 3214 pturarum
2733 3142 3081 3198 meditatione
3127 3151 3363 3195 mentem
3392 3148 3533 3193 tuam
3573 3151 3839 3206 occupare
3894 3154 4004 3191 non

2343 3208 2392 3276 α
2424 3240 2679 3304 desistas,
2729 3247 2992 3308 quatenus
3039 3236 3441 3307 Psalmograplii
3486 3233 3803 3289 sententiam
3851 3248 4011 3288 com.

2425 3333 2572 3401 pleas
2599 3331 2824 3387 dicentis
2851 3335 2913 3399 (ι,
2944 3331 3003 3400 2)
3039 3349 3053 3384 :
3082 3328 3150 3384 Ιιι
3181 3331 3290 3401 lege
3314 3333 3426 3401 ejus
3465 3328 3784 3383 meditabitur
3824 3329 3915 3380 die
3946 3347 4010 3382 ac

2421 3433 2590 3478 nocte.
2643 3423 2709 3477 Et
2738 3423 2878 3478 idem
2916 3421 3196 3478 Psalmista
3245 3422 3348 3477 hoc
3392 3423 3516 3476 item
3549 3429 3766 3476 ιε-ιςιιιιτ
3809 3423 4004 3475 dicens

2426 3518 2593 3583 (εχει,
2625 3514 2754 3584 105)
2787 3533 2799 3568 :
2831 3515 3004 3580 Quam
3028 3514 3202 3568 dulcia
3232 3513 3459 3582 faucibus
3489 3512 3607 3566 meis
3632 3511 3838 3580 eloquia
3865 3521 3960 3564 tua
3987 3513 4007 3562 .'

2422 3615 2477 3661 et
2504 3606 2732 3674 reliqua.
2761 3605 3074 3660 Orationum
3109 3620 3234 3659 vero
3256 3619 3494 3659 mearum
3526 3611 3582 3656 ut
3603 3616 3867 3656 memores
3893 3607 4007 3658 sint

2422 3713 2610 3754 omnes
2651 3712 2889 3762 sorores,
2948 3713 3042 3766 per
3087 3696 3354 3753 Christum
3405 3693 3712 3765 suppliciter
3751 3695 4008 3758 obsecra,

2423 3790 2510 3859 qui
2539 3789 2668 3843 dicit
2695 3789 2938 3857 apostolo
2972 3786 3110 3860 (Jac.
3141 3804 3196 3854 γ,
3226 3787 3316 3857 lli)
3342 3805 3354 3840 :
3411 3787 3630 3843 Multum
3657 3789 3787 3842 ualet
3817 3788 4011 3856 depre-

2423 3883 2558 3934 catio
2599 3882 2724 3948 iusti
2773 3881 3006 3934 assidua.
3057 3879 3222 3935 Vale!
3270 3878 3448 3933 decies
3477 3878 3842 3942 dilectissimo,
3905 3879 4015 3934 imo

2423 3973 2625 4027 centies
2653 3980 2708 4026 et
2731 3971 2949 4025 millies.
2981 3969 3057 4024 Te
3088 3969 3225 4024 Deus
3255 3968 3437 4021 valere
3468 3967 3638 4021 faciat.

2988 4077 3316 4133 EPISTULA
3359 4076 3445 4129 Ill.

2511 4189 2776 4229 λιοηειιιι
2805 4189 2870 4227 Δί)
2902 4187 3202 4226 ελιιῖιιιυυιι
3233 4187 3297 4225 Εἰ
3329 4182 3573 4224 ΙΙΙΒΕΠΝΙᾹ
3604 4184 3649 4223 ιζ(
3677 4181 3914 4222 ιιριτκιιηι

3068 4256 3379 4295 Βενειιευιι.·

2489 4338 2687 4398 [Exstat
2709 4339 2755 4385 in
2783 4334 2968 4385 Usserii
2990 4334 3306 4398 Epistolarum
3331 4333 3695 4398 Hibernicarum
3717 4328 3943 4398 Sylloge.
3962 4339 4015 4398 _et

2423 4393 2760 4449 in'Wliartoni
2803 4393 3042 4445 Auctario’
3069 4398 3126 4443 ad
3173 4395 3358 4445 Usser'd
3394 4395 3514 4442 Hist.
3538 4393 3697 4453 dogm.
3725 4405 3774 4448 p.
3799 4393 3922 4450 δίο,
3952 4393 4004 4439 4·

2423 4462 2574 4511 Lond.
2607 4460 2743 4510 1690.
2770 4458 2897 4508 Nihil
2928 4461 2974 4507 in
3003 4457 3179 4508 Codice
3199 4471 3286 4504 ms.
3315 4455 3466 4504 Lond.
3492 4455 3652 4504 iuveni
3674 4455 3804 4514 quot
3831 4453 3919 4502 lite
3939 4466 4023 4499 re-

2427 4525 2560 4574 ferre
2583 4535 2749 4585 Opera
2775 4522 2988 4584 pretium
3011 4525 3164 4569 esset.
3189 4518 3369 4580 611.33.]

2501 4626 2725 4682 Domino
2764 4623 3059 4680 venerabili
3089 4622 3358 4692 praeconio
3403 4619 3668 4676 efferendo
3704 4629 3758 4673 et
3789 4630 4021 4673 saneto-

2427 4733 2543 4774 rum
2571 4717 2776 4772 meritis
2803 4729 3125 4785 magnopere
3152 4712 3463 4769 honorando
3490 4710 3760 4776 Eahl‘rido,
3791 4712 4012 4766 Aldttet.

2429 4825 2547 4866 mus
2571 4810 2794 4878 exiguus
2823 4809 2874 4862 in
2906 4806 3129 4861 Domino
3166 4814 3416 4860 aeternam
3456 4803 3694 4858 salutem.

2501 4898 2753 4955 Primitus
2770 4898 3076 4968 (pantorum
3099 4908 3376 4964 procerum
3402 4900 3790 4962 praetorumque
3813 4890 3907 4956 pio
3927 4906 4025 4959 po-

2433 4994 2726 5061 tissimum,
2765 4999 3098 5062 paterneque
3127 4988 3422 5058 praisettim
3453 4983 3750 5054 privilegio)
3781 4997 4025 5055 panegy-

2430 5083 2596 5138 ricum
2640 5089 2989 5152 poetuataque
3043 5078 3240 5148 passim
3289 5073 3545 5146 prosatori
3587 5072 3684 5127 sub
3722 5071 3849 5141 polo
3895 5089 4028 5142 pro-

2430 5175 2750 5242 mulgantes,
2781 5170 3000 5226 stridula
3033 5181 3222 5222 vocum
3271 5163 3610 5235 symphonia,
3650 5175 3710 5214 ac
3760 5160 4022 5218 melodis:

2429 5265 2816 5334 cantilenzeque
2838 5261 3075 5316 carmine
3096 5255 3435 5320 modulaturi,
3458 5253 3843 5324 itynmizemus,
3881 5268 4025 5320 prmo

2430 5358 2584 5427 cipue
2616 5356 2739 5426 quia
2773 5355 2983 5409 tandem
3023 5353 3180 5406 almae
3221 5349 3419 5405 editum
3456 5358 3726 5415 puerperae
3769 5346 4022 5400 sobolem

2439 5451 2529 5520 (ob
2558 5447 2928 5504 inextricabile
2949 5459 3077 5500 sons
3101 5439 3574 5513 protoplastorum)
3605 5438 3871 5506 piaculum
3907 5439 4025 5507 pri-

2435 5559 2645 5599 scorum
2696 5538 3108 5610 chirographum
3154 5535 3516 5606 peccaminum
3548 5534 4027 5594 oblitteratus-um,

2438 5635 2592 5690 terris
2639 5632 2967 5687 tantumdem
3017 5629 3284 5686 destinare
3331 5626 3579 5697 dignatus
3618 5633 3730 5690 est,
3786 5623 4026 5678 luridum

2435 5728 2522 5800 qui
2562 5725 2754 5796 linguis
2787 5722 3098 5794 cltelydrum
3134 5719 3366 5775 trisulcis
3399 5715 3613 5772 rancida
3653 5715 4031 5781 virulentaque

2439 5831 2738 5875 \‘Ulm'nlClll
2787 5832 2877 5885 per
2909 5830 3076 5869 rerum
3111 5826 3310 5867 venena
3355 5810 3602 5864 torrenda
3649 5816 3796 5861 tetra:
3837 5807 4029 5860 tertio,»-
