4214 6560
197 415 262 472 93
1576 404 1905 459 El’lSTOLA
1950 405 2032 459 ιιι.
3398 411 3462 465 at

198 521 274 575 uis
301 520 350 573 iu
373 526 567 573 tartara
597 517 769 571 trusit.
811 516 873 569 Et
906 515 992 570 ubi
1025 514 1225 583 pridem
1252 512 1489 581 ejusdem
1523 499 1768 568 nefandae
1806 518 1851 573 Α
1882 528 1957 566 rta
1985 516 2227 580 excedat,
2260 514 2397 580 quod
2432 513 2690 569 pii-CiiiL‘llS
2720 518 2931 570 emlesti
2974 518 3237 571 ambrosra
3269 522 3459 586 pra-di.

194 611 405 665 nattieis
454 609 642 663 ermuli
686 607 999 676 cervulique
1051 606 1213 659 cruda
1267 605 1402 658 fanis
1450 603 1768 659 colebantur

194 700 478 755 stoliditate
508 700 558 751 in
591 698 854 766 profanis,
888 712 1037 751 versa
1071 696 1184 750 vice
1225 696 1604 762 discipulorum
1633 711 1767 764 gur-

193 790 360 855 gustia
386 788 516 854 (imo
546 786 701 839 alma:
732 786 1029 839 orantiuum
1060 784 1225 854 mdes)
1253 784 1529 838 architecti
1561 785 1772 855 ingenio

193 878 338 932 fabre
371 875 700 931 conduntur.

258 967 470 1031 Fateor,
498 967 798 1021 sodalitatis
829 965 1076 1019 fraterna!
1102 968 1290 1031 cliens,
1324 965 1519 1036 altique
1550 966 1772 1022 munici-

191 1066 340 1126 patus
362 1058 656 1125 municeps,
683 1066 959 1125 postquam
978 1068 1207 1110 vestram
1230 1057 1568 1123 repedantem
1596 1057 1771 1111 istltuc

189 1150 505 1203 ambrosiam
533 1165 595 1203 ex
629 1148 896 1203 lliberni:e
942 1148 1208 1203 brumosis
1252 1151 1549 1204 cireionum
1587 1151 1771 1204 inSulze

187 1244 487 1297 climatibus
544 1240 657 1313 (ubi
711 1250 793 1296 ter
846 1240 971 1295 bino
1006 1241 1219 1295 circiter
1272 1256 1530 1295 annorum
1573 1241 1772 1295 circulo

190 1334 318 1387 uber
344 1333 550 1401 sophiae
580 1347 776 1402 sngeus
807 1331 1139 1401 metabatur)
1174 1331 1425 1385 territorii
1476 1331 1768 1397 marginem

189 1425 474 1478 llritannici
504 1426 755 1492 sospitem
792 1423 1133 1491 applicuisse,
1160 1423 1492 1489 rumigerulis
1528 1422 1769 1477 referen-

186 1520 347 1580 tibus,
373 1517 754 1583 cotnperimus,
790 1514 931 1569 illico
981 1514 1063 1585 (ut
1112 1514 1407 1584 flammiger
1435 1515 1773 1583 flagransque

184 1606 453 1678 flagitabat
500 1608 670 1675 amor)
717 1606 1012 1661 iuell'abiles
1038 1606 1324 1660 altithrono
1354 1617 1553 1674 grates,
1596 1606 1772 1675 pansis

183 1701 234 1755 in
265 1699 412 1754 edito
446 1683 695 1767 utrinque
749 1698 905 1761 velis,
940 1698 1291 1765 tripudiantes
1329 1699 1644 1763 obtulimus;
1680 1714 1769 1767 po-

184 1792 477 1855 tissitnum,
518 1790 659 1860 quod
710 1802 760 1845 te
801 1790 1040 1844 exsulem
1080 1790 1252 1843 almus
1302 1788 1501 1843 arbiter
1542 1790 1768 1856 priscam

1874 613 1956 658 lus
1980 606 2317 673 (subrogatus
2342 608 2580 675 genitore
2606 607 2724 674 jne
2749 609 3108 671 ltatreditario,
3146 611 3221 661 bis
3248 621 3461 678 quater-

1872 700 1955 751 nis
2005 707 2302 763 temporum
2376 699 2559 753 lustris
2631 697 2934 755 Israeliticae
3012 701 3181 769 plebis
3252 701 3460 771 imperii

1872 799 2083 855 sceptro
2142 788 2411 858 fungens),
2446 793 2586 844 almo
2630 800 2817 844 auctus
2855 794 3145 859 spiramine
3176 797 3459 862 prompsit,

1871 882 2051 935 dicens
2085 896 2099 933 :
2132 876 2258 933 Bibe
2279 896 2468 947 aquom
2502 883 2566 935 de
2606 884 2828 937 cisterna
2859 894 2967 945 (tm,
2998 895 3042 937 et
3092 888 3289 955 ﬂuenta
3326 890 3464 956 putei

1873 973 1977 1034 tui;
2015 974 2305 1026 deriventur
2334 972 2497 1042 fontes
2530 975 2600 1026 tui
2635 979 2793 1042 foras,
2824 986 2870 1029 et
2918 976 2969 1028 in
2998 976 3177 1043 plateis
3206 995 3361 1047 aquas
3383 978 3463 1030 di-

1871 1066 2014 1128 vide;
2044 1064 2179 1117 solus
2219 1067 2399 1118 habeto
2443 1076 2551 1129 eos,
2586 1080 2676 1116 nec
2705 1066 2804 1117 sint
2853 1067 3010 1120 alieni
3043 1069 3316 1135 participes
3360 1071 3459 1121 tui.

1870 1158 2203 1225 Quapropter
2232 1158 2316 1210 his
2345 1158 2518 1212 sacris
2565 1158 2800 1212 iutbutus
2850 1159 3197 1226 sagminibus,
3225 1159 3338 1229 jogi
3370 1176 3458 1215 co-

1873 1247 2088 1303 namine
2119 1247 2516 1316 orthographia:
2544 1250 2750 1315 aperite
2798 1249 3086 1317 gurgitem,
3120 1259 3173 1302 et
3221 1250 3454 1303 sitientia

1874 1341 2041 1407 rigato
2069 1353 2193 1392 arva
2228 1338 2509 1403 mentium,
2544 1351 2807 1406 quatenus
2856 1356 3075 1406 germen
3106 1341 3339 1394 atthralis
3364 1356 3461 1394 ex-

1872 1442 2075 1483 staseos
2106 1430 2264 1498 (vivis
2319 1430 2663 1497 fecundisque
2691 1430 2744 1484 in
2797 1432 3240 1493 orthodoxornm,
3269 1432 3464 1484 satoris

1873 1520 2088 1581 sudore,
2144 1519 2306 1571 sulcis
2348 1522 2546 1586 salum)
2582 1520 2730 1574 nullo
2780 1523 2993 1575 torride
3042 1521 3318 1575 obstaculo
3363 1521 3464 1574 sies

1874 1610 2050 1664 citatis
2080 1610 2382 1676 obtinente,
2410 1613 2674 1678 putlulans
2702 1614 2979 1681 gliscat,et
3010 1612 3235 1666 ubertim
3265 1613 3459 1680 spissa,

1874 1699 1967 1755 Dei
1993 1700 2269 1772 suffragio,
2299 1716 2454 1771 seges
2481 1700 2695 1755 demum
2728 1712 3072 1759 maturescat.
3104 1703 3235 1759 Nam
3263 1703 3464 1759 idcirco

1873 1796 2089 1863 supplex
2122 1806 2227 1849 tam
2275 1795 2481 1849 obnixe
2530 1796 2644 1849 haec
2695 1797 2935 1851 cernitur
2989 1812 3205 1851 oramen
3238 1812 3461 1867 sugges-

181 1882 392 1946 pateroi
444 1881 748 1934 visitantem
812 1880 1111 1935 clientelam
1172 1884 1310 1933 ruris
1359 1882 1576 1948 (cmruta
1628 1884 1768 1948 ponti
1803 1856 1846 1915 Β
1878 1887 2033 1947 sisse,
2066 1888 2210 1954 quod
2244 1888 2484 1941 nonnulli
2529 1904 2755 1957 superna
2789 1900 3081 1945 noscuntur
3112 1891 3298 1957 sophia
3333 1907 3465 1958 pra:-

181 1982 330 2023 traus
359 1971 551 2037 glauci,
599 1985 956 2037 enormesque
1008 1970 1347 2023 dodrantimn
1375 1972 1584 2040 glareas
1612 1982 1773 2043 atque

176 2062 501 2128 spumiferas
552 2061 786 2130 lympha:
835 2059 1081 2129 nemphte
1128 2062 1560 2131 obstirpationes,
1610 2064 1771 2116 circili

174 2154 359 2207 carina
384 2152 747 2222 procellosum
770 2154 1015 2207 sulcante
1044 2152 1239 2222 salum)
1267 2153 1547 2221 reducere,
1581 2165 1772 2208 ovante

175 2244 471 2307 navarcho,
523 2244 776 2311 dignatus
823 2251 941 2307 est;
978 2250 1036 2297 ut
1083 2244 1169 2299 ubi
1199 2244 1397 2299 dudum
1452 2246 1773 2301 incunahilis

178 2330 410 2390 tirocinii
461 2334 636 2388 editus
678 2334 897 2390 rudibus
926 2335 1110 2389 adulto
1141 2344 1293 2390 tenus
1334 2338 1626 2405 pubertatis
1656 2354 1773 2394 aevo

172 2425 512 2492 adoleveras,
547 2440 687 2478 nunc
717 2441 866 2481 versa
895 2425 1011 2481 vice
1042 2427 1299 2495 (superna
1323 2428 1603 2495 opitulanti
1630 2445 1771 2496 pra:-

171 2518 416 2586 rogariva
472 2515 668 2571 affatim
699 2518 878 2585 fultus)
906 2519 973 2571 ab
1016 2517 1248 2572 incolatu
1281 2520 1489 2574 externi
1521 2523 1661 2573 ruris
1687 2536 1774 2574 re-

171 2610 448 2675 patriaos,
482 2607 825 2676 praeceptoris
866 2609 1148 2662 voeamine
1198 2610 1421 2677 indepto
1477 2612 1772 2681 sortitaque

175 2695 355 2752 fretus
383 2698 639 2765 fuugeris.

262 2788 395 2843 lllud
426 2805 577 2858 teque
604 2789 826 2842 almitati
850 2789 1191 2845 beatitudinis
1217 2801 1408 2846 vestra:
1436 2807 1497 2847 ex
1527 2802 1772 2860 penetra—

175 2878 384 2933 bilibus
449 2879 727 2946 pratcordii
784 2896 1114 2950 nequaquam
1178 2898 1433 2949 promens
1487 2883 1770 2937 diSsituulo

171 2970 466 3039 propalare
495 2970 585 3040 (ad
613 2982 953 3039 augmentum
973 3013 988 3038 ,
1022 2974 1315 3042 mystisque
1364 2983 1419 3026 ut
1448 2988 1572 3028 reor
1600 2975 1770 3042 tripu-

167 3061 352 3127 dium,
384 3061 491 3115 imo
517 3061 582 3115 ad
613 3062 803 3115 doxant
844 3064 1106 3117 onoutatis
1137 3063 1305 3132 Kyrii)
1339 3080 1658 3132 magnopere
1692 3066 1772 3117 io-

165 3154 411 3207 olevisse
437 3172 451 3209 :
481 3153 619 3219 quod
651 3152 919 3221 prmcoztio
963 3153 1091 3208 citra
1124 3156 1337 3207 modum
1376 3156 1603 3209 rumoris
1635 3159 1767 3210 Sco-

166 3244 279 3298 lico
309 3246 365 3298 in
386 3244 498 3298 solo
514 3245 819 3314 degemium
839 3248 1087 3315 (quorum
1114 3248 1463 3302 contubernio
1484 3263 1769 3317 parumper

164 3336 351 3390 fretus
390 3337 472 3404 es)
501 3352 595 3390 ceu
640 3337 906 3391 tonitruali
938 3338 1164 3407 quodam
1206 3339 1361 3393 hoatu
1398 3338 1606 3408 fragore
1637 3341 1774 3393 nitn-

165 3427 311 3480 boso
341 3438 654 3494 emergeutt,
685 3425 898 3480 auditus
925 3428 1089 3481 nostri
1124 3429 1452 3495 quatiuntur,
1483 3438 1537 3483 et
1561 3445 1653 3492 per
1688 3440 1768 3484 tot

163 3528 441 3587 tantaque
482 3517 684 3572 telluris
722 3517 893 3571 stadia
943 3518 1186 3573 lectionis
1236 3519 1435 3587 opinio,
1469 3520 1616 3589 pagis
1649 3534 1771 3588 pro-

166 3611 484 3676 viuciisquc
511 3608 800 3677 divulgata,
824 3608 1134 3664 crebrescit.
1158 3610 1432 3678 Siquidem
1456 3620 1562 3665 tam
1580 3614 1773 3667 creber

169 3715 398 3757 meatus
450 3713 530 3757 est
580 3702 797 3771 (isthine
833 3703 1104 3774 illincque,
1137 3704 1308 3758 isthnc
1341 3705 1595 3775 illucque)
1626 3707 1776 3759 navi-

159 3810 302 3865 gero
336 3808 617 3861 mquoreas
647 3795 947 3849 fretantinm
984 3796 1119 3851 calle
1145 3797 1403 3865 gurgites,
1457 3797 1599 3852 velut
1628 3797 1774 3866 quaa-

155 3888 291 3941 dam
325 3886 629 3941 contribula
660 3887 836 3953 apium
877 3886 1200 3956 germanitas
1237 3896 1422 3941 nectar
1459 3886 1609 3943 fabre
1640 3903 1773 3942 cou-

157 3974 476 4030 tia-ientium
524 3975 653 4028 Nam
672 3976 1118 4045 quemadmodum
1142 3977 1470 4035 alternatim.
1502 3977 1774 4045 reciproca

151 4060 482 4124 facessente
510 4069 683 4122 noctis
714 4068 929 4133 nebula,
962 4068 1275 4123 mellillunm
1320 4085 1549 4125 examen
1577 4072 1776 4138 (emer-

152 4170 336 4229 gente
360 4174 464 4214 axe
493 4169 645 4214 lenus
673 4160 874 4214 mtltere
901 4159 1129 4229 Titanze)
1162 4161 1501 4225 gliscentium
1541 4163 1770 4214 culmina

152 4251 415 4307 tiliarum
441 4266 533 4320 per
554 4250 934 4312 ﬂorulenta,ad
955 4260 1135 4320 crates
1152 4250 1399 4318 graciles.
1422 4251 1770 4315 sarcinatum,

154 4342 311 4399 flava
344 4341 597 4410 bajulans
642 4341 937 4409 gestamina
962 4338 1206 4409 ‘asportat
1231 4382 1246 4406 ,
1275 4339 1462 4395 eodem
1511 4341 1690 4407 modo,
1721 4343 1773 4395 ni

157 4436 365 4498 fallor,
403 4434 681 4488 lurcouum
721 4431 1057 4500 conglobatio
1105 4431 1361 4486 lectorum
1396 4431 1650 4503 (dunning
1694 4442 1775 4485 tae

1878 1981 1996 2043 diti,
2027 1988 2079 2035 et
2110 1995 2300 2035 arcana
2334 1980 2451 2035 luce
2474 1981 2771 2035 enormiter
2807 1984 3023 2047 referti;
3055 1991 3288 2036 attamen
3321 1983 3460 2050 quod

1876 2070 2102 2139 gratuita
2154 2071 2364 2125 emlitu‘s
2405 2072 2793 2136 munificentia,
2825 2072 3025 2140 Deique
3072 2072 3259 2139 dapsili
3309 2071 3460 2127 dedi-

1876 2163 2020 2215 tione
2086 2174 2422 2228 receptantes
2479 2162 2716 2231 (proprio
2781 2161 3077 2217 lacessente
3143 2164 3458 2216 meritorum

1873 2252 2104 2320 quaestu)
2135 2251 2313 2320 adepti
2340 2263 2485 2316 sunt,
2513 2254 3264 2322 nequaquam(gazophylacio
3287 2254 3463 2308 scien-

1878 2343 1964 2396 tia:
1992 2342 2256 2410 reserato)
2304 2342 2460 2409 plene
2504 2343 2926 2412 promulgantes,
2962 2346 3057 2399 sed
3111 2345 3464 2414 particulatim

1876 2431 2182 2487 lurcouibus
2240 2432 2552 2502 largientes.
2583 2433 2713 2486 Nam
2765 2433 2914 2497 (kata
2943 2435 3269 2503 evangelica:
3296 2449 3463 2501 expe-

1875 2526 2161 2581 rimentum
2208 2524 2570 2593 auctoritatis)
2620 2538 2954 2592 nequaquam
2989 2522 3215 2589 ﬂagrans
3241 2523 3463 2592 lychnus

1874 2616 2118 2671 clancule
2168 2616 2368 2668 fuscata
2425 2624 2577 2668 tetrm
2605 2615 2868 2667 occulitur
2925 2614 3125 2667 latebra
3172 2628 3344 2675 urnae,
3373 2615 3463 2681 qui

1877 2704 2184 2761 candelabri
2216 2706 2521 2759 summitate
2554 2705 2760 2758 cunctis
2793 2703 3013 2771 limpido
3058 2705 3259 2758 lumine
3290 2705 3467 2758 lure'o

1874 2796 2086 2859 decuit;
2122 2810 2330 2849 necnon
2378 2794 2571 2848 frustra
2625 2794 2808 2848 talenti
2860 2795 3039 2848 fenora
3100 2793 3464 2847 subterraneis

1874 2885 2248 2939 clanculautur
2279 2886 2550 2938 obstructa
2581 2884 2907 2948 sabl0nibus,
2933 2897 3051 2953 quae
3083 2884 3461 2950 trapezitarum

1876 2976 2179 3031 numerosis
2207 2986 2435 3031 moneta:
2475 2975 2839 3042 oportuissent
2888 2973 3298 3027 numismatibus
3334 2988 3461 3042 pro-

1876 3064 2083 3134 ﬂigari;
2121 3082 2186 3121 ne
2218 3064 2360 3121 forte
2406 3074 2463 3119 ut
2512 3067 2654 3119 iners
2696 3065 2889 3132 adepto
2920 3064 3165 3134 (segnitia
3223 3063 3463 3131 torpens)

1881 3157 2205 3227 mancipium
2243 3159 2465 3221 talento,
2496 3171 2777 3225 supremos
2800 3156 3192 3224 ergastulorum
3225 3156 3273 3206 in
3305 3171 3463 3222 squa-

1884 3249 2022 3301 lores
2054 3261 2231 3302 trusos
2261 3247 2664 3315 prmeipitetnr;
2701 3247 2793 3299 sed
2831 3246 3005 3311 potius
3057 3261 3191 3299 evax
3222 3259 3465 3314 eugetpie

1878 3337 2216 3405 ingressurus
2245 3337 2535 3403 tripudium
2567 3349 2594 3386 a
2648 3344 2925 3402 prosatore
2959 3334 3047 3402 pio
3078 3344 3460 3401 promereatur.

1878 3425 2029 3481 Unde
2091 3422 2524 3490 I’selmigraphus
2570 3431 2744 3485 vates,
2777 3424 2845 3475 ob
2874 3422 2976 3475 hoc
3020 3423 3244 3487 propria:
3273 3422 3462 3489 piaculi

1874 3516 2101 3582 expians
2143 3515 2403 3583 flagitium
2451 3512 2819 3577 conscientite,
2847 3528 3001 3567 sacro
3032 3513 3291 3582 prmsagio
3312 3528 3466 3566 orsus

1876 3609 1991 3662 iulit
2025 3626 2038 3660 :
2071 3605 2337 3661 Justitiam
2365 3619 2503 3660 tuam
2533 3622 2633 3658 non
2666 3606 2930 3669 abscondi,
2955 3612 3010 3658 et
3040 3605 3262 3673 reliqua.

1948 3699 2055 3756 Sed
2118 3700 2232 3754 litae
2285 3700 2523 3754 misellus
2587 3697 2877 3753 homuncio
2925 3698 3177 3752 dictando
3218 3699 3460 3764 volvens,

1879 3794 2132 3864 scrupulo
2164 3793 2381 3861 ancipiti
2428 3793 2702 3860 extemplo
2737 3792 2982 3861 quatiens
3035 3793 3308 3858 angebar;
3339 3809 3457 3857 cur,

1879 3886 2117 3952 inquam,
2153 3883 2431 3948 Hibernia,
2465 3897 2574 3951 quo
2617 3883 2934 3937 catervatim
2994 3882 3190 3937 istliinc
3242 3885 3465 3940 lectores

1880 3977 2139 4030 classibus
2193 3975 2404 4031 adventi
2450 3974 2747 4039 confluunt,
2782 3974 3031 4028 inetl'abili
3076 3974 3307 4044 quodam
3352 3977 3463 4045 pri-

1877 4068 2075 4135 vilegio
2104 4067 2376 4127 efferatur,
2408 4080 2470 4119 ac
2518 4067 2564 4118 si
2612 4065 2793 4128 isthic,
2829 4065 3056 4119 fecundo
3088 4065 3377 4120 Britanniae
3408 4067 3459 4119 in

1874 4159 2098 4223 c-‘spite,
2128 4158 2382 4212 didascali
2418 4157 2598 4227 Argivi
2642 4156 2939 4210 Romanive
2973 4158 3208 4220 Quirites
3240 4158 3460 4226 reperiri

1877 4248 2093 4301 minime
2147 4257 2366 4315 queant,
2398 4248 2486 4317 qui
2528 4247 2764 4301 caelestis
2824 4248 3009 4302 tetrica
3060 4247 3351 4303 enodantes
3384 4250 3464 4303 bi-

1877 4336 2158 4392 bliothecae
2183 4338 2514 4406 problemata
2553 4338 2734 4393 sciolis
2759 4352 3002 4393 reserare
3030 4353 3089 4392 se
3140 4339 3462 4395 sciscitanti-

1878 4429 1975 4483 bus
2002 4431 2248 4484 valeant?
2271 4430 2524 4497 Quamvis
2554 4432 2696 4485 enim
2718 4432 3030 4499 prmdictum
3055 4433 3324 4487 llihernia:
3347 4449 3460 4501 rus,

153 4527 272 4595 [rid
289 4525 349 4593 lt)
376 4537 441 4577 ac
473 4524 683 4577 residua
714 4534 870 4592 sagax
896 4522 1276 4586 discipulorum
1300 4528 1530 4584 caterva,
1558 4520 1770 4589 florige-
1803 4553 1848 4613 ί)
1876 4522 2189 4576 discentium
2218 4523 2442 4589 opulans
2491 4538 2850 4588 vernamque,
2882 4534 2939 4578 ut
2987 4523 3057 4577 ita
3092 4522 3339 4589 dixerim,
3370 4540 3462 4592 pa-

148 4618 234 4672 ris
266 4614 660 4685 hagiographzr
683 4628 746 4667 ex
778 4613 946 4676 arvis,
972 4626 1075 4665 non
1098 4612 1269 4667 solum
1297 4622 1437 4667 artes
1459 4613 1772 4681 grammati~

147 4724 253 4763 eas
282 4716 463 4776 atque
491 4703 848 4773 geometricas
880 4704 959 4758 bis
987 4714 1272 4771 tertiasque
1294 4704 1520 4757 omissas
1540 4704 1773 4775 physicae

146 4800 301 4855 artis
338 4794 642 4856 machinas,
670 4796 911 4864 quinimo
935 4796 1235 4865 allegorica:
1265 4796 1468 4863 potiora
1500 4810 1563 4848 ac
1594 4806 1775 4863 trepo-

148 4891 371 4961 logica:
400 4887 773 4956 disputationis
800 4887 1045 4955 bipertita
1077 4888 1159 4942 bis
1187 4889 1400 4943 oracula
1435 4888 1772 4959 (:ethralibus

146 4991 480 5055 opncornm
535 4980 733 5035 mellita
766 4980 817 5034 in
850 4979 1218 5048 aenigmatibus
1250 4982 1663 5050 problematum)
1696 4982 1771 5035 si-

148 5074 414 5134 tietilose
460 5080 733 5127 sumentes
778 5078 1119 5140 earpunt,et
1148 5073 1197 5124 in
1247 5070 1494 5126 alveariis
1542 5072 1773 5139 sephiar,

134 5166 273 5239 jugi
310 5161 673 5219 meditatione
701 5161 820 5216 loco
850 5171 1002 5216 tenus
1036 5163 1291 5216 servanda
1333 5161 1642 5226 euadentes,
1680 5162 1774 5215 abr-

146 5261 324 5314 dunt.
370 5255 419 5309 E
454 5269 675 5325 quorum
704 5254 944 5325 catalogo
976 5263 1118 5309 tuam
1159 5253 1422 5323 proficisci
1471 5254 1772 5317 solertiam,

150 5348 359 5422 praeda
412 5354 658 5399 onustam
698 5354 857 5415 atque
902 5353 1138 5400 torrente
1182 5345 1396 5398 lluentis
1441 5344 1773 5398 sacrosancti

151 5440 528 5511 propinatam
559 5435 1050 5505 rrdundaulemque
1081 5435 1351 5490 excellens
1394 5435 1525 5489 fama
1561 5450 1775 5503 percre-

153 5532 309 5591 bttit.

231 5620 625 5691 Quamobrem
656 5629 799 5675 tuum
824 5620 1090 5676 affabilem
1111 5620 1505 5688 disci’polatunt,
1534 5635 1630 5677 ceu
1662 5636 1777 5675 cer-

151 5730 316 5774 nuus
397 5710 733 5779 singultatim
804 5714 1038 5767 arcualis
1096 5711 1383 5782 poplitibus
1435 5711 1779 5781 subuixisque

152 5810 444 5879 precibus
466 5804 722 5874 elllagito,
758 5813 814 5857 ut
853 5803 1151 5859 oblitterata
1198 5816 1527 5873 ttethaqunut
1570 5817 1773 5857 memo-

1878 4627 2063 4668 scuosa
2117 4616 2506 4669 numerositate
2549 4616 2830 4680 lectorum,
2862 4615 3307 4684 quemadmodum
3355 4616 3458 4683 poli

1877 4706 2119 4759 cardines
2147 4705 2411 4760 astriferis
2442 4706 2752 4761 micantium
2789 4717 3048 4761 ornentur
3074 4707 3459 4763 vibramioihus

1876 4800 2130 4866 siderum,
2186 4808 2273 4852 ast
2326 4806 2502 4853 tamen
2552 4797 2783 4853 climatis
2837 4798 3107 4852 Britannia
3162 4798 3364 4851 occidui
3404 4798 3457 4851 in

1877 4899 2115 4944 extremo
2148 4890 2314 4943 ferme
2341 4889 2488 4943 orbis
2521 4888 2764 4958 margine
2796 4887 2897 4943 sita
2931 4889 3099 4959 (verbi
3144 4887 3333 4956 gratia)
3361 4902 3457 4940 eeo

1876 4982 2004 5037 solis
2027 4982 2341 5048 flammigeri
2365 4990 2420 5036 et
2450 4982 2721 5036 luculento
2772 4980 2911 5035 luna:
2966 4980 3260 5049 Specimine
3293 4980 3400 5049 peti
3421 4998 3459 5029 ι-

1880 5083 1991 5137 ιυι-;
2022 5071 2071 5126 id
2094 5082 2193 5137 cst,
2227 5068 2513 5127 Theodoro
2538 5071 2701 5127 infula
2727 5072 3067 5139 pontificatds
3104 5071 3363 5140 fungenti,
3392 5074 3460 5127 ab

1879 5164 1993 5231 ipso
2041 5164 2287 5218 tirocinio
2325 5164 2745 5218 rudimentorum
2794 5162 2846 5217 in
2892 5162 3021 5218 ﬂore
3078 5162 3460 5232 philosophica;

1878 5254 2005 5307 artis
2032 5253 2233 5319 adulto,
2266 5269 2473 5309 necnon
2522 5264 2579 5309 et
2635 5255 2875 5323 ejusdem
2921 5254 3219 5309 sodalitatis
3265 5256 3461 5309 clleote

1880 5345 2111 5400 Adriano
2149 5346 2407 5400 duntaxat
2452 5345 2753 5400 urbanitate
2795 5348 3071 5400 euucleata
3125 5344 3460 5402 inell‘abititcr

1881 5436 2122 5505 praedito.

1953 5528 2017 5581 Et
2047 5529 2296 5583 audacter
2322 5528 2374 5582 itt
2418 5528 2698 5597 propatulo
2756 5538 3088 5590 contestans,
3122 5528 3309 5594 pellaci
3365 5526 3461 5582 fal-

1880 5620 2048 5675 sitatis
2078 5620 2263 5674 frivolo
2295 5621 2561 5690 neglecto,
2592 5633 2739 5687 inqui
2773 5619 3014 5674 veritatis
3040 5631 3266 5671 censura
3300 5620 3454 5669 troti-

1882 5721 2037 5766 nante
2064 5710 2393 5773 discernam;
2441 5709 2650 5765 etiamsi
2701 5709 2868 5764 beata:
2900 5707 3175 5763 memoriae
3204 5707 3462 5763 Theodo-

1884 5819 1994 5872 rus,
2030 5803 2220 5859 summi
2249 5801 2528 5861 sacerdotii
2554 5800 2910 5872 gubernacula
2934 5813 3144 5868 regens,
3170 5797 3451 5851 llibertzeu-
