4214 6536
719 433 790 488 95
1562 417 1620 470 S.
1667 409 2012 468 ALDllELMI
2054 403 2332 464 OPERUM

2424 401 2554 487 aus
2595 399 2632 454 ι.
2657 428 2726 440 -
2747 393 3125 454 e-msroue.
3918 391 3984 448 οδ

721 554 860 604 sium
888 543 1046 614 globo
1072 537 1451 607 discipulorum
1484 532 1602 601 (seu
1641 544 1769 597 aper
1810 526 2142 580 truculentus
2185 522 2295 576 Mo-
2326 527 2374 580 Α
2403 515 2649 584 protilos,
2681 528 2802 567 cum
2835 509 3066 573 cmteris,
3101 504 3330 576 qualiter
3361 504 3642 567 varietur;
3685 502 3774 572 qui
3801 519 3987 562 versus

723 644 986 694 lossorum
1017 640 1219 689 catasta
1249 628 1492 693 ringcnte
1541 619 1789 685 vallatus)
1824 617 2056 685 stipetur
2080 658 2095 683 ,
2120 616 2303 667 limato

729 727 1021 800 perniciter
1065 721 1412 794 grammatico
1454 716 1611 770 dente
1636 713 1862 780 (jactura
1913 707 2177 776 dispendii
2205 720 2306 756 ra-

723 796 873 891 reus)
895 816 1122 873 rebelles
1165 810 1457 880 phalanges
1495 804 1734 865 discutit,
1765 811 1821 856 et
1843 802 2055 870 (utpote
2086 796 2307 863 belliger

723 914 776 966 in
818 889 1114 964 meditullio
1164 903 1337 971 campi
1385 899 1630 960 arcister,
1659 895 1929 964 legionum
1959 889 2307 959 phalangihus

722 1012 905 1071 septus
931 998 1245 1054 aunulorum
1278 990 1482 1059 spissis)
1533 1002 1656 1041 tuo:
1686 984 1927 1040 nervosis
1965 990 2117 1036 tenso
2141 980 2307 1034 lacer-

724 1103 898 1145 torum
931 1088 1065 1141 Vulis
1093 1100 1239 1148 arcu,
1265 1081 1592 1150 spieulisque
1622 1093 1685 1131 ex
1729 1076 1976 1144 pharetra
2019 1073 2305 1136 exemptis,

725 1188 827 1237 hoc
840 1190 941 1244 est,
962 1173 1413 1244 Clironograpltia‘.
1436 1172 1616 1238 opacis
1640 1166 1919 1231 acutisque
1947 1162 2304 1233 syllogismis;

727 1288 898 1328 turma
928 1268 1197 1340 supercilii
1229 1266 1391 1337 typho
1425 1274 1659 1331 turgens,
1687 1259 1882 1312 amissa
1914 1256 2167 1310 ancilium
2202 1264 2311 1306 tes-

732 1369 932 1431 tudine,
966 1375 1110 1432 terga
1136 1364 1341 1424 dantes,
1369 1356 1600 1410 latebras
1626 1364 1900 1407 antrorum
1923 1360 2095 1413 atras,
2128 1348 2310 1400 trium-

727 1459 924 1528 phante
954 1457 1173 1519 victore,
1204 1461 1543 1519 praepropere
1574 1454 1779 1513 petunt.

799 1548 909 1602 Neu
938 1556 1116 1598 tamen
1166 1542 1281 1595 lucc
1332 1532 1781 1604 philosophamlo,
1815 1531 2060 1585 Scoticos
2088 1529 2308 1592 sciolos,

730 1652 956 1708 quorum
988 1641 1255 1704 gemmato
1278 1638 1365 1682 tua
1417 1627 1683 1695 sagacitas
1713 1625 2018 1692 dogmatum
2048 1621 2168 1675 favo
2204 1621 2315 1673 διε-

729 1731 1039 1800 quantiSper
1063 1725 1229 1778 abusa
1257 1730 1362 1784 est,
1387 1718 1639 1788 sugillare
1664 1734 1691 1770 a
1722 1722 1986 1784 quoquam
2026 1721 2311 1775 autumer;

742 1821 936 1891 quippe
964 1831 1085 1873 cum
1107 1824 1403 1882 satagerem
1436 1808 1762 1877 prmcouium
1796 1804 2001 1859 cudens
2029 1801 2317 1856 affabiliter

732 1924 918 1969 texere
957 1920 1284 1969 nostrorum,
1311 1919 1417 1957 non
1465 1899 1862 1970 sugillationem
1912 1896 2197 1951 ridiculose
2224 1909 2317 1947 ca-

731 2006 992 2059 chinnans
1021 1998 1350 2067 rumigerare
1389 2001 1710 2059 vestrorum,
1738 1992 1833 2044 sed
1887 1989 2085 2058 potius,
2107 1986 2317 2055 jocista:

730 2107 1039 2161 scurrazque
1062 2090 1166 2143 ritu
1206 2086 1487 2142 dicacitate
1511 2083 1795 2139 temeraria
1820 2078 2170 2150 loquentium,
2204 2076 2314 2131 fra-

735 2199 901 2241 terna:
945 2183 1112 2237 ironia
1172 2177 1476 2233 dilectionis
1532 2173 1752 2227 obtentu
1814 2168 2188 2223 cavillabatur.
2260 2164 2319 2220 Si

736 2294 866 2333 vero
890 2274 1185 2346 quippiam,
1236 2268 1445 2325 inscitia
1484 2262 1882 2333 suppeditante,
1928 2259 2145 2330 garrula
2175 2256 2325 2311 fron-

746 2378 862 2423 tose
882 2367 1213 2423 convincitur
1237 2363 1425 2434 pagina
1452 2357 1803 2431 prompsisse,
1823 2362 1881 2408 ut
1903 2349 2199 2407 versidicus
2219 2349 2321 2404 ait:

922 2497 1079 2557 Digna
1103 2497 1183 2544 ﬁat
1201 2492 1333 2541 fante
1357 2491 1542 2551 glingio
1566 2500 1723 2557 gurgo
1744 2485 1889 2545 fugax
1911 2483 2127 2557 fambule
2139 2495 2151 2530 :

921 2548 1028 2606 Neu
1057 2560 1223 2605 timeat
1247 2548 1452 2614 scriptor
1481 2551 1713 2599 terrentis
1736 2560 1943 2614 carpere
1968 2548 2183 2605 chartas,

926 2620 987 2668 υτ
1008 2632 1156 2680 caper
1184 2609 1409 2680 hirsutus
1424 2614 1565 2680 rodet
1587 2623 1695 2680 cum
1718 2609 1869 2680 dente
1894 2618 2139 2680 racemos;

922 2683 1025 2733 Nec
1048 2672 1212 2730 tanien
1237 2677 1501 2727 emendant
1524 2672 1775 2722 titubantis
1797 2682 2013 2731 gramma
2039 2676 2216 2717 Doctae.

1301 2797 1628 2856 EPISTOL.\
1670 2793 1763 2849 IV.

1055 2908 1322 2949 ALDIIELMI
1356 2909 1423 2946 A0
1463 2904 1679 2943 IIEDDAS!
1712 2898 2021 2939 EPISCOPUM.

806 2989 1007 3050 [Exstat
1047 2989 1175 3035 inter
1218 2986 1365 3045 Epist.
1407 2980 1587 3050 Boniti,
1612 2978 1742 3050 unde
1770 2977 1876 3050 _ltuc
1913 2976 2163 3050 migravit;
2191 2978 2334 3050 textu

744 3034 1213 3110 paiil—umtuelior..to
1251 3034 1310 3095 ex
1346 3034 1609 3110 collatione
1646 3040 1866 3101 ejusdem
1907 3034 2174 3101 epi5toltea
2201 3034 2332 3083 WiLI.

746 3109 908 3162 Malm.
932 3120 1152 3160 servatae.
1179 3109 1359 3168 Ull.t£S.]

822 3196 1049 3251 Domino
1079 3190 1548 3254 reverendissimo,
1593 3185 1848 3254 annique
1887 3184 2141 3237 virtutum
2173 3195 2332 3236 cona-

750 3289 896 3343 mine
928 3284 1251 3350 venerando,
1310 3291 1364 3336 et
1407 3289 1527 3350 post
1562 3278 1728 3332 Deum
1773 3274 2028 3345 peculiari
2084 3282 2331 3341 patrono,

751 3382 976 3452 supplex
1027 3377 1279 3433 almitatis
1324 3383 1514 3429 vestra:
1555 3370 1873 3426 vernaculus
1902 3368 1955 3421 in
1997 3366 2225 3422 Domino
2250 3378 2336 3420 sa-

753 3478 939 3529 lutem.

831 3562 1043 3626 Fateor,
1093 3556 1459 3614 obeatissime
1507 3554 1724 3626 praesul,
1781 3568 1867 3607 me
1907 3550 2108 3607 dudum
2146 3548 2337 3604 decre-

758 3656 923 3718 visse,
973 3654 1016 3706 si
1055 3667 1231 3707 rerum
1259 3650 1399 3705 ratio
1442 3663 1503 3702 ac
1530 3657 1829 3716 temporum
1859 3645 2089 3701 volitans
2134 3642 2341 3697 vicissi-

757 3746 886 3799 tudo
907 3751 1200 3813 pateretur,
1224 3742 1451 3794 vicinam
1481 3738 1651 3808 optati
1670 3737 1873 3791 Natalis
1902 3733 2113 3791 Domini
2142 3733 2344 3788 solem-

760 3834 1019 3894 nitatem,
1078 3831 1273 3885 ibidem
1332 3829 1383 3882 in
1438 3829 1711 3883 consortio
1763 3827 1985 3880 fratrum
2045 3823 2344 3893 tripudians

761 3925 1054 3986 celebrare,
1089 3932 1140 3976 et
1162 3920 1503 3997 postmodum
1535 3920 1641 3973 vita
1668 3918 1865 3973 comite
1894 3927 2070 3972 vestra
2100 3915 2342 3970 charita-

765 4017 832 4070 tis
874 4012 1070 4067 aifabili
1103 4010 1384 4081 praesentia
1427 4007 1551 4064 frui.
1599 4008 1705 4064 Sed
1746 4009 1890 4077 quia,
1916 4007 2144 4061 diversis
2174 4007 2346 4077 impe-

762 4107 1123 4161 dimentorum
1154 4103 1443 4158 obstaculis
1474 4100 1750 4167 retardati,
1782 4099 2229 4171 quemadmodum
2265 4099 2343 4152 la-

766 4207 852 4253 tor
880 4196 1221 4268 prmsentium
1254 4195 1371 4248 viva
1397 4207 1527 4249 voce
1550 4192 1761 4262 plenius
1794 4191 2174 4261 promulgabit,
2214 4187 2341 4244 illud

762 4290 1021 4358 perficere
1076 4284 1427 4355 nequivimus,
1479 4283 1678 4337 idcirco
1726 4280 2054 4335 difficultatis
2110 4280 2349 4344 veniam,

765 4394 972 4448 precor,
1008 4375 1319 4445 impemlite.
1361 4374 1544 4442 Neque
1568 4371 1711 4425 enim
1741 4386 1901 4439 parva
1933 4378 2234 4437 temporum
2266 4370 2345 4421 it:-

770 4470 993 4524 tervalla
1025 4469 1077 4522 in
1123 4468 1224 4521 hoc
1277 4464 1522 4521 lectionis
1565 4462 1743 4518 studio
1790 4460 2103 4530 protelauda
2144 4468 2271 4514 sunt
2299 4459 2347 4513 ei

2409 605 2795 667 tuonosehemi,
2818 602 2906 670 qui
2931 596 3319 670 pcntoschemi,
3344 597 3433 666 qui
3456 596 3821 665 decascbeuti,
3843 609 3985 651 certa

2408 699 2600 767 pedum
2651 708 2896 749 mensura
2948 692 3301 752 trutinentur;
3356 697 3412 741 et
3449 704 3552 757 qua
3596 688 3808 743 ratione
3837 700 3981 744 cata-

2409 790 2599 853 lectici,
2652 782 3147 854 brachycatalectici
3199 796 3292 833 seu
3347 778 3814 847 hypercatalectiel
3876 795 3991 834 ver-

2410 894 2520 943 sus,
2553 877 2725 945 sagaci
2778 871 3243 942 argumentatione
3289 882 3700 938 cognoscantur.
3755 869 3899 927 ll:ec.
3934 883 3992 925 ut

2412 986 2554 1031 reor,
2594 977 2649 1023 et
2679 968 2759 1019 his
2787 965 3001 1029 similia,
3056 962 3234 1017 brevis
3283 962 3541 1027 temporis
3589 961 3990 1029 intercapedine

2413 1070 2890 1127 iiiomentaneoque
2938 1056 3047 1111 ictu
3092 1050 3423 1123 apprehendi
3480 1068 3816 1123 nequaquam
3871 1069 3991 1122 pns-

2413 1162 2553 1206 sunt.

2486 1244 2560 1296 De
2589 1243 2794 1296 ratione
2822 1254 2954 1296 vero
2984 1235 3348 1292 caleulationis
3389 1234 3513 1303 quid
3565 1250 3994 1290 commemoran-

2415 1337 2538 1391 dum
2564 1338 2587 1388 ?
2620 1351 2743 1390 cum
2768 1343 2911 1387 tanta
2941 1330 3338 1401 supputationis
3381 1330 3662 1385 imminens
3693 1331 3998 1398 deSperatio

2415 1429 2550 1485 colla
2582 1430 2779 1482 mentis
2808 1423 3155 1495 oppresserit,
3204 1432 3263 1477 ut
3307 1437 3521 1477 omnem
3560 1426 3891 1488 prmteritum
3914 1425 3999 1479 le-

2417 1522 2608 1577 ctionis
2655 1521 2891 1575 laborem
2924 1515 3072 1587 parvi
3124 1515 3432 1583 penderem,
3492 1514 3644 1583 cujus
3674 1529 3764 1569 me
3792 1515 3999 1585 pridem

2420 1622 2624 1666 secreta
2654 1609 2899 1665 cubicula
2929 1621 3088 1661 nosse
3130 1605 3500 1665 credideram:
3549 1612 3605 1659 et.
3646 1613 3703 1657 ut
3732 1606 3996 1658 sententia

2420 1700 2557 1755 beati
2583 1698 2894 1767 Hieronymi
2936 1707 3079 1760 utar,
3131 1694 3219 1760 qui
3260 1694 3388 1746 mihi
3433 1695 3579 1761 prius
3609 1693 3834 1747 videbar
3863 1695 4002 1747 scio-

2421 1792 2527 1855 lus,
2558 1803 2745 1845 rursus
2774 1786 2911 1856 cmpi
2939 1799 3059 1840 esse
3082 1784 3394 1852 discipulus,
3422 1782 3546 1837 dum
3586 1796 3645 1837 se
3673 1782 3891 1837 occasio
3910 1784 4006 1837 ob-

2348 1878 2395 1935 B
2428 1883 2565 1949 tulit,
2598 1882 2783 1949 sicque
2816 1877 3031 1932 tandem
3060 1919 3075 1944 ,
3116 1889 3344 1944 superna
3374 1873 3541 1943 gratia
3570 1870 3759 1937 fretus,
3791 1872 4007 1927 difficil-

2428 1976 2549 2029 lima
2601 1987 2779 2027 rerum
2827 1978 3143 2040 argumenta
3194 1975 3249 2021 et
3304 1964 3497 2020 calculi
3556 1967 4003 2032 supputationes,

2425 2080 2557 2136 quas
2584 2073 2759 2132 partes
2796 2061 3005 2116 numeri
3033 2059 3325 2129 appellant,
3374 2054 3614 2111 lectionis
3641 2056 3891 2110 instantia
3920 2072 4010 2111 re-

2427 2158 2560 2227 peri.
2585 2157 2752 2210 Porro
2777 2155 2845 2209 de
2875 2154 3094 2208 zodiaca
3123 2160 3178 2206 et
3203 2149 3486 2204 duodecim
3530 2149 3826 2217 signorum,
3883 2165 4005 2218 quae

2425 2247 2685 2317 vertigine
2730 2245 2852 2301 eteli
2909 2243 3216 2309 volvuntur,
3274 2240 3505 2304 ratione,
3560 2239 3679 2293 ideo
3722 2239 4006 2293 tacendum

2427 2340 2683 2405 arbitror,
2717 2352 2783 2391 ne
2811 2350 2896 2391 res
2925 2348 3090 2403 Opaca
3121 2340 3175 2387 et
3218 2329 3477 2400 profunda
3509 2369 3525 2394 ,
3565 2344 3682 2397 qua:
3711 2329 3872 2398 longa
3916 2344 4013 2384 ex-

2430 2428 2816 2499 plauandarum
2845 2439 3024 2480 rerum
3052 2423 3260 2476 ratione
3290 2419 3514 2489 indiget,
3549 2418 3594 2475 si
3622 2418 3711 2472 vili
3742 2418 4008 2486 interpre-

2430 2519 2647 2573 tationis
2672 2518 2812 2572 serie
2841 2513 3117 2585 propalata
3163 2509 3347 2574 fuerit,
3380 2508 3662 2563 infametur
3683 2517 3737 2562 et
3763 2509 4007 2572 vilescat,

2431 2609 2729 2678 praesertim
2780 2621 2902 2661 cutn
2954 2601 3289 2672 astrologicze
3340 2599 3471 2654 artis
3524 2598 3735 2667 peritia,
3781 2610 3839 2654 et
3888 2615 4012 2669 per-

2435 2702 2591 2767 plexa
2647 2696 2932 2767 liorosc0pi
2978 2692 3333 2764 computatio,
3388 2690 3698 2745 elucubrata
3751 2690 4009 2746 doctioris

2434 2792 2773 2860 intlagatione
2799 2799 2976 2859 egeat.

2506 2882 2632 2937 llaec
2659 2880 2879 2944 idcirco,
2911 2875 3229 2933 cltarissime
3258 2874 3439 2937 Pater,
3465 2872 3658 2926 cursim
3690 2868 4017 2940 pedetentim

2438 2974 2871 3043 perstrinximus,
2922 2987 3027 3025 non
3072 2968 3288 3039 garrulo
3318 2965 3659 3021 verbositatis
3692 2965 3921 3034 strepitu
3959 2965 4020 3018 il-

2438 3066 2582 3129 lecti,
2616 3065 2708 3119 sed
2756 3072 2815 3118 ut
2865 3063 3004 3117 scias
3050 3068 3193 3114 tanta
3225 3072 3406 3113 rerum
3452 3069 3642 3111 arcana
3687 3057 4015 3109 examussim

2440 3172 2546 3212 non
2579 3170 2737 3225 posse
2777 3153 3027 3224 intelligi,
3059 3150 3158 3205 nisi
3190 3149 3436 3218 frequens
3462 3158 3517 3204 et
3544 3148 3749 3219 prolixa
3794 3149 4024 3202 medita-

2364 3227 2412 3291 C
2446 3253 2518 3306 tio
2545 3249 2705 3303 fuerit
2724 3246 2981 3302 adhibita.

2514 3344 2754 3399 Salutate
2784 3344 2833 3395 in
2856 3341 3081 3401 ,Christo
3126 3354 3341 3396 onmem
3370 3336 3630 3393 sodalium
3664 3350 3909 3391 meorum
3939 3350 4022 3392 ca-

2443 3442 2647 3489 tervam
2669 3448 2699 3487 a
2727 3431 2949 3486 minimo
2971 3446 3138 3499 usque
3166 3430 3232 3485 ad
3260 3430 3546 3484 maximum
3571 3469 3586 3492 ,
3628 3442 3762 3496 quos
3803 3430 4026 3484 obsecro

2445 3533 2500 3580 et
2529 3524 2718 3593 adjuro
2745 3538 2841 3593 per
2868 3522 3208 3578 clementiam
3254 3520 3453 3576 Christi
3495 3527 3553 3573 ttt
3583 3534 3677 3587 pro
3709 3535 3797 3574 me
3840 3535 4029 3589 pecca-

2450 3626 2624 3671 torum
2657 3615 2893 3685 pondere
2914 3625 2969 3671 et
2999 3614 3285 3669 criminum
3312 3615 3520 3669 sarcina
3547 3628 3810 3687 oppresso
3840 3631 4026 3686 preces

2449 3709 2676 3765 Domino
2710 3709 2955 3764 fundant.

3023 3778 3356 3835 EPISTULA
3390 3778 3455 3833 V.

2450 3886 2685 3925 ANONY)"
2758 3884 3025 3924 CUJUSDAII
3075 3883 3225 3925 8601⁵1
3290 3885 3358 3924 ΑΒ
3413 3882 3733 3923 Αιυιιειιιυι
3793 3882 4031 3923 Αιιιιλτειι

2972 3954 3309 3994 ιιιιωιεδιιυιιι
3319 3954 3510 3993 εηεειι.

2514 4030 2709 4091 [Videat
2753 4028 2917 4091 lector
2947 4042 3007 4077 an
3041 4041 3305 4090 anonymus
3341 4029 3649 4091 iste_Seotus
3688 4028 3820 4080 idem
3840 4029 3905 4079 sit
3926 4040 4034 4077 cum

2452 4089 2669 4152 Ccilano,
2691 4092 2829 4151 cujus
2853 4090 2971 4138 infra
2997 4089 3409 4152 exstat’epistola.
3437 4089 3618 4151 Glass]

2525 4173 2753 4228 Domino
2800 4182 3010 4236 sancto,
3066 4173 3502 4242 sapientissimo,
3553 4172 3767 4228 Christo
3818 4173 4032 4243 quidem

2456 4268 2772 4321 charissimo
2800 4266 3117 4334 Aldhelmo;
3161 4267 3353 4324 Scotus
3391 4266 3555 4338 ignoti
3585 4266 3817 4323 nominis
3846 4268 3899 4322 iu
3928 4268 4034 4323 Deo

2456 4370 2658 4414 aeterno
2688 4359 2938 4414 salutem.

2529 4450 2665 4503 Dum
2725 4459 2776 4505 te
2825 4459 3165 4519 pra-stantem
3223 4450 3457 4520 ingenio,
3514 4450 3870 4518 facundiaque
3927 4451 4034 4504 Ro-

768 4558 1170 4628 dnutaxatqui,
1222 4555 1516 4626 sagacitate
1558 4552 1767 4621 legendi
1813 4563 2126 4613 succensus,
2177 4547 2352 4617 legum
2385 4582 2434 4641 Β
2464 4556 2641 4604 mana,
2696 4555 2758 4595 ac
2780 4542 2927 4596 vario
2970 4540 3103 4596 flore
3152 4540 3451 4595 litterarum
3502 4538 3684 4611 (etiam
3730 4540 4036 4593 Cra-eurum

771 4651 1129 4705 Romanarum
1167 4647 1285 4717 jura
1333 4645 1637 4700 medullitus
1685 4640 1987 4703 rimabitur,
2042 4649 2096 4693 et
2142 4647 2344 4693 cuncta

773 4740 1270 4811 jurisconsultorum
1299 4745 1507 4791 secreta
1536 4750 1603 4788 ex
1633 4732 1838 4787 intimis
1866 4730 2178 4801 prmcordiis
2203 4745 2356 4784 scru-

774 4835 989 4896 labitur,
1014 4840 1090 4897 et,
1117 4830 1256 4899 quod
1289 4828 1371 4883 his
1401 4828 1570 4882 multo
1599 4828 1799 4880 arctius
1818 4840 1881 4879 ac
1907 4824 2212 4893 perplexius
2242 4831 2350 4890 est,

776 4933 999 4978 centena
1040 4922 1248 4975 scilicet
1298 4926 1588 4972 metrorum
1639 4931 1835 4985 genera
1877 4915 2112 4982 pedestri
2170 4915 2360 4984 regula

774 5013 1097 5075 discernere,
1130 5018 1183 5064 et
1212 5008 1439 5061 admista
1481 5006 1760 5060 cantilena:
1793 5005 2150 5059 modulamina
2206 5013 2359 5059 recto

782 5103 1103 5173 syllabarum
1148 5100 1358 5153 tramite
1405 5099 1650 5151 lustrare.
1682 5096 1848 5165 Cujus
1896 5098 1971 5150 rei
1998 5096 2252 5150 studiosis
2281 5096 2359 5151 le-

780 5191 1022 5246 ctoribus
1050 5202 1197 5245 tanto
1221 5189 1642 5243 inextricabilior
1663 5188 1962 5242 obscuritas
1987 5188 2357 5256 prmteuditur,

779 5294 980 5350 quanto
1027 5283 1199 5336 rarior
1224 5281 1504 5336 duetorum
1535 5284 1887 5336 numerositas
1918 5282 2205 5349 reperitur.
2254 5281 2361 5337 Sed

782 5374 849 5428 de
878 5374 960 5428 bis
993 5372 1197 5440 prolixo
1226 5372 1427 5425 ambitu
1470 5374 1749 5426 verborum
1793 5372 2066 5439 disputare
2109 5375 2365 5443 epistula-

787 5467 859 5520 ris
878 5463 1119 5535 angustia
1151 5462 1369 5517 minime
1397 5461 1542 5522 sinit,
1595 5465 1865 5532 quomodo
1894 5465 2145 5520 videlicet
2194 5466 2362 5534 ipsius

754 5582 767 5595 ι
791 5558 1031 5610 metrica:
1059 5557 1191 5609 artis
1234 5556 1563 5609 clandestina
1617 5558 1967 5611 instrumenta
2002 5559 2216 5623 litteris,
2250 5559 2363 5629 syl-

792 5646 949 5710 labis,
974 5646 1219 5714 pedibus,
1252 5646 1480 5715 poeticis
1511 5647 1712 5715 figuris,
1744 5648 2008 5711 versibus,
2033 5652 2191 5713 tonis,
2227 5659 2357 5705 tem-

792 5735 1119 5804 poribusque
1139 5737 1639 5806 conglomerautur;
1667 5740 1869 5807 poetica
1892 5755 2101 5810 quoque
2130 5751 2366 5811 septena:

791 5824 1067 5881 divisionis
1127 5826 1439 5897 disciplina,
1490 5826 1589 5883 hoc
1647 5839 1728 5885 est
1768 5830 2050 5900 accpltali-s
2081 5871 2092 5892 ,
2138 5830 2365 5902 IitgaIOS,

2464 4631 2634 4701 more)
2657 4646 2762 4685 non
2786 4631 3040 4696 nesciam,
3066 4646 3131 4685 ex
3159 4645 3253 4685 ore
3277 4640 3393 4695 tuo,
3422 4630 3570 4685 fonte
3591 4630 3838 4684 videlicet
3866 4632 4037 4683 scieuo

2465 4724 2550 4777 tia:
2582 4721 2888 4790 purissimo,
2916 4723 3126 4777 discere
3176 4722 3336 4787 male,
3372 4737 3532 4792 quam
3563 4737 3628 4775 ex
3664 4722 3770 4776 alio
3800 4724 4039 4790 quolibet

2466 4824 2666 4883 potare,
2728 4812 3031 4868 turbulento
3067 4812 3325 4884 magistro
3376 4814 3694 4883 praesertim.
3746 4812 3858 4867 lloc
3909 4817 4043 4868 scito

2467 4919 2828 4975 praenoscens,
2856 4905 2998 4975 quod
3031 4904 3231 4959 idcirco
3265 4914 3316 4959 te
3349 4903 3666 4958 filucialiter
3695 4901 3765 4956 ita
3788 4906 4036 4970 obsecro,

2466 5008 2636 5051 utme
2688 4995 2951 5064 suscipias
2995 4994 3317 5063 doceasquc,
3365 4994 3617 5062 quoniam
3677 4993 3851 5063 fulgor
3908 4998 4040 5063 (ora

2470 5089 2667 5143 dictum
2701 5087 2824 5157 est)
2855 5085 3132 5155 sapientiae
3163 5101 3274 5155 pra:
3304 5084 3486 5139 multis
3526 5085 3577 5138 in
3608 5093 3659 5139 te
3690 5085 3854 5155 fulget
3883 5085 4045 5139 lecto-

2471 5182 2641 5245 ribus,
2672 5195 2734 5234 ac
2777 5177 3182 5250 peregrinorum
3216 5188 3425 5233 tuentes
3473 5178 3802 5246 cupientium
3831 5178 4047 5246 sapien-

2476 5277 2599 5329 tiam
2622 5274 2828 5330 discere
2859 5275 3169 5343 cognoscis:
3195 5274 3315 5344 quia
3346 5282 3397 5326 tn
3431 5272 3611 5328 Romae
3637 5272 3840 5328 advena
3874 5273 4046 5335 fuisti,

2474 5367 2689 5436 insuper
2706 5368 2845 5437 quod
2869 5381 2897 5418 a
2926 5365 3156 5436 quodam
3184 5373 3368 5419 sancto
3394 5365 3507 5418 viro
3537 5363 3605 5419 de
3635 5374 3820 5419 nostro
3848 5350 4047 5434 genere

2475 5460 2706 5514 nutritus
2732 5473 2814 5513 es.
2846 5458 2970 5512 Hinc
2993 5456 3295 5528 compendii
3325 5471 3483 5511 causa
3523 5456 3815 5519 sufficiant,
3855 5457 3982 5525 quia
4011 5459 4048 5512 si

2474 5552 2745 5606 humiliter
2800 5566 2898 5622 per
2949 5550 3265 5605 charitatem
3306 5549 3541 5604 volucris
3595 5548 3896 5611 attendere,
3953 5566 4052 5603 non

2477 5648 2651 5700 minus
2684 5659 2779 5712 per
2809 5659 2973 5713 pauca
3004 5642 3165 5697 verba
3186 5683 3201 5707 ,
3244 5657 3401 5710 quam
3435 5658 3527 5711 per
3557 5643 3818 5713 plurimas
3847 5656 4051 5697 sermo-

2477 5740 2768 5792 riuatioucs
2830 5738 3140 5807 perSpicies.
3194 5735 3316 5791 Haec
3370 5734 3466 5789 tibi
3523 5750 3738 5806 quoque
3779 5736 4056 5791 sinceriter

2481 5831 2705 5886 dissero.
2746 5828 3005 5886 Libellum
3035 5827 3316 5901 qucutdaut
3350 5826 3513 5885 habes
3533 5869 3549 5896 ,
3598 5830 3686 5901 qui
3711 5844 3817 5884 non
3845 5839 3929 5885 est
3953 5843 4034 5884 uia
