4214 6540
158 434 225 491 97
1552 431 1872 487 srisrom
1925 432 2005 487 vn.
3388 457 3451 513 93

169 574 245 623 ,or
290 555 597 623 aceeptorio
652 556 875 609 duarum
935 556 1353 622 scptimanartun
1385 591 1397 613 ,
1448 565 1607 619 quem
1658 566 1756 617 ego
1788 550 1832 605 Α
1864 548 2411 607 edocemloimlmcre.
2432 556 2790 627 Quapropter,
2820 563 2887 615 mi
2921 566 3447 637 amautissimepurra

168 655 343 719 legere
382 650 563 717 cupio.
618 648 728 701 lloc
776 658 951 702 autem
1006 649 1171 699 breve
1226 656 1440 711 tempus
1497 642 1752 710 prmdico,

164 757 267 793 non
300 755 367 794 co
395 740 534 807 quod
564 740 695 793 milii
726 740 843 807 plus
874 754 978 791 non
1004 752 1137 804 opus
1168 740 1257 795 sit,
1284 737 1377 788 sed
1413 750 1479 787 ne
1514 734 1626 786 hrec
1662 748 1757 801 pe-

162 836 280 887 titio
313 833 587 886 fastidium
620 831 671 885 in
696 841 783 883 tua
811 840 990 885 mente
1019 840 1181 883 creet.
1214 829 1512 881 lllinistrum
1543 840 1759 894 quoque

160 940 441 994 equosque
496 933 551 978 ut
580 924 795 990 Opinor,
838 922 1129 989 adipiscar.
1181 920 1234 973 ln
1272 919 1372 972 hoc
1403 929 1581 971 autem
1625 926 1758 970 tem-

166 1030 300 1079 pore
326 1015 542 1075 messis,
592 1015 773 1067 butum
803 1029 829 1065 a
856 1021 908 1067 te
932 1027 1247 1079 responsum
1281 1010 1533 1077 sperabo.
1583 1010 1757 1063 Oran-

163 1114 273 1157 tem
306 1120 403 1172 pro
444 1105 596 1159 nobis
628 1104 1014 1159 beatitudinem
1054 1112 1197 1156 tuam
1224 1100 1401 1153 divina
1448 1100 1618 1169 gratia
1663 1114 1761 1153 cu-

162 1198 376 1254 stodire
400 1198 669 1268 dignetur,

238 1300 457 1354 Christe
486 1308 673 1368 potens
701 1313 915 1365 rerum,
952 1297 1223 1351 redeuntis
1266 1294 1515 1350 conditor
1563 1294 1685 1357 sevi,

244 1392 361 1445 Vox
384 1392 577 1447 summi
602 1406 897 1461 sensusque
919 1391 1033 1453 Dei,
1060 1404 1217 1458 quem
1252 1388 1385 1440 fudit
1415 1386 1481 1439 ab
1512 1388 1616 1438 alta

242 1483 420 1538 Mente
450 1484 628 1549 Pater,
663 1484 899 1550 tantique
926 1482 1075 1535 dedit
1105 1478 1371 1533 consortia
1410 1478 1580 1548 regni.

242 1574 410 1644 Impia
437 1583 492 1628 tu
522 1584 717 1628 nostra:
742 1574 994 1628 domuisti
1016 1573 1237 1627 crimina
1268 1573 1409 1637 vitai,

239 1667 439 1722 Passus
461 1682 715 1737 corporea
748 1668 1002 1721 mundum
1026 1668 1219 1721 vestire
1252 1667 1437 1733 figura,

244 1756 519 1827 Affarique
550 1758 723 1826 palam
756 1758 1002 1826 populos,
1035 1757 1411 1823 hominemque
1442 1755 1612 1807 fateri.

238 1850 522 1918 Quemque
544 1860 699 1904 utero
732 1850 996 1903 inclusum
1028 1850 1227 1913 Mariae,
1260 1864 1379 1901 mox
1408 1850 1624 1903 numine
1646 1849 1759 1901 viso

241 1940 486 2010 Virginei
513 1950 757 1996 tumuere
786 1941 954 2007 sinus,
990 1942 1309 2007 innuptaque
1344 1952 1511 1993 mater

236 2034 454 2085 Arcano
484 2031 684 2100 stupuit
713 2032 967 2099 compleri
992 2032 1192 2085 viscera
1226 2041 1399 2100 partu,

236 2124 530 2179 Auctorem
564 2124 798 2191 paritura
828 2138 1002 2186 suum,
1029 2124 1275 2175 mortalia
1299 2124 1459 2174 corda

239 2216 517 2271 Artificem
548 2226 730 2270 texere
754 2216 883 2283 poli,
912 2215 1202 2284 mundique
1225 2226 1473 2283 repertor

235 2306 371 2360 I‘ars
398 2306 495 2359 fuit
522 2306 738 2359 humani
772 2308 1004 2373 generis,
1040 2305 1294 2373 latuitque
1325 2304 1423 2360 sub
1471 2320 1577 2359 uno

234 2394 483 2458 Pectore,
517 2393 605 2464 qui
629 2403 794 2449 totum
833 2396 937 2449 late
966 2396 1339 2464 complectitur
1367 2396 1572 2450 orbem.

233 2488 301 2543 Et
332 2489 420 2557 qui
446 2503 549 2541 non
580 2488 767 2556 spatiis
793 2496 972 2552 terrm,
1001 2502 1105 2540 non
1134 2488 1365 2555 taquoris
1395 2489 1533 2540 untla

233 2578 347 2632 Nec
376 2578 586 2646 capitur
610 2577 772 2642 caelo,
798 2592 989 2645 parvos
1016 2577 1273 2631 confluxit
1300 2578 1349 2629 in
1374 2587 1541 2645 artus,

234 2672 380 2737 Quin
410 2678 465 2725 et
491 2670 731 2739 supplicii
765 2686 977 2735 nomen,
1008 2685 1282 2737 nexusque
1314 2669 1525 2734 subisti,

236 2762 306 2817 Ut
337 2776 435 2816 nos
459 2761 755 2829 surriperes
780 2761 925 2813 letho
944 2800 959 2823 ,
1006 2774 1339 2828 mortemque
1368 2760 1575 2828 fugares

232 2852 412 2906 Morte
434 2859 544 2915 tua,
575 2864 695 2905 mox
729 2850 977 2905 aetherias
1009 2860 1223 2904 evectus
1260 2851 1311 2902 in
1342 2864 1501 2902 auras

230 2942 465 3011 l’urgata
488 2952 737 3010 repetens
768 2941 945 2995 laetum
975 2949 1026 2993 te
1058 2940 1175 2994 lucc
1206 2952 1479 3009 parentem

229 3036 534 3105 Augustum
562 3033 744 3088 foveas
776 3034 921 3088 festis
952 3043 1009 3086 ut
1036 3048 1179 3101 saepe
1209 3035 1396 3088 diebus

226 3132 423 3186 Annua
453 3129 649 3185 sinceri
679 3129 909 3184 celebret
936 3128 1131 3197 jejuuia
1158 3131 1311 3181 saeri.

721 3260 1054 3317 EPISTULA
1097 3263 1181 3319 Vl.

521 3391 878 3431 ETIIELWALDI
929 3393 996 3431 AD
1044 3393 1388 3432 Αιυιιει.ιιωι.
1426 3422 1429 3423 ν

214 3491 423 3553 [Exstat
445 3492 572 3541 inter
591 3491 832 3553 Epistolas
853 3491 1115 3552 Bonifacii;
1141 3492 1226 3541 sed
1248 3492 1564 3553 proculdubio
1588 3496 1746 3543 laeum

146 3552 242 3603 sibi
270 3556 322 3602 in
348 3555 437 3601 hac
459 3552 677 3602 editione
706 3556 818 3615 jure
855 3557 1142 3615 \'in.licat...,
1169 3552 1276 3602 cum
1304 3568 1477 3601 nomen
1504 3555 1746 3604 Aldhelmi

147 3618 381 3739 Eeraibllls
398 3618 481 3675 qui
503 3616 581 3663 isti
599 3614 816 3676 epiStolaa
836 3620 1017 3664 annexi
1034 3614 1141 3664 sunt
1169 3616 1418 3677 praefixum
1439 3618 1746 3667 invenitur...

192 3691 309 3727 tus.

223 3760 591 3815 Sacrosancto
615 3758 798 3815 abbati
826 3760 1133 3825 Aldhelmo,
1177 3761 1307 3814 mihi
1361 3760 1747 3818 inextricabilis

148 3852 341 3922 ignita:
367 3848 648 3904 charitatis
680 3850 853 3917 nodis,
897 3859 954 3904 ut
974 3852 1164 3905 merita
1206 3862 1458 3920 poscunt,
1498 3854 1746 3921 astricto,

148 3945 549 4009 Ethelwaldus,
576 3954 680 3999 tua:
716 3949 816 4015 piae
852 3948 1189 4013 paternitatis
1218 3949 1441 4017 supplex
1474 3950 1744 4016 alumnus,

148 4049 468 4109 perpetuam
493 4038 547 4091 in
580 4038 804 4091 Domino
842 4038 1114 4107 sOSpitatis
1144 4039 1389 4095 salutem.

221 4128 427 4184 ,Εειὶνί
458 4128 617 4197 igitur
650 4130 905 4198 temporis
934 4144 1115 4196 cursu,
1161 4147 1268 4201 quo
1300 4133 1574 4188 immensis
1606 4134 1745 4190 fera-

148 4222 283 4276 lium
308 4219 512 4291 passim
533 4222 973 4291 congressionem
1016 4224 1444 4292 expeditionibus
1474 4226 1587 4281 haec
1636 4226 1742 4280 mi-

149 4315 382 4371 serrima
417 4318 586 4383 patria
610 4314 923 4384 lugubriter,
958 4315 1151 4369 invidia
1183 4320 1491 4383 vastatrice,
1523 4319 1746 4373 defana-

150 4416 263 4475 tur,
298 4416 480 4461 tecum
522 4406 730 4476 legendi
779 4404 979 4470 studio,
1026 4420 1373 4463 conversatus
1404 4408 1744 4465 demorabor.

148 4498 288 4553 Tum
321 4497 456 4552 mihi
486 4497 576 4550 fiat
599 4497 837 4566 indigno.
883 4508 986 4553 tute
1016 4498 1359 4553 beatitudinis
1405 4512 1747 4556 sacrosancta

150 4590 425 4660 sagacitas
445 4590 718 4655 omnibus,
741 4598 799 4644 ut
830 4605 971 4658 reor,
1000 4592 1381 4659 propemodum
1414 4596 1746 4665 panegyricis

153 4692 261 4737 tam
294 4681 638 4737 sa‘t‘ulariutu
670 4682 940 4738 litterariae
973 4683 1310 4739 verbositatis
1352 4684 1597 4742 facundia
1632 4690 1747 4743 edi-

152 4786 355 4839 torum,
412 4790 569 4842 quam
619 4776 778 4829 etiam
844 4777 1199 4845 spiritualium
1247 4780 1599 4837 ecclesiastici
1648 4784 1746 4838 do-

153 4868 353 4939 gmatis
396 4866 535 4935 ston
581 4866 1013 4923 elucubratornm
1062 4871 1371 4939 plenissime
1420 4874 1747 4930 voluminum

155 4959 375 5028 scriptis
418 4957 657 5021 imbuta,
708 4972 903 5012 arcana
950 4959 1245 5015 liberalium
1292 4963 1585 5019 litterarum
1635 4976 1751 5021 stu-

155 5051 264 5117 dia,
328 5048 517 5115 Opacis
566 5046 825 5101 duntaxat
849 5056 1229 5119 mysteriorum
1275 5055 1520 5122 secretis,
1550 5056 1749 5125 ignaris

154 5144 463 5213 quibusque
492 5139 757 5195 mentibus
772 5141 1041 5209 obstrusa,
1068 5143 1290 5212 abrepto
1313 5161 1539 5215 propere
1561 5150 1749 5217 spissae

156 5233 475 5287 stoliditatis
504 5232 790 5298 velamine,
818 5233 1145 5302 patefaciens
1176 5237 1527 5304 liquidissime
1556 5256 1751 5310 propa-

159 5328 313 5378 larat.
345 5323 553 5391 Quibus
579 5322 644 5376 ad
676 5322 938 5394 integrqu
974 5326 1313 5383 exuberantis
1337 5330 1527 5399 ingenii
1557 5336 1747 5401 epulis,

159 5416 514 5472 ambronibus
546 5414 833 5470 siticulosae
863 5416 1232 5489 intelligentiae
1286 5420 1546 5488 faucibus,
1597 5426 1750 5481 avide

159 5508 486 5577 absumptis,
515 5522 689 5561 meam
716 5505 889 5564 adhuc
939 5509 1221 5579 pallentem
1270 5512 1607 5569 hebetudinis
1638 5532 1748 5569 ma-

160 5602 296 5655 ciem
320 5599 639 5667 largissima
667 5598 875 5655 blanda:
905 5604 1211 5670 sponsionis
1242 5606 1503 5672 epimenia
1524 5608 1751 5662 affluen-

162 5702 241 5745 ter
270 5687 629 5758 refocillabat,
665 5691 966 5757 pollicitans
997 5694 1141 5748 omni
1190 5710 1275 5750 me
1300 5695 1622 5753 desiderata:
1670 5699 1749 5753 le-

160 5786 356 5840 ctionis
388 5785 763 5849 instrumento,
796 5800 901 5855 quo
932 5787 1266 5855 potissimum
1316 5804 1449 5843 mete
1473 5791 1752 5846 mediocri-

163 5879 285 5935 tatis
313 5876 638 5934 industriam
687 5880 814 5936 satis
847 5880 1137 5939 inhiantem
1170 5895 1487 5954 agnoverat,
1525 5886 1753 5944 libenter

1864 641 2210 695 institutionis
2244 659 2558 712 pra-ceptor,
2593 662 2850 719 quatenus
2874 656 3063 709 affectu
3086 675 3450 731 consequente

1860 732 2019 786 fidem
2068 735 2352 790 verborum
2414 740 2553 793 haud
2602 743 2894 798 difficulter
2938 749 3226 817 adhibeas,
3272 770 3451 822 opem:

1862 824 2089 891 pretium
2118 840 2423 891 censemus,
2473 832 2669 886 talibus
2701 850 2865 888 sacrae
2897 840 3189 907 Seripturar
3220 847 3449 897 oraculis

1859 913 2219 971 institnulatus
2268 919 2445 989 (Prov.
2502 940 2572 991 vt,
2615 925 2667 992 1)
2701 944 2711 978 :
2748 925 2856 980 Fili
2890 932 2979 995 mi,
3029 934 3073 985 si
3117 938 3450 1003 spoponderis

1860 1023 1954 1072 pro
1986 1009 2150 1061 amico
2178 1019 2285 1073 tvo,
2307 1013 2531 1079 de/ia'isti
2558 1018 2701 1082 apud
2726 1032 3017 1075 extraneum
3047 1042 3254 1078 inuitum
3283 1036 3447 1092 tum”,

1860 1099 2165 1168 illaqueatus
2208 1120 2259 1155 es
2310 1105 2475 1157 verbis
2518 1110 2621 1161 oris
2660 1112 2753 1164 tui.
2791 1114 2852 1166 Et
2884 1117 2991 1182 jam
3023 1117 3161 1182 dico,
3194 1120 3238 1172 si
3290 1122 3449 1174 nullis

1863 1202 1913 1245 te
1956 1196 2244 1261 capacibus
2279 1199 2499 1265 profane
2546 1204 2913 1269 promissionis
2968 1210 3276 1265 retinaculis
3329 1228 3450 1280 per-

1862 1286 2075 1355 plexum
2109 1288 2517 1359 iuvolutumque
2549 1296 2937 1363 reminisceris,
2966 1310 3145 1356 tamen
3186 1318 3306 1357 cum
3340 1320 3449 1358 mc-

1863 1386 1972 1431 met
2001 1378 2069 1431 ab
2115 1381 2242 1448 ipsis
2286 1387 2587 1439 tenerrima:
2624 1390 2905 1443 cunabulis
2937 1392 3170 1445 infantim
3199 1395 3447 1459 fovendo,

1867 1473 2120 1535 amando,
2159 1476 2593 1546 pedi-tentiinque
2625 1483 3025 1538 delicatioribus
3052 1486 3285 1539 solertiae
3315 1488 3448 1543 cibis.

1871 1569 2191 1631 rccreando,
2224 1569 2290 1622 ad
2312 1582 2548 1638 vegetam
2580 1588 2747 1641 mque
2776 1578 3104 1641 pubertatem
3139 1580 3447 1645 provexisti,

1862 1657 2081 1723 dignum
2109 1659 2176 1711 ab
2204 1661 2451 1714 omnibus
2480 1676 2627 1715 sana:
2675 1665 3039 1733 intelligentia:
3085 1682 3203 1722 esse
3243 1667 3450 1735 judica-

1864 1759 1971 1816 tur,
2003 1762 2287 1816 quatenus,
2319 1752 2537 1806 confoto
2556 1754 2664 1821 jam
2692 1756 2884 1823 pabulo
2912 1757 3195 1812 tenerioris
3222 1758 3443 1827 ingenii,

1862 1843 1955 1895 des
2011 1842 2161 1896 cibos
2210 1843 2494 1899 solidiores
2544 1860 2756 1915 quoque
2811 1850 3168 1916 profondioris
3218 1851 3442 1920 sophian

1790 1915 1836 1974 Β
1866 1936 2067 1990 Tamen
2099 1938 2141 1989 si
2191 1938 2484 1991 humillima
2538 1939 2795 2006 subjectae
2847 1941 3147 1996 devotionis
3194 1943 3445 1997 instantia

1866 2029 2169 2094 importune
2213 2029 2468 2084 insistens
2506 2030 2709 2098 expetit
2752 2031 2953 2085 affatim
2997 2032 3192 2085 alendo
3238 2034 3445 2100 epulas,

1866 2120 2175 2187 impendere
2206 2134 2310 2173 non
2342 2120 2607 2190 deneges;
2663 2137 2872 2190 meque,
2928 2124 3050 2177 licet
3100 2124 3293 2177 nullius
3326 2141 3445 2177 mo-

1869 2212 2037 2263 menti
2070 2212 2256 2275 ducas,
2292 2220 2487 2265 vestra:
2526 2212 2867 2265 sublimitatis
2898 2213 3196 2281 adoptivam
3242 2216 3442 2279 prolem

1862 2315 1929 2354 ex
1953 2300 2100 2353 omni
2133 2310 2369 2369 paterna:
2400 2301 2697 2369 prudentia:
2740 2303 2895 2357 diviti
2926 2318 3088 2357 censu
3115 2306 3447 2373 aliquatenus

1859 2390 1925 2443 ad
1956 2400 2165 2457 tempus
2197 2390 2369 2444 ditare
2402 2406 2504 2445 non
2529 2405 2781 2457 recuses;
2815 2407 2882 2446 ne
2911 2394 3123 2461 quando
3170 2394 3323 2447 invisi
3352 2410 3447 2447 at:-

1859 2479 2072 2532 dacium
2104 2480 2418 2532 tumulorum
2448 2479 2606 2533 cunei
2629 2481 2882 2549 crispanti
2942 2491 3136 2550 optata:
3179 2485 3444 2552 improba-

1862 2569 2022 2623 tionis
2051 2569 2313 2623 cachinno
2349 2571 2699 2639 tripudiantes
2722 2576 3175 2642 congratulentur,
3207 2578 3251 2629 si
3288 2579 3443 2629 sobo-

1861 2661 1965 2715 lem
1998 2662 2239 2729 0pulenti
2272 2673 2509 2730 paternae
2532 2663 2891 2733 philosophia:
2917 2682 3080 2721 censu
3104 2668 3440 2723 cxltmredeiii

1858 2752 2202 2819 penurimque
2230 2752 2415 2804 feralis
2464 2753 2783 2819 insipientia:
2830 2757 3197 2823 experientem
3229 2774 3443 2826 compe-

1858 2842 2022 2895 riunt.
2051 2841 2115 2895 Et
2146 2857 2250 2895 non
2282 2842 2575 2912 incongrue
2615 2846 2745 2899 mihi
2777 2847 2862 2900 ille
2892 2847 3153 2916 lloboatn,
3184 2866 3440 2919 gellCt‘u~:t

1857 2933 1923 2986 de
1947 2933 2121 3001 stirpe
2154 2934 2499 2989 famosissitui
2525 2946 2627 2988 tam
2657 2938 2932 2991 laudabilis
2955 2941 3229 3007 sapientia:
3268 2946 3442 2996 excel-

1857 3024 1985 3079 lenti
2012 3028 2355 3089 enormitate,
2387 3042 2548 3096 quam
2576 3028 2740 3083 etiam
2784 3030 2974 3097 opimis
3006 3046 3183 3085 rerum
3215 3033 3440 3086 faculta-

1856 3116 1997 3169 tibus
2044 3117 2185 3185 regis
2223 3117 2549 3185 Salomonis,
2606 3118 2803 3173 infelici
2854 3119 3000 3173 fusus
3053 3134 3211 3189 ortu,
3266 3127 3441 3178 omni;

1855 3223 1992 3276 pene
2022 3220 2255 3278 paterna:
2278 3209 2544 3265 felicitatis
2567 3225 2763 3277 expers
2786 3253 2799 3277 ,
2836 3211 3128 3280 lugubritcr
3178 3222 3436 3286 eoa-quani

1854 3310 2033 3370 queat.
2090 3302 2349 3371 lleuique,
2375 3304 2484 3371 jam
2518 3318 2660 3358 nunc
2682 3304 2998 3372 impleturus
3028 3318 3143 3361 vota
3172 3312 3437 3375 persolvo,

1851 3403 1907 3449 ct
1932 3394 2205 3463 inceptum
2240 3396 2401 3465 largae
2433 3396 2785 3453 institutionis
2832 3398 3152 3453 beneficium
3200 3404 3438 3455 concitus

1853 3488 2084 3555 comple,
2118 3488 2293 3541 sciens
2317 3499 2368 3542 te
2391 3488 2529 3542 haud
2556 3488 2716 3543 dubie
2744 3490 3000 3557 majorem
3025 3493 3147 3548 inde
3169 3503 3438 3563 perpetua:

1854 3578 2309 3632 remunerationis
2340 3579 2563 3648 gloriam
2587 3580 2925 3647 adepturum,
2960 3582 3185 3637 Domino
3226 3585 3438 3652 aSiipu-

1852 3670 2015 3735 laute,
2042 3669 2159 3737 quia
2192 3668 2408 3739 (Matth.
2436 3671 2489 3738 x)
2523 3671 2610 3738 qui
2662 3675 3052 3738 perseveraverit
3084 3690 3243 3743 usque
3269 3676 3323 3727 in
3368 3678 3432 3743 ﬁ-

1853 3778 1986 3826 nem,
2020 3762 2102 3814 hic
2123 3761 2294 3815 salvus
2324 3764 2439 3817 erit.
2494 3762 2628 3817 lluic
2676 3775 2851 3818 autem
2908 3777 3107 3820 nostra;
3164 3768 3437 3835 parvitatis

1850 3850 2089 3920 epistolae
2121 3852 2257 3905 trina
2286 3853 2482 3907 cantuti
2506 3853 2886 3911 modulatniuis
2912 3859 3145 3911 carmina
3177 3860 3313 3913 binis
3340 3875 3437 3925 ge-

1852 3942 2069 3996 neribus
2086 3941 2289 4011 digesta
2304 3942 2438 3997 subd
2447 3942 2661 4009 iditnus,
2679 3960 2905 4015 quorum
2926 3949 3156 4017 primunt
3174 3948 3437 4021 dactylico

1852 4034 2050 4089 heroici
2084 4036 2345 4104 poematis
2370 4034 2683 4091 hexametro
2707 4053 2771 4092 ac
2818 4039 3071 4107 pedestri,
3107 4050 3167 4095 ut
3191 4051 3433 4109 autumn,

1852 4127 2033 4197 regula
2060 4127 2305 4182 euucleat
2334 4136 2389 4182 et
2412 4129 2729 4183 trutinatuni
2756 4130 2876 4183 etin
2901 4146 3004 4184 ιιι
3046 4132 3434 4200 comquautiuin

1854 4235 2109 4275 versuum
2139 4220 2419 4286 formulas,
2448 4236 2575 4275 casu
2608 4221 2678 4276 ita
2708 4223 3037 4291 obtingente,
3072 4233 3145 4290 et,
3180 4235 3234 4279 ut
3262 4227 3437 4280 verius

1852 4310 2053 4377 dicam,
2077 4328 2325 4381 supernae
2352 4312 2769 4381 diSpensationis
2801 4322 2932 4369 nutu
2982 4314 3315 4381 moderante,
3359 4316 3441 4369 di-

1851 4412 2047 4465 visum.
2080 4412 2319 4466 Tertium
2350 4426 2565 4481 quoque
2590 4425 2694 4466 non
2729 4410 2923 4481 pedum
2954 4425 3204 4466 mensura
3252 4411 3438 4466 elucu-

1852 4502 2087 4568 bratum,
2114 4502 2210 4557 sed
2240 4505 2449 4557 octonis
2474 4503 2700 4572 syllabis
2723 4503 2776 4555 in
2831 4504 2937 4557 imo
2993 4502 3233 4571 quolibet
3281 4518 3438 4558 versu

1775 4624 1828 4684 D
1854 4592 2169 4661 compositis
2202 4607 2304 4645 una
2328 4592 2626 4659 eademque
2669 4593 2841 4647 littera
2881 4593 3220 4661 comparibus
3269 4592 3441 4647 linea-

1861 4700 1975 4739 rum
2010 4684 2312 4738 tramitibus
2344 4692 2521 4752 aptata
2546 4684 2743 4738 cursim
2794 4684 3002 4738 calamo
3037 4692 3312 4751 perarantc
3352 4698 3435 4737 ca—

1860 4785 2106 4831 raxatum
2138 4774 2255 4840 tibi,
2282 4776 2627 4845 sagacissime
2648 4784 2813 4840 sator,
2846 4776 3214 4829 transmittens
3240 4775 3438 4830 dicavi.

1860 4871 2089 4926 Medium
2115 4885 2242 4925 vero
2268 4885 2387 4924 meo
2432 4878 2629 4937 tuoque
2656 4867 2839 4922 clienti
2872 4867 3136 4922 Winfrido
3164 4868 3231 4923 de
3270 4877 3437 4921 trans-

1859 4964 2053 5017 marini
2122 4964 2327 5017 scilicet
2384 4960 2593 5015 itineris
2644 4959 3102 5030 peregrinatione,
3156 4956 3443 5011 simillimis

1861 5054 2040 5109 itidem
2064 5068 2313 5108 versuum
2341 5060 2397 5107 et
2417 5051 2743 5123 syllabarum
2799 5050 2962 5104 lineis
3008 5049 3307 5105 confectum
3359 5062 3443 5102 rc-

1859 5157 2192 5217 prmsentans
2250 5146 2485 5214 porrexi.
2520 5143 2643 5197 llaec
2690 5143 2887 5197 idcirco
2917 5152 3107 5195 vestra:
3155 5139 3443 5195 beatitudi-

1858 5239 1941 5292 nis
1980 5236 2297 5290 venerandis
2349 5236 2629 5289 obtutunm
2676 5233 2968 5286 luminibus
3011 5232 3442 5301 reprmseutanda

1858 5332 1971 5385 fore
2004 5330 2363 5385 necessarium
2389 5329 2539 5392 duxi,
2567 5328 2708 5397 quod
2756 5335 2953 5381 nostrae
3000 5326 3273 5393 parvitatis
3295 5324 3444 5392 judi-

1858 5422 1939 5475 cio
1968 5422 2187 5491 dignum
2221 5436 2339 5475 esse
2361 5421 2529 5472 visum
2554 5427 2659 5483 est,
2684 5433 2893 5471 omnem
2922 5416 3033 5479 tibi,
3064 5424 3246 5483 utpote
3279 5416 3440 5483 Patri,

1860 5529 2098 5568 mearum
2146 5516 2443 5568 litterarum
2500 5511 2879 5565 editiunculatu
2929 5512 3155 5575 primum
3206 5508 3443 5576 pandens

1861 5607 2220 5675 propalarem,
2251 5615 2511 5674 quatenus
2564 5610 2755 5655 vestra:
2808 5599 3148 5653 sublimitatis
3183 5596 3441 5665 probabili

1868 5698 2094 5752 rationis
2124 5697 2327 5767 judicio
2355 5696 2726 5762 comprobata,
2755 5703 2806 5745 et
2838 5691 2900 5744 ad
2934 5692 3198 5759 mquitatis
3224 5704 3436 5743 normu-

1862 5791 1963 5843 lani
1994 5789 2254 5851 derivata,
2286 5786 2531 5841 omnibus
2558 5785 2809 5851 deinceps
2840 5783 3097 5836 lectorum
3145 5793 3434 5836 nuuterost-

1860 5882 2054 5939 tatibus
2086 5880 2425 5950 αςοοριιὼὶιίς
2454 5885 2647 5932 exstat.
2688 5876 2812 5929 Vale
2838 5874 2888 5927 in
2920 5872 3149 5928 Christo.
