4214 6550
755 415 817 466 99
1613 410 1666 460 S.

1309 526 1633 582 El‘ibTOLA
1677 524 1780 576 VII.

1181 636 1441 676 ALDHEIJH
1499 637 1565 673 Λῐ)
1620 635 1909 672 AltRIANIIM.

829 717 1296 771 llevercudissitno
1322 714 1462 767 Patri
1491 729 1730 780 memque
1761 713 1902 764 rudis
1930 711 2165 764 infantiae
2185 724 2340 764 vene-

757 809 924 862 rando
980 806 1294 875 prmceptori
1355 806 1592 858 Adriano
1647 803 1963 858 Aldltelmus
2015 803 2340 856 vernaculus

757 901 974 955 familia:
1003 899 1198 954 Christi
1240 908 1295 953 et
1323 909 1513 952 vestrm
1562 898 1772 967 pietatis
1815 895 2046 966 supple:
2094 896 2341 948 alumnus

756 995 1006 1056 salutem,
1029 1003 1132 1047 etc.

829 1082 1040 1147 Fateor,
1075 1083 1145 1137 mi
1177 1083 1512 1148 charissima,
1544 1099 1702 1152 quem
1731 1084 1896 1152 gratia
1929 1096 2075 1150 purae
2103 1079 2341 1134 dilectio-

762 1175 843 1229 nis
865 1176 1186 1244 amplector,
1218 1187 1499 1244 postquam
1531 1192 1559 1230 a
1584 1177 1768 1231 sociali
1789 1175 2141 1228 contubernio
2165 1185 2343 1236 veStro

759 1277 882 1321 ante
915 1269 1200 1322 triennium
1233 1267 1446 1322 circiter
1475 1268 1758 1323 discedens
1801 1282 1830 1320 a
1875 1265 2063 1320 Cantia
2121 1279 2342 1332 seques-

762 1362 958 1422 trabar,
987 1361 1128 1428 quod
1161 1372 1345 1415 nostra
1406 1363 1638 1426 parvitas
1696 1361 1958 1414 hactenus
1999 1360 2064 1414 ad
2125 1374 2346 1414 consor-

763 1452 891 1504 tiutn
917 1462 1151 1506 vestrum
1188 1453 1393 1507 ardenti
1436 1452 1703 1508 desiderio
1749 1453 2046 1521 ﬂagrabat;
2103 1452 2243 1522 quod
2295 1460 2350 1505 et

758 1545 1071 1614 jamdudum
1113 1547 1425 1616 cogitarent,
1461 1548 1910 1617 quemadmodum
1956 1547 2006 1598 in
2050 1547 2187 1597 votis
2241 1553 2343 1608 est,

765 1637 1060 1704 adituplens
1091 1640 1383 1705 perlicere,
1413 1641 1456 1692 si
1510 1653 1688 1692 rerum
1739 1639 1876 1691 ratio
1927 1653 1988 1692 ac
2044 1645 2346 1706 temporum

767 1727 1076 1780 VlClSailllth
1105 1740 1396 1795 pateretur,
1425 1738 1479 1782 et
1503 1730 1605 1782 nisi
1633 1743 1715 1782 me
1745 1728 1956 1783 diversa
1995 1728 2350 1795 impedimen-

768 1827 940 1869 torum
964 1817 1238 1871 obstacula
1285 1822 1645 1884 retardarent,
1697 1820 2100 1886 praesertimque
2151 1832 2342 1883 corpo-

1712 405 2053 461 ALDIIEMH
2096 403 2375 459 (lPEllUll
2423 404 2592 457 PARS
2637 407 3111 461 l.—F.l’lSTOl..-li

3940 411 4036 467 l0“

2363 525 2411 576 A
2441 523 2752 578 charissime
2775 565 2787 586 .
2811 526 2931 578 licet
2961 525 3272 581 adolescens
3301 535 3460 578 aetate
3490 525 3694 588 existis,
3731 524 4036 577 vanissituis

2449 627 2622 670 tamen
2673 618 3080 671 oblectamentis
3103 619 3258 687 hujus
3289 619 3474 672 mundi
3508 633 3843 687 nequaquam
3890 629 3937 672 te
3961 622 4038 672 ni—

2451 709 2614 762 mium
2645 713 2928 778 subjicias,
2959 712 3070 764 sive
3099 712 3150 764 in
3201 713 3525 779 quotidianis
3573 711 3941 777 putationibus
3985 723 4038 765 et

2444 802 2708 856 ceuviviis
2737 819 2834 856 usu
2884 802 3250 872 frequentiore
3294 817 3357 855 ac
3408 803 3702 871 prolixiore
3754 801 4039 854 inhoneste

2444 894 2752 965 Supernuis.
2785 898 2899 950 sive
2931 897 2981 950 in
3011 897 3284 962 equitandi
3316 897 3600 965 vagatione
3628 895 3911 963 culpabili,
3941 911 4037 949 seu

2448 986 2501 1039 in
2553 986 2883 1055 quibuslibet
2931 1002 3206 1055 corporea:
3249 987 3624 1041 delectationis
3672 987 4038 1050 voluptatibus

2446 1078 2811 1132 exsecrandis.
2851 1078 3120 1133 Memento
3167 1094 3377 1147 semper
3427 1077 3553 1148 quid
3600 1078 3863 1144 scriptum
3914 1091 4033 1130 est.

2448 1153 2799 1222 Adolescentia
2826 1179 2869 1221 et
2893 1171 3126 1239 voluptas
3152 1187 3277 1221 vana
3307 1179 3445 1222 sunt.
3492 1168 3756 1222 Admonui
3803 1183 4036 1233 quoque.

2451 1259 2839 1315 vehementiori
2869 1260 3109 1328 pecunia:
3133 1268 3188 1314 et
3213 1263 3355 1316 omni
3389 1260 3664 1314 scecularis
3709 1259 3900 1326 gloria:
3935 1259 4037 1309 Deo

2450 1368 2664 1421 semper
2709 1353 2892 1407 0diltili
2945 1351 3212 1421 jactantim
3243 1367 3574 1421 nequaquam
3630 1353 3768 1404 ultra
3823 1353 4038 1403 modum

2453 1445 2734 1505 inservias,
2769 1445 2908 1496 illius
2939 1445 3220 1498 sententia:
3249 1443 3598 1498 reminiscens
3661 1459 3670 1492 :
3731 1441 3874 1506 Quid
3929 1457 4040 1507 ρι-οο

2452 1533 2558 1586 dest
2588 1533 2811 1596 homini,
2839 1533 2882 1585 si
2914 1542 3074 1584 totum
3115 1533 3364 1586 mundum
3409 1535 3658 1590 lucretur,
3691 1532 3881 1580 animm
3931 1545 4039 1579 rem

2455 1638 2560 1677 suae
2583 1623 2936 1676 detrimentum
2969 1623 3233 1689 patiatur?
3267 1620 3438 1674 Filius
3464 1623 3593 1674 enim
3627 1620 3851 1672 hominis
3883 1631 4041 1669 rentu-

2455 1733 2542 1769 rus
2567 1727 2636 1770 es!
2663 1718 2714 1769 in
2745 1714 2908 1784 gloria
2930 1731 3023 1768 sua
3049 1724 3094 1768 et
3125 1725 3420 1768 sanctorum
3446 1715 3784 1782 angelorum;
3815 1722 3863 1762 ει
3898 1713 4041 1761 retri-

2457 1811 2570 1862 buet
2600 1810 2870 1876 unicuique
2891 1809 3168 1861 secundum
3198 1824 3351 1874 Opera
3374 1823 3487 1859 suo.
3517 1806 3619 1858 Sed
3646 1806 3815 1856 multo
3852 1803 4038 1870 magis,

768 1921 876 1960 reae
906 1907 1207 1977 fragilitatis
1239 1911 1543 1963 valetudine
1567 1910 1870 1962 medullitus
1917 1908 2151 1962 labentia
2179 1921 2348 1962 mem-

2457 1899 2527 1952 mi
2560 1899 2947 1964 amantissime,
2978 1899 3060 1951 vel
3086 1899 3404 1951 lectionibus
3434 1897 3648 1957 divinis,
3669 1895 3749 1948 vel
3776 1895 4034 1947 orationi-

773 1999 864 2052 lira
891 2012 1150 2068 coqueute
1184 2017 1286 2055 non
1317 2003 1548 2066 sinerer;
1583 2018 1684 2072 qua
1736 2004 2025 2071 quondam,
2057 2002 2182 2057 dum
2232 2014 2351 2071 post

770 2092 937 2159 prima
981 2093 1246 2148 elementa
1296 2095 1492 2150 iterum
1543 2097 1679 2164 apud
1740 2113 1833 2152 vos
1882 2111 2078 2163 essent,
2131 2097 2349 2156 domum

770 2182 946 2236 redire
966 2194 1182 2240 coaetus
1211 2201 1352 2240 sum.

1299 2278 1628 2334 EPISTULA
1686 2278 1811 2333 Vill.

1273 2385 1498 2425 εειωΝι
1530 2388 1836 2425 Αιυιιεωιο.

845 2458 1073 2515 Domino
1119 2462 1423 2517 lectricihus
1479 2465 1649 2517 ditalo
1702 2465 1928 2531 studiis,
1979 2465 2353 2533 melliiluisque

773 2564 962 2610 ornato
1021 2555 1497 2613 lucubratiuncuiis
1527 2600 1541 2622 ,
1580 2559 1866 2613 Aldhelmo
1921 2559 2354 2614 areltimandritm

770 2647 1066 2714 Saxonum,
1095 2650 1319 2703 mirifice
1350 2650 1720 2716 reperienti'in
1771 2653 1879 2706 oris
1925 2653 2065 2718 quod
2111 2651 2351 2704 nonnulli

769 2756 890 2794 cum
921 2741 1188 2795 laborilms
1228 2752 1279 2796 et
1305 2744 1590 2797 sudoribus
1639 2745 1688 2797 iu
1738 2745 1914 2798 alieno
1959 2759 2084 2800 aere
2129 2745 2216 2798 vix
2275 2746 2354 2798 lu-

769 2848 1009 2897 crantur,
1035 2835 1284 2889 Cellauus
1319 2837 1369 2890 in
1399 2837 1710 2890 lliberneusi
1741 2838 1912 2890 insula
1944 2848 2100 2891 natus
2127 2879 2140 2900 ,
2170 2838 2224 2891 in
2254 2853 2354 2891 ex-

771 2937 942 2978 tremo
973 2925 1298 2980 Francorum
1331 2928 1515 2981 limitis
1539 2929 1709 2981 latens
1737 2929 1928 2996 angulo
1958 2928 2107 2981 exsul
2130 2971 2143 2993 ,
2178 2927 2352 2982 famo-

770 3032 843 3070 sae
867 3017 1091 3072 coloniae
1111 3018 1308 3073 Christi
1337 3030 1634 3074 extremum
1665 3028 1720 3074 et
1768 3021 1869 3075 vile
1916 3019 2264 3088 mancipium,
2299 3017 2353 3072 in

774 3119 882 3165 tota
907 3120 960 3164 et
993 3119 1098 3164 tuta
1127 3110 1388 3166 Trinitate
1415 3111 1662 3167 salutem.

841 3203 1001 3269 Quasi
1031 3205 1325 3273 pennigero
1351 3205 1533 3258 volatu
1571 3206 1636 3258 ad
1672 3215 1867 3259 nostrae
1901 3204 2229 3273 paupertatis
2255 3219 2350 3259 ac-

771 3296 937 3350 cessit
975 3311 1131 3350 aures
1159 3306 1352 3352 vestrae
1400 3295 1704 3351 Latinitatis
1751 3297 2102 3366 panegyricus
2145 3311 2350 3361 rumor,

770 3400 929 3455 quem
958 3386 1173 3449 agilium
1196 3386 1459 3441 lectorum
1493 3402 1598 3440 nou
1627 3387 1947 3441 horrescunt
1975 3387 2187 3440 auditus
2239 3389 2357 3442 sine

772 3493 940 3533 sanna
963 3486 1054 3532 aut
1083 3479 1340 3532 autut-eali
1373 3479 1664 3546 iutpostura
1685 3520 1698 3542 ,
1723 3486 1886 3532 notus
1918 3488 2136 3546 propter
2162 3478 2356 3532 Albur-

773 3584 898 3622 num
940 3568 1180 3623 dictricis
1203 3567 1624 3640 [Fors.,aimum
1653 3567 1929 3638 ductticis]
1962 3568 2236 3623 Romaniae
2259 3568 2356 3622 de-

771 3677 974 3715 corem.
1009 3661 1074 3714 Et
1093 3661 1137 3714 si
1161 3671 1212 3714 te
1235 3669 1553 3729 prtesentem
1573 3674 1679 3713 non
1703 3660 1993 3712 meruimus
2015 3658 2218 3720 audire,
2237 3669 2358 3712 tuos

778 3763 955 3806 tamen
987 3751 1124 3806 bona
1149 3752 1302 3806 lance
1333 3760 1672 3805 constructus
1715 3749 1940 3819 legimus
1987 3750 2153 3804 fastos
2179 3749 2356 3804 diver-

775 3858 959 3896 sorum
991 3841 1195 3896 deliciis
1217 3841 1408 3896 ﬂorum
1431 3840 1694 3909 depictos.
1722 3839 1827 3895 Sed
1845 3841 1888 3894 si
1909 3839 2177 3907 peregrini
2209 3839 2358 3893 triste

779 3932 958 3988 reficis
1011 3935 1324 3996 corculum,
1383 3945 1578 4001 paucos
1630 3933 1934 3985 transmitte
1990 3932 2359 3986 sermunculos

780 4026 924 4079 illius
953 4027 1323 4094 pulcherrimae
1357 4025 1509 4078 labiae
1537 4033 1659 4087 tua),
1690 4023 1755 4078 de
1784 4023 1938 4092 cujus
1967 4024 2112 4077 fonte
2139 4024 2358 4093 purissi-

778 4133 866 4171 tuo
919 4119 1102 4171 dulces
1157 4117 1440 4171 multorum
1490 4118 1660 4185 possit
1725 4116 1945 4170 reﬁcere
2015 4125 2244 4178 mentes,
2294 4117 2357 4170 ad

780 4212 954 4264 locum
1007 4209 1094 4262 tthi
1142 4209 1389 4263 dominus
1440 4208 1668 4261 Furseus
1715 4206 1766 4260 in
1799 4219 1986 4262 sancto
2043 4217 2098 4260 et
2153 4207 2359 4277 integro

776 4310 962 4367 panSat
991 4314 1234 4368 corpore.

1326 4368 1656 4425 EPISTULA
1711 4368 1802 4424 ΙΧ.

1064 4478 1326 4516 Αιοίιειιιι
1381 4477 1645 4516 ΕΡΙΒΤΟΙ..¹Ε
1691 4480 1755 4516 AD
1801 4479 2078 4516 Cl"!.l.A\'lHl

1379 4551 1786 4616 [Fragmentum].

2461 1991 2557 2043 bus
2589 1992 2758 2044 sacris
2787 2003 3000 2058 semper
3046 1988 3286 2056 invigila.
3335 1989 3389 2041 Si
3436 1987 3561 2057 quid
3599 2003 3727 2041 vero
3780 1999 4036 2053 pt-mteiea

2465 2079 2806 2134 smcularium
2827 2080 3123 2135 litterarum
3147 2094 3304 2134 nosse
3332 2079 3563 2145 laboras,
3590 2093 3649 2131 ea
3679 2075 4042 2130 tantummodo

2464 2186 2623 2226 causa
2654 2173 2704 2225 id
2736 2172 2918 2238 facias,
2953 2181 3008 2226 ut
3037 2173 3286 2241 quoniam
3320 2173 3370 2224 in
3400 2172 3516 2239 lege
3547 2171 3726 2224 divina
3753 2169 3836 2222 vel
3869 2170 4039 2221 omnis

2461 2267 2545 2319 vel
2578 2282 2711 2334 pene
2732 2266 2910 2318 omnis
2941 2266 3225 2319 verborum
3287 2272 3462 2318 textus
3506 2265 3638 2316 artis
3689 2262 3912 2315 omnino
3962 2277 4044 2312 ra-

2460 2359 2605 2411 tione
2655 2357 3016 2427 grammaticm
3064 2357 3505 2422 consistit,tanto
3562 2356 3800 2424 ejusdem
3849 2354 4040 2422 eloquii

2460 2449 2625 2502 divini
2702 2450 3146 2517 prolundissimos
3203 2459 3359 2519 atque
3405 2449 3794 2502 sacratiSsimos
3848 2462 4040 2500 Sensus

2459 2543 2667 2598 facilius
2698 2544 2924 2610 legendo
2951 2545 3234 2613 intelligas,
3269 2554 3465 2609 quanto
3497 2543 3638 2596 illius
3685 2542 3914 2595 rationis
3940 2557 4040 2609 qua

2458 2632 2765 2684 contexitur
2788 2631 3184 2686 diversissimas
3209 2633 3420 2702 regulas
3449 2630 3654 2699 plenius
3671 2631 4038 2684 didiceris.....

2459 2720 2607 2775 llanc
2655 2730 2834 2776 autem
2894 2722 3171 2790 epistolam
3223 2721 3419 2790 jugiter
3474 2724 3612 2776 inter
3649 2734 3877 2776 eieteros
3917 2737 4043 2791 quos

2458 2811 2592 2878 legis
2620 2810 2788 2865 libros
2836 2810 3039 2865 habere
3089 2826 3193 2866 non
3239 2813 3479 2879 omittas,
3535 2821 3588 2866 ut
3637 2812 3887 2866 videlicet
3931 2812 4044 2881 Pjrts

2459 2901 2688 2956 lectione
2713 2902 3037 2956 creberrima
3065 2904 3132 2957 de
3158 2905 3238 2956 his
3264 2919 3382 2972 qua:
3406 2905 3458 2957 in
3476 2920 3535 2956 ea
3565 2904 3759 2974 scripta
3781 2914 3926 2968 sunt,
3948 2904 4040 2957 im-

2459 2991 2664 3060 plendis
2688 3007 2806 3046 mea
2835 2994 2953 3050 vice
2978 2995 3152 3062 possis
3178 2993 3475 3048 admoneri.
3511 2994 3653 3048 Vale.

3025 3082 3358 3138 EPISTULA
3387 3083 3477 3137 XI.

2651 3190 2917 3229 ALIZHELIII
2959 3193 3025 3229 ΑΙ)
3064 3191 3275 3230 ειεηωι
3313 3192 3562 3231 Wll.!'RlDl
3604 3191 3859 3230 EPISCON.

2377 3262 2426 3325 C
2525 3266 2706 3335 Nuper
2772 3266 3050 3321 furibunda
3116 3267 3445 3334 tempestatis
3507 3268 3856 3334 perturbatio,
3909 3268 4043 3320 sicut

2458 3361 2829 3428 experimento
2871 3357 3170 3423 didicistis,
3215 3357 3556 3411 fundamenta
3591 3356 3870 3421 Ecclesia,
3912 3359 4044 3412 sicut

2457 3452 2687 3522 quodam
2719 3451 2984 3505 immenso
3013 3459 3170 3505 terra:
3197 3460 3365 3514 motu,
3395 3448 3694 3513 concussit;
3726 3449 3882 3517 cujus
3908 3460 4042 3504 stre-

2459 3545 2600 3612 pitus
2641 3557 2735 3612 per
2765 3542 2976 3598 diversa
3027 3550 3290 3595 terrarum
3339 3543 3531 3608 Spatia,
3571 3540 3714 3594 velut
3765 3542 4032 3594 tonitruali

2461 3634 2688 3704 fragore,
2742 3634 2898 3702 longe
2946 3634 3160 3701 lateque
3201 3633 3520 3700 percrepuit.
3583 3631 3647 3686 Et
3693 3631 3899 3686 ideirco
3953 3647 4040 3685 vos

2459 3727 2743 3782 viscerales
2809 3723 3178 3792 contribulos,
3236 3723 3394 3778 flexis
3435 3737 3666 3791 genuum
3725 3722 4038 3790 poplitibus,

2460 3819 2688 3874 subnixa
2736 3831 2977 3885 exposco
3025 3829 3207 3884 prece,
3253 3828 3580 3884 nequaquam
3626 3811 3784 3882 hujus
3834 3823 4038 3881 pertur-

2465 3910 2699 3966 bationis
2747 3907 2969 3978 str0pha
3001 3905 3376 3972 scandalizari,
3405 3920 3474 3960 ne
3501 3905 3778 3974 quisquam
3808 3912 4038 3958 vestrum

2465 4003 2662 4059 mentis
2692 4000 2917 4069 segnitie
2947 3999 3051 4054 tide
3087 4005 3372 4066 torpescat,
3403 3994 3612 4052 etiamsi
3640 4011 3819 4050 rerum
3852 4009 4037 4052 neces-

2462 4093 2594 4147 sitas
2623 4090 2805 4160 exigat
2842 4104 2965 4144 cum
3009 4089 3235 4158 priesule
3283 4087 3498 4157 praprio
3528 4085 3867 4156 pontificatus
3895 4087 4040 4154 apice

2466 4185 2674 4254 privato
2706 4183 2899 4237 tellure
2930 4193 3153 4250 paterna
3183 4181 3438 4253 propelli,
3470 4190 3520 4235 et
3548 4179 3772 4250 quilibet
3796 4189 4039 4248 oporteat

2467 4276 2695 4332 latorum
2737 4288 3025 4342 regnorum
3070 4272 3427 4326 transmarina
3465 4269 3678 4339 aggredi
3720 4283 3868 4328 rura.
3917 4270 4041 4336 Quis

2469 4369 2610 4423 enim
2634 4411 2648 4436 ,
2681 4381 2865 4437 quaeso
2885 4410 2900 4433 ,
2937 4375 3043 4420 tam
3074 4365 3241 4419 durus
3271 4373 3488 4419 atroxve
3520 4364 3668 4417 labor
3691 4363 3947 4427 existens,
3977 4363 4040 4415 ah

2467 4462 2560 4516 illo
2603 4475 2698 4514 vos
2735 4457 2976 4513 antistite
3018 4472 3273 4526 separaris
3314 4467 3524 4520 arceat;
3565 4456 3655 4524 qui
3691 4469 3787 4509 vos
3833 4456 3901 4509 ab
3928 4454 4040 4523 ipso

2469 4552 2716 4606 tirocinio
2761 4551 3184 4606 rudimentorum
3217 4557 3271 4604 et
3299 4562 3329 4600 a
3365 4548 3613 4616 primmva
3645 4558 3846 4600 tenera:
3873 4548 4038 4600 atatis

849 4633 1011 4688 Miror
1047 4635 1186 4702 quod
1235 4649 1320 4688 me
1351 4611 1611 4689 tantillum
1644 4611 2025 4690 homunculum
2057 4637 2124 4692 de
2154 4637 2356 4692 famoso
2387 4611 2445 4673 Β
2471 4642 2694 4698 infantia
2727 4656 2898 4711 usque
2942 4641 3136 4694 adulta:
3167 4611 3466 4710 pubertatis
3506 4636 3689 4691 ﬂorem
3735 4637 4035 4698 nutriendo,

777 4732 832 4777 et
861 4723 1110 4795 liorigero
1133 4723 1460 4780 Francorum
1491 4742 1617 4781 rure
1668 4739 1862 4781 vestra:
1907 4724 2099 4782 l‘ranite
2145 4727 2350 4801 [Fors.,

782 4813 1077 4886 Francicze]
1107 4815 1455 4871 fraternitatis
1480 4817 1734 4872 industria
1755 4820 2054 4890 interpellat
2077 4821 2355 4876 Saxonica:

783 4907 949 4973 prolis
979 4908 1221 4976 prosapia
1245 4906 1482 4978 genitum
1511 4917 1565 4963 et
1610 4909 1708 4964 sub
1763 4909 1952 4964 Arctos
2001 4927 2101 4964 axe
2150 4917 2348 4968 teneris

783 4996 1016 5053 infantia:
1055 5001 1352 5056 cunabulis.

1351 5095 1677 5152 EPISTOLA
1723 5096 1790 5150 X.

1156 5207 1420 5245 ALDIIELIH
1455 5208 1520 5246 AD
1551 5208 1982 5248 ETNELWALDCM.

855 5277 1209 5332 Dilectissimo
1239 5281 1369 5333 mihi
1419 5281 1528 5333 filio
1571 5289 1626 5334 et
1677 5282 1833 5336 simul
1882 5283 2142 5351 discipulo
2184 5283 2364 5338 Ethel-

789 5369 964 5422 waldo
990 5369 1304 5424 Aldltelmus
1332 5380 1605 5425 extremus
1631 5387 1906 5428 servorum
1953 5376 2072 5438 Dei,
2109 5377 2356 5431 salutem.

857 5458 1314 5525 Quemadmodum
1345 5473 1396 5516 te
1424 5461 1540 5515 viva
1563 5477 1693 5516 voce
1714 5465 1991 5534 aliquoties
2015 5468 2080 5519 de
2100 5468 2362 5538 aliquibus

795 5548 1084 5604 admonere
1108 5552 1309 5616 curavi,
1343 5554 1411 5605 ita
1441 5565 1492 5606 et
1532 5569 1670 5608 nunc
1702 5555 1999 5621 absentem,
2025 5568 2240 5627 paterna
2280 5574 2365 5614 se-

791 5640 1020 5693 cundant
1054 5640 1221 5696 Deum
1247 5645 1564 5698 auctoritate
1613 5645 1798 5706 fretus,
1851 5647 2036 5702 litteris
2092 5648 2365 5705 exhortari

793 5745 896 5782 non
930 5732 1092 5800 piget.
1127 5733 1236 5788 Hoc
1281 5735 1422 5790 enim
1477 5735 1598 5789 ideo
1651 5739 1877 5808 agimus,
1935 5741 2076 5808 quod
2131 5742 2366 5796 eltarilas

789 5816 1009 5885 Christi,
1043 5823 1176 5876 sicut
1197 5826 1267 5880 ait
1298 5825 1606 5896 Apostolus,
1634 5839 1782 5898 urget
1816 5845 1932 5883 nos.
1967 5829 2166 5901 itaque,
2191 5831 2259 5885 fili
2294 5836 2363 5889 uti

2468 4734 2734 4798 docendo,
2768 4732 3112 4801 castigando,
3141 4731 3379 4800 provexit
3425 4727 3650 4796 pietate;
3691 4737 3744 4782 et
3767 4726 3917 4794 quasi
3949 4745 4038 4780 nu-

2470 4829 2569 4882 trix
2601 4826 2784 4895 gerula
2833 4825 3060 4879 dilectos
3105 4823 3344 4881 extensis
3374 4821 3615 4874 ulnarum
3660 4821 3866 4875 sinibus
3906 4818 4037 4872 refo-

2469 4920 2690 4984 cillans,
2719 4917 2799 4970 sic
2823 4915 3104 4970 charitatis
3131 4915 3334 4984 gremio
3366 4912 3503 4967 fotos
3527 4912 3820 4966 clementer
3845 4910 4039 4978 ample-

2473 5029 2568 5068 sus
2597 5026 2698 5068 εει.
2749 5011 3101 5078 Perpendite,
3129 5022 3311 5078 qumso
3331 5047 3346 5071 ,
3377 5015 3740 5060 creaturarum
3770 5002 4032 5066 ordinem,

2472 5107 2660 5174 eisque
2687 5103 2946 5158 divinitus
2993 5101 3207 5156 insitam
3241 5109 3518 5161 naturam;
3550 5105 3809 5165 quatenus
3840 5109 3903 5149 ex
3943 5093 4029 5147 mi-

2469 5197 2731 5250 nimarum
2775 5208 2952 5248 rerum
2981 5192 3268 5245 collatione
3301 5189 3583 5244 llesibilem
3617 5186 4032 5241 commiseratio-

2469 5287 2551 5339 nis
2601 5285 2867 5350 formam,
2911 5282 3130 5336 Christo
3175 5281 3425 5348 juvante,
3476 5278 3727 5346 capiatis;
3779 5276 4037 5344 quomodo

2468 5379 2713 5434 examina
2763 5394 2920 5446 apum
2967 5377 3269 5431 calescente
3311 5373 3519 5429 coalitus
3561 5380 3826 5436 caumate,
3866 5385 3928 5425 ex
3967 5370 4035 5421 al-

2475 5471 2668 5524 veariis
2698 5480 2910 5523 nectare
2934 5469 3278 5539 ﬂagrantibus
3297 5468 3539 5521 certatim
3565 5472 3862 5531 emergant,
3886 5471 3937 5516 et
3957 5476 4034 5514 ea-

2475 5579 2593 5616 rum
2625 5572 2842 5616 auctore
2889 5561 3183 5629 linquente,
3212 5560 3467 5614 brumalia
3517 5557 3852 5611 mansionum
3900 5569 4032 5608 rece-

2473 5654 2682 5724 ptacula
2711 5695 2726 5718 ,
2780 5654 3072 5707 densarum
3127 5665 3474 5705 cavernarum
3524 5648 3816 5710 cohortes,
3864 5645 4034 5709 rapida

2474 5748 2652 5798 volatu
2684 5743 2748 5797 ad
2782 5744 2979 5799 :ethera
3013 5744 3361 5813 glomerante,
3393 5740 3633 5809 exceptis
3663 5740 3915 5793 duntaxat
3951 5753 4035 5790 au-

2478 5839 2742 5907 tiquarum
2799 5835 3004 5891 sodium
3063 5834 3443 5890 servatricibus
3493 5831 3558 5886 ad
3611 5832 4034 5902 pr0pagntioneta
