4214 6542
184 431 276 483 Illi

1548 416 1877 474 EPISTULA
1921 414 2056 467 Χιγ.

3351 416 3451 466 I02

176 544 379 601 sobolis
423 543 639 602 futuras;
690 540 927 602 relictus,
975 540 1227 604 inquam,
1260 535 1556 587 mirabilius
1589 534 1758 598 dictu,
1794 531 1836 590 Α
1871 526 2243 594 przesagmina,
2296 524 2537 580 refutatis
2584 526 3019 594 philosophorum
3052 529 3449 594 ernumentitiis,

182 650 276 688 rex
342 648 543 695 earum,
609 632 796 699 spissis
850 629 1115 683 sodalium
1167 626 1463 696 agminibus
1517 625 1761 687 vallatus,

180 739 303 777 cum
376 722 593 775 hiberna
661 732 832 773 eaStra
901 719 1158 786 gregatim
1218 715 1488 784 egreditur
1543 723 1593 767 ct
1638 728 1763 765 cava

174 814 420 880 stipitum
474 814 664 865 robora
714 812 975 874 rimatur,
1030 810 1072 862 si
1124 806 1485 877 pulverulenta
1531 804 1765 858 sabloois

175 906 465 975 aspergine
496 903 843 973 praepeditus,
878 918 971 955 seu
1005 901 1294 968 repentinis
1328 897 1586 951 imbribus
1617 908 1760 951 cata-

178 1006 329 1049 raeta
360 996 567 1067 Olympi
609 997 855 1065 guttatim
903 994 1211 1049 rorantibus
1251 991 1549 1045 retardatus
1586 992 1764 1056 fuerit,

185 1096 239 1141 et
266 1087 332 1139 ad
359 1097 564 1155 gratam
595 1098 794 1141 cratem
826 1086 1115 1154 sedemque
1139 1085 1412 1153 pristinam
1444 1091 1763 1144 revertatur,

176 1180 361 1234 omnis
392 1181 634 1249 protinus
657 1179 927 1234 exercitus
953 1187 1208 1231 consueta
1237 1175 1494 1229 vestibula
1528 1190 1767 1244 perrum-

178 1286 350 1338 pens,
388 1273 559 1340 prisco
589 1270 843 1324 cellarum
875 1270 1106 1323 claustra
1132 1265 1553 1336 gratulabundus
1586 1266 1764 1333 ingre-

174 1361 349 1416 ditur.
373 1401 386 1414 .
418 1403 431 1417 .
459 1402 471 1415 .
502 1399 518 1416 .
547 1400 559 1413 .
592 1359 648 1416 Si
680 1376 809 1429 ergo
840 1360 1015 1414 taliter
1041 1368 1288 1413 creatura
1318 1357 1523 1409 ratione
1551 1370 1763 1419 carens,

172 1465 341 1517 quant
374 1450 476 1503 vita
522 1458 578 1505 et
609 1460 799 1503 natura
834 1449 997 1503 indita
1046 1450 1251 1517 absque
1300 1446 1506 1511 legibus
1554 1446 1768 1511 scriptis

176 1542 510 1609 gubernant,
548 1541 844 1609 reciprocis
878 1551 1182 1609 temporum
1222 1538 1643 1592 successionibus
1672 1535 1771 1589 du-

173 1634 345 1688 t-toris
376 1642 650 1702 praecepto
682 1641 862 1702 paret,
894 1631 1241 1700 respondete,
1276 1645 1423 1698 rogo,
1456 1640 1629 1683 utrum
1664 1646 1767 1683 non

174 1724 466 1778 horrenda:
513 1722 929 1777 abominationis
978 1719 1192 1775 infamia
1237 1721 1344 1775 sint
1384 1720 1765 1789 exprobrandi,

172 1817 268 1883 qui
296 1830 559 1869 concessa
591 1814 922 1884 septiformis
950 1814 1182 1883 Spiritus
1210 1815 1377 1880 gratia
1412 1814 1642 1880 praediti,
1675 1814 1769 1865 de-

1874 615 2051 685 legito.
2088 614 2385 667 Absurdum
2410 616 2550 667 enim
2576 616 2826 681 arbitror,
2861 630 3037 686 spreta
3062 619 3204 673 rudis
3227 634 3287 673 ac
3310 630 3454 675 vete-

1871 710 1941 760 ris
1970 706 2305 760 lustrumenti
2337 708 2686 762 inextricabili
2721 724 2926 776 norma,
2975 726 3066 778 per
3100 710 3297 766 lubrica
3337 713 3443 766 du-

1870 800 2001 853 mosi
2032 796 2171 852 ruris
2192 798 2526 864 diverticula,
2557 802 2664 853 imo
2700 816 2791 868 per
2818 802 3066 872 dyscoles
3102 802 3444 871 philosopho-

1869 911 1984 949 rum
2015 893 2305 959 anfractus,
2338 896 2440 950 iter
2474 911 2719 964 carpere.
2767 896 2871 951 Sen
2911 907 3056 953 certe
3092 898 3349 966 oportatis
3372 901 3453 952 vi-

1870 998 2101 1043 treorum
2132 989 2354 1040 fontium
2390 988 2622 1057 limpidis
2658 989 2929 1051 laticibus,
2961 990 3223 1057 palustres
3246 989 3456 1060 pontias

1869 1079 2257 1147 lutulentasque
2304 1078 2531 1144 limphas
2577 1080 2850 1133 siticuloso
2918 1090 3139 1149 potare;
3202 1080 3252 1133 in
3301 1082 3453 1149 queis

1866 1178 1981 1222 atra
2011 1166 2262 1222 bufonum
2294 1175 2467 1220 turma
2499 1169 2807 1221 catervatim
2838 1180 3024 1233 scatet,
3074 1178 3231 1237 atque
3263 1186 3456 1237 garru-

1868 1264 1989 1315 litas
2023 1276 2269 1315 ranarum
2312 1260 2580 1328 crepitans
2625 1269 2835 1312 coaxat.
2886 1261 3171 1327 Quidnam,
3221 1264 3454 1330 rogitans

1870 1372 2074 1421 quaso,
2124 1355 2439 1409 orthodoxa:
2485 1355 2603 1406 fidei
2645 1365 2983 1407 sacramento
3008 1355 3269 1408 commodi
3302 1354 3457 1409 affert

1870 1446 2005 1498 circa
2030 1454 2343 1497 temeratum
2373 1459 2577 1510 spurcae
2611 1444 2943 1511 Proserpina:
2989 1445 3267 1510 incestum,
3315 1449 3454 1514 quod

1871 1536 2136 1591 abhorreo
2182 1535 2301 1597 fati,
2329 1536 2607 1588 enucleate
2654 1536 2879 1603 legendo
2919 1537 3310 1605 setuzantloque
3338 1554 3457 1592 sur-

1869 1628 2109 1690 descere,
2139 1636 2228 1680 aut
2260 1626 2603 1681 llerniiouem
2654 1628 2977 1694 petulantem
3026 1628 3246 1683 Menelti
3276 1640 3328 1685 et
3355 1631 3458 1686 lle-

1871 1718 2004 1773 leoa:
2026 1720 2289 1782 sobolem,
2317 1735 2457 1785 quae,
2492 1728 2549 1772 ut
2577 1719 2743 1787 prisca
2779 1720 3006 1787 produnt
3033 1723 3306 1788 opuscula,
3354 1725 3445 1778 de-

1874 1809 2238 1876 Spondebatur
2278 1807 2482 1877 pridem
2531 1808 2654 1876 jure
2697 1809 2837 1862 d0tis
2880 1811 3077 1873 Oresti,
3109 1810 3452 1883 domumque.

175 1919 319 1960 vota:
368 1906 717 1975 subjectionis
771 1907 919 1959 frena
972 1906 1078 1958 ritu
1129 1904 1440 1973 phrenetico
1496 1904 1764 1973 frangunt.
1804 1888 2140 1957 Bsententia
2166 1910 2385 1963 mutata,
2415 1900 2763 1969 Neoptolemo
2794 1903 2991 1971 nupsit,
3040 1904 3280 1960 lectionis
3316 1923 3454 1976 prte-

176 1999 294 2052 flur
325 2009 500 2052 autem
550 2000 885 2050 diversarum
943 2013 1118 2049 rerum
1165 1996 1603 2049 ratiocinationes
1635 2012 1768 2049 con-

171 2092 430 2161 globans,
482 2090 545 2143 ad
619 2090 913 2158 instiganda
969 2090 1128 2143 vestri
1190 2089 1421 2156 pectOris
1470 2089 1767 2156 prmeordia

173 2183 443 2238 stridente
474 2183 678 2236 calamo
707 2196 1040 2250 percurram,
1073 2180 1279 2233 audite.
1314 2180 1451 2233 Ecce
1482 2180 1769 2232 saeculares

175 2274 376 2328 divina:
403 2273 641 2328 scientia:
668 2281 933 2335 extorres,
960 2272 1003 2324 si
1034 2271 1283 2324 devotum
1316 2270 1585 2324 dominum
1609 2285 1766 2338 quem

177 2367 233 2419 in
278 2368 630 2434 prosperitate
678 2365 1000 2432 dilexerunt,
1032 2376 1277 2420 cessante
1329 2364 1597 2419 felicitatis
1636 2379 1772 2433 opu-

178 2461 378 2521 lentia,
433 2469 487 2513 et
536 2458 821 2527 ingruente
869 2459 1182 2512 calamitatis
1229 2456 1573 2521 adversitate,
1619 2455 1767 2510 dese-

178 2550 412 2614 ruerint,
441 2559 495 2603 et
525 2565 711 2603 secura
757 2548 933 2602 dulcis
972 2550 1155 2617 patriae
1183 2546 1289 2601 otia
1330 2547 1647 2602 exsultantis
1677 2547 1771 2600 do—

177 2643 315 2697 mini
366 2658 627 2711 pressura:
679 2643 1030 2712 prrctulerint,
1067 2656 1242 2695 nonne
1286 2639 1633 2694 exsecrabilis
1680 2654 1769 2692 ca-

179 2733 372 2787 chinni
424 2733 651 2786 ridieulo
698 2742 750 2786 et
798 2742 1117 2802 gannaturre
1164 2730 1385 2798 strepitu
1426 2730 1494 2783 ab
1523 2729 1770 2782 omnibus

179 2824 491 2877 ducuntur?
522 2823 659 2888 Quid
691 2836 819 2892 ergo
848 2822 915 2874 de
944 2820 1098 2875 vobis
1128 2820 1360 2883 dicetur,
1390 2819 1434 2872 si
1468 2818 1769 2887 pontificem

180 2915 281 2979 qui
313 2928 407 2967 vos
439 2914 660 2968 nutrivit
689 2923 742 2968 et
772 2912 969 2968 extulit
998 2912 1049 2966 in
1081 2912 1273 2967 exsilio
1302 2910 1475 2966 solum
1507 2909 1773 2967 dimiseri-

184 3005 301 3057 tis?
329 3012 434 3059 etc.

748 3117 1073 3173 EPISTULA
1116 3116 1227 3170 XII.

600 3228 867 3267 ALNIELXII
911 3230 978 3267 AD
1018 3226 1361 3265 “'INBERTIII.

271 3302 496 3357 Domino
526 3302 577 3355 in
606 3301 943 3354 dominorum
978 3298 1205 3351 Domino
1247 3296 1590 3351 dilectissimo
1623 3295 1773 3349 Win-

184 3398 347 3451 berto
381 3393 713 3455 Ahlhelmus,
745 3406 929 3446 servus
959 3405 1232 3445 servorum
1280 3390 1395 3452 Dei,
1442 3389 1493 3443 in
1540 3388 1775 3458 angulari

182 3490 421 3543 duorum
468 3494 907 3539 testamentorum
959 3482 1133 3551 lapide
1163 3481 1230 3535 de
1260 3480 1486 3534 summis
1516 3479 1776 3533 montium

186 3577 488 3632 verticibus
536 3575 797 3637 abscisso,
829 3574 918 3643 qui
950 3582 1177 3627 statuam
1222 3581 1481 3639 quaterno
1529 3569 1778 3623 metallo-

182 3686 309 3723 rum
339 3682 535 3736 genere
566 3666 934 3726 fabrefactam,
964 3674 1225 3731 quaterna
1258 3661 1584 3729 populorum
1617 3676 1777 3728 regna

182 3763 495 3830 signantem
522 3773 679 3813 crura
711 3768 887 3824 tenus,
919 3766 1104 3809 aurato
1130 3755 1324 3823 capite,
1359 3752 1649 3823 oppressit,
1684 3767 1777 3807 sa-

186 3858 378 3908 ltttcm.

264 3942 513 3996 Gerulum
553 3940 849 3995 litterarum
877 3939 941 3993 ad
969 3950 1161 3993 vestrae
1194 3936 1405 4005 pietatis
1434 3938 1775 4006 praesentiam

196 4033 613 4095 destinavimus,
646 4032 733 4098 qui
766 4030 915 4083 Vobis
971 4029 1089 4082 viva
1119 4042 1246 4082 voce
1276 4026 1343 4082 de
1382 4043 1542 4081 causa
1581 4038 1778 4083 nostra:

189 4120 533 4176 necessitatis
572 4119 872 4173 imminenti
926 4117 1133 4187 plenius
1177 4117 1554 4186 promulgabit,
1601 4120 1653 4173 id
1698 4129 1778 4174 est

190 4216 264 4267 de
298 4222 471 4275 terra,
514 4224 672 4279 quam
723 4209 874 4263 nobis
908 4207 1246 4263 venerandus
1278 4208 1535 4276 patricius
1567 4207 1781 4262 Baldre-

187 4301 299 4357 dus
344 4298 723 4369 possidendam
768 4308 991 4366 accepto
1037 4298 1207 4366 pretio
1252 4298 1465 4362 obtulit,
1510 4300 1778 4367 prmeipue

190 4408 296 4463 pro
326 4400 540 4460 captura
570 4391 792 4459 piscium
821 4399 947 4459 apto
999 4397 1053 4442 et
1080 4390 1403 4458 competenti
1430 4390 1570 4444 loco.
1600 4390 1665 4444 Et
1695 4392 1778 4444 id-

191 4483 345 4536 circo
376 4481 499 4535 dum
546 4478 600 4534 in
635 4482 800 4533 nostri
847 4480 987 4548 regis
1019 4490 1281 4549 potestate
1323 4480 1444 4534 data
1496 4488 1550 4534 et
1587 4482 1779 4537 collata

1801 3240 1848 3305 Ο

1872 1994 2025 2047 conio
2049 1994 2290 2045 venerari
2317 2009 2329 2055 ;
2357 2000 2448 2045 aut
2477 1990 2840 2059 Lupercorum
2866 1993 3231 2046 bacchantium
3252 1998 3455 2048 antisti-

1874 2094 1973 2147 tes,
2002 2086 2103 2138 ritu
2132 2085 2421 2137 ltl‘létﬂllllm
2456 2083 2648 2151 Priapo
2672 2086 3050 2153 parasitorum,
3086 2087 3300 2142 heroico
3319 2090 3458 2158 ston

1876 2176 2116 2227 historize
2143 2188 2429 2237 caraxare;
2487 2189 2607 2240 quas
2660 2175 2823 2229 altato
2865 2180 3131 2244 quondam
3163 2179 3355 2244 sceptri
3404 2180 3456 2232 in

1876 2267 2070 2320 vertice
2102 2266 2340 2320 chelidro
2364 2266 2599 2322 Hebraea:
2629 2270 2893 2321 cautionis
2926 2269 3196 2324 obtutibus
3225 2286 3457 2334 ptmsen-

1875 2368 2004 2421 tato,
2036 2357 2136 2410 hoc
2176 2366 2279 2421 est,
2311 2357 2452 2412 alma
2488 2358 2674 2410 mortis
2704 2370 2877 2411 morte
2904 2360 3087 2427 stipite
3126 2360 3343 2427 patibuli
3376 2362 3457 2413 af-

1875 2450 1998 2513 fixa,
2046 2448 2161 2501 solo
2208 2458 2360 2501 lenus
2388 2447 2564 2500 diruta
2601 2449 2902 2502 evanuere?
2933 2448 3097 2502 Porro
3130 2457 3276 2501 tuum
3306 2447 3457 2502 disci-

1874 2540 2108 2607 pulatum
2153 2552 2248 2591 ceu
2294 2553 2527 2591 cernuus
2582 2542 2814 2593 areuatis
2866 2540 3152 2605 poplitibus
3199 2541 3457 2610 flexisque

1875 2628 2275 2697 suffraginibus,
2312 2629 2577 2681 feculenta
2629 2628 2765 2680 fatua
2816 2631 3149 2696 compulsus,
3193 2644 3370 2697 posco,
3406 2642 3460 2684 ut

1875 2732 2204 2786 nequaquam
2242 2716 2541 2785 prostibula
2597 2717 2955 2785 lupanarium,
2995 2733 3161 2788 nugas
3212 2719 3261 2771 in
3311 2723 3461 2789 queis

1876 2808 2234 2878 pompulentte
2266 2806 2565 2875 prostituta:
2592 2807 2932 2872 delitescunt,
2967 2809 3305 2864 lenocinante
3338 2810 3459 2863 luxu

1873 2905 1937 2959 ad
1969 2920 2080 2967 eas,
2110 2919 2226 2972 qua:
2255 2904 2436 2958 obrizo
2468 2905 2587 2958 rutil
2608 2914 2715 2959 tute
2768 2907 3102 2975 periscelidis
3150 2908 3459 2976 armillaqne

1874 2994 2193 3049 lacertorum
2243 2994 2397 3047 tereti
2461 3001 2643 3061 utpote
2704 2994 2883 3049 faleris
2952 2996 3186 3050 faleratre
3249 3002 3461 3053 curules

1872 3094 2173 3147 comuntur,
2208 3085 2300 3139 sed
2330 3085 2497 3152 magis
2528 3084 2670 3137 edito
2704 3084 2840 3139 aula:
2884 3085 3091 3152 fastigio
3121 3099 3325 3155 spreto,
3357 3105 3463 3157 quo

1878 3176 2085 3245 patricii
2129 3190 2191 3229 ac
2224 3186 2485 3243 primores
2517 3177 2812 3243 potiuntur,
2860 3179 3116 3245 gurgustii
3148 3178 3327 3232 humili
3381 3197 3466 3234 re-

1879 3267 2159 3336 ceptaculo
2188 3274 2436 3320 contenta
2479 3276 2565 3318 tua
2615 3264 2919 3318 fraternitas
2956 3268 3180 3321 feliciter
3215 3267 3459 3330 fruatur;

1880 3372 1981 3414 nec
2019 3372 2123 3412 non
2167 3366 2353 3411 contra
2384 3355 2559 3423 gelida
2591 3354 2901 3409 brutnarum
2953 3356 3118 3411 flabra
3169 3371 3199 3412 θ
3252 3360 3465 3414 climate

1879 3449 2003 3503 olim
2060 3446 2468 3514 septentrionali
2518 3446 2848 3515 emergentia
2900 3448 3159 3515 neglecto,
3213 3458 3268 3502 ut
3311 3449 3465 3504 docet

1878 3537 2074 3592 Christi
2114 3536 2419 3605 disciplina,
2455 3535 2635 3589 fucato
2674 3546 2845 3599 ostro,
2876 3537 3053 3605 potius
3086 3538 3314 3593 lacerna:
3337 3555 3459 3608 gra-

1879 3630 1996 3686 cilis
2034 3626 2229 3683 amictu
2274 3641 2337 3681 ac
2368 3636 2651 3680 mastruca:
2695 3628 2926 3696 tegmine
2958 3628 3227 3696 incompto
3260 3638 3457 3684 utatur.

2411 3736 2743 3793 EPISTOLA
2790 3739 2926 3793 XIV.

1881 3846 2032 3884 BEA'I'I
2063 3844 2327 3883 Αιῡιιειιιι
2358 3844 2656 3891 ΡΒΕΞΕΙΛΞ,
2686 3846 2911 3884 OMNIBUS
2934 3846 3462 3892 CONGREGATIONIBUB

2040 3915 2301 3955 CONCESSA
2325 3941 2338 3964 ,
2368 3915 2463 3954 SUB
2491 3914 2611 3953 EJUS
2644 3916 2899 3955 REGIHINE
2933 3918 3305 3959 CONSTIIUTIS.

1944 3990 2255 4059 [E_regis_'.rq
2298 3989 2647 4059 ms..ytfa_lgt‘es.
2692 3993 2855 4040 abbat.
2894 4001 3146 4054 excerpta.
3191 3993 3301 4043 νεά.
3346 3995 3466 4059 Alfi,

1880 4049 2055 4100 Annal.
2078 4052 2203 4100 seu.
2227 4051 2376 4111 Aug.,
2403 4050 2466 4110 ll,
2494 4050 2624 4112 tsi.)

1896 4198 1903 4209 ‘
2202 4132 2279 4186 De
2310 4133 2575 4186 Libertate
2622 4136 2848 4203 praprite
2874 4135 3149 4191 electionis.

1953 4225 2092 4281 Nihil
2126 4226 2176 4280 in
2219 4225 2320 4280 hoc
2359 4227 2557 4280 szeculo
2590 4228 2792 4293 prolixa
2837 4228 3088 4283 felicitate
3121 4228 3335 4297 fruitur,
3383 4234 3463 4286 ni-

1883 4318 1955 4371 hil
1986 4319 2233 4372 diuturna
2276 4320 2645 4375 dominatione
2675 4320 2895 4388 petitur,
2930 4322 3059 4377 nihil
3087 4324 3229 4393 quod
3267 4339 3369 4379 non
3400 4327 3466 4379 ad

1884 4411 2094 4465 fatalem
2118 4414 2240 4465 vitm
2267 4413 2576 4480 terminum,
2610 4413 2781 4467 veloci
2823 4428 3001 4480 cursu,
3038 4417 3253 4471 tendere
3285 4418 3465 4473 videa-

1883 4512 1987 4557 tur.
2022 4503 2091 4558 Et
2121 4503 2240 4557 ideo
2264 4502 2342 4557 sic
2366 4504 2521 4558 nobis
2562 4504 2958 4559 mundanorum
2993 4520 3171 4560 rerum
3214 4508 3466 4573 patrimo-

192 4589 321 4628 ⁸⁸⁸⁸
345 4573 574 4639 νίάθίυτν
608 4572 801 4666 omne
846 4588 1127 4666 Ρτθεθίηυιξ
1158 4582 1214 4666 Ψ
1247 4574 1487 4627 eamdem
1515 4573 1627 4642 δετί
1659 4589 1779 4666 Pa"
1804 4582 1858 4640 D
1886 4594 1971 4647 nia
2012 4604 2136 4647 sunt
2166 4593 2510 4662 perfruenda,
2544 4604 2602 4649 ut
2629 4606 2806 4649 tamen
2851 4606 3067 4651 aeterna:
3098 4572 3280 4666 patrim
3321 4612 3471 4653 emo-

200 4674 315 4719 tem
345 4681 437 4731 per
467 4674 571 4718 tua:
601 4665 878 4718 charitatis
924 4664 1277 4732 patrocinium
1331 4665 1578 4719 obtinere
1603 4676 1657 4719 et
1685 4664 1780 4718 ba-

198 4755 332 4808 bere
377 4753 599 4808 firmiter
646 4754 940 4818 valeamus,
970 4769 1036 4807 ne
1066 4754 1254 4807 eadem
1304 4756 1645 4824 possessione
1689 4772 1782 4825 per

198 4845 507 4900 violentiam
561 4847 771 4914 privati,
801 4846 922 4915 quia
954 4846 1267 4916 plerumque
1290 4846 1511 4915 iustitia:
1545 4847 1664 4917 jura
1694 4861 1783 4902 va-

195 4938 411 5003 cillant,
444 4936 775 5001 fraudentur,
809 4945 913 4990 etc.

735 5047 1069 5103 EPISTULA
1110 5048 1251 5104 XIII.

624 5153 893 5193 Διυιιειιιι
935 5154 1002 5192 AD
1045 5155 1344 5195 WIIJ’RIUUM
1356 5179 1369 5195 ο

280 5232 504 5288 Domino
552 5233 926 5287 venerabiliter
985 5233 1256 5303 diligendo
1306 5244 1358 5287 et
1406 5233 1788 5290 delectabiliter

198 5323 512 5381 venerando
538 5322 784 5376 Wilfridu
809 5323 1123 5378 Aldhelmus
1149 5325 1463 5381 vernaculus
1490 5328 1709 5395 supplex
1736 5327 1786 5381 in

195 5414 416 5468 Christo
464 5428 749 5481 perennem
787 5417 1034 5469 salutem.

277 5506 545 5560 Perlatum
595 5515 676 5559 est
726 5506 877 5570 mihi,
923 5506 1260 5575 rumigerulis
1308 5508 1682 5574 referentibus,
1725 5509 1790 5564 de

198 5606 399 5655 vestra:
420 5596 697 5653 charitatis
737 5598 1015 5661 industria,
1041 5597 1179 5667 quod
1214 5600 1622 5653 transmarinum
1667 5602 1785 5667 iter,

196 5691 535 5762 gubernante
564 5689 810 5754 Domino,
838 5704 1052 5757 capere,
1097 5692 1384 5760 sagacitate
1428 5690 1633 5759 legendi
1666 5707 1788 5746 suc-

199 5796 389 5849 censa,
443 5782 761 5837 decreverit.
808 5782 870 5836 Et
918 5782 1116 5837 idcirco
1163 5784 1268 5837 vita
1313 5785 1508 5839 comite
1554 5796 1789 5854 optatum

200 5874 472 5929 Hiberniae
531 5880 739 5943 portum
799 5882 1004 5942 tenens,
1064 5884 1397 5928 sacrosancta
1451 5873 1781 5942 potissimum

1889 4685 2136 4739 lumentis
2162 4700 2431 4752 nunquam
2459 4686 2847 4743 fraudaremur.
2881 4689 3012 4743 llinc
3042 4698 3125 4743 est
3146 4689 3284 4743 enim
3327 4691 3467 4760 quod

1886 4791 1984 4847 ego
2014 4776 2343 4843 Aldhelmus,
2391 4790 2673 4847 postquam
2704 4793 2790 4833 tne
2825 4780 3173 4846 immeritum,
3205 4781 3470 4850 nullisque

1888 4866 2175 4936 pratdignis
2227 4867 2468 4921 moribus
2512 4870 2950 4937 comprobatum,
3011 4871 3063 4924 in
3133 4873 3471 4939 pontificatus

1887 4955 2050 5011 officii
2072 4956 2275 5020 sedem,
2299 4957 2475 5010 divina
2505 4960 2673 5027 gratia
2702 4959 3183 5025 subthronizasset,
3216 4964 3467 5031 proposui

1888 5060 2082 5099 arcano
2133 5045 2326 5100 mentis
2366 5061 2500 5100 mea:
2554 5046 2770 5113 affectu,
2814 5057 2870 5101 ut
2923 5054 3261 5104 monaSteriis
3312 5054 3469 5118 meis,

1889 5135 2341 5205 Maildunesburg,
2376 5135 2587 5201 Frome,
2638 5136 2988 5201 Bradaoford,
3033 5139 3222 5207 quibus
3266 5140 3467 5208 jamdu-

1889 5229 2015 5281 dum
2050 5228 2098 5280 in
2130 5226 2335 5279 abbatis
2373 5227 2595 5295 gradum
2625 5232 2971 5291 coastitutus,
3015 5231 3340 5299 suffragante
3371 5230 3473 5283 Do-

1892 5320 2057 5383 mino,
2084 5318 2402 5386 regulariter
2437 5317 2647 5385 pratfui,
2673 5320 2981 5387 religiosum
3016 5321 3284 5386 abbatem,
3315 5336 3472 5390 quem

1891 5410 1991 5463 sibi
2038 5418 2335 5477 spontanea
2368 5408 2685 5463 familiarum
2731 5425 2968 5463 mearum
3016 5412 3184 5479 optio,
3234 5425 3470 5465 consona

1893 5515 2023 5555 voce
2053 5501 2360 5568 elegissent,
2394 5503 2648 5554 canonica
2700 5504 2971 5555 creatione
3018 5510 3179 5571 atque
3234 5502 3465 5569 regulari

1894 5592 2167 5645 sanctione
2197 5592 2605 5646 constituerent.
2650 5592 2744 5646 llis
2783 5594 3098 5646 voluntariis
3149 5592 3473 5662 propositio.

1897 5690 2049 5743 nibus
2084 5690 2236 5752 meis,
2286 5690 2368 5755 pia
2398 5689 2778 5741 monachorum
2812 5682 3053 5741 meorum
3084 5688 3278 5743 restitit
3306 5687 3474 5755 perti-

1898 5783 2097 5837 nacitas
2120 5798 2133 5845 ;
2160 5791 2213 5834 et
2236 5796 2355 5832 eum
2398 5783 2497 5833 hoc
2522 5780 2707 5834 sedulo
2738 5780 2951 5849 smpins,
2977 5781 3028 5834 in
3069 5792 3337 5834 conventu
3370 5781 3474 5834 fra-

1901 5884 2035 5929 trum
2070 5887 2335 5937 meorum,
2371 5872 2687 5926 ﬁtlueialiter
2712 5886 3030 5935 narrassent,
3063 5872 3241 5927 nullus
3282 5872 3359 5924 his
3388 5884 3471 5923 vo-
