4214 6550
739 410 839 467 105

1537 409 1595 462 S.
1638 407 1846 462 ALDlll
1875 407 1985 462 Llll
2027 404 2304 461 OPERUM
2347 403 2520 458 PARS
2560 402 2621 456 ll.
2653 432 2718 442 -
2755 402 3184 486 TRACTATL'S.

3891 412 3995 468 1οι

725 526 794 577 tis
829 523 958 578 meis
998 521 1420 590 placidissimum
1468 522 1741 590 praebebat
1791 536 2088 582 assensum,
2123 520 2308 573 diccn-
2337 525 2387 582 Α
2415 532 2521 572 cra:
2566 516 2741 570 crucis
2767 517 3040 584 signaculo
3067 517 3407 571 conﬁrmavi.
3441 520 3626 575 Itidem
3659 519 3799 578 idem
3833 539 3992 579 vene-

727 623 808 667 tes
843 630 854 664 :
888 612 1128 678 Quandiu
1153 612 1297 665 vitali
1330 613 1588 679 vegetaris
1615 614 1827 681 spiritu,
1861 612 2135 664 nobiscum
2168 619 2308 676 prte-

726 703 894 759 sentis
923 701 1045 755 vitae
1075 705 1248 756 studio
1291 703 1584 770 deputaris,
1623 715 1724 756 tua:
1753 717 1965 767 semper
1995 699 2313 754 dominatio-

729 795 812 846 nis
840 793 966 862 jrgo
1016 793 1317 846 humillime
1346 793 1484 846 colla
1525 794 1755 846 subdere
1800 806 1905 844 non
1938 792 2306 859 dedignamur.

721 881 830 938 Sed
869 885 969 937 hoc
998 883 1220 951 supplici
1264 888 1646 953 communique
1698 895 1884 952 rogatu
1932 885 2307 951 deprecamur,

731 975 869 1043 quod
899 974 998 1027 sub
1029 989 1180 1028 sacra
1211 975 1606 1043 Scripturarmn
1654 977 2032 1031 testiﬁcatione
2080 986 2133 1030 et
2165 976 2312 1029 favo-

734 1065 981 1117 rabilium
1029 1067 1264 1120 virorum
1318 1069 1466 1120 claro
1521 1082 1790 1120 consensu
1859 1068 2196 1130 corrobores,
2255 1072 2312 1118 ut

725 1155 904 1208 nullus
931 1164 1050 1223 post
1087 1157 1287 1209 obitum
1321 1167 1468 1210 tuum
1513 1173 1611 1211 nec
1643 1157 1841 1227 regalis
1892 1156 2166 1210 audacitas
2212 1171 2311 1210 nec

727 1243 1051 1312 pontificalis
1079 1248 1396 1315 auctoritas,
1431 1249 1513 1302 vel
1544 1249 1736 1317 aliquis
1765 1247 2169 1314 ecclesiastica),
2214 1261 2312 1301 seu

724 1339 997 1393 saecularis
1025 1341 1299 1411 dignitatis
1327 1345 1426 1407 vir,
1471 1343 1586 1398 sine
1627 1354 1817 1397 nostro
1848 1346 2142 1401 voluntatis
2168 1345 2314 1400 arbi-

728 1429 849 1494 trio,
877 1431 929 1485 in
961 1432 1114 1486 nobis
1148 1434 1247 1488 sibi
1282 1435 1516 1489 vindicet
1544 1435 1922 1504 principatum.

801 1523 934 1578 Iluic
974 1524 1168 1578 debita:
1200 1526 1585 1580 monachorum
1646 1544 1909 1591 meorum,
1944 1529 2175 1583 maxime
2229 1528 2312 1582 fa-

727 1613 989 1667 mulorum
1024 1613 1139 1680 Dei,
1175 1618 1421 1684 petitioni
1464 1618 1814 1671 libentissime
1844 1618 2128 1683 consensi;
2157 1628 2212 1671 et
2261 1620 2314 1673 in

731 1705 1082 1769 monasterio,
1133 1707 1274 1774 quod
1317 1707 1463 1774 juxta
1518 1709 1735 1761 fluvium
1790 1709 1879 1776 qui
1911 1709 2106 1763 dicitur
2147 1709 2316 1764 Wen-

730 1797 942 1860 hurnia,
995 1798 1079 1852 cui
1127 1801 1417 1854 venerandi
1449 1801 1589 1869 regis
1635 1803 1803 1856 nostri
1852 1818 2103 1872 germana
2151 1801 2316 1856 Cuth-
2347 1854 2372 1864 κ

2417 608 2616 661 randus
2643 623 2752 670 rex,
2782 616 2836 660 et
2858 609 3276 675 praenominatus
3303 610 3560 680 pontifex,
3597 614 3710 682 pari
3755 614 3997 672 devotio-

2417 701 2496 753 nis
2523 715 2681 752 manu
2714 698 3164 764 subscripserunt.
3194 701 3304 756 Nec
3350 703 3518 757 multo
3561 713 3700 771 post,
3736 706 3789 760 itt
3817 721 3997 762 sacro-

2417 803 2605 843 sancto
2633 791 2881 856 concilio,
2912 789 3052 859 quod
3095 791 3244 858 juxta
3283 792 3500 846 fluvium
3532 793 3624 862 qui
3650 795 3843 850 dicitur
3872 796 3997 852 Wo-

2403 882 2535 958 .dor,
2579 893 2963 949 congregatum
3014 894 3135 936 esse
3183 881 3537 952 dignoscitur,
3585 884 3726 939 idem
3755 888 3995 941 omnium

2417 977 2705 1033 Saxonica:
2770 976 2947 1044 gentis
3005 975 3578 1043 archimandritarum,
3659 994 3778 1034 cum
3830 982 3998 1049 regali

2419 1078 2728 1138 potentatus
2778 1081 3004 1122 assensu
3058 1077 3111 1124 et
3155 1069 3446 1138 pontiﬁcali
3507 1071 3772 1140 prioratns
3827 1082 3994 1138 nutu,

2420 1162 2697 1215 consensit
2739 1159 3056 1216 auctoritas.
3112 1161 3168 1216 Si
3197 1162 3316 1230 quis
3348 1176 3478 1217 vero
3519 1171 3702 1216 contra
3732 1161 3845 1218 hare
3890 1175 4000 1220 tam

2427 1253 2715 1308 illustrium
2741 1266 3088 1320 personarum
3120 1251 3336 1308 decreta
3359 1254 3533 1308 moliri
3565 1253 3920 1321 machinetur,
3948 1268 4002 1311 et

2417 1360 2570 1400 sacra
2623 1345 2902 1413 przesentis
2943 1342 3216 1399 schedulae
3267 1344 3400 1397 scita
3451 1346 3794 1412 praavaricari
3862 1362 4003 1416 prse-

2419 1435 2736 1502 sumpserit,
2760 1435 2989 1498 sciatse,
3023 1443 3146 1488 ante
3169 1432 3457 1487 terribilem
3484 1433 3680 1487 divina:
3711 1435 3998 1502 Majestatis

2421 1524 2697 1585 thronum,
2723 1536 2845 1575 cum
2869 1523 3375 1590 przevaricatoribus
3406 1531 3794 1594 praeceptorum
3821 1524 4003 1578 Domi-

2421 1615 2496 1679 ni,
2528 1612 2738 1682 lugubri
2769 1612 3131 1668 damnationis
3176 1613 3377 1681 judicio
3397 1615 3817 1683 percellendum.
3849 1614 4003 1668 Scri-

2424 1717 2517 1776 pta
2569 1717 2653 1762 est
2726 1705 2884 1777 hujus
2913 1705 3337 1761 conﬁrmationis
3387 1707 3628 1761 chartula
3659 1708 3726 1761 ab
3755 1707 4005 1761 lncarna-

2426 1798 2572 1850 tione
2620 1796 2830 1851 Domini
2886 1796 3056 1851 nostri
3100 1795 3226 1852 Jesu
3280 1794 3479 1852 Christi
3531 1797 3671 1863 705,
3719 1797 4004 1852 indictione

729 1888 895 1956 berga
922 1890 1194 1957 rrassidet,
1242 1906 1364 1946 cum
1414 1893 1633 1960 Optabili
1685 1892 2026 1946 famosissimi
2052 1893 2193 1962 regis
2222 1895 2313 1947 lnii
2347 1884 2394 1942 B
2433 1890 2610 1943 tertia.

727 1992 1014 2045 consensu,
1075 1991 1130 2035 et
1185 1982 1622 2038 reverendissimi
1671 1983 1851 2038 fratris
1907 1994 1962 2038 et
2006 1985 2311 2055 coepiscopi

733 2070 840 2123 ntei
889 2069 1139 2137 Daulelis,
1177 2083 1516 2138 praesentatte
1538 2075 1908 2142 promissionis
1930 2075 2126 2130 devoto
2157 2087 2308 2144 nutu,

728 2157 1163 2217 decentissimam
1187 2178 1472 2219 vernarum
1504 2165 1713 2220 Domini
1745 2166 2180 2235 postulationem,
2228 2181 2313 2220 sa-

725 2315 764 2330 α-

2635 1979 2672 2049 -ι-
2712 1979 2933 2048 Signum
2975 1993 3166 2034 manus
3199 1979 3434 2035 Danielis
3458 1980 3717 2050 episcopi.

2639 2070 2678 2141 ἰ·
2720 2070 2944 2140 Signum
2977 2069 3072 2124 lnii
3097 2069 3258 2140 regis.

2635 2163 2677 2233 ’ξ’
2719 2162 2942 2233 Signum
2970 2178 3158 2218 manus
3184 2163 3388 2232 patricii
3423 2162 3713 2218 Ethelredi.

3763 2315 3990 2330 -α-οοο

3520 2317 3760 2327 -σ--ι

1503 2412 2182 2527 εΔΝετι
2257 2410 3222 2524 ALDEELMI

1907 2597 2492 2654 SCIIIREBURNENSIS
2529 2595 2814 2648 EPISCOPI

1784 2735 2975 2882 TRACTATUS

2299 2957 2438 3000 SIVE

1589 3075 1828 3151 tlJUS
1885 3075 2305 3153 OPEBUM
2366 3076 2620 3153 PARS
2678 3076 3164 3152 SECUNDA.

1374 3329 1553 3442 DE
1618 3327 2322 3446 LAUDIBUS
2407 3330 3398 3449 VIRGINITATIS

2333 3549 2473 3596 SIVE

1573 3689 1706 3764 DE
1761 3687 2444 3766 VIRGINITATE
2501 3683 3146 3763 SANCTORUM.

743 3851 905 3914 [Opus
940 3847 1209 3912 prosaicum
1231 3843 1295 3894 de
1319 3843 1614 3907 V'irginitate
1655 3842 1839 3893 contuli
1874 3845 2078 3915 primum
2118 3855 2228 3915 eum
2247 3842 2364 3915 “Ms:
2401 3839 2966 3915 pollelgL‘Cttio-Gopm
2993 3844 3101 3904 post
3139 3842 3330 3890 textum
3358 3839 3458 3904 jam
3501 3843 3786 3906 impressum
3832 3850 4009 3901 lterum

1791 3903 1972 3954 contuli
1995 3918 2103 3954 cum
2131 3905 2219 3954 Ms.
2246 3904 2508 3954 Bodleiano
2529 3903 2658 3967 (97).
2683 3903 2878 3963 ϐιηεᾶ

819 4035 857 4090 1.
877 4029 1362 4090 Reverendissimis
1376 4029 1572 4085 Christi
1589 4027 1882 4099 virginibus
1902 4028 2329 4098 omniquedevo-
2352 4030 2401 4091 C
2433 4026 2820 4100 pollicitatione
2868 4027 3256 4097 spopondistis,
3307 4029 3533 4086 ubertim
3569 4033 3897 4102 claruerunt,
3922 4055 4011 4094 ve-

741 4140 812 4186 ta:
853 4127 1225 4200 germanitatis
1263 4125 1458 4180 aﬁectu
1499 4124 1848 4186 venerandis,
1898 4132 1952 4176 et
1995 4139 2100 4176 non
2153 4123 2326 4177 solum

745 4216 1041 4290 corporalis
1103 4215 1371 4287 pudicitiae
1431 4213 1703 4283 prmconio
1751 4213 2128 4278 celebrandis,
2187 4211 2329 4281 quod

747 4307 1095 4375 plurimorum
1123 4313 1228 4370 est,
1260 4316 1443 4356 verum
1473 4302 1632 4355 etiam
1679 4297 1971 4368 spiritualis
2003 4298 2330 4354 castimoniae

747 4397 916 4467 gratia
945 4394 1329 4465 gloriﬁcandis,
1353 4393 1496 4462 quod
1521 4407 1809 4463 paucorum
1840 4403 1941 4458 est,
1973 4393 2182 4446 scilicet
2222 4392 2330 4447 Ilil-

743 4487 964 4541 delithze
1006 4485 1266 4554 regularis
1319 4484 1638 4553 disciplinas,
1685 4493 1739 4538 et
1769 4485 2074 4538 monasticae
2104 4500 2329 4539 conver-

742 4577 965 4633 sationis
995 4578 1286 4648 magistraa,
1335 4576 1600 4646 simulque
1646 4575 1867 4632 Justinaa
1917 4590 1980 4628 ac
2019 4575 2319 4644 Cutbergaa,

744 4687 955 4729 necnon
978 4671 1256 4740 Osburgte,
1283 4671 1410 4725 mihi
1454 4670 1846 4725 contribulibus
1869 4670 2323 4724 necessitudinum

746 4765 970 4818 nexibus
990 4763 1390 4833 conglutinatus,
1437 4762 1678 4830 Aldgidte
1706 4776 1767 4816 ac
1790 4761 2154 4827 Scholasticat,
2190 4760 2322 4814 Hid-

748 4857 927 4924 burga:
954 4865 1006 4909 et
1041 4855 1318 4924 Burngidaa
1345 4853 1472 4926 [Με.
1517 4851 1698 4916 Bodl.,
1748 4849 2106 4921 Berengidm],
2163 4851 2327 4904 Eula-

744 4947 849 5013 liae,
881 4961 946 4999 ac
985 4946 1185 5007 Tecla-,
1210 4960 1422 4998 rumore
1449 4942 1746 4996 sanctitatis
1777 4941 2114 4998 concorditer
2142 4941 2328 4996 Eccle-

745 5039 879 5092 siam
904 5036 1244 5098 ornantibus,
1277 5035 1589 5090 Aldltclmus
1609 5035 1790 5104 Segnis
1819 5034 2015 5088 Christi
2039 5035 2321 5099 crucicola,

745 5139 796 5182 et
840 5129 1068 5196 supplex
1104 5126 1356 5180 Ecclesiae
1387 5125 1704 5179 vernaculus
1731 5125 2022 5193 optabilem
2054 5136 2325 5195 perpetuae

748 5217 1119 5288 prosperitatis
1147 5217 1394 5269 salutem.

821 5307 883 5360 ll.
925 5305 1243 5360 Iamdudum
1269 5306 1334 5359 ad
1380 5306 1686 5376 pontificale
1711 5309 2051 5372 proﬁciscens
2072 5308 2326 5362 concilia-

749 5400 953 5467 bulum,
1005 5400 1252 5453 fraternis
1279 5399 1547 5453 sodalium
1581 5401 1812 5454 catervis
1843 5402 2146 5467 comitatus,
2176 5402 2331 5456 almi-

750 5489 874 5542 tatis
919 5499 1110 5541 vestrm
1155 5491 1350 5558 scripta
1403 5507 1534 5545 mea:
1593 5493 1949 5546 mediocritati
2001 5494 2159 5545 allata
2199 5496 2330 5547 satis

747 5581 975 5634 libenter
1021 5581 1340 5648 suscipiens,
1395 5584 1588 5637 erectis
1633 5584 1698 5637 ad
1750 5586 1948 5639 aethera
1982 5587 2190 5653 palmis,
2225 5586 2328 5640 im-

751 5685 965 5726 mensas
1005 5670 1219 5727 Christo
1268 5689 1363 5742 pro
1392 5675 1650 5742 scapitate
1683 5684 1857 5728 vestra
1910 5677 2329 5746 gratulabundus

748 5760 1056 5829 impendere
1078 5772 1257 5830 grates
1286 5765 1486 5828 curavi,
1513 5780 1620 5832 quo
1645 5767 1785 5835 stylo
1813 5781 1914 5819 non
1942 5766 2115 5821 solum
2155 5767 2330 5820 eccle-

744 5852 958 5909 siasﬁca
1025 5855 1404 5923 promissorum
1477 5865 1721 5912 votorum
1774 5855 1995 5926 hedera,
2054 5873 2171 5928 quae
2220 5857 2324 5913 ﬁda

2439 4135 2557 4175 rum
2587 4120 2746 4175 etiam
2778 4117 3029 4173 melliﬂua
3071 4118 3370 4174 divinarum
3401 4123 3574 4177 studia
3620 4124 4011 4195 Scripturarum

2434 4209 2778 4279 sagacissima
2845 4223 3153 4264 sermonum
3225 4212 3365 4267 serie
3428 4222 3733 4282 patuerunt.
3778 4218 4014 4290 Cumque

2435 4299 2674 4369 singulos
2730 4299 3075 4370 epistolarum
3129 4308 3304 4356 textus
3362 4305 3632 4374 recitans,
3710 4310 4012 4376 pernicibus

2437 4390 2763 4459 pupillarum
2799 4391 3072 4446 obtutibus
3094 4393 3422 4464 specularer,
3457 4406 3616 4467 atque
3639 4404 3863 4457 naturali
3892 4420 4012 4475 qua~

2436 4480 2579 4545 dam,
2611 4490 2666 4534 ut
2692 4482 2821 4535 mihi
2855 4483 3070 4537 insitum
3099 4482 3286 4552 fertur,
3323 4485 3600 4542 latentium
3628 4505 3807 4546 rerum
3838 4499 4011 4550 curio-

2432 4572 2592 4626 sitate
2613 4573 3025 4642 contetnplarer,
3054 4573 3483 4646 uberrimamque
3513 4579 3794 4635 verborum
3826 4581 4011 4638 facun-

2433 4662 2574 4715 diam
2591 4677 2654 4717 ac
2669 4663 2979 4733 virginalem
2998 4665 3313 4720 urbanitatis
3334 4667 3767 4724 desertitudinem
3796 4671 3976 4744 [BodL
3991 4709 4008 4732 ,

2433 4754 2884 4826 disertitudinem]
2903 4771 3224 4826 magnopere
3238 4757 3550 4824 admirarer,
3565 4776 3653 4826 en,
3670 4761 3901 4829 inquam,
3925 4766 4007 4819 in-

2435 4846 2630 4901 eﬁ'abili
2658 4848 2950 4915 gratulatur
2983 4847 3211 4916 tripudio
3227 4848 3312 4904 ille
3323 4851 3501 4918 superi
3516 4861 3762 4920 regnator
3778 4853 4004 4924 Olympi,

2432 4951 2486 4996 et
2502 4951 2677 4996 rector
2688 4944 2956 5009 caeli,cum
2975 4942 3451 4998 talitert-athnlicas
3462 4944 3659 4999 Christi
3677 4949 4005 5015 vernaculas,

2432 5036 2542 5091 imo
2557 5037 2833 5106 adoptivas
2848 5037 3212 5105 regenerantis
3228 5037 3581 5109 gratiteﬁlias,
3601 5054 3658 5093 ex
3677 5039 3899 5094 fecundo
3921 5057 4014 5096 ec-

2433 5126 2758 5181 clesiasticte
2787 5126 3156 5194 conceptionis
3185 5137 3358 5192 utero,
3387 5129 3676 5192 spiritualis
3730 5130 3872 5183 verbi
3923 5145 4006 5184 se-

2355 5215 2577 5299 Dtnine
2603 5217 2929 5286 progenitas,
2961 5232 3056 5285 per
3104 5225 3400 5272 maternam
3454 5217 3646 5271 viderit
3699 5219 4008 5273 sollicitudi-

2437 5322 2558 5361 nem
2608 5308 2799 5362 divinis
2853 5307 3196 5376 dogmatibus
3236 5306 3456 5372 erudiri,
3513 5322 3577 5360 ac
3623 5307 3765 5360 velut
3791 5322 4008 5378 sagaces

2434 5401 2905 5470 gymnosophistas
2945 5401 3045 5455 sub
3073 5399 3393 5468 peritissimo
3418 5399 3646 5469 quodam
3689 5402 4007 5468 agonotheta

2436 5493 2752 5562 pabestricis
2781 5493 3076 5560 disciplinis
3107 5503 3160 5547 et
3189 5493 3449 5563 gymnicis
3476 5491 3676 5545 artibus
3699 5491 3749 5544 in
3793 5507 4009 5562 gymna-

2433 5582 2516 5635 sio
2567 5583 2826 5635 exerceri.
2874 5582 2971 5646 Qui
3021 5582 3274 5636 laboriosi
3307 5581 3614 5635 certaminis
3653 5595 3903 5636 coronam
3955 5594 4010 5638 et

2432 5673 2728 5743 Olympiaci
2773 5673 2958 5742 agcuis
3008 5673 3366 5741 triumphum,
3409 5670 3736 5726 difﬁcillimis
3781 5674 4008 5743 propria:

2433 5764 2834 5819 exercitationis
2873 5763 3074 5818 viribus
3102 5766 3306 5819 naviter
3335 5767 3732 5818 nanciscuntur.
3766 5763 3838 5817 lta
3869 5765 4005 5819 dun-

2434 5865 2600 5922 taxat,
2635 5864 2690 5911 ut
2739 5855 2875 5912 alius
2918 5865 3135 5914 strenua
3193 5857 3513 5913 athletarum
3566 5855 3846 5916 luctamina
3887 5871 4007 5912 cum
