4214 6538
258 446 357 494 Ηίῖί

1387 434 1470 487 llE
1512 434 1590 487 LA
1606 431 1851 487 UDEBUS
1902 433 2375 491 VlllGlNlTATlS.

3418 464 3515 515 lilii

253 556 449 606 :i-mnln
484 554 714 605 sinuosis
747 552 971 605 laterum
1006 550 1227 603 flexibus
1266 550 1557 609 desudans,
1595 548 1645 598 in
1680 550 1838 600 mediv
1867 550 1913 602 A
1944 548 2177 613 defruto,
2204 551 2345 617 quod
2380 554 2643 621 regalibus
2674 558 2890 612 ferettlis
2922 564 3220 629 confit-itur,
3257 572 3407 624 avida
3442 580 3517 627 vi—

252 652 401 702 tu'lio
432 647 738 701 seammatis
790 647 1057 713 fragrante
1100 645 1366 697 delibutus
1392 642 1580 695 lubrici
1613 642 1831 708 liquoris

252 743 441 805 nardo,
495 742 724 793 solerter
754 752 1011 793 exercere
1060 739 1289 790 studi-at.
1336 737 1485 788 Alius
1534 735 1827 801 jaculorum

246 834 563 895 catapultas,
611 838 665 883 et
712 832 1026 897 sagittarum
1060 830 1263 898 Spicula
1294 828 1359 879 de
1387 827 1649 879 obstrnsis
1700 826 1830 893 pha-

249 934 411 976 rctrte
445 923 683 975 latibulis
714 921 1062 986 depromens,
1096 937 1199 974 non
1260 930 1317 970 ut
1359 918 1598 987 passivos
1648 918 1828 970 oculo-

247 1032 363 1068 rum
398 1016 639 1076 obtutus,
668 1013 834 1066 libere
869 1029 961 1080 per
984 1014 1181 1063 a-tltera
1206 1014 1431 1071 relaxat,
1456 1011 1546 1062 δρα
1574 1020 1628 1062 ut
1654 1020 1828 1061 certos

245 1110 571 1176 pttpillarum
604 1118 928 1174 conspectus
956 1106 1349 1158 demonstraret
1381 1104 1577 1173 [Bodf.,
1605 1102 1826 1153 demon-

241 1198 399 1269 strat]
444 1200 617 1267 pando
646 1207 922 1265 strepente
952 1213 1101 1261 arcu,
1136 1207 1188 1251 et
1231 1212 1392 1250 uerto
1432 1194 1719 1257 stridente,
1761 1194 1823 1245 ad

238 1294 570 1346 destinatum
621 1291 1065 1345 indeclinabililcr
1096 1290 1273 1358 dirigit
1326 1291 1523 1343 locom.
1557 1289 1705 1341 Alitis
1734 1303 1826 1339 au-

240 1388 539 1441 ltelantium
596 1387 647 1439 in
685 1386 858 1439 stadio
912 1400 1191 1440 cursorum
1227 1384 1421 1451 plantis
1454 1383 1619 1435 fidens
1650 1381 1824 1446 perni-

234 1478 407 1530 cihus.
469 1477 543 1529 De
573 1478 768 1544 quibus
809 1477 1054 1543 egregius
1089 1476 1350 1542 agonista,
1391 1484 1443 1525 et
1488 1472 1652 1525 divini
1698 1488 1824 1526 ser-

233 1570 408 1620 monis
440 1568 759 1632 dogmatista
790 1585 801 1617 :
836 1567 1047 1626 Omnes,
1094 1566 1281 1631 inquit,
1314 1578 1543 1628 currunt,
1575 1582 1706 1618 unus
1746 1576 1821 1616 ta-

231 1680 345 1713 men
380 1662 565 1729 accipit
597 1660 862 1719 brat'ittm;
925 1667 1126 1710 turmas
1161 1659 1263 1709 lttdi
1297 1658 1606 1725 participes,
1640 1667 1694 1710 et
1749 1658 1820 1709 la-

234 1755 379 1805 boris
406 1761 689 1805 consortes
722 1766 980 1815 superans
1014 1749 1249 1803 victoria:
1293 1753 1488 1814 palma,
1521 1749 1822 1800 fortunatus

230 1845 457 1897 feliciter
487 1844 792 1910 perfruitur.
850 1844 997 1895 Alius
1026 1855 1148 1893 cum
1179 1850 1391 1893 caterva
1436 1838 1813 1894 contribulium

229 1938 506 2001 phalerato
532 1944 710 1987 rectus
746 1933 1053 1999 cornipede,
1089 1947 1245 1999 quem
1294 1932 1591 1984 calcaribus
1622 1946 1811 1984 cruen-

229 2034 422 2083 tatum,
455 2035 508 2077 et
562 2023 740 2091 ﬂagris
774 2038 992 2086 caesum,
1047 2024 1222 2076 aureis
1250 2033 1467 2077 comunt
1494 2034 1807 2078 ornamenta

227 2116 425 2181 lupatis
452 2134 461 2165 :
494 2114 560 2168 de
592 2131 696 2180 quo
740 2114 943 2167 facetus
975 2125 1125 2181 poeta
1161 2132 1173 2164 :

321 2206 713 2265 Quadripedante
746 2212 933 2266 putrem
954 2218 1095 2253 cursu
1122 2208 1277 2267 quatit
1303 2208 1481 2267 ungula
1506 2220 1746 2267 campum,

227 2288 523 2355 perniciter
550 2289 829 2353 implicans
874 2288 1031 2341 orbes
1062 2289 1306 2353 orbibus,
1341 2292 1506 2358 spatia
1541 2300 1802 2344 terrarum

226 2381 467 2433 metitur.
500 2380 670 2441 Alius,
701 2379 942 2432 classicis
974 2390 1248 2433 nautarum
1298 2380 1609 2434 cohortibus
1639 2383 1803 2446 stipa-

225 2484 333 2534 tus,
366 2484 417 2526 et
446 2473 627 2524 densis
661 2472 1011 2538 remigantum
1042 2472 1342 2539 agminibus
1388 2472 1802 2538 circumseptus,

221 2578 320 2628 per
347 2562 545 2615 vitreos
586 2562 781 2614 Oceani
817 2561 1049 2629 gurgites
1072 2562 1405 2616 celerrimam
1430 2578 1590 2631 agens
1642 2562 1804 2615 libur-

224 2671 349 2708 nam
382 2663 473 2707 aut
498 2656 733 2715 lintrem,
766 2654 1024 2706 insmnter
1052 2654 1296 2708 hortante
1325 2663 1560 2722 proreta,
1603 2664 1656 2708 et
1680 2668 1799 2707 cre-

222 2758 384 2813 pante
434 2748 665 2800 naucleri
705 2747 994 2813 portisculo
1021 2747 1219 2817 [Budl.,
1252 2746 1552 2816 porticulo],
1582 2761 1773 2816 sputno

219 2843 297 2893 sis
324 2841 627 2908 algosisqtte
653 2854 921 2891 remorum
952 2839 1205 2893 tractibus
1236 2841 1419 2894 trudit.

296 2932 383 2984 Ill.
418 2932 477 2985 Et
508 2932 720 2999 quidem
769 2932 1012 2984 universa
1046 2932 1179 2993 hinc.
1220 2946 1337 2999 qure
1388 2945 1483 2997 per
1512 2945 1799 3002 gymnoso-

220 3024 426 3089 phistas
455 3023 693 3075 exerceri
735 3022 1183 3089 deprompsimns,
1216 3022 1352 3075 inter
1396 3022 1669 3077 scliolnres
1698 3038 1799 3076 sa:-

216 3114 480 3165 cnlarium
510 3111 843 3178 disciplinas,
873 3110 1010 3177 apud
1054 3111 1211 3164 vestri
1254 3112 1600 3181 discipulattts
1645 3114 1798 3167 indu-

216 3210 425 3269 striam,
460 3222 565 3259 non
594 3205 873 3259 exterioris
904 3205 1135 3259 hominis
1172 3205 1403 3257 motibus
1431 3214 1674 3272 aguntur,
1702 3207 1793 3259 sed

215 3294 485 3348 interioris
509 3303 769 3365 geruntur
788 3294 1045 3359 gestibus.
1074 3294 1344 3363 Siquidem
1369 3296 1797 3360 microcosmnm,

218 3388 268 3437 ἰιΙ
301 3398 404 3446 est,
438 3389 699 3438 minorem
731 3384 1008 3450 mundum,
1042 3400 1103 3438 ex
1138 3386 1331 3453 duplici
1358 3395 1411 3440 et
1445 3388 1655 3454 gemina
1688 3404 1799 3442 ma-

217 3481 367 3531 teria:
393 3478 690 3529 substantia
716 3486 959 3529 constare
981 3486 1169 3530 vestra:
1203 3477 1508 3547 sagacitatis
1530 3479 1797 3532 solertiam

216 3586 322 3622 non
365 3570 599 3622 arbitror
631 3570 827 3633 latere;
861 3570 984 3636 quin
1022 3570 1193 3635 potius
1218 3570 1354 3623 sicut
1380 3571 1661 3624 exterioris
1703 3572 1799 3624 lto-

215 3661 376 3713 minis
420 3669 626 3722 natura,
660 3659 747 3727 qui
796 3659 845 3710 in
880 3658 1159 3725 propatulo
1207 3658 1463 3712 formatus
1509 3661 1799 3715 visibiliter

212 3752 563 3817 conSpicitur,
600 3750 736 3803 haud
783 3751 1094 3805 difficillime
1130 3751 1456 3817 deprehendi
1500 3762 1692 3820 potest,
1727 3755 1795 3807 ita

212 3844 486 3897 interioris
527 3843 853 3909 qualitatem,
894 3844 982 3911 qui
1011 3843 1213 3895 ctelesti
1250 3844 1460 3896 alflatns
1504 3844 1793 3909 Spiraculo,

205 3936 367 4004 juxta
397 3935 671 3989 Geueseos
706 3935 950 3995 relatum,
983 3935 1240 3997 creditur,
1265 3951 1293 3986 a
1318 3946 1490 3988 vestra
1516 3937 1794 4001 prudentia

209 4027 553 4080 membratim
595 4033 650 4079 et
712 4025 1064 4091 particulatim
1115 4025 1380 4078 subtiliter
1426 4025 1793 4094 iuvestigatam

207 4133 355 4170 reor.
398 4116 604 4169 Etenim
654 4115 1038 4169 celeberrimus
1084 4116 1173 4168 ille
1202 4115 1400 4169 Christi
1448 4117 1677 4170 nominis
1707 4132 1796 4185 ge-

205 4212 382 4270 rttlus,
418 4208 481 4259 ad
526 4206 827 4274 exemplum
862 4206 1062 4259 militia:
1103 4206 1528 4259 Christianorum
1567 4222 1793 4275 agonem

207 4300 435 4365 protttlit
460 4298 829 4367 gymnicorum
858 4298 1042 4351 dicens
1076 4313 1090 4349 :
1120 4298 1183 4349 Et
1226 4299 1304 4349 illi
1333 4299 1535 4364 quidem
1580 4309 1630 4349 ut
1678 4314 1791 4348 cor-

204 4390 501 4455 ruptibilem
525 4404 766 4439 coronam
787 4387 1039 4453 accipiant
1064 4403 1081 4441 :
1105 4404 1197 4440 nos
1221 4398 1390 4442 autem
1408 4390 1791 4458 incorruptam;

203 4490 259 4532 et
290 4478 416 4531 alibi
451 4493 467 4529 :
503 4476 623 4529 Non
679 4478 827 4544 quasi
873 4493 1043 4530 aerem
1092 4479 1402 4541 verberans;
1443 4488 1496 4533 et
1548 4481 1790 4547 quamvis

1936 654 2148 692 scermn
2206 644 2533 709 receptacula
2583 650 2825 704 certatim
2878 651 3099 718 implere
3143 664 3514 724 contendunt;

1936 730 2097 782 modo
2131 730 2479 787 flavescentes
2512 736 2763 789 salicnlas
2785 739 2983 809 [Bodl.,
3016 746 3289 810 saticulus]
3312 764 3361 804 et
3391 769 3513 806 ero-

1931 833 2045 875 cata
2091 826 2417 891 genistarum
2463 831 2734 881 cacumina
2768 832 3252 903 circnmvallantes,
3284 843 3510 898 fertilem

1931 913 2163 979 prmdam
2213 918 2508 968 numerosis
2554 919 2799 972 cruribus
2860 932 2911 973 et
2961 939 3213 980 coxarum
3259 933 3511 985 oneribus

1929 1004 2217 1069 advehunt,
2265 1007 2457 1074 quibus
2488 1024 2639 1063 cerea
2672 1024 2843 1064 castra
2891 1016 3211 1083 conficiunt;
3244 1027 3400 1077 modo
3430 1036 3510 1081 te-

1929 1106 2071 1149 retes
2119 1097 2436 1153 hederarum
2484 1104 2786 1173 corymbos,
2817 1114 2871 1158 et
2920 1107 3218 1165 levissimos
3266 1114 3507 1171 florentis

1929 1188 2055 1241 tilia:
2103 1192 2345 1244 surculus
2396 1196 2780 1261 constipantes,
2823 1199 3202 1255 multiformem
3259 1204 3501 1261 favorum

1929 1278 2230 1333 machinam
2275 1284 2545 1349 augulosis
2589 1295 2641 1339 ct
2671 1289 2869 1354 opertis
2912 1291 3116 1345 cellulis
3167 1304 3503 1353 construunt.

1926 1368 2089 1437 Cujus
2119 1372 2246 1423 artis
2277 1375 2529 1426 molimen
2566 1380 2807 1443 egregius
2837 1393 3011 1448 poeta,
3052 1388 3271 1441 metrica
3317 1390 3502 1445 faenu-

1926 1463 2011 1515 dia
2046 1464 2235 1528 fretus,
2274 1466 2587 1521 catalectico
2615 1484 2768 1524 versu
2810 1475 3044 1529 creditur
3066 1479 3343 1550 cecinisse,
3378 1501 3496 1537 cum

1924 1555 2125 1608 diceret
2158 1572 2171 1608 :

2140 1648 2291 1695 Cerea
2317 1652 2570 1707 gemmatis
2596 1654 2857 1703 flavescunt
2880 1658 3023 1705 mella
3048 1662 3288 1721 canistris,

1924 1736 1978 1778 et
2006 1728 2135 1779 infra
2176 1730 2713 1799 brachycatalectico,
2746 1740 2858 1792 sive
2898 1742 3124 1808 colopho
3160 1764 3171 1795 ε

2138 1820 2485 1885 Colluceulque
2510 1829 2609 1874 suis
2631 1840 2780 1877 aurea
2805 1841 2914 1877 vasa
2934 1830 3065 1880 faris.

1998 1909 2087 1962 IV.
2111 1910 2244 1963 Nam
2268 1911 2725 1980 quemadmodum
2760 1932 3010 1981 examen,
3032 1927 3182 1971 arcta
3212 1921 3501 1974 fenestram

1922 2004 2186 2056 foramina
2206 2012 2259 2056 et
2283 2013 2514 2072 augusta
2534 2006 2754 2059 alvearii
2780 2010 3046 2061 vestibula
3071 2013 3386 2065 catervatim
3408 2029 3506 2082 per

1912 2092 2112 2139 turmas
2150 2102 2445 2155 egressum,
2487 2106 2692 2146 ammna
2724 2110 2973 2150 arvorum
3002 2109 3146 2165 prata
3182 2103 3486 2168 populatur,

1909 2176 2095 2228 eodem
2143 2180 2300 2231 modo
2349 2191 2603 2247 veSlrum,
2640 2182 2689 2235 ni
2736 2184 2905 2248 fallor,
2940 2188 3249 2243 memoriale
3297 2196 3490 2247 mentis

1911 2268 2178 2334 ingenium
2220 2286 2313 2338 per
2354 2273 2629 2328 florulenta
2658 2275 3050 2345 Scripturarutn
3097 2297 3221 2337 arva
3249 2284 3351 2339 late
3393 2303 3487 2339 va-

1907 2374 2062 2425 gans,
2092 2360 2271 2414 bibula
2294 2364 2601 2421 curiositate
2624 2368 2878 2422 decurrit.
2914 2372 3060 2425 Nunc
3082 2376 3258 2427 divina
3283 2378 3483 2442 priscu-

1910 2467 2023 2503 rum
2086 2454 2469 2521 prophetarum
2529 2462 2741 2511 oracula
2800 2464 2961 2515 certis
3014 2467 3482 2530 astipulatiooiims

1909 2542 2216 2608 iamdudum
2260 2548 2551 2603 Salvatoris
2582 2551 2866 2605 adventum
2899 2556 3237 2610 vaticinantia
3275 2561 3486 2615 enixius

1908 2634 2308 2705 investigando;
2343 2656 2483 2694 nunc
2506 2643 2840 2710 antiquarum
2870 2660 3061 2699 arcana
3094 2647 3269 2715 legum
3300 2650 3368 2704 ab
3394 2652 3487 2706 illo

1906 2731 2222 2784 mirabiliter
2247 2733 2471 2800 dige~ta,
2500 2736 2589 2803 qui
2633 2736 2715 2789 bis
2750 2737 2923 2803 quinis
2954 2739 3292 2808 Memphitica
3321 2758 3483 2812 regna

1905 2826 2219 2882 scevissimis
2251 2828 2521 2897 plagarum
2549 2830 2925 2887 afﬂictionibus
2946 2834 3235 2889 crudeliter
3263 2851 3483 2904 percus-

1902 2920 2061 2986 sisse,
2093 2929 2145 2973 et
2172 2921 2445 2974 rubicundi
2478 2930 2743 2976 tumentes
2770 2925 2969 2977 Oceani
3000 2928 3234 2995 gurgites
3260 2943 3322 2982 ac
3348 2930 3483 2983 reci-

1904 3024 2063 3081 proca
2092 3013 2390 3080 spumantis
2420 3012 2587 3081 pelagi
2630 3012 2830 3077 flustra,
2863 3018 3184 3070 sacrosancti
3218 3028 3359 3071 tactu
3401 3020 3481 3071 vi-

1902 3103 2066 3157 minis
2109 3119 2174 3157 cx
2220 3104 2443 3158 colubro
2487 3120 2654 3171 nuper
2692 3106 3051 3173 transfigurati
3104 3108 3153 3160 in
3197 3109 3484 3163 simulacro

1905 3197 2158 3250 maceria:
2207 3195 2526 3250 altrinsecus
2574 3206 2967 3263 sequestrasse,
2999 3207 3052 3253 et
3098 3210 3215 3267 post
3263 3203 3485 3259 caeleste

1906 3288 2228 3356 colloquium
2256 3291 2497 3345 cornutis
2520 3292 2750 3345 vultibus
2780 3292 3111 3347 incredulum
3140 3294 3348 3364 fugasse
3371 3298 3486 3351 vul-

1901 3398 1999 3453 gus
2030 3383 2368 3445 describitur,
2402 3384 2629 3437 sollicita
2663 3385 2957 3439 intentione
2987 3387 3309 3453 scrutando;
3342 3405 3481 3443 nunc

1902 3473 2280 3540 quadrifariam
2333 3474 2535 3545 [Bodl.,
2578 3475 2925 3547 quadrifaria]
2977 3480 3296 3549 evangelica:
3344 3482 3481 3535 rela-

1902 3564 2061 3617 tionis
2090 3564 2253 3627 dicta,
2280 3565 2518 3634 mysticis
2558 3565 2939 3621 catholicorum
2972 3567 3187 3622 Patrum
3216 3584 3483 3625 commen-

1901 3654 2052 3707 tariis
2095 3656 2358 3721 exposita,
2404 3666 2457 3708 et
2494 3654 2558 3708 ad
2601 3656 2887 3710 medullam
2932 3674 3097 3726 usque
3139 3660 3482 3727 spiritualitcr

1898 3748 2200 3814 cnucleata,
2239 3757 2293 3803 et
2339 3748 2713 3816 quadriformis
2759 3751 3134 3805 ecclesiastica:
3178 3754 3481 3807 traditionis

1902 3840 2163 3893 normulis
2204 3841 2499 3895 secundum
2544 3841 2840 3904 historiam,
2872 3843 3200 3911 allegoriam,
3247 3846 3483 3913 trapolo-

1898 3935 2059 4003 giam,
2102 3948 2394 4002 anagogen,
2443 3934 2667 4001 digesta,
2713 3934 2939 3987 solerter
2969 3936 3300 4002 indaganda;
3334 3953 3473 3992 nunc

1900 4024 2101 4090 priscas
2134 4024 2681 4093 historiographorum
2727 4024 2928 4079 fabulas
2954 4036 3008 4079 et
3033 4027 3466 4097 chronographu-

1898 4130 2013 4166 rum
2046 4115 2263 4177 seriem,
2294 4115 2382 4184 qui
2426 4115 2668 4169 fortuitas
2698 4116 3087 4182 praeteritorum
3130 4121 3475 4185 permutatio-

1901 4219 1996 4258 nes
2039 4213 2335 4272 temporum
2388 4206 2557 4257 tenaci
2606 4206 2876 4257 memoria:
2926 4214 3073 4259 textu
3118 4208 3472 4272 tradiderunt,

1897 4296 1995 4349 rite
2027 4296 2302 4360 rimando;
2344 4313 2482 4350 nunc
2526 4301 2988 4365 grammaticorum
3036 4300 3247 4367 regulas
3286 4311 3340 4355 et
3385 4318 3475 4355 or-

1897 4387 2308 4456 thographornm
2334 4388 2663 4454 disciplinas,
2696 4389 2836 4443 tonis
2864 4398 2918 4442 et
2962 4392 3294 4455 temporibus
3319 4394 3476 4446 truti-

1894 4486 2067 4539 natas,
2101 4477 2319 4544 pedibus
2350 4480 2570 4544 poeticis
2599 4488 2904 4547 compactos
2948 4495 3043 4548 per
3079 4484 3193 4536 cola
3224 4492 3278 4537 et
3323 4500 3475 4538 com-

204 4572 577 4643 gymnicorum
628 4569 891 4635 exempla,
924 4585 1043 4638 qua:
1072 4571 1306 4638 agilitate
1349 4574 1589 4638 corporis
1637 4572 1781 4625 thea-
1819 4595 1867 4653 υ
1893 4578 2053 4630 mata,
2088 4566 2186 4620 hoc
2212 4575 2310 4629 est.
2348 4583 2441 4633 per
2483 4568 2950 4635 penthemimer'n,
2977 4580 3030 4623 et
3064 4570 3467 4636 lteptemimerin

206 4666 371 4717 trales
420 4662 595 4729 populi
638 4676 858 4729 pompas
899 4672 953 4715 et
996 4665 1255 4729 pneconia
1305 4664 1620 4717 circensium
1671 4667 1783 4718 adi-

204 4756 506 4823 piscuntur,
538 4751 639 4805 rite
678 4760 971 4821 congruant
1019 4753 1084 4804 ad
1115 4753 1565 4821 comparationem
1601 4770 1783 4808 eorum

201 4846 292 4913 qni
328 4858 424 4911 per
454 4843 629 4908 ampla
660 4842 1051 4910 Scripturarum
1100 4845 1265 4899 stadia
1295 4847 1643 4901 decurrentes
1691 4862 1780 4900 sa-

200 4935 543 5002 gacissimam
576 4934 737 4986 animi
769 4933 1085 4987 industriam
1114 4942 1171 4989 et
1209 4937 1404 4991 vivacis
1432 4937 1625 5005 ingenii
1651 4956 1783 5006 qna-

184 5024 402 5076 litatem
436 5021 659 5076 assidua
688 5022 939 5076 lectionis
968 5022 1226 5077 instantia
1256 5036 1510 5077 exercere
1536 5037 1776 5077 noscun-

187 5128 317 5175 tur,
377 5126 619 5169 attamen
676 5116 1048 5171 solertissima:
1092 5118 1211 5186 apis
1269 5116 1585 5170 industriam
1635 5132 1772 5186 pra:-

202 5206 359 5258 dictis
392 5204 757 5269 exemplorum
788 5206 1031 5259 formulis
1058 5211 1291 5275 coaptari
1316 5225 1491 5277 posse,
1516 5212 1780 5267 uberrima

203 5311 383 5349 rerum
431 5294 794 5364 experimenta
838 5296 1037 5365 liquido
1076 5298 1369 5364 declarant,
1402 5316 1522 5370 qua:
1571 5306 1783 5356 roscido

204 5385 510 5440 facessente
554 5387 886 5453 crepusculo,
928 5397 982 5442 et
1025 5398 1217 5442 exorto
1264 5390 1613 5459 Iimpidissimi
1654 5396 1782 5449 Solis

201 5479 411 5545 jnbare,
476 5478 671 5531 densos
718 5479 985 5547 extemplo
1032 5480 1430 5545 tripudiantium
1489 5494 1779 5538 turmarum

202 5571 471 5625 exercitus
516 5583 614 5638 per
643 5577 882 5636 patentes
912 5585 1127 5638 campos
1174 5573 1427 5641 gregatim
1459 5574 1780 5629 diffundunt.

206 5664 364 5718 Modo
408 5664 701 5728 tne'ligcris
749 5664 1006 5717 caltarnm
1049 5662 1322 5718 frondibus
1370 5681 1462 5718 seu
1506 5670 1780 5735 purpureis

204 5759 500 5809 titalvarnm
545 5754 764 5807 floribus
812 5755 1146 5817 incubantes,
1175 5757 1344 5809 mulsa
1374 5760 1599 5811 necraris
1629 5759 1780 5812 stilli-

204 5846 342 5897 cidia
370 5844 614 5909 guttatim
652 5852 822 5898 rostro
846 5845 1157 5913 decerpunt,
1183 5855 1236 5901 et
1259 5847 1400 5899 velut
1430 5846 1571 5901 lento
1603 5849 1777 5901 carcni

450 5962 561 6019 Pu
581 5976 715 6016 κυι..
768 5958 871 6016 LX
889 5956 1117 6017 XXIX.

1890 4660 2201 4727 diremptas,
2231 4660 2338 4711 imo
2376 4660 2616 4712 centenis
2647 4671 2939 4714 metrorum
2973 4664 3253 4725 generibus
3283 4679 3473 4735 seque-

1891 4751 2097 4803 stratim
2129 4750 2407 4813 discretas,
2437 4752 2698 4817 sagaciter
2723 4750 3057 4819 inquirendo.

1962 4843 2025 4895 V.
2079 4843 2230 4911 Apis,
2278 4844 2511 4909 inquam,
2546 4852 2761 4910 propter
2811 4843 3089 4909 peculiaris
3135 4845 3465 4901 castimonire

1890 4936 2241 5004 privilegium,
2268 4934 2625 5001 pudicissima:
2651 4934 2969 5003 virginitatis
2997 4945 3177 5005 typum
3203 4946 3259 4991 et
3286 4937 3461 4992 Eccle-

1889 5028 1983 5079 sia:
2050 5026 2365 5093 portendere
2414 5029 2646 5093 speciem
2716 5026 3007 5079 indubitata
3060 5026 3455 5091 Scripturarnnt

1888 5118 2199 5174 attetoritate
2226 5119 2559 5185 astipulatur.
2590 5119 2718 5183 Quae
2749 5116 3001 5172 florentes
3028 5120 3255 5172 saltuum
3280 5122 3457 5188 cespi-

1890 5220 1968 5264 tes
1997 5209 2246 5264 ineffabili
2278 5209 2453 5276 prarda
2498 5208 2849 5276 depopulans,
2897 5210 3068 5264 dulcia
3103 5220 3344 5264 natorum
3378 5212 3459 5279 pi-

1890 5317 2072 5371 gnora,
2104 5302 2346 5355 nesciens
2372 5301 2623 5371 coniugii,
2660 5303 2969 5358 illecebrosa
2991 5305 3255 5357 consortia
3292 5304 3459 5359 fetosa

1884 5396 2110 5464 quadam
2159 5393 2458 5448 suavissimi
2497 5396 2641 5449 succi
2673 5398 3011 5450 concretione
3052 5398 3313 5464 producit.
3360 5400 3457 5455 Ec-

1884 5486 2045 5539 clesia
2068 5499 2215 5549 vero,
2244 5485 2323 5539 bis
2339 5494 2494 5539 acuto
2515 5485 2976 5541 Testamentorum
3001 5503 3257 5543 mucrone
3287 5490 3455 5544 homi-

1885 5593 2010 5630 num
2054 5576 2285 5630 vitzilitcr
2330 5576 2492 5629 corda
2539 5576 3011 5641 transverberans,
3068 5580 3456 5633 hereditariam

1886 5670 2131 5739 legitima:
2181 5671 2493 5724 :eternitzitis
2538 5670 2776 5725 sobolem
2822 5680 2970 5725 casto
3014 5672 3159 5726 verbi
3214 5672 3464 5726 fecundat

1882 5761 2104 5816 semine.

1961 5852 2041 5904 γι.
2074 5852 2202 5906 lllttd
2252 5855 2413 5909 ctiam
2461 5856 2985 5908 commemorandum
3019 5855 3082 5904 de
3128 5870 3285 5921 apum
3333 5870 3459 5907 cnno

3091 5960 3118 6013 Α
