  <div class='ocr_page' id='page_1' title='image "/cluster/home/n/w/nwhite01/storage/ocr_20150623/88-89/uc1.31175000868714/731.png"; bbox 0 0 4214 6532; ppageno 0'>
   <div class='ocr_carea' id='block_1_1' title="bbox 733 455 827 508">
    <p class='ocr_par' dir='ltr' id='par_1_1' title="bbox 733 455 827 508">
     <span class='ocr_line' id='line_1_1' title="bbox 733 455 827 508; baseline -0.021 -2"><span class='ocrx_word' id='word_1_1' title='bbox 733 455 827 508; x_wconf 66' lang='lat' dir='ltr'><strong>H77</strong></span> 
     </span>
    </p>
   </div>
   <div class='ocr_carea' id='block_1_2' title="bbox 1541 429 3208 497">
    <p class='ocr_par' dir='ltr' id='par_1_2' title="bbox 1541 429 3208 497">
     <span class='ocr_line' id='line_1_2' title="bbox 1541 429 3208 497; baseline -0.011 0"><span class='ocrx_word' id='word_1_2' title='bbox 1541 445 1594 497; x_wconf 89' lang='lat' dir='ltr'><strong>S.</strong></span> <span class='ocrx_word' id='word_1_3' title='bbox 1641 439 1984 495; x_wconf 67' lang='grc' dir='ltr'>Αι.ι›ιιι;ι,ιιι</span> <span class='ocrx_word' id='word_1_4' title='bbox 2026 432 2307 489; x_wconf 72' lang='lat' dir='ltr'><strong>Ol‘EllL‘M</strong></span> <span class='ocrx_word' id='word_1_5' title='bbox 2355 430 2530 485; x_wconf 69' lang='lat' dir='ltr'><strong>PARS</strong></span> <span class='ocrx_word' id='word_1_6' title='bbox 2564 431 2622 483; x_wconf 95' lang='grc' dir='ltr'><strong>ΙΙ.</strong></span> <span class='ocrx_word' id='word_1_7' title='bbox 2668 457 2731 467; x_wconf 90' lang='grc'><strong>--</strong></span> <span class='ocrx_word' id='word_1_8' title='bbox 2773 429 3208 483; x_wconf 69' lang='lat' dir='ltr'><strong>TRACTATL&#39;S.</strong></span> 
     </span>
    </p>
   </div>
   <div class='ocr_carea' id='block_1_3' title="bbox 3900 433 4000 482">
    <p class='ocr_par' dir='ltr' id='par_1_3' title="bbox 3900 433 4000 482">
     <span class='ocr_line' id='line_1_3' title="bbox 3900 433 4000 482; baseline 0.02 -12"><span class='ocrx_word' id='word_1_9' title='bbox 3900 433 4000 482; x_wconf 53' lang='lat' dir='ltr'><strong>‘l&#39;\&#39;</strong></span> 
     </span>
    </p>
   </div>
   <div class='ocr_carea' id='block_1_4' title="bbox 728 542 3996 622">
    <p class='ocr_par' dir='ltr' id='par_1_4' title="bbox 728 542 3996 622">
     <span class='ocr_line' id='line_1_4' title="bbox 728 542 3996 622; baseline -0.007 -4"><span class='ocrx_word' id='word_1_10' title='bbox 728 569 874 622; x_wconf 67' lang='lat' dir='ltr'><strong>cordi</strong></span> <span class='ocrx_word' id='word_1_11' title='bbox 907 562 1204 622; x_wconf 75' lang='lat' dir='ltr'><strong>sodalitate.</strong></span> <span class='ocrx_word' id='word_1_12' title='bbox 1243 568 1292 612; x_wconf 86' lang='lat' dir='ltr'><strong>et</strong></span> <span class='ocrx_word' id='word_1_13' title='bbox 1325 555 1566 609; x_wconf 75' lang='lat' dir='ltr'><strong>theatrali</strong></span> <span class='ocrx_word' id='word_1_14' title='bbox 1594 553 1822 620; x_wconf 75' lang='lat' dir='ltr'><strong>quodam</strong></span> <span class='ocrx_word' id='word_1_15' title='bbox 1860 548 2163 615; x_wconf 73' lang='lat' dir='ltr'><strong>spei-tacula</strong></span> <span class='ocrx_word' id='word_1_16' title='bbox 2193 555 2306 598; x_wconf 82' lang='lat' dir='ltr'><strong>stu-</strong></span> <span class='ocrx_word' id='word_1_17' title='bbox 2341 548 2389 602; x_wconf 75' lang='grc' dir='ltr'>Α</span> <span class='ocrx_word' id='word_1_18' title='bbox 2417 543 2663 596; x_wconf 77' lang='lat' dir='ltr'><strong>dominici</strong></span> <span class='ocrx_word' id='word_1_19' title='bbox 2695 543 2920 616; x_wconf 83' lang='lat' dir='ltr'><strong>pectoris</strong></span> <span class='ocrx_word' id='word_1_20' title='bbox 2949 542 3245 606; x_wconf 87' lang='lat' dir='ltr'><strong>accubitor,</strong></span> <span class='ocrx_word' id='word_1_21' title='bbox 3271 551 3320 596; x_wconf 91' lang='lat' dir='ltr'><strong>et</strong></span> <span class='ocrx_word' id='word_1_22' title='bbox 3345 557 3561 610; x_wconf 56' lang='lat' dir='ltr'><strong>Quartus</strong></span> <span class='ocrx_word' id='word_1_23' title='bbox 3609 544 3838 610; x_wconf 63' lang='lat' dir='ltr'><strong>paradisi</strong></span> <span class='ocrx_word' id='word_1_24' title='bbox 3873 562 3996 609; x_wconf 60' lang='grc' dir='ltr'>μιιικ</span> 
     </span>
    </p>
   </div>
   <div class='ocr_carea' id='block_1_5' title="bbox 732 636 2317 726">
    <p class='ocr_par' dir='ltr' id='par_1_5' title="bbox 732 636 2317 726">
     <span class='ocr_line' id='line_1_5' title="bbox 732 636 2317 726; baseline -0.012 -19"><span class='ocrx_word' id='word_1_25' title='bbox 732 658 958 726; x_wconf 72' lang='lat' dir='ltr'><strong>pi-nd-iln</strong></span> <span class='ocrx_word' id='word_1_26' title='bbox 1014 664 1272 705; x_wconf 84' lang='lat' dir='ltr'><strong>autumo;</strong></span> <span class='ocrx_word' id='word_1_27' title='bbox 1339 648 1642 700; x_wconf 82' lang='lat' dir='ltr'><strong>ultroneum</strong></span> <span class='ocrx_word' id='word_1_28' title='bbox 1709 642 1951 696; x_wconf 74' lang='lat' dir='ltr'><strong>videlicet</strong></span> <span class='ocrx_word' id='word_1_29' title='bbox 2006 636 2317 692; x_wconf 72' lang='lat' dir='ltr'><strong>voluntariic</strong></span> 
     </span>
    </p>
   </div>
   <div class='ocr_carea' id='block_1_6' title="bbox 730 731 2317 810">
    <p class='ocr_par' dir='ltr' id='par_1_6' title="bbox 730 731 2317 810">
     <span class='ocr_line' id='line_1_6' title="bbox 730 731 2317 810; baseline -0.016 -5"><span class='ocrx_word' id='word_1_30' title='bbox 730 749 1001 805; x_wconf 55' lang='lat' dir='ltr'><strong>servitutis</strong></span> <span class='ocrx_word' id='word_1_31' title='bbox 1056 744 1344 802; x_wconf 79' lang='lat' dir='ltr'><strong>all&#39;ecum,</strong></span> <span class='ocrx_word' id='word_1_32' title='bbox 1407 757 1566 810; x_wconf 88' lang='lat' dir='ltr'><strong>quem</strong></span> <span class='ocrx_word' id='word_1_33' title='bbox 1621 753 1742 804; x_wconf 81' lang='lat' dir='ltr'><strong>erga</strong></span> <span class='ocrx_word' id='word_1_34' title='bbox 1796 750 2012 788; x_wconf 85' lang='lat' dir='ltr'><strong>suorum</strong></span> <span class='ocrx_word' id='word_1_35' title='bbox 2066 731 2317 800; x_wconf 80' lang='lat' dir='ltr'><strong>obsequia</strong></span> 
     </span>
    </p>
   </div>
   <div class='ocr_carea' id='block_1_7' title="bbox 732 825 2322 911">
    <p class='ocr_par' dir='ltr' id='par_1_7' title="bbox 732 825 2322 911">
     <span class='ocr_line' id='line_1_7' title="bbox 732 825 2322 911; baseline -0.013 -18"><span class='ocrx_word' id='word_1_36' title='bbox 732 843 1031 911; x_wconf 79' lang='lat' dir='ltr'><strong>print-ipnm</strong></span> <span class='ocrx_word' id='word_1_37' title='bbox 1082 847 1334 888; x_wconf 54' lang='grc' dir='ltr'><strong>εχει-(γυνθ</strong></span> <span class='ocrx_word' id='word_1_38' title='bbox 1367 841 1680 885; x_wconf 90' lang='lat' dir='ltr'><strong>noscuntur.</strong></span> <span class='ocrx_word' id='word_1_39' title='bbox 1718 828 1905 881; x_wconf 71' lang='lat' dir='ltr'><strong>Nonne</strong></span> <span class='ocrx_word' id='word_1_40' title='bbox 1950 826 2047 880; x_wconf 90' lang='lat' dir='ltr'><strong>sub</strong></span> <span class='ocrx_word' id='word_1_41' title='bbox 2078 825 2322 891; x_wconf 74' lang='lat' dir='ltr'><strong>hujusce-</strong></span> 
     </span>
    </p>
   </div>
   <div class='ocr_carea' id='block_1_8' title="bbox 735 915 2322 993">
    <p class='ocr_par' dir='ltr' id='par_1_8' title="bbox 735 915 2322 993">
     <span class='ocr_line' id='line_1_8' title="bbox 735 915 2322 993; baseline -0.016 -5"><span class='ocrx_word' id='word_1_42' title='bbox 735 933 873 988; x_wconf 89' lang='lat' dir='ltr'><strong>tnodi</strong></span> <span class='ocrx_word' id='word_1_43' title='bbox 907 924 1377 993; x_wconf 74' lang='lat' dir='ltr'><strong>contertlplaliimis</strong></span> <span class='ocrx_word' id='word_1_44' title='bbox 1425 923 1614 976; x_wconf 92' lang='lat' dir='ltr'><strong>intuitu</strong></span> <span class='ocrx_word' id='word_1_45' title='bbox 1657 922 1831 973; x_wconf 92' lang='lat' dir='ltr'><strong>omnis</strong></span> <span class='ocrx_word' id='word_1_46' title='bbox 1860 915 2166 970; x_wconf 81' lang='lat' dir='ltr'><strong>monaSIica:</strong></span> <span class='ocrx_word' id='word_1_47' title='bbox 2197 928 2322 968; x_wconf 90' lang='lat' dir='ltr'><strong>con-</strong></span> 
     </span>
    </p>
   </div>
   <div class='ocr_carea' id='block_1_9' title="bbox 737 1005 2324 1085">
    <p class='ocr_par' dir='ltr' id='par_1_9' title="bbox 737 1005 2324 1085">
     <span class='ocr_line' id='line_1_9' title="bbox 737 1005 2324 1085; baseline -0.014 -10"><span class='ocrx_word' id='word_1_48' title='bbox 737 1020 1055 1076; x_wconf 67' lang='lat' dir='ltr'><strong>vi-rsalionis</strong></span> <span class='ocrx_word' id='word_1_49' title='bbox 1090 1017 1372 1085; x_wconf 67' lang='lat' dir='ltr'><strong>disciplina</strong></span> <span class='ocrx_word' id='word_1_50' title='bbox 1414 1024 1465 1067; x_wconf 88' lang='lat' dir='ltr'><strong>et</strong></span> <span class='ocrx_word' id='word_1_51' title='bbox 1490 1011 1751 1078; x_wconf 81' lang='lat' dir='ltr'><strong>regularia</strong></span> <span class='ocrx_word' id='word_1_52' title='bbox 1778 1007 2140 1063; x_wconf 72' lang='lat' dir='ltr'><strong>cmuobiorum</strong></span> <span class='ocrx_word' id='word_1_53' title='bbox 2176 1005 2324 1056; x_wconf 84' lang='lat' dir='ltr'><strong>insti-</strong></span> 
     </span>
    </p>
   </div>
   <div class='ocr_carea' id='block_1_10' title="bbox 738 1095 2322 1177">
    <p class='ocr_par' dir='ltr' id='par_1_10' title="bbox 738 1095 2322 1177">
     <span class='ocr_line' id='line_1_10' title="bbox 738 1095 2322 1177; baseline -0.015 -10"><span class='ocrx_word' id='word_1_54' title='bbox 738 1125 873 1177; x_wconf 90' lang='lat' dir='ltr'><strong>tuta,</strong></span> <span class='ocrx_word' id='word_1_55' title='bbox 908 1111 1170 1164; x_wconf 78' lang='lat' dir='ltr'><strong>simillima</strong></span> <span class='ocrx_word' id='word_1_56' title='bbox 1198 1107 1483 1161; x_wconf 86' lang='lat' dir='ltr'><strong>collatione</strong></span> <span class='ocrx_word' id='word_1_57' title='bbox 1512 1098 1887 1156; x_wconf 72' lang='lat' dir='ltr'><strong>declarantur?</strong></span> <span class='ocrx_word' id='word_1_58' title='bbox 1917 1095 2158 1163; x_wconf 86' lang='lat' dir='ltr'><strong>Quandiu</strong></span> <span class='ocrx_word' id='word_1_59' title='bbox 2183 1098 2322 1147; x_wconf 90' lang='lat' dir='ltr'><strong>enim</strong></span> 
     </span>
    </p>
   </div>
   <div class='ocr_carea' id='block_1_11' title="bbox 735 1185 2325 1275">
    <p class='ocr_par' dir='ltr' id='par_1_11' title="bbox 735 1185 2325 1275">
     <span class='ocr_line' id='line_1_11' title="bbox 735 1185 2325 1275; baseline -0.016 -14"><span class='ocrx_word' id='word_1_60' title='bbox 735 1207 980 1275; x_wconf 80' lang='lat' dir='ltr'><strong>antiquas</strong></span> <span class='ocrx_word' id='word_1_61' title='bbox 1014 1202 1307 1255; x_wconf 88' lang='lat' dir='ltr'><strong>inhabitare</strong></span> <span class='ocrx_word' id='word_1_62' title='bbox 1349 1195 1526 1259; x_wconf 74' lang='lat' dir='ltr'><strong>sedes,</strong></span> <span class='ocrx_word' id='word_1_63' title='bbox 1557 1204 1610 1247; x_wconf 90' lang='lat' dir='ltr'><strong>et</strong></span> <span class='ocrx_word' id='word_1_64' title='bbox 1649 1193 1838 1257; x_wconf 78' lang='lat' dir='ltr'><strong>exigua</strong></span> <span class='ocrx_word' id='word_1_65' title='bbox 1885 1186 2069 1242; x_wconf 84' lang='lat' dir='ltr'><strong>fovere</strong></span> <span class='ocrx_word' id='word_1_66' title='bbox 2119 1185 2325 1253; x_wconf 90' lang='lat' dir='ltr'><strong>tuguria</strong></span> 
     </span>
    </p>
   </div>
   <div class='ocr_carea' id='block_1_12' title="bbox 735 1278 2324 1367">
    <p class='ocr_par' dir='ltr' id='par_1_12' title="bbox 735 1278 2324 1367">
     <span class='ocr_line' id='line_1_12' title="bbox 735 1278 2324 1367; baseline -0.018 -14"><span class='ocrx_word' id='word_1_67' title='bbox 735 1295 1043 1367; x_wconf 81' lang='lat' dir='ltr'><strong>gracillinns</strong></span> <span class='ocrx_word' id='word_1_68' title='bbox 1091 1301 1340 1344; x_wconf 81' lang='lat' dir='ltr'><strong>contexta</strong></span> <span class='ocrx_word' id='word_1_69' title='bbox 1390 1282 1674 1338; x_wconf 74' lang='lat' dir='ltr'><strong>viminibus</strong></span> <span class='ocrx_word' id='word_1_70' title='bbox 1717 1293 1811 1334; x_wconf 85' lang='lat' dir='ltr'><strong>seu</strong></span> <span class='ocrx_word' id='word_1_71' title='bbox 1853 1278 2054 1330; x_wconf 78' lang='lat' dir='ltr'><strong>cavatis</strong></span> <span class='ocrx_word' id='word_1_72' title='bbox 2104 1282 2324 1328; x_wconf 55' lang='lat' dir='ltr'><strong>consula</strong></span> 
     </span>
    </p>
   </div>
   <div class='ocr_carea' id='block_1_13' title="bbox 741 1367 2327 1449">
    <p class='ocr_par' dir='ltr' id='par_1_13' title="bbox 741 1367 2327 1449">
     <span class='ocr_line' id='line_1_13' title="bbox 741 1367 2327 1449; baseline -0.013 -13"><span class='ocrx_word' id='word_1_73' title='bbox 741 1386 1053 1449; x_wconf 70' lang='lat' dir='ltr'><strong>rorliClbUs,</strong></span> <span class='ocrx_word' id='word_1_74' title='bbox 1089 1383 1180 1436; x_wconf 82' lang='lat' dir='ltr'><strong>ille</strong></span> <span class='ocrx_word' id='word_1_75' title='bbox 1214 1381 1298 1448; x_wconf 88' lang='lat' dir='ltr'><strong>qui</strong></span> <span class='ocrx_word' id='word_1_76' title='bbox 1351 1380 1486 1430; x_wconf 87' lang='lat' dir='ltr'><strong>inter</strong></span> <span class='ocrx_word' id='word_1_77' title='bbox 1513 1385 1736 1428; x_wconf 70' lang='grc' dir='ltr'><strong>ςωιετοε</strong></span> <span class='ocrx_word' id='word_1_78' title='bbox 1781 1371 2124 1439; x_wconf 77' lang='lat' dir='ltr'><strong>magistratus</strong></span> <span class='ocrx_word' id='word_1_79' title='bbox 2153 1367 2327 1419; x_wconf 84' lang='lat' dir='ltr'><strong>ollicio</strong></span> 
     </span>
    </p>
   </div>
   <div class='ocr_carea' id='block_1_14' title="bbox 739 1459 2328 1547">
    <p class='ocr_par' dir='ltr' id='par_1_14' title="bbox 739 1459 2328 1547">
     <span class='ocr_line' id='line_1_14' title="bbox 739 1459 2328 1547; baseline -0.016 -14"><span class='ocrx_word' id='word_1_80' title='bbox 739 1483 985 1547; x_wconf 74' lang='lat' dir='ltr'><strong>l&#39;tlngitur</strong></span> <span class='ocrx_word' id='word_1_81' title='bbox 1016 1475 1352 1535; x_wconf 75' lang='lat' dir='ltr'><strong>decreverit,</strong></span> <span class='ocrx_word' id='word_1_82' title='bbox 1399 1469 1540 1522; x_wconf 89' lang='lat' dir='ltr'><strong>nulla</strong></span> <span class='ocrx_word' id='word_1_83' title='bbox 1574 1482 1638 1520; x_wconf 84' lang='lat' dir='ltr'><strong>ex</strong></span> <span class='ocrx_word' id='word_1_84' title='bbox 1686 1467 1944 1520; x_wconf 86' lang='lat' dir='ltr'><strong>immensa</strong></span> <span class='ocrx_word' id='word_1_85' title='bbox 1992 1459 2328 1516; x_wconf 86' lang='lat' dir='ltr'><strong>multitudine</strong></span> 
     </span>
    </p>
   </div>
   <div class='ocr_carea' id='block_1_15' title="bbox 744 1549 2326 1640">
    <p class='ocr_par' dir='ltr' id='par_1_15' title="bbox 744 1549 2326 1640">
     <span class='ocr_line' id='line_1_15' title="bbox 744 1549 2326 1640; baseline -0.016 -16"><span class='ocrx_word' id='word_1_86' title='bbox 744 1569 980 1640; x_wconf 82' lang='lat' dir='ltr'><strong>lugiiivis</strong></span> <span class='ocrx_word' id='word_1_87' title='bbox 1008 1562 1341 1619; x_wconf 63' lang='lat' dir='ltr'><strong>discursibus</strong></span> <span class='ocrx_word' id='word_1_88' title='bbox 1373 1569 1424 1614; x_wconf 92' lang='lat' dir='ltr'><strong>et</strong></span> <span class='ocrx_word' id='word_1_89' title='bbox 1458 1556 1680 1626; x_wconf 79' lang='lat' dir='ltr'><strong>passivis</strong></span> <span class='ocrx_word' id='word_1_90' title='bbox 1716 1553 1980 1607; x_wconf 79' lang='lat' dir='ltr'><strong>volatibus</strong></span> <span class='ocrx_word' id='word_1_91' title='bbox 2009 1565 2101 1618; x_wconf 90' lang='lat' dir='ltr'><strong>per</strong></span> <span class='ocrx_word' id='word_1_92' title='bbox 2129 1549 2326 1602; x_wconf 66' lang='lat' dir='ltr'><strong>aethera</strong></span> 
     </span>
    </p>
   </div>
   <div class='ocr_carea' id='block_1_16' title="bbox 744 1641 2330 1730">
    <p class='ocr_par' dir='ltr' id='par_1_16' title="bbox 744 1641 2330 1730">
     <span class='ocr_line' id='line_1_16' title="bbox 744 1641 2330 1730; baseline -0.013 -20"><span class='ocrx_word' id='word_1_93' title='bbox 744 1669 982 1730; x_wconf 72' lang='lat' dir='ltr'><strong>vagatur.</strong></span> <span class='ocrx_word' id='word_1_94' title='bbox 1019 1658 1114 1710; x_wconf 80' lang='lat' dir='ltr'><strong>Ast</strong></span> <span class='ocrx_word' id='word_1_95' title='bbox 1145 1655 1207 1716; x_wconf 90' lang='lat' dir='ltr'><strong>si,</strong></span> <span class='ocrx_word' id='word_1_96' title='bbox 1238 1651 1397 1705; x_wconf 85' lang='lat' dir='ltr'><strong>certis</strong></span> <span class='ocrx_word' id='word_1_97' title='bbox 1429 1646 1765 1715; x_wconf 80' lang='lat' dir='ltr'><strong>exigentibus</strong></span> <span class='ocrx_word' id='word_1_98' title='bbox 1800 1641 1997 1704; x_wconf 85' lang='lat' dir='ltr'><strong>causis,</strong></span> <span class='ocrx_word' id='word_1_99' title='bbox 2029 1649 2084 1693; x_wconf 86' lang='lat' dir='ltr'><strong>et</strong></span> <span class='ocrx_word' id='word_1_100' title='bbox 2110 1649 2330 1706; x_wconf 82' lang='lat' dir='ltr'><strong>cogente</strong></span> 
     </span>
    </p>
   </div>
   <div class='ocr_carea' id='block_1_17' title="bbox 743 1731 2330 1820">
    <p class='ocr_par' dir='ltr' id='par_1_17' title="bbox 743 1731 2330 1820">
     <span class='ocr_line' id='line_1_17' title="bbox 743 1731 2330 1820; baseline -0.013 -20"><span class='ocrx_word' id='word_1_101' title='bbox 743 1745 1120 1820; x_wconf 83' lang='lat' dir='ltr'><strong>peregrinandi</strong></span> <span class='ocrx_word' id='word_1_102' title='bbox 1147 1742 1474 1798; x_wconf 85' lang='lat' dir='ltr'><strong>necessitate</strong></span> <span class='ocrx_word' id='word_1_103' title='bbox 1496 1779 1509 1802; x_wconf 97' lang='lat'><strong>,</strong></span> <span class='ocrx_word' id='word_1_104' title='bbox 1542 1737 1632 1792; x_wconf 88' lang='lat' dir='ltr'><strong>illa</strong></span> <span class='ocrx_word' id='word_1_105' title='bbox 1665 1735 1868 1807; x_wconf 71' lang='lat' dir='ltr'><strong>[Bodl.,</strong></span> <span class='ocrx_word' id='word_1_106' title='bbox 1897 1731 2003 1802; x_wconf 81' lang='lat' dir='ltr'><strong>ille]</strong></span> <span class='ocrx_word' id='word_1_107' title='bbox 2039 1731 2120 1784; x_wconf 90' lang='lat' dir='ltr'><strong>cui</strong></span> <span class='ocrx_word' id='word_1_108' title='bbox 2153 1743 2330 1782; x_wconf 80' lang='lat' dir='ltr'><strong>Consu-</strong></span> 
     </span>
    </p>
   </div>
   <div class='ocr_carea' id='block_1_18' title="bbox 747 1832 2327 1909">
    <p class='ocr_par' dir='ltr' id='par_1_18' title="bbox 747 1832 2327 1909">
     <span class='ocr_line' id='line_1_18' title="bbox 747 1832 2327 1909; baseline -0.014 -10"><span class='ocrx_word' id='word_1_109' title='bbox 747 1851 883 1899; x_wconf 83' lang='lat' dir='ltr'><strong>latus</strong></span> <span class='ocrx_word' id='word_1_110' title='bbox 904 1844 1014 1896; x_wconf 88' lang='lat' dir='ltr'><strong>vice</strong></span> <span class='ocrx_word' id='word_1_111' title='bbox 1034 1841 1274 1909; x_wconf 87' lang='lat' dir='ltr'><strong>regimen</strong></span> <span class='ocrx_word' id='word_1_112' title='bbox 1295 1846 1605 1891; x_wconf 61' lang='lat' dir='ltr'><strong>caaterarum</strong></span> <span class='ocrx_word' id='word_1_113' title='bbox 1626 1832 1968 1886; x_wconf 91' lang='lat' dir='ltr'><strong>commissum</strong></span> <span class='ocrx_word' id='word_1_114' title='bbox 1991 1837 2088 1886; x_wconf 80' lang='lat' dir='ltr'><strong>est.</strong></span> <span class='ocrx_word' id='word_1_115' title='bbox 2112 1837 2327 1880; x_wconf 75' lang='lat' dir='ltr'><strong>externa</strong></span> 
     </span>
    </p>
   </div>
   <div class='ocr_carea' id='block_1_19' title="bbox 2429 635 3996 704">
    <p class='ocr_par' dir='ltr' id='par_1_19' title="bbox 2429 635 3996 704">
     <span class='ocr_line' id='line_1_19' title="bbox 2429 635 3996 704; baseline 0 -15"><span class='ocrx_word' id='word_1_116' title='bbox 2429 650 2539 704; x_wconf 76' lang='lat' dir='ltr'><strong>ges,</strong></span> <span class='ocrx_word' id='word_1_117' title='bbox 2569 639 2655 703; x_wconf 83' lang='lat' dir='ltr'><strong>qni</strong></span> <span class='ocrx_word' id='word_1_118' title='bbox 2707 635 3036 704; x_wconf 83' lang='lat' dir='ltr'><strong>potissimum</strong></span> <span class='ocrx_word' id='word_1_119' title='bbox 3070 646 3314 704; x_wconf 65' lang='lat' dir='ltr'><strong>si&#39;plenas</strong></span> <span class='ocrx_word' id='word_1_120' title='bbox 3347 635 3616 688; x_wconf 81' lang='lat' dir='ltr'><strong>Ecclesias</strong></span> <span class='ocrx_word' id='word_1_121' title='bbox 3650 637 3790 689; x_wconf 75' lang='lat' dir='ltr'><strong>Asia:</strong></span> <span class='ocrx_word' id='word_1_122' title='bbox 3842 638 3996 690; x_wconf 69' lang='lat' dir='ltr'><strong>inex-</strong></span> 
     </span>
    </p>
   </div>
   <div class='ocr_carea' id='block_1_20' title="bbox 2429 727 4002 796">
    <p class='ocr_par' dir='ltr' id='par_1_20' title="bbox 2429 727 4002 796">
     <span class='ocr_line' id='line_1_20' title="bbox 2429 727 4002 796; baseline 0 -17"><span class='ocrx_word' id='word_1_123' title='bbox 2429 729 2628 779; x_wconf 78' lang='lat' dir='ltr'><strong>haustis</strong></span> <span class='ocrx_word' id='word_1_124' title='bbox 2656 728 2960 796; x_wconf 82' lang='lat' dir='ltr'><strong>dogmatltin</strong></span> <span class='ocrx_word' id='word_1_125' title='bbox 3006 727 3266 781; x_wconf 86' lang='lat' dir='ltr'><strong>imbribus</strong></span> <span class='ocrx_word' id='word_1_126' title='bbox 3297 729 3552 794; x_wconf 80' lang='lat' dir='ltr'><strong>irrigavit,</strong></span> <span class='ocrx_word' id='word_1_127' title='bbox 3603 729 3890 794; x_wconf 75' lang='lat' dir='ltr'><strong>Sper-ialem</strong></span> <span class='ocrx_word' id='word_1_128' title='bbox 3924 729 4002 781; x_wconf 86' lang='lat' dir='ltr'><strong>di-</strong></span> 
     </span>
    </p>
   </div>
   <div class='ocr_carea' id='block_1_21' title="bbox 2427 819 4003 887">
    <p class='ocr_par' dir='ltr' id='par_1_21' title="bbox 2427 819 4003 887">
     <span class='ocr_line' id='line_1_21' title="bbox 2427 819 4003 887; baseline 0.001 -17"><span class='ocrx_word' id='word_1_129' title='bbox 2427 821 2562 870; x_wconf 69' lang='lat' dir='ltr'><strong>vina:</strong></span> <span class='ocrx_word' id='word_1_130' title='bbox 2608 819 2906 873; x_wconf 79' lang='lat' dir='ltr'><strong>dileClionis</strong></span> <span class='ocrx_word' id='word_1_131' title='bbox 2955 819 3359 887; x_wconf 75' lang='lat' dir='ltr'><strong>prrerOgativam</strong></span> <span class='ocrx_word' id='word_1_132' title='bbox 3402 835 3460 870; x_wconf 86' lang='lat' dir='ltr'><strong>ai:</strong></span> <span class='ocrx_word' id='word_1_133' title='bbox 3491 821 3746 886; x_wconf 86' lang='lat' dir='ltr'><strong>privatam</strong></span> <span class='ocrx_word' id='word_1_134' title='bbox 3801 834 4003 871; x_wconf 63' lang='lat' dir='ltr'><strong>amoris</strong></span> 
     </span>
    </p>
   </div>
   <div class='ocr_carea' id='block_1_22' title="bbox 2428 912 4005 982">
    <p class='ocr_par' dir='ltr' id='par_1_22' title="bbox 2428 912 4005 982">
     <span class='ocr_line' id='line_1_22' title="bbox 2428 912 4005 982; baseline 0.002 -18"><span class='ocrx_word' id='word_1_135' title='bbox 2428 912 2841 966; x_wconf 82' lang='lat' dir='ltr'><strong>muniﬁcentiam</strong></span> <span class='ocrx_word' id='word_1_136' title='bbox 2901 922 3024 966; x_wconf 89' lang='lat' dir='ltr'><strong>ante</strong></span> <span class='ocrx_word' id='word_1_137' title='bbox 3083 923 3273 966; x_wconf 65' lang='lat' dir='ltr'><strong>caetera</strong></span> <span class='ocrx_word' id='word_1_138' title='bbox 3327 913 3683 981; x_wconf 86' lang='lat' dir='ltr'><strong>apostolorum</strong></span> <span class='ocrx_word' id='word_1_139' title='bbox 3737 916 4005 982; x_wconf 59' lang='lat' dir='ltr'><strong>praeconia</strong></span> 
     </span>
    </p>
   </div>
   <div class='ocr_carea' id='block_1_23' title="bbox 2431 1003 4008 1072">
    <p class='ocr_par' dir='ltr' id='par_1_23' title="bbox 2431 1003 4008 1072">
     <span class='ocr_line' id='line_1_23' title="bbox 2431 1003 4008 1072; baseline 0.004 -18"><span class='ocrx_word' id='word_1_140' title='bbox 2431 1005 2798 1068; x_wconf 81' lang='lat' dir='ltr'><strong>promeruerit.</strong></span> <span class='ocrx_word' id='word_1_141' title='bbox 2833 1003 2964 1069; x_wconf 85' lang='lat' dir='ltr'><strong>Quia</strong></span> <span class='ocrx_word' id='word_1_142' title='bbox 2997 1003 3227 1066; x_wconf 81' lang='lat' dir='ltr'><strong>Christo,</strong></span> <span class='ocrx_word' id='word_1_143' title='bbox 3259 1005 3343 1072; x_wconf 86' lang='lat' dir='ltr'><strong>qui</strong></span> <span class='ocrx_word' id='word_1_144' title='bbox 3390 1014 3470 1056; x_wconf 89' lang='lat' dir='ltr'><strong>est</strong></span> <span class='ocrx_word' id='word_1_145' title='bbox 3498 1005 3718 1070; x_wconf 80' lang='lat' dir='ltr'><strong>cupidus</strong></span> <span class='ocrx_word' id='word_1_146' title='bbox 3746 1009 4008 1060; x_wconf 79' lang='lat' dir='ltr'><strong>caSlilalis</strong></span> 
     </span>
    </p>
   </div>
   <div class='ocr_carea' id='block_1_24' title="bbox 2430 1092 4008 1163">
    <p class='ocr_par' dir='ltr' id='par_1_24' title="bbox 2430 1092 4008 1163">
     <span class='ocr_line' id='line_1_24' title="bbox 2430 1092 4008 1163; baseline 0.003 -21"><span class='ocrx_word' id='word_1_147' title='bbox 2430 1104 2635 1145; x_wconf 86' lang='lat' dir='ltr'><strong>amator</strong></span> <span class='ocrx_word' id='word_1_148' title='bbox 2664 1103 2716 1145; x_wconf 89' lang='lat' dir='ltr'><strong>et</strong></span> <span class='ocrx_word' id='word_1_149' title='bbox 2767 1093 3042 1160; x_wconf 71' lang='lat' dir='ltr'><strong>zelotypus</strong></span> <span class='ocrx_word' id='word_1_150' title='bbox 3087 1094 3450 1146; x_wconf 66' lang='lat' dir='ltr'><strong>sanctimonim</strong></span> <span class='ocrx_word' id='word_1_151' title='bbox 3493 1092 3825 1157; x_wconf 85' lang='lat' dir='ltr'><strong>inlormalor,</strong></span> <span class='ocrx_word' id='word_1_152' title='bbox 3855 1105 4008 1163; x_wconf 85' lang='lat' dir='ltr'><strong>grata</strong></span> 
     </span>
    </p>
   </div>
   <div class='ocr_carea' id='block_1_25' title="bbox 2433 1183 4011 1253">
    <p class='ocr_par' dir='ltr' id='par_1_25' title="bbox 2433 1183 4011 1253">
     <span class='ocr_line' id='line_1_25' title="bbox 2433 1183 4011 1253; baseline 0.006 -20"><span class='ocrx_word' id='word_1_153' title='bbox 2433 1183 2748 1251; x_wconf 73' lang='lat' dir='ltr'><strong>virginitatis</strong></span> <span class='ocrx_word' id='word_1_154' title='bbox 2791 1183 3036 1237; x_wconf 88' lang='lat' dir='ltr'><strong>libamina</strong></span> <span class='ocrx_word' id='word_1_155' title='bbox 3067 1185 3360 1246; x_wconf 82' lang='lat' dir='ltr'><strong>oblaturus.</strong></span> <span class='ocrx_word' id='word_1_156' title='bbox 3388 1195 3675 1253; x_wconf 85' lang='lat' dir='ltr'><strong>spontanea</strong></span> <span class='ocrx_word' id='word_1_157' title='bbox 3722 1189 4011 1242; x_wconf 73' lang='lat' dir='ltr'><strong>devotione</strong></span> 
     </span>
    </p>
   </div>
   <div class='ocr_carea' id='block_1_26' title="bbox 2433 1275 4011 1340">
    <p class='ocr_par' dir='ltr' id='par_1_26' title="bbox 2433 1275 4011 1340">
     <span class='ocr_line' id='line_1_26' title="bbox 2433 1275 4011 1340; baseline 0 -10"><span class='ocrx_word' id='word_1_158' title='bbox 2433 1276 2624 1330; x_wconf 85' lang='lat' dir='ltr'><strong>l.tar.it.</strong></span> <span class='ocrx_word' id='word_1_159' title='bbox 2656 1275 3011 1340; x_wconf 76' lang='lat' dir='ltr'><strong>Quamobrem</strong></span> <span class='ocrx_word' id='word_1_160' title='bbox 3063 1291 3220 1330; x_wconf 82' lang='lat' dir='ltr'><strong>verax</strong></span> <span class='ocrx_word' id='word_1_161' title='bbox 3265 1277 3500 1331; x_wconf 88' lang='lat' dir='ltr'><strong>medicus</strong></span> <span class='ocrx_word' id='word_1_162' title='bbox 3531 1278 3653 1330; x_wconf 90' lang='lat' dir='ltr'><strong>dum</strong></span> <span class='ocrx_word' id='word_1_163' title='bbox 3686 1278 3901 1330; x_wconf 78' lang='lat' dir='ltr'><strong>vulnera</strong></span> <span class='ocrx_word' id='word_1_164' title='bbox 3937 1286 4011 1330; x_wconf 84' lang='lat' dir='ltr'><strong>ta-</strong></span> 
     </span>
    </p>
   </div>
   <div class='ocr_carea' id='block_1_27' title="bbox 2433 1368 4015 1434">
    <p class='ocr_par' dir='ltr' id='par_1_27' title="bbox 2433 1368 4015 1434">
     <span class='ocr_line' id='line_1_27' title="bbox 2433 1368 4015 1434; baseline -0.002 -13"><span class='ocrx_word' id='word_1_165' title='bbox 2433 1369 2674 1421; x_wconf 85' lang='lat' dir='ltr'><strong>cinorum</strong></span> <span class='ocrx_word' id='word_1_166' title='bbox 2712 1379 2763 1421; x_wconf 82' lang='lat' dir='ltr'><strong>et</strong></span> <span class='ocrx_word' id='word_1_167' title='bbox 2796 1369 3071 1421; x_wconf 88' lang='lat' dir='ltr'><strong>cicatrices</strong></span> <span class='ocrx_word' id='word_1_168' title='bbox 3100 1370 3380 1420; x_wconf 89' lang='lat' dir='ltr'><strong>criminum</strong></span> <span class='ocrx_word' id='word_1_169' title='bbox 3421 1368 3788 1432; x_wconf 83' lang='lat' dir='ltr'><strong>eoltsiderans,</strong></span> <span class='ocrx_word' id='word_1_170' title='bbox 3817 1370 4015 1434; x_wconf 70' lang='lat' dir='ltr'><strong>quibus</strong></span> 
     </span>
    </p>
   </div>
   <div class='ocr_carea' id='block_1_28' title="bbox 2435 1460 4014 1528">
    <p class='ocr_par' dir='ltr' id='par_1_28' title="bbox 2435 1460 4014 1528">
     <span class='ocr_line' id='line_1_28' title="bbox 2435 1460 4014 1528; baseline -0.001 -17"><span class='ocrx_word' id='word_1_171' title='bbox 2435 1460 2626 1512; x_wconf 70' lang='lat' dir='ltr'><strong>anima:</strong></span> <span class='ocrx_word' id='word_1_172' title='bbox 2654 1469 2971 1526; x_wconf 70' lang='lat' dir='ltr'><strong>tegrotorum</strong></span> <span class='ocrx_word' id='word_1_173' title='bbox 2999 1460 3197 1513; x_wconf 81' lang='lat' dir='ltr'><strong>crudeli</strong></span> <span class='ocrx_word' id='word_1_174' title='bbox 3231 1469 3407 1528; x_wconf 80' lang='lat' dir='ltr'><strong>strage</strong></span> <span class='ocrx_word' id='word_1_175' title='bbox 3440 1463 3836 1519; x_wconf 78' lang='lat' dir='ltr'><strong>sternebantur,</strong></span> <span class='ocrx_word' id='word_1_176' title='bbox 3865 1463 4014 1510; x_wconf 84' lang='lat' dir='ltr'><strong>salu-</strong></span> 
     </span>
    </p>
   </div>
   <div class='ocr_carea' id='block_1_29' title="bbox 2435 1549 4016 1618">
    <p class='ocr_par' dir='ltr' id='par_1_29' title="bbox 2435 1549 4016 1618">
     <span class='ocr_line' id='line_1_29' title="bbox 2435 1549 4016 1618; baseline 0 -16"><span class='ocrx_word' id='word_1_177' title='bbox 2435 1549 2722 1602; x_wconf 66' lang='lat' dir='ltr'><strong>berrimum</strong></span> <span class='ocrx_word' id='word_1_178' title='bbox 2769 1561 3114 1616; x_wconf 85' lang='lat' dir='ltr'><strong>cmnpnncret</strong></span> <span class='ocrx_word' id='word_1_179' title='bbox 3144 1553 3422 1618; x_wconf 78' lang='lat' dir='ltr'><strong>malagma,</strong></span> <span class='ocrx_word' id='word_1_180' title='bbox 3456 1549 3705 1617; x_wconf 85' lang='lat' dir='ltr'><strong>librisque</strong></span> <span class='ocrx_word' id='word_1_181' title='bbox 3743 1552 4016 1602; x_wconf 87' lang='lat' dir='ltr'><strong>virulento</strong></span> 
     </span>
    </p>
   </div>
   <div class='ocr_carea' id='block_1_30' title="bbox 2438 1641 4018 1709">
    <p class='ocr_par' dir='ltr' id='par_1_30' title="bbox 2438 1641 4018 1709">
     <span class='ocr_line' id='line_1_30' title="bbox 2438 1641 4018 1709; baseline -0.001 -15"><span class='ocrx_word' id='word_1_182' title='bbox 2438 1641 2732 1709; x_wconf 80' lang='lat' dir='ltr'><strong>Spililualis</strong></span> <span class='ocrx_word' id='word_1_183' title='bbox 2762 1643 3011 1706; x_wconf 76' lang='lat' dir='ltr'><strong>nequitia:</strong></span> <span class='ocrx_word' id='word_1_184' title='bbox 3043 1645 3230 1709; x_wconf 62' lang='lat' dir='ltr'><strong>poculo</strong></span> <span class='ocrx_word' id='word_1_185' title='bbox 3261 1642 3522 1696; x_wconf 85' lang='lat' dir='ltr'><strong>lethaliter</strong></span> <span class='ocrx_word' id='word_1_186' title='bbox 3545 1642 3752 1694; x_wconf 81' lang='lat' dir='ltr'><strong>infectis</strong></span> <span class='ocrx_word' id='word_1_187' title='bbox 3779 1642 4018 1694; x_wconf 65' lang='lat' dir='ltr'><strong>caelestis</strong></span> 
     </span>
    </p>
   </div>
   <div class='ocr_carea' id='block_1_31' title="bbox 2438 1732 4016 1800">
    <p class='ocr_par' dir='ltr' id='par_1_31' title="bbox 2438 1732 4016 1800">
     <span class='ocr_line' id='line_1_31' title="bbox 2438 1732 4016 1800; baseline -0.003 -15"><span class='ocrx_word' id='word_1_188' title='bbox 2438 1734 2716 1786; x_wconf 59' lang='lat' dir='ltr'><strong>medminm</strong></span> <span class='ocrx_word' id='word_1_189' title='bbox 2737 1734 3033 1786; x_wconf 75' lang='lat' dir='ltr'><strong>antidotum</strong></span> <span class='ocrx_word' id='word_1_190' title='bbox 3061 1732 3287 1785; x_wconf 87' lang='lat' dir='ltr'><strong>vitaliter</strong></span> <span class='ocrx_word' id='word_1_191' title='bbox 3321 1733 3644 1800; x_wconf 78' lang='lat' dir='ltr'><strong>propinaret,</strong></span> <span class='ocrx_word' id='word_1_192' title='bbox 3668 1747 3728 1785; x_wconf 90' lang='lat' dir='ltr'><strong>ac</strong></span> <span class='ocrx_word' id='word_1_193' title='bbox 3755 1732 4016 1784; x_wconf 84' lang='lat' dir='ltr'><strong>verticem</strong></span> 
     </span>
    </p>
   </div>
   <div class='ocr_carea' id='block_1_32' title="bbox 2437 1823 4013 1893">
    <p class='ocr_par' dir='ltr' id='par_1_32' title="bbox 2437 1823 4013 1893">
     <span class='ocr_line' id='line_1_32' title="bbox 2437 1823 4013 1893; baseline 0.001 -20"><span class='ocrx_word' id='word_1_194' title='bbox 2437 1825 2615 1893; x_wconf 63' lang='lat' dir='ltr'><strong>gubuli</strong></span> <span class='ocrx_word' id='word_1_195' title='bbox 2670 1826 2933 1878; x_wconf 85' lang='lat' dir='ltr'><strong>scandens</strong></span> <span class='ocrx_word' id='word_1_196' title='bbox 2967 1836 3112 1879; x_wconf 81' lang='lat' dir='ltr'><strong>sexta</strong></span> <span class='ocrx_word' id='word_1_197' title='bbox 3147 1823 3381 1884; x_wconf 87' lang='lat' dir='ltr'><strong>Sabbati,</strong></span> <span class='ocrx_word' id='word_1_198' title='bbox 3417 1823 3515 1877; x_wconf 89' lang='lat' dir='ltr'><strong>hoc</strong></span> <span class='ocrx_word' id='word_1_199' title='bbox 3561 1834 3644 1878; x_wconf 89' lang='lat' dir='ltr'><strong>est</strong></span> <span class='ocrx_word' id='word_1_200' title='bbox 3696 1823 4013 1884; x_wconf 78' lang='lat' dir='ltr'><strong>Parascevc,</strong></span> 
     </span>
    </p>
   </div>
   <div class='ocr_carea' id='block_1_33' title="bbox 747 1900 4020 2006">
    <p class='ocr_par' dir='ltr' id='par_1_33' title="bbox 747 1900 4020 2006">
     <span class='ocr_line' id='line_1_33' title="bbox 747 1900 4020 2006; baseline -0.007 -24"><span class='ocrx_word' id='word_1_201' title='bbox 747 1951 989 2006; x_wconf 60' lang='lat' dir='ltr'><strong>qua-rere</strong></span> <span class='ocrx_word' id='word_1_202' title='bbox 1020 1949 1179 2002; x_wconf 76' lang='lat' dir='ltr'><strong>regna</strong></span> <span class='ocrx_word' id='word_1_203' title='bbox 1209 1927 1478 1990; x_wconf 86' lang='lat' dir='ltr'><strong>maluerit,</strong></span> <span class='ocrx_word' id='word_1_204' title='bbox 1507 1938 1769 1992; x_wconf 88' lang='lat' dir='ltr'><strong>nusquam</strong></span> <span class='ocrx_word' id='word_1_205' title='bbox 1804 1919 1943 1990; x_wconf 89' lang='lat' dir='ltr'><strong>apud</strong></span> <span class='ocrx_word' id='word_1_206' title='bbox 1978 1921 2223 1972; x_wconf 84' lang='lat' dir='ltr'><strong>mortales</strong></span> <span class='ocrx_word' id='word_1_207' title='bbox 2253 1919 2328 1970; x_wconf 60' lang='lat' dir='ltr'><strong>vi.</strong></span> <span class='ocrx_word' id='word_1_208' title='bbox 2365 1900 2408 1957; x_wconf 74' lang='grc' dir='ltr'><strong>Β</strong></span> <span class='ocrx_word' id='word_1_209' title='bbox 2440 1922 2726 1979; x_wconf 80' lang='lat' dir='ltr'><strong>pateretur,</strong></span> <span class='ocrx_word' id='word_1_210' title='bbox 2780 1924 3034 1967; x_wconf 73' lang='lat' dir='ltr'><strong>materna:</strong></span> <span class='ocrx_word' id='word_1_211' title='bbox 3095 1929 3300 1967; x_wconf 88' lang='lat' dir='ltr'><strong>memor</strong></span> <span class='ocrx_word' id='word_1_212' title='bbox 3352 1915 3693 1974; x_wconf 59' lang='lat' dir='ltr'><strong>venerantia,</strong></span> <span class='ocrx_word' id='word_1_213' title='bbox 3753 1913 4020 1978; x_wconf 84' lang='lat' dir='ltr'><strong>discipulo</strong></span> 
     </span>
    </p>
   </div>
   <div class='ocr_carea' id='block_1_34' title="bbox 745 2009 2333 2091">
    <p class='ocr_par' dir='ltr' id='par_1_34' title="bbox 745 2009 2333 2091">
     <span class='ocr_line' id='line_1_34' title="bbox 745 2009 2333 2091; baseline -0.014 -9"><span class='ocrx_word' id='word_1_214' title='bbox 745 2033 872 2082; x_wconf 84' lang='lat' dir='ltr'><strong>deas</strong></span> <span class='ocrx_word' id='word_1_215' title='bbox 895 2036 1160 2081; x_wconf 60' lang='lat' dir='ltr'><strong>extorrem</strong></span> <span class='ocrx_word' id='word_1_216' title='bbox 1185 2019 1396 2091; x_wconf 91' lang='lat' dir='ltr'><strong>propria</strong></span> <span class='ocrx_word' id='word_1_217' title='bbox 1419 2017 1624 2082; x_wconf 91' lang='lat' dir='ltr'><strong>pulsum</strong></span> <span class='ocrx_word' id='word_1_218' title='bbox 1654 2013 1820 2083; x_wconf 87' lang='lat' dir='ltr'><strong>patria</strong></span> <span class='ocrx_word' id='word_1_219' title='bbox 1850 2022 1954 2064; x_wconf 87' lang='lat' dir='ltr'><strong>tam</strong></span> <span class='ocrx_word' id='word_1_220' title='bbox 1979 2009 2162 2064; x_wconf 83' lang='lat' dir='ltr'><strong>densis</strong></span> <span class='ocrx_word' id='word_1_221' title='bbox 2186 2023 2333 2062; x_wconf 82' lang='lat' dir='ltr'><strong>exer-</strong></span> 
     </span>
    </p>
   </div>
   <div class='ocr_carea' id='block_1_35' title="bbox 747 2103 2334 2185">
    <p class='ocr_par' dir='ltr' id='par_1_35' title="bbox 747 2103 2334 2185">
     <span class='ocr_line' id='line_1_35' title="bbox 747 2103 2334 2185; baseline -0.012 -11"><span class='ocrx_word' id='word_1_222' title='bbox 747 2121 945 2174; x_wconf 86' lang='lat' dir='ltr'><strong>cituum</strong></span> <span class='ocrx_word' id='word_1_223' title='bbox 979 2113 1276 2185; x_wconf 81' lang='lat' dir='ltr'><strong>agminibus</strong></span> <span class='ocrx_word' id='word_1_224' title='bbox 1307 2121 1522 2176; x_wconf 88' lang='lat' dir='ltr'><strong>tamque</strong></span> <span class='ocrx_word' id='word_1_225' title='bbox 1566 2107 1752 2176; x_wconf 78' lang='lat' dir='ltr'><strong>Spissis</strong></span> <span class='ocrx_word' id='word_1_226' title='bbox 1802 2103 2064 2173; x_wconf 80' lang='lat' dir='ltr'><strong>legionum</strong></span> <span class='ocrx_word' id='word_1_227' title='bbox 2096 2103 2334 2156; x_wconf 87' lang='lat' dir='ltr'><strong>cohorti-</strong></span> 
     </span>
    </p>
   </div>
   <div class='ocr_carea' id='block_1_36' title="bbox 750 2195 2337 2276">
    <p class='ocr_par' dir='ltr' id='par_1_36' title="bbox 750 2195 2337 2276">
     <span class='ocr_line' id='line_1_36' title="bbox 750 2195 2337 2276; baseline -0.011 -13"><span class='ocrx_word' id='word_1_228' title='bbox 750 2214 847 2263; x_wconf 84' lang='lat' dir='ltr'><strong>hus</strong></span> <span class='ocrx_word' id='word_1_229' title='bbox 866 2207 1152 2276; x_wconf 83' lang='lat' dir='ltr'><strong>eonstipari</strong></span> <span class='ocrx_word' id='word_1_230' title='bbox 1179 2223 1191 2268; x_wconf 88' lang='lat'><strong>;</strong></span> <span class='ocrx_word' id='word_1_231' title='bbox 1220 2204 1287 2257; x_wconf 90' lang='lat' dir='ltr'><strong>ita</strong></span> <span class='ocrx_word' id='word_1_232' title='bbox 1317 2214 1532 2268; x_wconf 78' lang='lat' dir='ltr'><strong>prorsus</strong></span> <span class='ocrx_word' id='word_1_233' title='bbox 1550 2209 1603 2252; x_wconf 93' lang='lat' dir='ltr'><strong>ul</strong></span> <span class='ocrx_word' id='word_1_234' title='bbox 1627 2198 1792 2250; x_wconf 92' lang='lat' dir='ltr'><strong>multo</strong></span> <span class='ocrx_word' id='word_1_235' title='bbox 1823 2195 2073 2250; x_wconf 88' lang='lat' dir='ltr'><strong>libentius</strong></span> <span class='ocrx_word' id='word_1_236' title='bbox 2099 2195 2165 2247; x_wconf 91' lang='lat' dir='ltr'><strong>ob</strong></span> <span class='ocrx_word' id='word_1_237' title='bbox 2187 2208 2337 2246; x_wconf 89' lang='lat' dir='ltr'><strong>reve-</strong></span> 
     </span>
    </p>
   </div>
   <div class='ocr_carea' id='block_1_37' title="bbox 750 2287 2339 2366">
    <p class='ocr_par' dir='ltr' id='par_1_37' title="bbox 750 2287 2339 2366">
     <span class='ocr_line' id='line_1_37' title="bbox 750 2287 2339 2366; baseline -0.01 -13"><span class='ocrx_word' id='word_1_238' title='bbox 750 2301 976 2353; x_wconf 67' lang='lat' dir='ltr'><strong>rentiam</strong></span> <span class='ocrx_word' id='word_1_239' title='bbox 1005 2295 1258 2366; x_wconf 86' lang='lat' dir='ltr'><strong>principis</strong></span> <span class='ocrx_word' id='word_1_240' title='bbox 1290 2294 1355 2345; x_wconf 91' lang='lat' dir='ltr'><strong>ad</strong></span> <span class='ocrx_word' id='word_1_241' title='bbox 1400 2289 1693 2344; x_wconf 84' lang='lat' dir='ltr'><strong>incolarum</strong></span> <span class='ocrx_word' id='word_1_242' title='bbox 1724 2302 1948 2358; x_wconf 78' lang='lat' dir='ltr'><strong>peregre</strong></span> <span class='ocrx_word' id='word_1_243' title='bbox 1977 2287 2339 2355; x_wconf 73' lang='lat' dir='ltr'><strong>prolleisCator</strong></span> 
     </span>
    </p>
   </div>
   <div class='ocr_carea' id='block_1_38' title="bbox 757 2379 2336 2463">
    <p class='ocr_par' dir='ltr' id='par_1_38' title="bbox 757 2379 2336 2463">
     <span class='ocr_line' id='line_1_38' title="bbox 757 2379 2336 2463; baseline -0.009 -19"><span class='ocrx_word' id='word_1_244' title='bbox 757 2390 958 2463; x_wconf 72' lang='lat' dir='ltr'><strong>\Bodl.,</strong></span> <span class='ocrx_word' id='word_1_245' title='bbox 992 2389 1376 2442; x_wconf 90' lang='lat' dir='ltr'><strong>incolatum....</strong></span> <span class='ocrx_word' id='word_1_246' title='bbox 1410 2379 1863 2452; x_wconf 68' lang='lat' dir='ltr'><strong>proﬁciscantur],</strong></span> <span class='ocrx_word' id='word_1_247' title='bbox 1895 2395 2053 2450; x_wconf 89' lang='lat' dir='ltr'><strong>quam</strong></span> <span class='ocrx_word' id='word_1_248' title='bbox 2084 2379 2336 2433; x_wconf 85' lang='lat' dir='ltr'><strong>domesti-</strong></span> 
     </span>
    </p>
   </div>
   <div class='ocr_carea' id='block_1_39' title="bbox 753 2474 2340 2540">
    <p class='ocr_par' dir='ltr' id='par_1_39' title="bbox 753 2474 2340 2540">
     <span class='ocr_line' id='line_1_39' title="bbox 753 2474 2340 2540; baseline -0.008 -4"><span class='ocrx_word' id='word_1_249' title='bbox 753 2484 830 2537; x_wconf 81' lang='lat' dir='ltr'><strong>cis</strong></span> <span class='ocrx_word' id='word_1_250' title='bbox 861 2488 1092 2534; x_wconf 66' lang='lat' dir='ltr'><strong>assuetae</strong></span> <span class='ocrx_word' id='word_1_251' title='bbox 1143 2478 1370 2537; x_wconf 88' lang='lat' dir='ltr'><strong>deliciis.</strong></span> <span class='ocrx_word' id='word_1_252' title='bbox 1410 2487 1461 2530; x_wconf 91' lang='lat' dir='ltr'><strong>et</strong></span> <span class='ocrx_word' id='word_1_253' title='bbox 1502 2475 1786 2530; x_wconf 86' lang='lat' dir='ltr'><strong>vernacula</strong></span> <span class='ocrx_word' id='word_1_254' title='bbox 1843 2484 2106 2528; x_wconf 62' lang='lat' dir='ltr'><strong>contentio</strong></span> <span class='ocrx_word' id='word_1_255' title='bbox 2165 2474 2340 2540; x_wconf 84' lang='lat' dir='ltr'><strong>quiete</strong></span> 
     </span>
    </p>
   </div>
   <div class='ocr_carea' id='block_1_40' title="bbox 753 2562 2339 2633">
    <p class='ocr_par' dir='ltr' id='par_1_40' title="bbox 753 2562 2339 2633">
     <span class='ocr_line' id='line_1_40' title="bbox 753 2562 2339 2633; baseline -0.01 -5"><span class='ocrx_word' id='word_1_256' title='bbox 753 2579 805 2628; x_wconf 89' lang='lat' dir='ltr'><strong>in</strong></span> <span class='ocrx_word' id='word_1_257' title='bbox 837 2571 1042 2626; x_wconf 86' lang='lat' dir='ltr'><strong>cellulis</strong></span> <span class='ocrx_word' id='word_1_258' title='bbox 1073 2575 1490 2624; x_wconf 85' lang='lat' dir='ltr'><strong>contmorentur.</strong></span> <span class='ocrx_word' id='word_1_259' title='bbox 1527 2566 1663 2633; x_wconf 87' lang='lat' dir='ltr'><strong>Quid</strong></span> <span class='ocrx_word' id='word_1_260' title='bbox 1711 2564 1875 2626; x_wconf 93' lang='lat' dir='ltr'><strong>enim,</strong></span> <span class='ocrx_word' id='word_1_261' title='bbox 1927 2580 2128 2632; x_wconf 73' lang='lat' dir='ltr'><strong>quaeso,</strong></span> <span class='ocrx_word' id='word_1_262' title='bbox 2169 2562 2216 2614; x_wconf 94' lang='lat' dir='ltr'><strong>in</strong></span> <span class='ocrx_word' id='word_1_263' title='bbox 2254 2576 2339 2612; x_wconf 87' lang='lat' dir='ltr'><strong>re-</strong></span> 
     </span>
    </p>
   </div>
   <div class='ocr_carea' id='block_1_41' title="bbox 751 2650 2337 2724">
    <p class='ocr_par' dir='ltr' id='par_1_41' title="bbox 751 2650 2337 2724">
     <span class='ocr_line' id='line_1_41' title="bbox 751 2650 2337 2724; baseline -0.011 -7"><span class='ocrx_word' id='word_1_264' title='bbox 751 2680 866 2717; x_wconf 87' lang='lat' dir='ltr'><strong>rum</strong></span> <span class='ocrx_word' id='word_1_265' title='bbox 897 2661 1187 2716; x_wconf 80' lang='lat' dir='ltr'><strong>visibilium</strong></span> <span class='ocrx_word' id='word_1_266' title='bbox 1215 2659 1385 2713; x_wconf 88' lang='lat' dir='ltr'><strong>videri</strong></span> <span class='ocrx_word' id='word_1_267' title='bbox 1411 2657 1552 2711; x_wconf 85' lang='lat' dir='ltr'><strong>valet</strong></span> <span class='ocrx_word' id='word_1_268' title='bbox 1577 2666 1788 2722; x_wconf 89' lang='lat' dir='ltr'><strong>natura,</strong></span> <span class='ocrx_word' id='word_1_269' title='bbox 1815 2653 1938 2724; x_wconf 91' lang='lat' dir='ltr'><strong>quid</strong></span> <span class='ocrx_word' id='word_1_270' title='bbox 1965 2650 2337 2724; x_wconf 70' lang='lat' dir='ltr'><strong>[Borll.,quod]</strong></span> 
     </span>
    </p>
   </div>
   <div class='ocr_carea' id='block_1_42' title="bbox 755 2745 2342 2822">
    <p class='ocr_par' dir='ltr' id='par_1_42' title="bbox 755 2745 2342 2822">
     <span class='ocr_line' id='line_1_42' title="bbox 755 2745 2342 2822; baseline -0.008 -16"><span class='ocrx_word' id='word_1_271' title='bbox 755 2765 862 2808; x_wconf 86' lang='lat' dir='ltr'><strong>tam</strong></span> <span class='ocrx_word' id='word_1_272' title='bbox 908 2752 1107 2822; x_wconf 88' lang='lat' dir='ltr'><strong>ingenti</strong></span> <span class='ocrx_word' id='word_1_273' title='bbox 1152 2750 1325 2804; x_wconf 86' lang='lat' dir='ltr'><strong>studio</strong></span> <span class='ocrx_word' id='word_1_274' title='bbox 1358 2746 1592 2803; x_wconf 89' lang='lat' dir='ltr'><strong>auctoris</strong></span> <span class='ocrx_word' id='word_1_275' title='bbox 1636 2745 1716 2800; x_wconf 91' lang='lat' dir='ltr'><strong>sui</strong></span> <span class='ocrx_word' id='word_1_276' title='bbox 1764 2756 2027 2813; x_wconf 63' lang='lat' dir='ltr'><strong>praecepto</strong></span> <span class='ocrx_word' id='word_1_277' title='bbox 2077 2752 2258 2812; x_wconf 87' lang='lat' dir='ltr'><strong>pareat</strong></span> <span class='ocrx_word' id='word_1_278' title='bbox 2289 2750 2342 2794; x_wconf 90' lang='lat' dir='ltr'><strong>et</strong></span> 
     </span>
    </p>
   </div>
   <div class='ocr_carea' id='block_1_43' title="bbox 757 2835 2343 2917">
    <p class='ocr_par' dir='ltr' id='par_1_43' title="bbox 757 2835 2343 2917">
     <span class='ocr_line' id='line_1_43' title="bbox 757 2835 2343 2917; baseline -0.009 -17"><span class='ocrx_word' id='word_1_279' title='bbox 757 2849 896 2917; x_wconf 74' lang='lat' dir='ltr'><strong>regis</strong></span> <span class='ocrx_word' id='word_1_280' title='bbox 919 2846 1196 2914; x_wconf 87' lang='lat' dir='ltr'><strong>imperium</strong></span> <span class='ocrx_word' id='word_1_281' title='bbox 1226 2842 1448 2910; x_wconf 86' lang='lat' dir='ltr'><strong>implere</strong></span> <span class='ocrx_word' id='word_1_282' title='bbox 1474 2838 1796 2894; x_wconf 82' lang='lat' dir='ltr'><strong>contendat?</strong></span> <span class='ocrx_word' id='word_1_283' title='bbox 1821 2847 1875 2890; x_wconf 90' lang='lat' dir='ltr'><strong>ut</strong></span> <span class='ocrx_word' id='word_1_284' title='bbox 1905 2835 2096 2890; x_wconf 90' lang='lat' dir='ltr'><strong>merito</strong></span> <span class='ocrx_word' id='word_1_285' title='bbox 2132 2844 2343 2902; x_wconf 84' lang='lat' dir='ltr'><strong>propter</strong></span> 
     </span>
    </p>
   </div>
   <div class='ocr_carea' id='block_1_44' title="bbox 759 2926 2341 3003">
    <p class='ocr_par' dir='ltr' id='par_1_44' title="bbox 759 2926 2341 3003">
     <span class='ocr_line' id='line_1_44' title="bbox 759 2926 2341 3003; baseline -0.009 -13"><span class='ocrx_word' id='word_1_286' title='bbox 759 2941 970 2991; x_wconf 74' lang='lat' dir='ltr'><strong>intacta:</strong></span> <span class='ocrx_word' id='word_1_287' title='bbox 1025 2934 1346 3003; x_wconf 86' lang='lat' dir='ltr'><strong>virginitatis</strong></span> <span class='ocrx_word' id='word_1_288' title='bbox 1394 2943 1578 3002; x_wconf 86' lang='lat' dir='ltr'><strong>typum</strong></span> <span class='ocrx_word' id='word_1_289' title='bbox 1629 2940 1684 2984; x_wconf 88' lang='lat' dir='ltr'><strong>et</strong></span> <span class='ocrx_word' id='word_1_290' title='bbox 1729 2939 2080 2996; x_wconf 80' lang='lat' dir='ltr'><strong>Sponlaneum</strong></span> <span class='ocrx_word' id='word_1_291' title='bbox 2135 2926 2341 2978; x_wconf 63' lang='lat' dir='ltr'><strong>devotae</strong></span> 
     </span>
    </p>
   </div>
   <div class='ocr_carea' id='block_1_45' title="bbox 755 3016 2343 3096">
    <p class='ocr_par' dir='ltr' id='par_1_45' title="bbox 755 3016 2343 3096">
     <span class='ocr_line' id='line_1_45' title="bbox 755 3016 2343 3096; baseline -0.007 -16"><span class='ocrx_word' id='word_1_292' title='bbox 755 3027 1104 3096; x_wconf 79' lang='lat' dir='ltr'><strong>sobjectiouis</strong></span> <span class='ocrx_word' id='word_1_293' title='bbox 1160 3022 1490 3086; x_wconf 78' lang='lat' dir='ltr'><strong>famulatum,</strong></span> <span class='ocrx_word' id='word_1_294' title='bbox 1525 3035 1630 3090; x_wconf 93' lang='lat' dir='ltr'><strong>quo</strong></span> <span class='ocrx_word' id='word_1_295' title='bbox 1679 3019 1982 3087; x_wconf 74' lang='lat' dir='ltr'><strong>exemplum</strong></span> <span class='ocrx_word' id='word_1_296' title='bbox 2025 3016 2343 3070; x_wconf 73' lang='lat' dir='ltr'><strong>obedientia‘:</strong></span> 
     </span>
    </p>
   </div>
   <div class='ocr_carea' id='block_1_46' title="bbox 759 3109 2338 3183">
    <p class='ocr_par' dir='ltr' id='par_1_46' title="bbox 759 3109 2338 3183">
     <span class='ocr_line' id='line_1_46' title="bbox 759 3109 2338 3183; baseline -0.008 -9"><span class='ocrx_word' id='word_1_297' title='bbox 759 3120 1071 3175; x_wconf 77' lang='lat' dir='ltr'><strong>mortalibus</strong></span> <span class='ocrx_word' id='word_1_298' title='bbox 1107 3118 1159 3170; x_wconf 85' lang='lat' dir='ltr'><strong>ill</strong></span> <span class='ocrx_word' id='word_1_299' title='bbox 1194 3115 1330 3168; x_wconf 90' lang='lat' dir='ltr'><strong>valle</strong></span> <span class='ocrx_word' id='word_1_300' title='bbox 1370 3116 1721 3183; x_wconf 73' lang='lat' dir='ltr'><strong>lacrymarum</strong></span> <span class='ocrx_word' id='word_1_301' title='bbox 1770 3111 2083 3180; x_wconf 74' lang='lat' dir='ltr'><strong>degentibus</strong></span> <span class='ocrx_word' id='word_1_302' title='bbox 2116 3109 2338 3176; x_wconf 66' lang='lat' dir='ltr'><strong>praebet,</strong></span> 
     </span>
    </p>
   </div>
   <div class='ocr_carea' id='block_1_47' title="bbox 759 3200 2340 3279">
    <p class='ocr_par' dir='ltr' id='par_1_47' title="bbox 759 3200 2340 3279">
     <span class='ocr_line' id='line_1_47' title="bbox 759 3200 2340 3279; baseline -0.006 -20"><span class='ocrx_word' id='word_1_303' title='bbox 759 3227 865 3279; x_wconf 68' lang='lat' dir='ltr'><strong>prae</strong></span> <span class='ocrx_word' id='word_1_304' title='bbox 897 3210 1109 3262; x_wconf 78' lang='lat' dir='ltr'><strong>cat-leris</strong></span> <span class='ocrx_word' id='word_1_305' title='bbox 1155 3205 1415 3260; x_wconf 89' lang='lat' dir='ltr'><strong>creaturis</strong></span> <span class='ocrx_word' id='word_1_306' title='bbox 1458 3214 1762 3258; x_wconf 74' lang='lat' dir='ltr'><strong>nectareum</strong></span> <span class='ocrx_word' id='word_1_307' title='bbox 1795 3201 2038 3255; x_wconf 87' lang='lat' dir='ltr'><strong>conticiat</strong></span> <span class='ocrx_word' id='word_1_308' title='bbox 2084 3200 2340 3259; x_wconf 85' lang='lat' dir='ltr'><strong>edulium,</strong></span> 
     </span>
    </p>
   </div>
   <div class='ocr_carea' id='block_1_48' title="bbox 761 3291 2343 3356">
    <p class='ocr_par' dir='ltr' id='par_1_48' title="bbox 761 3291 2343 3356">
     <span class='ocr_line' id='line_1_48' title="bbox 761 3291 2343 3356; baseline -0.008 -1"><span class='ocrx_word' id='word_1_309' title='bbox 761 3314 816 3356; x_wconf 73' lang='lat' dir='ltr'><strong>et</strong></span> <span class='ocrx_word' id='word_1_310' title='bbox 845 3303 1032 3356; x_wconf 66' lang='lat' dir='ltr'><strong>mulsa:</strong></span> <span class='ocrx_word' id='word_1_311' title='bbox 1079 3297 1380 3352; x_wconf 88' lang='lat' dir='ltr'><strong>dulcedinis</strong></span> <span class='ocrx_word' id='word_1_312' title='bbox 1419 3295 1723 3348; x_wconf 83' lang='lat' dir='ltr'><strong>alimoniam</strong></span> <span class='ocrx_word' id='word_1_313' title='bbox 1769 3291 2073 3346; x_wconf 85' lang='lat' dir='ltr'><strong>llavescenli</strong></span> <span class='ocrx_word' id='word_1_314' title='bbox 2103 3305 2343 3344; x_wconf 85' lang='lat' dir='ltr'><strong>cerarum</strong></span> 
     </span>
    </p>
   </div>
   <div class='ocr_carea' id='block_1_49' title="bbox 759 3383 2348 3462">
    <p class='ocr_par' dir='ltr' id='par_1_49' title="bbox 759 3383 2348 3462">
     <span class='ocr_line' id='line_1_49' title="bbox 759 3383 2348 3462; baseline -0.008 -16"><span class='ocrx_word' id='word_1_315' title='bbox 759 3392 1032 3462; x_wconf 63' lang='lat' dir='ltr'><strong>gurgustio</strong></span> <span class='ocrx_word' id='word_1_316' title='bbox 1063 3389 1340 3446; x_wconf 83' lang='lat' dir='ltr'><strong>recondat,</strong></span> <span class='ocrx_word' id='word_1_317' title='bbox 1364 3401 1479 3455; x_wconf 78' lang='lat' dir='ltr'><strong>qua:</strong></span> <span class='ocrx_word' id='word_1_318' title='bbox 1504 3400 1610 3440; x_wconf 88' lang='lat' dir='ltr'><strong>non</strong></span> <span class='ocrx_word' id='word_1_319' title='bbox 1639 3385 1796 3438; x_wconf 89' lang='lat' dir='ltr'><strong>modo</strong></span> <span class='ocrx_word' id='word_1_320' title='bbox 1821 3395 2010 3439; x_wconf 87' lang='lat' dir='ltr'><strong>cuncta</strong></span> <span class='ocrx_word' id='word_1_321' title='bbox 2040 3383 2348 3437; x_wconf 86' lang='lat' dir='ltr'><strong>deliciarum</strong></span> 
     </span>
    </p>
   </div>
   <div class='ocr_carea' id='block_1_50' title="bbox 758 3476 2349 3551">
    <p class='ocr_par' dir='ltr' id='par_1_50' title="bbox 758 3476 2349 3551">
     <span class='ocr_line' id='line_1_50' title="bbox 758 3476 2349 3551; baseline -0.009 -11"><span class='ocrx_word' id='word_1_322' title='bbox 758 3484 958 3540; x_wconf 78' lang='lat' dir='ltr'><strong>I‘erciila</strong></span> <span class='ocrx_word' id='word_1_323' title='bbox 997 3495 1049 3537; x_wconf 89' lang='lat' dir='ltr'><strong>et</strong></span> <span class='ocrx_word' id='word_1_324' title='bbox 1090 3483 1359 3551; x_wconf 81' lang='lat' dir='ltr'><strong>piperalas</strong></span> <span class='ocrx_word' id='word_1_325' title='bbox 1392 3480 1784 3550; x_wconf 86' lang='lat' dir='ltr'><strong>pulmentorum</strong></span> <span class='ocrx_word' id='word_1_326' title='bbox 1818 3479 2027 3545; x_wconf 78' lang='lat' dir='ltr'><strong>saginas</strong></span> <span class='ocrx_word' id='word_1_327' title='bbox 2058 3476 2349 3546; x_wconf 62' lang='lat' dir='ltr'><strong>prareellal,</strong></span> 
     </span>
    </p>
   </div>
   <div class='ocr_carea' id='block_1_51' title="bbox 761 3568 2349 3649">
    <p class='ocr_par' dir='ltr' id='par_1_51' title="bbox 761 3568 2349 3649">
     <span class='ocr_line' id='line_1_51' title="bbox 761 3568 2349 3649; baseline -0.008 -16"><span class='ocrx_word' id='word_1_328' title='bbox 761 3593 1025 3649; x_wconf 90' lang='lat' dir='ltr'><strong>omneque</strong></span> <span class='ocrx_word' id='word_1_329' title='bbox 1065 3579 1352 3646; x_wconf 75' lang='lat' dir='ltr'><strong>fragrantis</strong></span> <span class='ocrx_word' id='word_1_330' title='bbox 1403 3575 1685 3629; x_wconf 65' lang='lat' dir='ltr'><strong>ambrosia:</strong></span> <span class='ocrx_word' id='word_1_331' title='bbox 1741 3573 2050 3643; x_wconf 86' lang='lat' dir='ltr'><strong>thymiama,</strong></span> <span class='ocrx_word' id='word_1_332' title='bbox 2083 3585 2145 3624; x_wconf 90' lang='lat' dir='ltr'><strong>ac</strong></span> <span class='ocrx_word' id='word_1_333' title='bbox 2201 3568 2349 3622; x_wconf 90' lang='lat' dir='ltr'><strong>nardi</strong></span> 
     </span>
    </p>
   </div>
   <div class='ocr_carea' id='block_1_52' title="bbox 761 3661 2352 3741">
    <p class='ocr_par' dir='ltr' id='par_1_52' title="bbox 761 3661 2352 3741">
     <span class='ocr_line' id='line_1_52' title="bbox 761 3661 2352 3741; baseline -0.008 -17"><span class='ocrx_word' id='word_1_334' title='bbox 761 3672 1014 3741; x_wconf 81' lang='lat' dir='ltr'><strong>spirantis</strong></span> <span class='ocrx_word' id='word_1_335' title='bbox 1059 3670 1310 3724; x_wconf 81' lang='lat' dir='ltr'><strong>oll&#39;aetum</strong></span> <span class='ocrx_word' id='word_1_336' title='bbox 1361 3668 1556 3730; x_wconf 89' lang='lat' dir='ltr'><strong>vincat,</strong></span> <span class='ocrx_word' id='word_1_337' title='bbox 1585 3681 1769 3720; x_wconf 88' lang='lat' dir='ltr'><strong>verum</strong></span> <span class='ocrx_word' id='word_1_338' title='bbox 1817 3663 2001 3726; x_wconf 87' lang='lat' dir='ltr'><strong>etiam,</strong></span> <span class='ocrx_word' id='word_1_339' title='bbox 2049 3672 2126 3726; x_wconf 91' lang='lat' dir='ltr'><strong>nl,</strong></span> <span class='ocrx_word' id='word_1_340' title='bbox 2157 3661 2352 3713; x_wconf 89' lang='lat' dir='ltr'><strong>omissa</strong></span> 
     </span>
    </p>
   </div>
   <div class='ocr_carea' id='block_1_53' title="bbox 761 3750 2356 3831">
    <p class='ocr_par' dir='ltr' id='par_1_53' title="bbox 761 3750 2356 3831">
     <span class='ocr_line' id='line_1_53' title="bbox 761 3750 2356 3831; baseline -0.01 -15"><span class='ocrx_word' id='word_1_341' title='bbox 761 3760 1117 3831; x_wconf 76' lang='lat' dir='ltr'><strong>specialitate,</strong></span> <span class='ocrx_word' id='word_1_342' title='bbox 1150 3757 1214 3812; x_wconf 90' lang='lat' dir='ltr'><strong>ad</strong></span> <span class='ocrx_word' id='word_1_343' title='bbox 1243 3757 1640 3827; x_wconf 84' lang='lat' dir='ltr'><strong>generalitatem</strong></span> <span class='ocrx_word' id='word_1_344' title='bbox 1673 3755 1934 3809; x_wconf 85' lang='lat' dir='ltr'><strong>sermonis</strong></span> <span class='ocrx_word' id='word_1_345' title='bbox 1965 3752 2135 3806; x_wconf 91' lang='lat' dir='ltr'><strong>oratio</strong></span> <span class='ocrx_word' id='word_1_346' title='bbox 2166 3750 2356 3803; x_wconf 85' lang='lat' dir='ltr'><strong>decur-</strong></span> 
     </span>
    </p>
   </div>
   <div class='ocr_carea' id='block_1_54' title="bbox 765 3842 2357 3917">
    <p class='ocr_par' dir='ltr' id='par_1_54' title="bbox 765 3842 2357 3917">
     <span class='ocr_line' id='line_1_54' title="bbox 765 3842 2357 3917; baseline -0.009 -11"><span class='ocrx_word' id='word_1_347' title='bbox 765 3865 869 3917; x_wconf 82' lang='lat' dir='ltr'><strong>rat,</strong></span> <span class='ocrx_word' id='word_1_348' title='bbox 901 3853 1204 3907; x_wconf 86' lang='lat' dir='ltr'><strong>universam</strong></span> <span class='ocrx_word' id='word_1_349' title='bbox 1233 3847 1514 3902; x_wconf 77' lang='lat' dir='ltr'><strong>mundana:</strong></span> <span class='ocrx_word' id='word_1_350' title='bbox 1543 3845 1818 3900; x_wconf 84' lang='lat' dir='ltr'><strong>suavitatis</strong></span> <span class='ocrx_word' id='word_1_351' title='bbox 1839 3842 2195 3905; x_wconf 89' lang='lat' dir='ltr'><strong>dulcedinem,</strong></span> <span class='ocrx_word' id='word_1_352' title='bbox 2227 3855 2357 3906; x_wconf 85' lang='lat' dir='ltr'><strong>Opu-</strong></span> 
     </span>
    </p>
   </div>
   <div class='ocr_carea' id='block_1_55' title="bbox 767 3938 2356 4015">
    <p class='ocr_par' dir='ltr' id='par_1_55' title="bbox 767 3938 2356 4015">
     <span class='ocr_line' id='line_1_55' title="bbox 767 3938 2356 4015; baseline -0.006 -18"><span class='ocrx_word' id='word_1_353' title='bbox 767 3947 1006 4015; x_wconf 89' lang='lat' dir='ltr'><strong>lentique</strong></span> <span class='ocrx_word' id='word_1_354' title='bbox 1059 3944 1215 3998; x_wconf 77' lang='lat' dir='ltr'><strong>luxus</strong></span> <span class='ocrx_word' id='word_1_355' title='bbox 1279 3941 1542 4006; x_wconf 80' lang='lat' dir='ltr'><strong>exquisita</strong></span> <span class='ocrx_word' id='word_1_356' title='bbox 1593 3950 1808 4008; x_wconf 90' lang='lat' dir='ltr'><strong>superet</strong></span> <span class='ocrx_word' id='word_1_357' title='bbox 1859 3938 2246 3992; x_wconf 87' lang='lat' dir='ltr'><strong>oblectamenta</strong></span> <span class='ocrx_word' id='word_1_358' title='bbox 2303 3946 2356 3988; x_wconf 89' lang='lat' dir='ltr'><strong>et</strong></span> 
     </span>
    </p>
   </div>
   <div class='ocr_carea' id='block_1_56' title="bbox 767 4032 1552 4099">
    <p class='ocr_par' dir='ltr' id='par_1_56' title="bbox 767 4032 1552 4099">
     <span class='ocr_line' id='line_1_56' title="bbox 767 4032 1552 4099; baseline -0.006 -10"><span class='ocrx_word' id='word_1_359' title='bbox 767 4039 1012 4089; x_wconf 82' lang='lat' dir='ltr'><strong>haustum</strong></span> <span class='ocrx_word' id='word_1_360' title='bbox 1042 4033 1236 4088; x_wconf 77' lang='lat' dir='ltr'><strong>defruti</strong></span> <span class='ocrx_word' id='word_1_361' title='bbox 1269 4032 1552 4099; x_wconf 66' lang='lat' dir='ltr'><strong>deslricial.</strong></span> 
     </span>
    </p>
   </div>
   <div class='ocr_carea' id='block_1_57' title="bbox 839 4119 2355 4194">
    <p class='ocr_par' dir='ltr' id='par_1_57' title="bbox 839 4119 2355 4194">
     <span class='ocr_line' id='line_1_57' title="bbox 839 4119 2355 4194; baseline -0.004 -16"><span class='ocrx_word' id='word_1_362' title='bbox 839 4125 945 4180; x_wconf 83' lang='lat' dir='ltr'><strong>VII.</strong></span> <span class='ocrx_word' id='word_1_363' title='bbox 983 4123 1144 4194; x_wconf 82' lang='lat' dir='ltr'><strong>Igitur</strong></span> <span class='ocrx_word' id='word_1_364' title='bbox 1194 4123 1238 4177; x_wconf 91' lang='lat' dir='ltr'><strong>si</strong></span> <span class='ocrx_word' id='word_1_365' title='bbox 1287 4132 1486 4177; x_wconf 70' lang='lat' dir='ltr'><strong>sancta:</strong></span> <span class='ocrx_word' id='word_1_366' title='bbox 1519 4121 1840 4189; x_wconf 68' lang='lat' dir='ltr'><strong>virginitatis</strong></span> <span class='ocrx_word' id='word_1_367' title='bbox 1885 4121 2051 4189; x_wconf 76' lang='lat' dir='ltr'><strong>gloria</strong></span> <span class='ocrx_word' id='word_1_368' title='bbox 2104 4119 2355 4187; x_wconf 66' lang='lat' dir='ltr'><strong>angelica:</strong></span> 
     </span>
    </p>
   </div>
   <div class='ocr_carea' id='block_1_58' title="bbox 766 4212 2356 4285">
    <p class='ocr_par' dir='ltr' id='par_1_58' title="bbox 766 4212 2356 4285">
     <span class='ocr_line' id='line_1_58' title="bbox 766 4212 2356 4285; baseline -0.007 -13"><span class='ocrx_word' id='word_1_369' title='bbox 766 4218 1112 4273; x_wconf 83' lang='lat' dir='ltr'><strong>beatitudinis</strong></span> <span class='ocrx_word' id='word_1_370' title='bbox 1158 4230 1408 4285; x_wconf 83' lang='lat' dir='ltr'><strong>germana</strong></span> <span class='ocrx_word' id='word_1_371' title='bbox 1440 4212 1694 4276; x_wconf 89' lang='lat' dir='ltr'><strong>creditur,</strong></span> <span class='ocrx_word' id='word_1_372' title='bbox 1725 4223 1778 4266; x_wconf 88' lang='lat' dir='ltr'><strong>et</strong></span> <span class='ocrx_word' id='word_1_373' title='bbox 1828 4214 2049 4278; x_wconf 89' lang='lat' dir='ltr'><strong>pulchra</strong></span> <span class='ocrx_word' id='word_1_374' title='bbox 2100 4225 2356 4279; x_wconf 84' lang='lat' dir='ltr'><strong>superno-</strong></span> 
     </span>
    </p>
   </div>
   <div class='ocr_carea' id='block_1_59' title="bbox 767 4303 2352 4374">
    <p class='ocr_par' dir='ltr' id='par_1_59' title="bbox 767 4303 2352 4374">
     <span class='ocr_line' id='line_1_59' title="bbox 767 4303 2352 4374; baseline -0.008 -11"><span class='ocrx_word' id='word_1_375' title='bbox 767 4325 884 4363; x_wconf 88' lang='lat' dir='ltr'><strong>rum</strong></span> <span class='ocrx_word' id='word_1_376' title='bbox 915 4309 1108 4363; x_wconf 81' lang='lat' dir='ltr'><strong>civium</strong></span> <span class='ocrx_word' id='word_1_377' title='bbox 1162 4307 1414 4360; x_wconf 75' lang='lat' dir='ltr'><strong>sodalitas</strong></span> <span class='ocrx_word' id='word_1_378' title='bbox 1461 4307 1654 4361; x_wconf 89' lang='lat' dir='ltr'><strong>merito</strong></span> <span class='ocrx_word' id='word_1_379' title='bbox 1703 4304 1973 4374; x_wconf 70' lang='lat' dir='ltr'><strong>pudicitiae</strong></span> <span class='ocrx_word' id='word_1_380' title='bbox 2016 4303 2352 4372; x_wconf 63' lang='lat' dir='ltr'><strong>praedicatur,</strong></span> 
     </span>
    </p>
   </div>
   <div class='ocr_carea' id='block_1_60' title="bbox 768 4396 2357 4465">
    <p class='ocr_par' dir='ltr' id='par_1_60' title="bbox 768 4396 2357 4465">
     <span class='ocr_line' id='line_1_60' title="bbox 768 4396 2357 4465; baseline -0.003 -13"><span class='ocrx_word' id='word_1_381' title='bbox 768 4401 965 4456; x_wconf 84' lang='lat' dir='ltr'><strong>debitis</strong></span> <span class='ocrx_word' id='word_1_382' title='bbox 1008 4398 1297 4454; x_wconf 88' lang='lat' dir='ltr'><strong>attollenda</strong></span> <span class='ocrx_word' id='word_1_383' title='bbox 1328 4406 1411 4452; x_wconf 88' lang='lat' dir='ltr'><strong>est</strong></span> <span class='ocrx_word' id='word_1_384' title='bbox 1461 4396 1762 4465; x_wconf 68' lang='lat' dir='ltr'><strong>praeconiis,</strong></span> <span class='ocrx_word' id='word_1_385' title='bbox 1793 4410 1912 4464; x_wconf 72' lang='lat' dir='ltr'><strong>qua:</strong></span> <span class='ocrx_word' id='word_1_386' title='bbox 1959 4396 2096 4448; x_wconf 89' lang='lat' dir='ltr'><strong>inter</strong></span> <span class='ocrx_word' id='word_1_387' title='bbox 2137 4407 2357 4447; x_wconf 72' lang='lat' dir='ltr'><strong>caeteras</strong></span> 
     </span>
    </p>
   </div>
   <div class='ocr_carea' id='block_1_61' title="bbox 767 4487 2359 4554">
    <p class='ocr_par' dir='ltr' id='par_1_61' title="bbox 767 4487 2359 4554">
     <span class='ocr_line' id='line_1_61' title="bbox 767 4487 2359 4554; baseline -0.005 -10"><span class='ocrx_word' id='word_1_388' title='bbox 767 4493 1021 4546; x_wconf 89' lang='lat' dir='ltr'><strong>virtutum</strong></span> <span class='ocrx_word' id='word_1_389' title='bbox 1070 4490 1258 4543; x_wconf 87' lang='lat' dir='ltr'><strong>inlulas</strong></span> <span class='ocrx_word' id='word_1_390' title='bbox 1308 4487 1506 4541; x_wconf 90' lang='lat' dir='ltr'><strong>summi</strong></span> <span class='ocrx_word' id='word_1_391' title='bbox 1560 4487 1884 4554; x_wconf 82' lang='lat' dir='ltr'><strong>principatus</strong></span> <span class='ocrx_word' id='word_1_392' title='bbox 1935 4493 2140 4552; x_wconf 87' lang='lat' dir='ltr'><strong>sceptra</strong></span> <span class='ocrx_word' id='word_1_393' title='bbox 2173 4493 2226 4536; x_wconf 79' lang='lat' dir='ltr'><strong>et</strong></span> <span class='ocrx_word' id='word_1_394' title='bbox 2275 4496 2359 4536; x_wconf 83' lang='lat' dir='ltr'><strong>re-</strong></span> 
     </span>
    </p>
   </div>
   <div class='ocr_carea' id='block_1_62' title="bbox 2439 2003 4019 2072">
    <p class='ocr_par' dir='ltr' id='par_1_62' title="bbox 2439 2003 4019 2072">
     <span class='ocr_line' id='line_1_62' title="bbox 2439 2003 4019 2072; baseline -0.001 -17"><span class='ocrx_word' id='word_1_395' title='bbox 2439 2003 2574 2057; x_wconf 88' lang='lat' dir='ltr'><strong>inler</strong></span> <span class='ocrx_word' id='word_1_396' title='bbox 2615 2005 2922 2057; x_wconf 84' lang='lat' dir='ltr'><strong>discrimina</strong></span> <span class='ocrx_word' id='word_1_397' title='bbox 2954 2005 3274 2072; x_wconf 87' lang='lat' dir='ltr'><strong>perlidorum</strong></span> <span class='ocrx_word' id='word_1_398' title='bbox 3322 2006 3548 2058; x_wconf 84' lang='lat' dir='ltr'><strong>militum</strong></span> <span class='ocrx_word' id='word_1_399' title='bbox 3586 2015 3807 2059; x_wconf 76' lang='lat' dir='ltr'><strong>erentus</strong></span> <span class='ocrx_word' id='word_1_400' title='bbox 3837 2019 4019 2056; x_wconf 87' lang='lat' dir='ltr'><strong>rerum</strong></span> 
     </span>
    </p>
   </div>
   <div class='ocr_carea' id='block_1_63' title="bbox 2440 2095 4021 2164">
    <p class='ocr_par' dir='ltr' id='par_1_63' title="bbox 2440 2095 4021 2164">
     <span class='ocr_line' id='line_1_63' title="bbox 2440 2095 4021 2164; baseline 0 -19"><span class='ocrx_word' id='word_1_401' title='bbox 2440 2095 2766 2162; x_wconf 79' lang='lat' dir='ltr'><strong>pra-stolanti</strong></span> <span class='ocrx_word' id='word_1_402' title='bbox 2794 2098 3116 2163; x_wconf 86' lang='lat' dir='ltr'><strong>genetricem</strong></span> <span class='ocrx_word' id='word_1_403' title='bbox 3149 2095 3232 2163; x_wconf 90' lang='lat' dir='ltr'><strong>pie</strong></span> <span class='ocrx_word' id='word_1_404' title='bbox 3264 2097 3512 2164; x_wconf 65' lang='lat' dir='ltr'><strong>praecepit</strong></span> <span class='ocrx_word' id='word_1_405' title='bbox 3539 2096 3808 2157; x_wconf 84' lang='lat' dir='ltr'><strong>tuendam,</strong></span> <span class='ocrx_word' id='word_1_406' title='bbox 3835 2105 3891 2148; x_wconf 90' lang='lat' dir='ltr'><strong>ut</strong></span> <span class='ocrx_word' id='word_1_407' title='bbox 3911 2109 4021 2146; x_wconf 87' lang='lat' dir='ltr'><strong>non</strong></span> 
     </span>
    </p>
   </div>
   <div class='ocr_carea' id='block_1_64' title="bbox 2443 2188 3836 2258">
    <p class='ocr_par' dir='ltr' id='par_1_64' title="bbox 2443 2188 3836 2258">
     <span class='ocr_line' id='line_1_64' title="bbox 2443 2188 3836 2258; baseline 0.001 -19"><span class='ocrx_word' id='word_1_408' title='bbox 2443 2188 2878 2240; x_wconf 81' lang='lat' dir='ltr'><strong>ineonvenicnter</strong></span> <span class='ocrx_word' id='word_1_409' title='bbox 2907 2188 3145 2240; x_wconf 87' lang='lat' dir='ltr'><strong>carmine</strong></span> <span class='ocrx_word' id='word_1_410' title='bbox 3177 2189 3473 2258; x_wconf 77' lang='lat' dir='ltr'><strong>rliytlnnico</strong></span> <span class='ocrx_word' id='word_1_411' title='bbox 3499 2189 3600 2240; x_wconf 84' lang='lat' dir='ltr'><strong>dici</strong></span> <span class='ocrx_word' id='word_1_412' title='bbox 3630 2197 3785 2254; x_wconf 84' lang='lat' dir='ltr'><strong>queat</strong></span> <span class='ocrx_word' id='word_1_413' title='bbox 3823 2205 3836 2240; x_wconf 89' lang='lat'><strong>:</strong></span> 
     </span>
    </p>
   </div>
   <div class='ocr_carea' id='block_1_65' title="bbox 2871 2276 3554 2338">
    <p class='ocr_par' dir='ltr' id='par_1_65' title="bbox 2871 2276 3554 2338">
     <span class='ocr_line' id='line_1_65' title="bbox 2871 2276 3554 2338; baseline -0.003 -13"><span class='ocrx_word' id='word_1_414' title='bbox 2871 2277 3089 2338; x_wconf 77' lang='lat' dir='ltr'><strong>Christus</strong></span> <span class='ocrx_word' id='word_1_415' title='bbox 3115 2290 3279 2338; x_wconf 79' lang='lat' dir='ltr'><strong>passos</strong></span> <span class='ocrx_word' id='word_1_416' title='bbox 3308 2276 3520 2338; x_wconf 81' lang='lat' dir='ltr'><strong>patibulo</strong></span> <span class='ocrx_word' id='word_1_417' title='bbox 3547 2292 3554 2323; x_wconf 91' lang='lat'>:</span> 
     </span>
    </p>
   </div>
   <div class='ocr_carea' id='block_1_66' title="bbox 2871 2341 3404 2400">
    <p class='ocr_par' dir='ltr' id='par_1_66' title="bbox 2871 2341 3404 2400">
     <span class='ocr_line' id='line_1_66' title="bbox 2871 2341 3404 2400; baseline 0.006 -16"><span class='ocrx_word' id='word_1_418' title='bbox 2871 2343 3029 2400; x_wconf 54' lang='lat' dir='ltr'><strong>Atque</strong></span> <span class='ocrx_word' id='word_1_419' title='bbox 3057 2341 3148 2386; x_wconf 74' lang='lat' dir='ltr'><strong>laeti</strong></span> <span class='ocrx_word' id='word_1_420' title='bbox 3174 2341 3370 2400; x_wconf 69' lang='lat' dir='ltr'><strong>latibulo</strong></span> <span class='ocrx_word' id='word_1_421' title='bbox 3391 2377 3404 2400; x_wconf 91' lang='lat'><strong>,</strong></span> 
     </span>
    </p>
   </div>
   <div class='ocr_carea' id='block_1_67' title="bbox 2871 2398 3503 2459">
    <p class='ocr_par' dir='ltr' id='par_1_67' title="bbox 2871 2398 3503 2459">
     <span class='ocr_line' id='line_1_67' title="bbox 2871 2398 3503 2459; baseline 0.005 -16"><span class='ocrx_word' id='word_1_422' title='bbox 2871 2398 3118 2459; x_wconf 65' lang='lat' dir='ltr'><strong>Virginem</strong></span> <span class='ocrx_word' id='word_1_423' title='bbox 3147 2399 3294 2458; x_wconf 68' lang='lat' dir='ltr'><strong>Virgo</strong></span> <span class='ocrx_word' id='word_1_424' title='bbox 3321 2398 3503 2459; x_wconf 63' lang='lat' dir='ltr'><strong>Virgini</strong></span> 
     </span>
    </p>
   </div>
   <div class='ocr_carea' id='block_1_68' title="bbox 2875 2460 3503 2510">
    <p class='ocr_par' dir='ltr' id='par_1_68' title="bbox 2875 2460 3503 2510">
     <span class='ocr_line' id='line_1_68' title="bbox 2875 2460 3503 2510; baseline -0.003 0"><span class='ocrx_word' id='word_1_425' title='bbox 2875 2460 3246 2510; x_wconf 79' lang='lat' dir='ltr'><strong>Commendabat</strong></span> <span class='ocrx_word' id='word_1_426' title='bbox 3273 2465 3503 2509; x_wconf 85' lang='lat' dir='ltr'><strong>tlltanuni.</strong></span> 
     </span>
    </p>
   </div>
   <div class='ocr_carea' id='block_1_69' title="bbox 2446 2543 4017 2612">
    <p class='ocr_par' dir='ltr' id='par_1_69' title="bbox 2446 2543 4017 2612">
     <span class='ocr_line' id='line_1_69' title="bbox 2446 2543 4017 2612; baseline 0.001 -17"><span class='ocrx_word' id='word_1_427' title='bbox 2446 2543 2491 2595; x_wconf 81' lang='lat' dir='ltr'><strong>Is</strong></span> <span class='ocrx_word' id='word_1_428' title='bbox 2539 2544 2872 2610; x_wconf 68' lang='lat' dir='ltr'><strong>posunodnm</strong></span> <span class='ocrx_word' id='word_1_429' title='bbox 2936 2545 3233 2598; x_wconf 85' lang='lat' dir='ltr'><strong>labentibus</strong></span> <span class='ocrx_word' id='word_1_430' title='bbox 3287 2557 3579 2612; x_wconf 88' lang='lat' dir='ltr'><strong>temporum</strong></span> <span class='ocrx_word' id='word_1_431' title='bbox 3641 2544 3819 2598; x_wconf 86' lang='lat' dir='ltr'><strong>lustris</strong></span> <span class='ocrx_word' id='word_1_432' title='bbox 3849 2561 3876 2597; x_wconf 85' lang='lat' dir='ltr'><strong>a</strong></span> <span class='ocrx_word' id='word_1_433' title='bbox 3910 2543 4017 2597; x_wconf 81' lang='lat' dir='ltr'><strong>Do-</strong></span> 
     </span>
    </p>
   </div>
   <div class='ocr_carea' id='block_1_70' title="bbox 2443 2632 4024 2704">
    <p class='ocr_par' dir='ltr' id='par_1_70' title="bbox 2443 2632 4024 2704">
     <span class='ocr_line' id='line_1_70' title="bbox 2443 2632 4024 2704; baseline 0.003 -20"><span class='ocrx_word' id='word_1_434' title='bbox 2443 2632 2680 2699; x_wconf 73' lang='lat' dir='ltr'><strong>mitiano,</strong></span> <span class='ocrx_word' id='word_1_435' title='bbox 2709 2635 2794 2700; x_wconf 84' lang='lat' dir='ltr'><strong>qui</strong></span> <span class='ocrx_word' id='word_1_436' title='bbox 2840 2650 2933 2703; x_wconf 86' lang='lat' dir='ltr'><strong>per</strong></span> <span class='ocrx_word' id='word_1_437' title='bbox 2965 2635 3100 2688; x_wconf 90' lang='lat' dir='ltr'><strong>idem</strong></span> <span class='ocrx_word' id='word_1_438' title='bbox 3157 2647 3362 2704; x_wconf 88' lang='lat' dir='ltr'><strong>tempus</strong></span> <span class='ocrx_word' id='word_1_439' title='bbox 3409 2637 3628 2702; x_wconf 83' lang='lat' dir='ltr'><strong>sceptris</strong></span> <span class='ocrx_word' id='word_1_440' title='bbox 3660 2635 4024 2698; x_wconf 60' lang='lat' dir='ltr'><strong>imperialibus</strong></span> 
     </span>
    </p>
   </div>
   <div class='ocr_carea' id='block_1_71' title="bbox 2444 2724 4016 2794">
    <p class='ocr_par' dir='ltr' id='par_1_71' title="bbox 2444 2724 4016 2794">
     <span class='ocr_line' id='line_1_71' title="bbox 2444 2724 4016 2794; baseline 0.001 -16"><span class='ocrx_word' id='word_1_441' title='bbox 2444 2724 2642 2790; x_wconf 78' lang='lat' dir='ltr'><strong>frctus,</strong></span> <span class='ocrx_word' id='word_1_442' title='bbox 2666 2740 2802 2778; x_wconf 72' lang='lat' dir='ltr'><strong>steva</strong></span> <span class='ocrx_word' id='word_1_443' title='bbox 2833 2735 3214 2779; x_wconf 72' lang='lat' dir='ltr'><strong>tormentorum</strong></span> <span class='ocrx_word' id='word_1_444' title='bbox 3262 2727 3518 2794; x_wconf 76' lang='lat' dir='ltr'><strong>supplicii</strong></span> <span class='ocrx_word' id='word_1_445' title='bbox 3551 2725 3860 2779; x_wconf 73' lang='lat' dir='ltr'><strong>orthodoxa:</strong></span> <span class='ocrx_word' id='word_1_446' title='bbox 3891 2726 4016 2779; x_wconf 87' lang='lat' dir='ltr'><strong>lidei</strong></span> 
     </span>
    </p>
   </div>
   <div class='ocr_carea' id='block_1_72' title="bbox 2443 2815 4026 2884">
    <p class='ocr_par' dir='ltr' id='par_1_72' title="bbox 2443 2815 4026 2884">
     <span class='ocr_line' id='line_1_72' title="bbox 2443 2815 4026 2884; baseline 0.001 -19"><span class='ocrx_word' id='word_1_447' title='bbox 2443 2816 2736 2867; x_wconf 85' lang='lat' dir='ltr'><strong>cultoribus</strong></span> <span class='ocrx_word' id='word_1_448' title='bbox 2784 2816 3073 2884; x_wconf 81' lang='lat' dir='ltr'><strong>irr-gabal,</strong></span> <span class='ocrx_word' id='word_1_449' title='bbox 3124 2815 3352 2870; x_wconf 78' lang='lat' dir='ltr'><strong>extorris</strong></span> <span class='ocrx_word' id='word_1_450' title='bbox 3401 2818 3450 2866; x_wconf 91' lang='lat' dir='ltr'><strong>in</strong></span> <span class='ocrx_word' id='word_1_451' title='bbox 3485 2815 3706 2869; x_wconf 81' lang='lat' dir='ltr'><strong>Pathrno</strong></span> <span class='ocrx_word' id='word_1_452' title='bbox 3760 2816 4026 2884; x_wconf 84' lang='lat' dir='ltr'><strong>relegatus</strong></span> 
     </span>
    </p>
   </div>
   <div class='ocr_carea' id='block_1_73' title="bbox 2446 2905 4024 2978">
    <p class='ocr_par' dir='ltr' id='par_1_73' title="bbox 2446 2905 4024 2978">
     <span class='ocr_line' id='line_1_73' title="bbox 2446 2905 4024 2978; baseline 0.003 -24"><span class='ocrx_word' id='word_1_453' title='bbox 2446 2906 2643 2972; x_wconf 77' lang='lat' dir='ltr'><strong>septies</strong></span> <span class='ocrx_word' id='word_1_454' title='bbox 2684 2909 2865 2959; x_wconf 84' lang='lat' dir='ltr'><strong>vicena</strong></span> <span class='ocrx_word' id='word_1_455' title='bbox 2921 2916 2972 2959; x_wconf 89' lang='lat' dir='ltr'><strong>et</strong></span> <span class='ocrx_word' id='word_1_456' title='bbox 3003 2919 3190 2975; x_wconf 84' lang='lat' dir='ltr'><strong>quater</strong></span> <span class='ocrx_word' id='word_1_457' title='bbox 3221 2905 3418 2978; x_wconf 76' lang='lat' dir='ltr'><strong>[Bodl.,</strong></span> <span class='ocrx_word' id='word_1_458' title='bbox 3455 2908 3552 2960; x_wconf 91' lang='lat' dir='ltr'><strong>vic.</strong></span> <span class='ocrx_word' id='word_1_459' title='bbox 3585 2914 3738 2973; x_wconf 82' lang='lat' dir='ltr'><strong>atque</strong></span> <span class='ocrx_word' id='word_1_460' title='bbox 3760 2905 3856 2977; x_wconf 82' lang='lat' dir='ltr'><strong>ter]</strong></span> <span class='ocrx_word' id='word_1_461' title='bbox 3887 2909 4024 2960; x_wconf 80' lang='lat' dir='ltr'><strong>dena</strong></span> 
     </span>
    </p>
   </div>
   <div class='ocr_carea' id='block_1_74' title="bbox 2448 2994 4027 3064">
    <p class='ocr_par' dir='ltr' id='par_1_74' title="bbox 2448 2994 4027 3064">
     <span class='ocr_line' id='line_1_74' title="bbox 2448 2994 4027 3064; baseline 0.003 -19"><span class='ocrx_word' id='word_1_462' title='bbox 2448 2994 2707 3064; x_wconf 82' lang='lat' dir='ltr'><strong>virginum</strong></span> <span class='ocrx_word' id='word_1_463' title='bbox 2740 2998 2898 3050; x_wconf 82' lang='lat' dir='ltr'><strong>millia</strong></span> <span class='ocrx_word' id='word_1_464' title='bbox 2927 2997 3214 3052; x_wconf 88' lang='lat' dir='ltr'><strong>dulcisonis</strong></span> <span class='ocrx_word' id='word_1_465' title='bbox 3257 2998 3496 3051; x_wconf 67' lang='lat' dir='ltr'><strong>includite</strong></span> <span class='ocrx_word' id='word_1_466' title='bbox 3534 2998 3876 3051; x_wconf 84' lang='lat' dir='ltr'><strong>concentibus</strong></span> <span class='ocrx_word' id='word_1_467' title='bbox 3899 3014 4027 3052; x_wconf 63' lang='lat' dir='ltr'><strong>cano</strong></span> 
     </span>
    </p>
   </div>
   <div class='ocr_carea' id='block_1_75' title="bbox 2452 3087 4028 3158">
    <p class='ocr_par' dir='ltr' id='par_1_75' title="bbox 2452 3087 4028 3158">
     <span class='ocr_line' id='line_1_75' title="bbox 2452 3087 4028 3158; baseline 0.003 -19"><span class='ocrx_word' id='word_1_468' title='bbox 2452 3087 2609 3140; x_wconf 91' lang='lat' dir='ltr'><strong>ticum</strong></span> <span class='ocrx_word' id='word_1_469' title='bbox 2641 3089 2768 3142; x_wconf 88' lang='lat' dir='ltr'><strong>rude</strong></span> <span class='ocrx_word' id='word_1_470' title='bbox 2790 3091 3054 3153; x_wconf 83' lang='lat' dir='ltr'><strong>canentia,</strong></span> <span class='ocrx_word' id='word_1_471' title='bbox 3079 3103 3259 3158; x_wconf 88' lang='lat' dir='ltr'><strong>raptus</strong></span> <span class='ocrx_word' id='word_1_472' title='bbox 3284 3092 3334 3143; x_wconf 88' lang='lat' dir='ltr'><strong>in</strong></span> <span class='ocrx_word' id='word_1_473' title='bbox 3349 3101 3584 3144; x_wconf 87' lang='lat' dir='ltr'><strong>oramale</strong></span> <span class='ocrx_word' id='word_1_474' title='bbox 3609 3101 3884 3144; x_wconf 77' lang='lat' dir='ltr'><strong>cxslaseos</strong></span> <span class='ocrx_word' id='word_1_475' title='bbox 3905 3107 4028 3144; x_wconf 80' lang='lat' dir='ltr'><strong>aus-</strong></span> 
     </span>
    </p>
   </div>
   <div class='ocr_carea' id='block_1_76' title="bbox 2453 3181 4026 3249">
    <p class='ocr_par' dir='ltr' id='par_1_76' title="bbox 2453 3181 4026 3249">
     <span class='ocr_line' id='line_1_76' title="bbox 2453 3181 4026 3249; baseline 0.006 -21"><span class='ocrx_word' id='word_1_476' title='bbox 2453 3181 2655 3232; x_wconf 91' lang='lat' dir='ltr'><strong>cultare</strong></span> <span class='ocrx_word' id='word_1_477' title='bbox 2683 3190 2736 3232; x_wconf 86' lang='lat' dir='ltr'><strong>et</strong></span> <span class='ocrx_word' id='word_1_478' title='bbox 2781 3183 2945 3234; x_wconf 90' lang='lat' dir='ltr'><strong>castis</strong></span> <span class='ocrx_word' id='word_1_479' title='bbox 2974 3183 3248 3236; x_wconf 88' lang='lat' dir='ltr'><strong>obtutibus</strong></span> <span class='ocrx_word' id='word_1_480' title='bbox 3303 3183 3650 3249; x_wconf 79' lang='lat' dir='ltr'><strong>contemplari</strong></span> <span class='ocrx_word' id='word_1_481' title='bbox 3697 3188 3907 3246; x_wconf 84' lang='lat' dir='ltr'><strong>meruit.</strong></span> <span class='ocrx_word' id='word_1_482' title='bbox 3958 3185 4026 3237; x_wconf 86' lang='lat' dir='ltr'><strong>de</strong></span> 
     </span>
    </p>
   </div>
   <div class='ocr_carea' id='block_1_77' title="bbox 2452 3271 4028 3343">
    <p class='ocr_par' dir='ltr' id='par_1_77' title="bbox 2452 3271 4028 3343">
     <span class='ocr_line' id='line_1_77' title="bbox 2452 3271 4028 3343; baseline 0 -19"><span class='ocrx_word' id='word_1_483' title='bbox 2452 3271 2641 3340; x_wconf 86' lang='lat' dir='ltr'><strong>quibus</strong></span> <span class='ocrx_word' id='word_1_484' title='bbox 2666 3273 2862 3326; x_wconf 85' lang='lat' dir='ltr'><strong>dictum</strong></span> <span class='ocrx_word' id='word_1_485' title='bbox 2910 3282 3030 3328; x_wconf 90' lang='lat' dir='ltr'><strong>est:</strong></span> <span class='ocrx_word' id='word_1_486' title='bbox 3074 3272 3307 3343; x_wconf 71' lang='lat' dir='ltr'><strong>Virgines</strong></span> <span class='ocrx_word' id='word_1_487' title='bbox 3341 3273 3471 3326; x_wconf 79' lang='lat' dir='ltr'><strong>enim</strong></span> <span class='ocrx_word' id='word_1_488' title='bbox 3503 3283 3619 3326; x_wconf 77' lang='lat' dir='ltr'><strong>sunt</strong></span> <span class='ocrx_word' id='word_1_489' title='bbox 3659 3283 3703 3325; x_wconf 71' lang='grc' dir='ltr'>ει</span> <span class='ocrx_word' id='word_1_490' title='bbox 3751 3286 4028 3342; x_wconf 71' lang='lat' dir='ltr'><strong>si‘quuutnr</strong></span> 
     </span>
    </p>
   </div>
   <div class='ocr_carea' id='block_1_78' title="bbox 2451 3362 4025 3432">
    <p class='ocr_par' dir='ltr' id='par_1_78' title="bbox 2451 3362 4025 3432">
     <span class='ocr_line' id='line_1_78' title="bbox 2451 3362 4025 3432; baseline -0.001 -17"><span class='ocrx_word' id='word_1_491' title='bbox 2451 3365 2650 3432; x_wconf 83' lang='lat' dir='ltr'><strong>Agnum</strong></span> <span class='ocrx_word' id='word_1_492' title='bbox 2694 3378 2993 3431; x_wconf 79' lang='lat' dir='ltr'><strong>quocunque</strong></span> <span class='ocrx_word' id='word_1_493' title='bbox 3020 3364 3153 3417; x_wconf 85' lang='lat' dir='ltr'><strong>ierit.</strong></span> <span class='ocrx_word' id='word_1_494' title='bbox 3184 3363 3373 3416; x_wconf 69' lang='lat' dir='ltr'><strong>Caneri</strong></span> <span class='ocrx_word' id='word_1_495' title='bbox 3417 3362 3596 3416; x_wconf 82' lang='lat' dir='ltr'><strong>tideles</strong></span> <span class='ocrx_word' id='word_1_496' title='bbox 3624 3362 3872 3416; x_wconf 86' lang='lat' dir='ltr'><strong>audituri.</strong></span> <span class='ocrx_word' id='word_1_497' title='bbox 3927 3364 4025 3415; x_wconf 83' lang='lat' dir='ltr'><strong>lsla</strong></span> 
     </span>
    </p>
   </div>
   <div class='ocr_carea' id='block_1_79' title="bbox 2453 3451 4031 3524">
    <p class='ocr_par' dir='ltr' id='par_1_79' title="bbox 2453 3451 4031 3524">
     <span class='ocr_line' id='line_1_79' title="bbox 2453 3451 4031 3524; baseline 0 -18"><span class='ocrx_word' id='word_1_498' title='bbox 2453 3455 2625 3507; x_wconf 85' lang='lat' dir='ltr'><strong>sancti</strong></span> <span class='ocrx_word' id='word_1_499' title='bbox 2657 3453 2857 3524; x_wconf 73' lang='lat' dir='ltr'><strong>lBodl.,</strong></span> <span class='ocrx_word' id='word_1_500' title='bbox 2909 3455 2997 3508; x_wconf 87' lang='lat' dir='ltr'><strong>Isti</strong></span> <span class='ocrx_word' id='word_1_501' title='bbox 3029 3451 3232 3523; x_wconf 89' lang='lat' dir='ltr'><strong>sancta]</strong></span> <span class='ocrx_word' id='word_1_502' title='bbox 3265 3454 3584 3507; x_wconf 86' lang='lat' dir='ltr'><strong>modulaturi</strong></span> <span class='ocrx_word' id='word_1_503' title='bbox 3640 3464 3765 3508; x_wconf 83' lang='lat' dir='ltr'><strong>sunt</strong></span> <span class='ocrx_word' id='word_1_504' title='bbox 3794 3455 4031 3508; x_wconf 79' lang='lat' dir='ltr'><strong>carmina</strong></span> 
     </span>
    </p>
   </div>
   <div class='ocr_carea' id='block_1_80' title="bbox 2455 3547 4029 3617">
    <p class='ocr_par' dir='ltr' id='par_1_80' title="bbox 2455 3547 4029 3617">
     <span class='ocr_line' id='line_1_80' title="bbox 2455 3547 4029 3617; baseline -0.001 -18"><span class='ocrx_word' id='word_1_505' title='bbox 2455 3557 2507 3599; x_wconf 91' lang='lat' dir='ltr'><strong>et</strong></span> <span class='ocrx_word' id='word_1_506' title='bbox 2559 3548 2854 3614; x_wconf 82' lang='lat' dir='ltr'><strong>cumAguo</strong></span> <span class='ocrx_word' id='word_1_507' title='bbox 2905 3547 3108 3615; x_wconf 86' lang='lat' dir='ltr'><strong>pariter</strong></span> <span class='ocrx_word' id='word_1_508' title='bbox 3150 3563 3241 3613; x_wconf 87' lang='lat' dir='ltr'><strong>per</strong></span> <span class='ocrx_word' id='word_1_509' title='bbox 3291 3555 3566 3615; x_wconf 81' lang='lat' dir='ltr'><strong>angustam</strong></span> <span class='ocrx_word' id='word_1_510' title='bbox 3619 3547 3853 3602; x_wconf 67' lang='lat' dir='ltr'><strong>mlbralis</strong></span> <span class='ocrx_word' id='word_1_511' title='bbox 3883 3550 4029 3617; x_wconf 79' lang='lat' dir='ltr'><strong>regni</strong></span> 
     </span>
    </p>
   </div>
   <div class='ocr_carea' id='block_1_81' title="bbox 2453 3643 2992 3712">
    <p class='ocr_par' dir='ltr' id='par_1_81' title="bbox 2453 3643 2992 3712">
     <span class='ocr_line' id='line_1_81' title="bbox 2453 3643 2992 3712; baseline 0.002 -19"><span class='ocrx_word' id='word_1_512' title='bbox 2453 3643 2680 3709; x_wconf 85' lang='lat' dir='ltr'><strong>gloriam</strong></span> <span class='ocrx_word' id='word_1_513' title='bbox 2713 3643 2992 3712; x_wconf 89' lang='lat' dir='ltr'><strong>gradituri.</strong></span> 
     </span>
    </p>
   </div>
   <div class='ocr_carea' id='block_1_82' title="bbox 2534 3730 4034 3802">
    <p class='ocr_par' dir='ltr' id='par_1_82' title="bbox 2534 3730 4034 3802">
     <span class='ocr_line' id='line_1_82' title="bbox 2534 3730 4034 3802; baseline -0.001 -18"><span class='ocrx_word' id='word_1_514' title='bbox 2534 3731 2664 3786; x_wconf 78' lang='lat' dir='ltr'><strong>Vlll.</strong></span> <span class='ocrx_word' id='word_1_515' title='bbox 2700 3733 2804 3786; x_wconf 61' lang='lat' dir='ltr'><strong>[Nec</strong></span> <span class='ocrx_word' id='word_1_516' title='bbox 2833 3741 3012 3786; x_wconf 86' lang='lat' dir='ltr'><strong>tamen</strong></span> <span class='ocrx_word' id='word_1_517' title='bbox 3038 3732 3346 3801; x_wconf 84' lang='lat' dir='ltr'><strong>virginalem</strong></span> <span class='ocrx_word' id='word_1_518' title='bbox 3380 3730 3645 3800; x_wconf 75' lang='lat' dir='ltr'><strong>pudicitia:</strong></span> <span class='ocrx_word' id='word_1_519' title='bbox 3670 3731 3893 3802; x_wconf 76' lang='lat' dir='ltr'><strong>gloriam</strong></span> <span class='ocrx_word' id='word_1_520' title='bbox 3938 3747 4034 3783; x_wconf 83' lang='lat' dir='ltr'><strong>nn-</strong></span> 
     </span>
    </p>
   </div>
   <div class='ocr_carea' id='block_1_83' title="bbox 2458 3823 4031 3889">
    <p class='ocr_par' dir='ltr' id='par_1_83' title="bbox 2458 3823 4031 3889">
     <span class='ocr_line' id='line_1_83' title="bbox 2458 3823 4031 3889; baseline -0.001 -14"><span class='ocrx_word' id='word_1_521' title='bbox 2458 3823 2661 3877; x_wconf 85' lang='lat' dir='ltr'><strong>mensis</strong></span> <span class='ocrx_word' id='word_1_522' title='bbox 2695 3823 2940 3878; x_wconf 88' lang='lat' dir='ltr'><strong>laudibus</strong></span> <span class='ocrx_word' id='word_1_523' title='bbox 2985 3825 3401 3887; x_wconf 83' lang='lat' dir='ltr'><strong>accumulantes,</strong></span> <span class='ocrx_word' id='word_1_524' title='bbox 3432 3832 3485 3876; x_wconf 88' lang='lat' dir='ltr'><strong>et</strong></span> <span class='ocrx_word' id='word_1_525' title='bbox 3513 3823 3577 3876; x_wconf 85' lang='lat' dir='ltr'><strong>ad</strong></span> <span class='ocrx_word' id='word_1_526' title='bbox 3634 3823 3935 3889; x_wconf 69' lang='lat' dir='ltr'><strong>exemplum</strong></span> <span class='ocrx_word' id='word_1_527' title='bbox 3963 3824 4031 3874; x_wconf 81' lang='lat' dir='ltr'><strong>ri-</strong></span> 
     </span>
    </p>
   </div>
   <div class='ocr_carea' id='block_1_84' title="bbox 2459 3914 4032 3982">
    <p class='ocr_par' dir='ltr' id='par_1_84' title="bbox 2459 3914 4032 3982">
     <span class='ocr_line' id='line_1_84' title="bbox 2459 3914 4032 3982; baseline -0.001 -17"><span class='ocrx_word' id='word_1_528' title='bbox 2459 3914 2594 3982; x_wconf 69' lang='lat' dir='ltr'><strong>gidae</strong></span> <span class='ocrx_word' id='word_1_529' title='bbox 2625 3914 3049 3966; x_wconf 75' lang='lat' dir='ltr'><strong>conversationis</strong></span> <span class='ocrx_word' id='word_1_530' title='bbox 3079 3922 3131 3966; x_wconf 84' lang='lat' dir='ltr'><strong>et</strong></span> <span class='ocrx_word' id='word_1_531' title='bbox 3168 3914 3318 3967; x_wconf 87' lang='lat' dir='ltr'><strong>ardui</strong></span> <span class='ocrx_word' id='word_1_532' title='bbox 3376 3915 3595 3966; x_wconf 74' lang='lat' dir='ltr'><strong>turmam</strong></span> <span class='ocrx_word' id='word_1_533' title='bbox 3621 3915 3877 3981; x_wconf 87' lang='lat' dir='ltr'><strong>propositi</strong></span> <span class='ocrx_word' id='word_1_534' title='bbox 3919 3915 4032 3964; x_wconf 87' lang='lat' dir='ltr'><strong>ani-</strong></span> 
     </span>
    </p>
   </div>
   <div class='ocr_carea' id='block_1_85' title="bbox 2463 4003 4025 4071">
    <p class='ocr_par' dir='ltr' id='par_1_85' title="bbox 2463 4003 4025 4071">
     <span class='ocr_line' id='line_1_85' title="bbox 2463 4003 4025 4071; baseline -0.003 -14"><span class='ocrx_word' id='word_1_535' title='bbox 2463 4017 2577 4057; x_wconf 88' lang='lat' dir='ltr'><strong>mos</strong></span> <span class='ocrx_word' id='word_1_536' title='bbox 2631 4003 2969 4057; x_wconf 90' lang='lat' dir='ltr'><strong>nnlitantium</strong></span> <span class='ocrx_word' id='word_1_537' title='bbox 3025 4003 3238 4057; x_wconf 80' lang='lat' dir='ltr'><strong>Christo</strong></span> <span class='ocrx_word' id='word_1_538' title='bbox 3288 4003 3640 4071; x_wconf 85' lang='lat' dir='ltr'><strong>instigantes,</strong></span> <span class='ocrx_word' id='word_1_539' title='bbox 3687 4004 4025 4057; x_wconf 78' lang='lat' dir='ltr'><strong>immaculata</strong></span> 
     </span>
    </p>
   </div>
   <div class='ocr_carea' id='block_1_86' title="bbox 2463 4095 4032 4164">
    <p class='ocr_par' dir='ltr' id='par_1_86' title="bbox 2463 4095 4032 4164">
     <span class='ocr_line' id='line_1_86' title="bbox 2463 4095 4032 4164; baseline -0.003 -16"><span class='ocrx_word' id='word_1_540' title='bbox 2463 4097 2784 4150; x_wconf 89' lang='lat' dir='ltr'><strong>matrimonii</strong></span> <span class='ocrx_word' id='word_1_541' title='bbox 2817 4097 3186 4160; x_wconf 89' lang='lat' dir='ltr'><strong>contubernia,</strong></span> <span class='ocrx_word' id='word_1_542' title='bbox 3218 4105 3272 4149; x_wconf 89' lang='lat' dir='ltr'><strong>et</strong></span> <span class='ocrx_word' id='word_1_543' title='bbox 3327 4096 3612 4162; x_wconf 62' lang='lat' dir='ltr'><strong>legitimum</strong></span> <span class='ocrx_word' id='word_1_544' title='bbox 3670 4095 3852 4164; x_wconf 78' lang='lat' dir='ltr'><strong>legalis</strong></span> <span class='ocrx_word' id='word_1_545' title='bbox 3898 4095 4032 4145; x_wconf 87' lang='lat' dir='ltr'><strong>lhori</strong></span> 
     </span>
    </p>
   </div>
   <div class='ocr_carea' id='block_1_87' title="bbox 2461 4187 4031 4256">
    <p class='ocr_par' dir='ltr' id='par_1_87' title="bbox 2461 4187 4031 4256">
     <span class='ocr_line' id='line_1_87' title="bbox 2461 4187 4031 4256; baseline -0.004 -14"><span class='ocrx_word' id='word_1_546' title='bbox 2461 4188 2784 4242; x_wconf 87' lang='lat' dir='ltr'><strong>connubium</strong></span> <span class='ocrx_word' id='word_1_547' title='bbox 2834 4187 3478 4256; x_wconf 87' lang='lat' dir='ltr'><strong>(sicutschismaticorttm</strong></span> <span class='ocrx_word' id='word_1_548' title='bbox 3527 4187 3870 4239; x_wconf 86' lang='lat' dir='ltr'><strong>deliramenta</strong></span> <span class='ocrx_word' id='word_1_549' title='bbox 3912 4199 4031 4252; x_wconf 65' lang='lat' dir='ltr'><strong>garo</strong></span> 
     </span>
    </p>
   </div>
   <div class='ocr_carea' id='block_1_88' title="bbox 2465 4277 4030 4348">
    <p class='ocr_par' dir='ltr' id='par_1_88' title="bbox 2465 4277 4030 4348">
     <span class='ocr_line' id='line_1_88' title="bbox 2465 4277 4030 4348; baseline -0.006 -13"><span class='ocrx_word' id='word_1_550' title='bbox 2465 4279 2634 4348; x_wconf 88' lang='lat' dir='ltr'><strong>riunt)</strong></span> <span class='ocrx_word' id='word_1_551' title='bbox 2666 4281 3025 4348; x_wconf 88' lang='lat' dir='ltr'><strong>spernendum</strong></span> <span class='ocrx_word' id='word_1_552' title='bbox 3050 4279 3313 4333; x_wconf 89' lang='lat' dir='ltr'><strong>ducimus.</strong></span> <span class='ocrx_word' id='word_1_553' title='bbox 3349 4279 3498 4345; x_wconf 82' lang='lat' dir='ltr'><strong>Quod</strong></span> <span class='ocrx_word' id='word_1_554' title='bbox 3527 4277 3667 4332; x_wconf 79' lang='lat' dir='ltr'><strong>absit</strong></span> <span class='ocrx_word' id='word_1_555' title='bbox 3693 4295 3720 4330; x_wconf 86' lang='lat' dir='ltr'><strong>a</strong></span> <span class='ocrx_word' id='word_1_556' title='bbox 3771 4279 4030 4329; x_wconf 70' lang='lat' dir='ltr'><strong>ealtxolira</strong></span> 
     </span>
    </p>
   </div>
   <div class='ocr_carea' id='block_1_89' title="bbox 2465 4371 4033 4440">
    <p class='ocr_par' dir='ltr' id='par_1_89' title="bbox 2465 4371 4033 4440">
     <span class='ocr_line' id='line_1_89' title="bbox 2465 4371 4033 4440; baseline -0.001 -16"><span class='ocrx_word' id='word_1_557' title='bbox 2465 4371 2821 4424; x_wconf 77' lang='lat' dir='ltr'><strong>Ecclesiarum</strong></span> <span class='ocrx_word' id='word_1_558' title='bbox 2874 4373 2999 4434; x_wconf 82' lang='lat' dir='ltr'><strong>lide,</strong></span> <span class='ocrx_word' id='word_1_559' title='bbox 3035 4371 3332 4440; x_wconf 71' lang='lat' dir='ltr'><strong>prmsertim</strong></span> <span class='ocrx_word' id='word_1_560' title='bbox 3376 4385 3494 4423; x_wconf 83' lang='lat' dir='ltr'><strong>cum</strong></span> <span class='ocrx_word' id='word_1_561' title='bbox 3547 4385 3640 4438; x_wconf 88' lang='lat' dir='ltr'><strong>pro</strong></span> <span class='ocrx_word' id='word_1_562' title='bbox 3688 4381 3834 4422; x_wconf 53' lang='lat' dir='ltr'><strong>cirto</strong></span> <span class='ocrx_word' id='word_1_563' title='bbox 3875 4384 4033 4422; x_wconf 85' lang='lat' dir='ltr'><strong>nove-</strong></span> 
     </span>
    </p>
   </div>
   <div class='ocr_carea' id='block_1_90' title="bbox 2464 4459 4035 4528">
    <p class='ocr_par' dir='ltr' id='par_1_90' title="bbox 2464 4459 4035 4528">
     <span class='ocr_line' id='line_1_90' title="bbox 2464 4459 4035 4528; baseline -0.004 -12"><span class='ocrx_word' id='word_1_564' title='bbox 2464 4461 2629 4516; x_wconf 88' lang='lat' dir='ltr'><strong>rimus</strong></span> <span class='ocrx_word' id='word_1_565' title='bbox 2662 4461 2847 4528; x_wconf 87' lang='lat' dir='ltr'><strong>priscis</strong></span> <span class='ocrx_word' id='word_1_566' title='bbox 2904 4462 3230 4527; x_wconf 88' lang='lat' dir='ltr'><strong>temporibus</strong></span> <span class='ocrx_word' id='word_1_567' title='bbox 3261 4460 3604 4528; x_wconf 86' lang='lat' dir='ltr'><strong>patriarchas,</strong></span> <span class='ocrx_word' id='word_1_568' title='bbox 3632 4459 3823 4510; x_wconf 74' lang='lat' dir='ltr'><strong>divina:</strong></span> <span class='ocrx_word' id='word_1_569' title='bbox 3912 4473 4035 4510; x_wconf 76' lang='lat' dir='ltr'><strong>san-</strong></span> 
     </span>
    </p>
   </div>
   <div class='ocr_carea' id='block_1_91' title="bbox 771 4552 2360 4648">
    <p class='ocr_par' dir='ltr' id='par_1_91' title="bbox 771 4574 2349 4648">
     <span class='ocr_line' id='line_1_91' title="bbox 771 4574 2349 4648; baseline -0.004 -13"><span class='ocrx_word' id='word_1_570' title='bbox 771 4583 963 4646; x_wconf 68' lang='lat' dir='ltr'><strong>utandi</strong></span> <span class='ocrx_word' id='word_1_571' title='bbox 992 4582 1352 4635; x_wconf 87' lang='lat' dir='ltr'><strong>monarehiam</strong></span> <span class='ocrx_word' id='word_1_572' title='bbox 1381 4579 1681 4648; x_wconf 88' lang='lat' dir='ltr'><strong>gubernare</strong></span> <span class='ocrx_word' id='word_1_573' title='bbox 1708 4578 2049 4646; x_wconf 89' lang='lat' dir='ltr'><strong>dignoscitur.</strong></span> <span class='ocrx_word' id='word_1_574' title='bbox 2074 4574 2349 4645; x_wconf 86' lang='lat' dir='ltr'><strong>Siquidem</strong></span> 
     </span>
    </p>
   </div>
   <div class='ocr_carea' id='block_1_92' title="bbox 2438 4552 4036 4648">
    <p class='ocr_par' dir='ltr' id='par_1_92' title="bbox 2438 4552 4036 4622">
     <span class='ocr_line' id='line_1_92' title="bbox 2438 4552 4036 4622; baseline -0.003 -18"><span class='ocrx_word' id='word_1_575' title='bbox 2438 4555 2658 4618; x_wconf 67' lang='lat' dir='ltr'><strong>ctionis</strong></span> <span class='ocrx_word' id='word_1_576' title='bbox 2691 4564 2953 4622; x_wconf 78' lang='lat' dir='ltr'><strong>przccepta</strong></span> <span class='ocrx_word' id='word_1_577' title='bbox 2981 4553 3212 4620; x_wconf 83' lang='lat' dir='ltr'><strong>conjugii</strong></span> <span class='ocrx_word' id='word_1_578' title='bbox 3245 4552 3441 4606; x_wconf 69' lang='lat' dir='ltr'><strong>hedera</strong></span> <span class='ocrx_word' id='word_1_579' title='bbox 3473 4561 3769 4612; x_wconf 85' lang='lat' dir='ltr'><strong>servantes,</strong></span> <span class='ocrx_word' id='word_1_580' title='bbox 3794 4563 4036 4616; x_wconf 68' lang='lat' dir='ltr'><strong>superum</strong></span> 
     </span>
    </p>
   </div>
   <div class='ocr_carea' id='block_1_93' title="bbox 775 4666 2354 4735">
    <p class='ocr_par' dir='ltr' id='par_1_93' title="bbox 775 4666 2354 4735">
     <span class='ocr_line' id='line_1_93' title="bbox 775 4666 2354 4735; baseline -0.005 -9"><span class='ocrx_word' id='word_1_581' title='bbox 775 4685 823 4728; x_wconf 69' lang='lat' dir='ltr'><strong>at</strong></span> <span class='ocrx_word' id='word_1_582' title='bbox 855 4674 1102 4726; x_wconf 79' lang='lat' dir='ltr'><strong>humanis</strong></span> <span class='ocrx_word' id='word_1_583' title='bbox 1135 4671 1376 4726; x_wconf 79' lang='lat' dir='ltr'><strong>faucibus</strong></span> <span class='ocrx_word' id='word_1_584' title='bbox 1406 4681 1460 4726; x_wconf 88' lang='lat' dir='ltr'><strong>et</strong></span> <span class='ocrx_word' id='word_1_585' title='bbox 1487 4669 1789 4723; x_wconf 89' lang='lat' dir='ltr'><strong>mortalium</strong></span> <span class='ocrx_word' id='word_1_586' title='bbox 1815 4669 1988 4735; x_wconf 87' lang='lat' dir='ltr'><strong>palato</strong></span> <span class='ocrx_word' id='word_1_587' title='bbox 2018 4681 2176 4722; x_wconf 88' lang='lat' dir='ltr'><strong>omne</strong></span> <span class='ocrx_word' id='word_1_588' title='bbox 2203 4666 2354 4734; x_wconf 87' lang='lat' dir='ltr'><strong>quid-</strong></span> 
     </span>
    </p>
   </div>
   <div class='ocr_carea' id='block_1_94' title="bbox 785 4760 2358 4834">
    <p class='ocr_par' dir='ltr' id='par_1_94' title="bbox 785 4760 2358 4834">
     <span class='ocr_line' id='line_1_94' title="bbox 785 4760 2358 4834; baseline -0.003 -18"><span class='ocrx_word' id='word_1_589' title='bbox 785 4766 895 4834; x_wconf 73' lang='lat' dir='ltr'><strong>piid</strong></span> <span class='ocrx_word' id='word_1_590' title='bbox 938 4765 1231 4834; x_wconf 86' lang='lat' dir='ltr'><strong>jucundum</strong></span> <span class='ocrx_word' id='word_1_591' title='bbox 1261 4779 1322 4816; x_wconf 90' lang='lat' dir='ltr'><strong>ae</strong></span> <span class='ocrx_word' id='word_1_592' title='bbox 1353 4762 1668 4817; x_wconf 85' lang='lat' dir='ltr'><strong>delectabile</strong></span> <span class='ocrx_word' id='word_1_593' title='bbox 1716 4761 1918 4815; x_wconf 91' lang='lat' dir='ltr'><strong>illatum</strong></span> <span class='ocrx_word' id='word_1_594' title='bbox 1959 4762 2186 4814; x_wconf 74' lang='lat' dir='ltr'><strong>sentitur</strong></span> <span class='ocrx_word' id='word_1_595' title='bbox 2230 4760 2358 4813; x_wconf 88' lang='lat' dir='ltr'><strong>mel-</strong></span> 
     </span>
    </p>
   </div>
   <div class='ocr_carea' id='block_1_95' title="bbox 798 4851 2360 4924">
    <p class='ocr_par' dir='ltr' id='par_1_95' title="bbox 798 4851 2360 4924">
     <span class='ocr_line' id='line_1_95' title="bbox 798 4851 2360 4924; baseline -0.002 -17"><span class='ocrx_word' id='word_1_596' title='bbox 798 4859 881 4908; x_wconf 75' lang='lat' dir='ltr'><strong>itre</strong></span> <span class='ocrx_word' id='word_1_597' title='bbox 928 4855 1223 4909; x_wconf 88' lang='lat' dir='ltr'><strong>dulcedinis</strong></span> <span class='ocrx_word' id='word_1_598' title='bbox 1280 4864 1488 4924; x_wconf 79' lang='lat' dir='ltr'><strong>gustum</strong></span> <span class='ocrx_word' id='word_1_599' title='bbox 1539 4853 1821 4906; x_wconf 87' lang='lat' dir='ltr'><strong>admodum</strong></span> <span class='ocrx_word' id='word_1_600' title='bbox 1876 4851 2360 4919; x_wconf 83' lang='lat' dir='ltr'><strong>incomparabiliter</strong></span> 
     </span>
    </p>
   </div>
   <div class='ocr_carea' id='block_1_96' title="bbox 769 4941 2361 5013">
    <p class='ocr_par' dir='ltr' id='par_1_96' title="bbox 769 4941 2361 5013">
     <span class='ocr_line' id='line_1_96' title="bbox 769 4941 2361 5013; baseline -0.001 -17"><span class='ocrx_word' id='word_1_601' title='bbox 769 4945 1046 5013; x_wconf 66' lang='lat' dir='ltr'><strong>praecellit,</strong></span> <span class='ocrx_word' id='word_1_602' title='bbox 1079 4945 1145 4996; x_wconf 89' lang='lat' dir='ltr'><strong>ita</strong></span> <span class='ocrx_word' id='word_1_603' title='bbox 1178 4944 1353 4996; x_wconf 79' lang='lat' dir='ltr'><strong>dlvina</strong></span> <span class='ocrx_word' id='word_1_604' title='bbox 1400 4943 1644 5009; x_wconf 74' lang='lat' dir='ltr'><strong>Maiestas</strong></span> <span class='ocrx_word' id='word_1_605' title='bbox 1675 4941 1840 5010; x_wconf 83' lang='lat' dir='ltr'><strong>(quod</strong></span> <span class='ocrx_word' id='word_1_606' title='bbox 1877 4952 2049 4994; x_wconf 85' lang='lat' dir='ltr'><strong>tamen</strong></span> <span class='ocrx_word' id='word_1_607' title='bbox 2079 4955 2199 4994; x_wconf 90' lang='lat' dir='ltr'><strong>cum</strong></span> <span class='ocrx_word' id='word_1_608' title='bbox 2235 4955 2361 5008; x_wconf 90' lang='lat' dir='ltr'><strong>pace</strong></span> 
     </span>
    </p>
   </div>
   <div class='ocr_carea' id='block_1_97' title="bbox 774 5031 2357 5102">
    <p class='ocr_par' dir='ltr' id='par_1_97' title="bbox 774 5031 2357 5102">
     <span class='ocr_line' id='line_1_97' title="bbox 774 5031 2357 5102; baseline 0 -17"><span class='ocrx_word' id='word_1_609' title='bbox 774 5048 826 5088; x_wconf 71' lang='grc' dir='ltr'><strong>οτι</strong></span> <span class='ocrx_word' id='word_1_610' title='bbox 861 5035 1154 5088; x_wconf 83' lang='lat' dir='ltr'><strong>reverentia</strong></span> <span class='ocrx_word' id='word_1_611' title='bbox 1188 5044 1495 5087; x_wconf 87' lang='lat' dir='ltr'><strong>sanctorum</strong></span> <span class='ocrx_word' id='word_1_612' title='bbox 1547 5033 1730 5102; x_wconf 91' lang='lat' dir='ltr'><strong>loquar</strong></span> <span class='ocrx_word' id='word_1_613' title='bbox 1759 5033 2026 5101; x_wconf 87' lang='lat' dir='ltr'><strong>quondam</strong></span> <span class='ocrx_word' id='word_1_614' title='bbox 2064 5031 2357 5100; x_wconf 87' lang='lat' dir='ltr'><strong>jugalilalis</strong></span> 
     </span>
    </p>
   </div>
   <div class='ocr_carea' id='block_1_98' title="bbox 778 5121 2356 5190">
    <p class='ocr_par' dir='ltr' id='par_1_98' title="bbox 778 5121 2356 5190">
     <span class='ocr_line' id='line_1_98' title="bbox 778 5121 2356 5190; baseline -0.004 -12"><span class='ocrx_word' id='word_1_615' title='bbox 778 5124 1001 5179; x_wconf 74' lang='lat' dir='ltr'><strong>nexibus</strong></span> <span class='ocrx_word' id='word_1_616' title='bbox 1035 5123 1442 5190; x_wconf 76' lang='lat' dir='ltr'><strong>frederatorum)</strong></span> <span class='ocrx_word' id='word_1_617' title='bbox 1470 5121 1717 5175; x_wconf 89' lang='lat' dir='ltr'><strong>onmibos</strong></span> <span class='ocrx_word' id='word_1_618' title='bbox 1741 5122 2066 5190; x_wconf 76' lang='lat' dir='ltr'><strong>generalium</strong></span> <span class='ocrx_word' id='word_1_619' title='bbox 2100 5122 2356 5174; x_wconf 86' lang='lat' dir='ltr'><strong>virtutum</strong></span> 
     </span>
    </p>
   </div>
   <div class='ocr_carea' id='block_1_99' title="bbox 775 5210 2360 5280">
    <p class='ocr_par' dir='ltr' id='par_1_99' title="bbox 775 5210 2360 5280">
     <span class='ocr_line' id='line_1_99' title="bbox 775 5210 2360 5280; baseline 0.001 -17"><span class='ocrx_word' id='word_1_620' title='bbox 775 5214 1047 5280; x_wconf 83' lang='lat' dir='ltr'><strong>gradibus,</strong></span> <span class='ocrx_word' id='word_1_621' title='bbox 1080 5228 1197 5280; x_wconf 68' lang='lat' dir='ltr'><strong>quae</strong></span> <span class='ocrx_word' id='word_1_622' title='bbox 1245 5215 1297 5264; x_wconf 91' lang='lat' dir='ltr'><strong>in</strong></span> <span class='ocrx_word' id='word_1_623' title='bbox 1340 5213 1579 5280; x_wconf 86' lang='lat' dir='ltr'><strong>catalogo</strong></span> <span class='ocrx_word' id='word_1_624' title='bbox 1628 5210 2009 5266; x_wconf 86' lang='lat' dir='ltr'><strong>charismatum</strong></span> <span class='ocrx_word' id='word_1_625' title='bbox 2041 5227 2360 5264; x_wconf 88' lang='lat' dir='ltr'><strong>enumeran-</strong></span> 
     </span>
    </p>
   </div>
   <div class='ocr_carea' id='block_1_100' title="bbox 779 5301 2358 5374">
    <p class='ocr_par' dir='ltr' id='par_1_100' title="bbox 779 5301 2358 5374">
     <span class='ocr_line' id='line_1_100' title="bbox 779 5301 2358 5374; baseline 0.001 -20"><span class='ocrx_word' id='word_1_626' title='bbox 779 5313 883 5367; x_wconf 85' lang='lat' dir='ltr'><strong>tur,</strong></span> <span class='ocrx_word' id='word_1_627' title='bbox 919 5301 1148 5372; x_wconf 84' lang='lat' dir='ltr'><strong>speciale</strong></span> <span class='ocrx_word' id='word_1_628' title='bbox 1180 5304 1497 5372; x_wconf 83' lang='lat' dir='ltr'><strong>virginitatis</strong></span> <span class='ocrx_word' id='word_1_629' title='bbox 1529 5303 1862 5373; x_wconf 84' lang='lat' dir='ltr'><strong>privilegimn</strong></span> <span class='ocrx_word' id='word_1_630' title='bbox 1912 5304 2219 5374; x_wconf 71' lang='lat' dir='ltr'><strong>prmpnsuil.</strong></span> <span class='ocrx_word' id='word_1_631' title='bbox 2252 5305 2358 5358; x_wconf 77' lang='lat' dir='ltr'><strong>Cu-</strong></span> 
     </span>
    </p>
   </div>
   <div class='ocr_carea' id='block_1_101' title="bbox 779 5396 2363 5462">
    <p class='ocr_par' dir='ltr' id='par_1_101' title="bbox 779 5396 2363 5462">
     <span class='ocr_line' id='line_1_101' title="bbox 779 5396 2363 5462; baseline 0.003 -15"><span class='ocrx_word' id='word_1_632' title='bbox 779 5396 859 5462; x_wconf 74' lang='lat' dir='ltr'><strong>ius</strong></span> <span class='ocrx_word' id='word_1_633' title='bbox 892 5396 967 5449; x_wconf 89' lang='lat' dir='ltr'><strong>rei</strong></span> <span class='ocrx_word' id='word_1_634' title='bbox 1002 5396 1130 5449; x_wconf 81' lang='lat' dir='ltr'><strong>satis</strong></span> <span class='ocrx_word' id='word_1_635' title='bbox 1157 5397 1376 5450; x_wconf 82' lang='lat' dir='ltr'><strong>evidens</strong></span> <span class='ocrx_word' id='word_1_636' title='bbox 1406 5396 1658 5451; x_wconf 89' lang='lat' dir='ltr'><strong>indicium</strong></span> <span class='ocrx_word' id='word_1_637' title='bbox 1691 5407 1921 5462; x_wconf 86' lang='lat' dir='ltr'><strong>constat,</strong></span> <span class='ocrx_word' id='word_1_638' title='bbox 1948 5398 2072 5451; x_wconf 88' lang='lat' dir='ltr'><strong>dum</strong></span> <span class='ocrx_word' id='word_1_639' title='bbox 2101 5414 2128 5452; x_wconf 87' lang='lat' dir='ltr'><strong>a</strong></span> <span class='ocrx_word' id='word_1_640' title='bbox 2157 5413 2363 5452; x_wconf 84' lang='lat' dir='ltr'><strong>summo</strong></span> 
     </span>
    </p>
   </div>
   <div class='ocr_carea' id='block_1_102' title="bbox 778 5485 2358 5556">
    <p class='ocr_par' dir='ltr' id='par_1_102' title="bbox 778 5485 2358 5556">
     <span class='ocr_line' id='line_1_102' title="bbox 778 5485 2358 5556; baseline 0.003 -18"><span class='ocrx_word' id='word_1_641' title='bbox 778 5487 1037 5540; x_wconf 76' lang='lat' dir='ltr'><strong>caelorum</strong></span> <span class='ocrx_word' id='word_1_642' title='bbox 1072 5485 1281 5556; x_wconf 73' lang='lat' dir='ltr'><strong>fastigio</strong></span> <span class='ocrx_word' id='word_1_643' title='bbox 1310 5490 1611 5541; x_wconf 84' lang='lat' dir='ltr'><strong>veneranda</strong></span> <span class='ocrx_word' id='word_1_644' title='bbox 1661 5489 1750 5542; x_wconf 85' lang='lat' dir='ltr'><strong>Dei</strong></span> <span class='ocrx_word' id='word_1_645' title='bbox 1786 5489 1963 5556; x_wconf 89' lang='lat' dir='ltr'><strong>proles</strong></span> <span class='ocrx_word' id='word_1_646' title='bbox 2003 5489 2358 5552; x_wconf 76' lang='lat' dir='ltr'><strong>descendens,</strong></span> 
     </span>
    </p>
   </div>
   <div class='ocr_carea' id='block_1_103' title="bbox 778 5578 2361 5648">
    <p class='ocr_par' dir='ltr' id='par_1_103' title="bbox 778 5578 2361 5648">
     <span class='ocr_line' id='line_1_103' title="bbox 778 5578 2361 5648; baseline 0.001 -18"><span class='ocrx_word' id='word_1_647' title='bbox 778 5593 930 5630; x_wconf 85' lang='lat' dir='ltr'><strong>nvem</strong></span> <span class='ocrx_word' id='word_1_648' title='bbox 964 5591 1238 5630; x_wconf 79' lang='lat' dir='ltr'><strong>erraneam</strong></span> <span class='ocrx_word' id='word_1_649' title='bbox 1269 5578 1632 5646; x_wconf 89' lang='lat' dir='ltr'><strong>redemptura,</strong></span> <span class='ocrx_word' id='word_1_650' title='bbox 1661 5589 1714 5633; x_wconf 91' lang='lat' dir='ltr'><strong>et</strong></span> <span class='ocrx_word' id='word_1_651' title='bbox 1743 5579 2054 5634; x_wconf 86' lang='lat' dir='ltr'><strong>drachmam</strong></span> <span class='ocrx_word' id='word_1_652' title='bbox 2102 5582 2361 5648; x_wconf 71' lang='lat' dir='ltr'><strong>perdtam</strong></span> 
     </span>
    </p>
   </div>
   <div class='ocr_carea' id='block_1_104' title="bbox 784 5669 2364 5738">
    <p class='ocr_par' dir='ltr' id='par_1_104' title="bbox 784 5669 2364 5738">
     <span class='ocr_line' id='line_1_104' title="bbox 784 5669 2364 5738; baseline 0.003 -18"><span class='ocrx_word' id='word_1_653' title='bbox 784 5669 1085 5735; x_wconf 62' lang='lat' dir='ltr'><strong>quaesitura,</strong></span> <span class='ocrx_word' id='word_1_654' title='bbox 1119 5670 1291 5723; x_wconf 84' lang='lat' dir='ltr'><strong>alvum</strong></span> <span class='ocrx_word' id='word_1_655' title='bbox 1327 5671 1759 5724; x_wconf 79' lang='lat' dir='ltr'><strong>incontaminatze</strong></span> <span class='ocrx_word' id='word_1_656' title='bbox 1801 5669 2043 5738; x_wconf 88' lang='lat' dir='ltr'><strong>virginali</strong></span> <span class='ocrx_word' id='word_1_657' title='bbox 2079 5671 2364 5738; x_wconf 86' lang='lat' dir='ltr'><strong>puerperio</strong></span> 
     </span>
    </p>
   </div>
   <div class='ocr_carea' id='block_1_105' title="bbox 785 5760 2367 5830">
    <p class='ocr_par' dir='ltr' id='par_1_105' title="bbox 785 5760 2367 5830">
     <span class='ocr_line' id='line_1_105' title="bbox 785 5760 2367 5830; baseline 0.001 -19"><span class='ocrx_word' id='word_1_658' title='bbox 785 5760 1041 5827; x_wconf 65' lang='lat' dir='ltr'><strong>prmditar,</strong></span> <span class='ocrx_word' id='word_1_659' title='bbox 1073 5761 1186 5813; x_wconf 70' lang='lat' dir='ltr'><strong>sine</strong></span> <span class='ocrx_word' id='word_1_660' title='bbox 1219 5760 1452 5829; x_wconf 81' lang='lat' dir='ltr'><strong>periculo</strong></span> <span class='ocrx_word' id='word_1_661' title='bbox 1485 5773 1752 5830; x_wconf 68' lang='lat' dir='ltr'><strong>perpetua!</strong></span> <span class='ocrx_word' id='word_1_662' title='bbox 1785 5762 2026 5827; x_wconf 75' lang='lat' dir='ltr'><strong>puritatis</strong></span> <span class='ocrx_word' id='word_1_663' title='bbox 2057 5771 2110 5812; x_wconf 79' lang='lat' dir='ltr'><strong>et</strong></span> <span class='ocrx_word' id='word_1_664' title='bbox 2151 5761 2367 5828; x_wconf 73' lang='lat' dir='ltr'><strong>dispen-</strong></span> 
     </span>
    </p>
   </div>
   <div class='ocr_carea' id='block_1_106' title="bbox 783 5851 2364 5920">
    <p class='ocr_par' dir='ltr' id='par_1_106' title="bbox 783 5851 2364 5920">
     <span class='ocr_line' id='line_1_106' title="bbox 783 5851 2364 5920; baseline -0.001 -15"><span class='ocrx_word' id='word_1_665' title='bbox 783 5852 870 5905; x_wconf 81' lang='lat' dir='ltr'><strong>dio</strong></span> <span class='ocrx_word' id='word_1_666' title='bbox 901 5851 1153 5904; x_wconf 66' lang='lat' dir='ltr'><strong>castitatis</strong></span> <span class='ocrx_word' id='word_1_667' title='bbox 1181 5855 1400 5905; x_wconf 80' lang='lat' dir='ltr'><strong>intraret</strong></span> <span class='ocrx_word' id='word_1_668' title='bbox 1451 5852 1530 5904; x_wconf 76' lang='lat' dir='ltr'><strong>Ub</strong></span> <span class='ocrx_word' id='word_1_669' title='bbox 1564 5854 1660 5904; x_wconf 65' lang='lat' dir='ltr'><strong>hoc</strong></span> <span class='ocrx_word' id='word_1_670' title='bbox 1693 5853 1853 5905; x_wconf 77' lang='lat' dir='ltr'><strong>etiam</strong></span> <span class='ocrx_word' id='word_1_671' title='bbox 1890 5867 2007 5904; x_wconf 81' lang='lat' dir='ltr'><strong>reor</strong></span> <span class='ocrx_word' id='word_1_672' title='bbox 2038 5851 2177 5920; x_wconf 81' lang='lat' dir='ltr'><strong>quod</strong></span> <span class='ocrx_word' id='word_1_673' title='bbox 2213 5867 2364 5904; x_wconf 78' lang='lat' dir='ltr'><strong>sacer</strong></span> 
     </span>
    </p>
   </div>
   <div class='ocr_carea' id='block_1_107' title="bbox 2463 4639 4037 4716">
    <p class='ocr_par' dir='ltr' id='par_1_107' title="bbox 2463 4639 4037 4716">
     <span class='ocr_line' id='line_1_107' title="bbox 2463 4639 4037 4716; baseline -0.005 -17"><span class='ocrx_word' id='word_1_674' title='bbox 2463 4658 2640 4716; x_wconf 86' lang='lat' dir='ltr'><strong>gratos</strong></span> <span class='ocrx_word' id='word_1_675' title='bbox 2692 4645 2950 4714; x_wconf 68' lang='lat' dir='ltr'><strong>Majestati</strong></span> <span class='ocrx_word' id='word_1_676' title='bbox 2997 4644 3285 4707; x_wconf 76' lang='lat' dir='ltr'><strong>exstitisse,</strong></span> <span class='ocrx_word' id='word_1_677' title='bbox 3338 4653 3393 4697; x_wconf 87' lang='lat' dir='ltr'><strong>et</strong></span> <span class='ocrx_word' id='word_1_678' title='bbox 3438 4643 3762 4696; x_wconf 80' lang='lat' dir='ltr'><strong>sacrosancti</strong></span> <span class='ocrx_word' id='word_1_679' title='bbox 3810 4639 4037 4707; x_wconf 79' lang='lat' dir='ltr'><strong>Spiritus</strong></span> 
     </span>
    </p>
   </div>
   <div class='ocr_carea' id='block_1_108' title="bbox 2463 4732 4036 4791">
    <p class='ocr_par' dir='ltr' id='par_1_108' title="bbox 2463 4732 4036 4791">
     <span class='ocr_line' id='line_1_108' title="bbox 2463 4732 4036 4791; baseline -0.007 0"><span class='ocrx_word' id='word_1_680' title='bbox 2463 4738 2782 4791; x_wconf 84' lang='lat' dir='ltr'><strong>charismate</strong></span> <span class='ocrx_word' id='word_1_681' title='bbox 2833 4737 3056 4791; x_wconf 79' lang='lat' dir='ltr'><strong>refertos</strong></span> <span class='ocrx_word' id='word_1_682' title='bbox 3106 4737 3291 4789; x_wconf 77' lang='lat' dir='ltr'><strong>latura:</strong></span> <span class='ocrx_word' id='word_1_683' title='bbox 3355 4733 3730 4787; x_wconf 82' lang='lat' dir='ltr'><strong>lncainatOnis</strong></span> <span class='ocrx_word' id='word_1_684' title='bbox 3777 4732 4036 4783; x_wconf 77' lang='lat' dir='ltr'><strong>cunabula</strong></span> 
     </span>
    </p>
   </div>
   <div class='ocr_carea' id='block_1_109' title="bbox 2465 4825 4034 4902">
    <p class='ocr_par' dir='ltr' id='par_1_109' title="bbox 2465 4825 4034 4902">
     <span class='ocr_line' id='line_1_109' title="bbox 2465 4825 4034 4902; baseline -0.007 -16"><span class='ocrx_word' id='word_1_685' title='bbox 2465 4831 2799 4902; x_wconf 70' lang='lat' dir='ltr'><strong>propheticis</strong></span> <span class='ocrx_word' id='word_1_686' title='bbox 2831 4831 3210 4900; x_wconf 65' lang='lat' dir='ltr'><strong>pra&#39;sagioruin</strong></span> <span class='ocrx_word' id='word_1_687' title='bbox 3238 4828 3453 4880; x_wconf 85' lang='lat' dir='ltr'><strong>voeihus</strong></span> <span class='ocrx_word' id='word_1_688' title='bbox 3485 4825 3818 4883; x_wconf 83' lang='lat' dir='ltr'><strong>vat:cinasse,</strong></span> <span class='ocrx_word' id='word_1_689' title='bbox 3854 4834 3909 4876; x_wconf 88' lang='lat' dir='ltr'><strong>ut</strong></span> <span class='ocrx_word' id='word_1_690' title='bbox 3955 4835 4034 4876; x_wconf 72' lang='lat' dir='ltr'><strong>est</strong></span> 
     </span>
    </p>
   </div>
   <div class='ocr_carea' id='block_1_110' title="bbox 2467 4913 4040 4992">
    <p class='ocr_par' dir='ltr' id='par_1_110' title="bbox 2467 4913 4040 4992">
     <span class='ocr_line' id='line_1_110' title="bbox 2467 4913 4040 4992; baseline -0.006 -14"><span class='ocrx_word' id='word_1_691' title='bbox 2467 4925 2634 4978; x_wconf 87' lang='lat' dir='ltr'><strong>illud:</strong></span> <span class='ocrx_word' id='word_1_692' title='bbox 2671 4923 2788 4976; x_wconf 80' lang='lat' dir='ltr'><strong>Non</strong></span> <span class='ocrx_word' id='word_1_693' title='bbox 2827 4927 3092 4992; x_wconf 64' lang='lat' dir='ltr'><strong>auferetur</strong></span> <span class='ocrx_word' id='word_1_694' title='bbox 3118 4929 3369 4990; x_wconf 77' lang='lat' dir='ltr'><strong>sceptrum</strong></span> <span class='ocrx_word' id='word_1_695' title='bbox 3391 4919 3453 4970; x_wconf 82' lang='lat' dir='ltr'><strong>de</strong></span> <span class='ocrx_word' id='word_1_696' title='bbox 3502 4913 3663 4982; x_wconf 74' lang='lat' dir='ltr'><strong>Judu,</strong></span> <span class='ocrx_word' id='word_1_697' title='bbox 3719 4925 3765 4968; x_wconf 82' lang='lat' dir='ltr'><strong>et</strong></span> <span class='ocrx_word' id='word_1_698' title='bbox 3817 4915 3926 4968; x_wconf 64' lang='lat' dir='ltr'><strong>de:</strong></span> <span class='ocrx_word' id='word_1_699' title='bbox 3979 4924 4040 4969; x_wconf 79' lang='lat' dir='ltr'><strong>de</strong></span> 
     </span>
    </p>
   </div>
   <div class='ocr_carea' id='block_1_111' title="bbox 2465 5009 4038 5087">
    <p class='ocr_par' dir='ltr' id='par_1_111' title="bbox 2465 5009 4038 5087">
     <span class='ocr_line' id='line_1_111' title="bbox 2465 5009 4038 5087; baseline -0.005 -17"><span class='ocrx_word' id='word_1_700' title='bbox 2465 5017 2738 5086; x_wconf 77' lang='lat' dir='ltr'><strong>femoribus</strong></span> <span class='ocrx_word' id='word_1_701' title='bbox 2767 5017 2896 5087; x_wconf 83' lang='lat' dir='ltr'><strong>ejus,</strong></span> <span class='ocrx_word' id='word_1_702' title='bbox 2942 5017 3100 5068; x_wconf 85' lang='lat' dir='ltr'><strong>donec</strong></span> <span class='ocrx_word' id='word_1_703' title='bbox 3125 5015 3290 5067; x_wconf 70' lang='lat' dir='ltr'><strong>veniat</strong></span> <span class='ocrx_word' id='word_1_704' title='bbox 3323 5011 3409 5079; x_wconf 81' lang='lat' dir='ltr'><strong>qui</strong></span> <span class='ocrx_word' id='word_1_705' title='bbox 3449 5010 3716 5063; x_wconf 77' lang='lat' dir='ltr'><strong>mittendus</strong></span> <span class='ocrx_word' id='word_1_706' title='bbox 3746 5017 3816 5062; x_wconf 76' lang='lat' dir='ltr'><strong>est</strong></span> <span class='ocrx_word' id='word_1_707' title='bbox 3847 5019 3893 5060; x_wconf 82' lang='lat' dir='ltr'><strong>et</strong></span> <span class='ocrx_word' id='word_1_708' title='bbox 3932 5009 4038 5077; x_wconf 70' lang='lat' dir='ltr'><strong>ipse</strong></span> 
     </span>
    </p>
   </div>
   <div class='ocr_carea' id='block_1_112' title="bbox 2467 5101 4038 5177">
    <p class='ocr_par' dir='ltr' id='par_1_112' title="bbox 2467 5101 4038 5177">
     <span class='ocr_line' id='line_1_112' title="bbox 2467 5101 4038 5177; baseline -0.006 -14"><span class='ocrx_word' id='word_1_709' title='bbox 2467 5112 2558 5163; x_wconf 77' lang='lat' dir='ltr'><strong>erit</strong></span> <span class='ocrx_word' id='word_1_710' title='bbox 2589 5109 2894 5175; x_wconf 72' lang='lat' dir='ltr'><strong>exspectatio</strong></span> <span class='ocrx_word' id='word_1_711' title='bbox 2920 5109 3175 5177; x_wconf 76' lang='lat' dir='ltr'><strong>gentium;</strong></span> <span class='ocrx_word' id='word_1_712' title='bbox 3206 5115 3260 5160; x_wconf 88' lang='lat' dir='ltr'><strong>et</strong></span> <span class='ocrx_word' id='word_1_713' title='bbox 3289 5105 3510 5172; x_wconf 84' lang='lat' dir='ltr'><strong>reliqua,</strong></span> <span class='ocrx_word' id='word_1_714' title='bbox 3543 5103 3680 5172; x_wconf 87' lang='lat' dir='ltr'><strong>quod</strong></span> <span class='ocrx_word' id='word_1_715' title='bbox 3719 5101 3929 5154; x_wconf 84' lang='lat' dir='ltr'><strong>millena</strong></span> <span class='ocrx_word' id='word_1_716' title='bbox 3962 5114 4038 5154; x_wconf 86' lang='lat' dir='ltr'><strong>le-</strong></span> 
     </span>
    </p>
   </div>
   <div class='ocr_carea' id='block_1_113' title="bbox 2471 5184 4036 5267">
    <p class='ocr_par' dir='ltr' id='par_1_113' title="bbox 2471 5184 4036 5267">
     <span class='ocr_line' id='line_1_113' title="bbox 2471 5184 4036 5267; baseline -0.008 -14"><span class='ocrx_word' id='word_1_717' title='bbox 2471 5202 2836 5255; x_wconf 77' lang='lat' dir='ltr'><strong>stnnoniorum</strong></span> <span class='ocrx_word' id='word_1_718' title='bbox 2851 5184 3096 5267; x_wconf 74' lang='lat' dir='ltr'><strong>congerie</strong></span> <span class='ocrx_word' id='word_1_719' title='bbox 3111 5197 3308 5265; x_wconf 87' lang='lat' dir='ltr'><strong>liquido</strong></span> <span class='ocrx_word' id='word_1_720' title='bbox 3325 5194 3530 5264; x_wconf 82' lang='lat' dir='ltr'><strong>probari</strong></span> <span class='ocrx_word' id='word_1_721' title='bbox 3543 5203 3593 5247; x_wconf 89' lang='lat' dir='ltr'><strong>et</strong></span> <span class='ocrx_word' id='word_1_722' title='bbox 3606 5191 3832 5259; x_wconf 79' lang='lat' dir='ltr'><strong>experiri</strong></span> <span class='ocrx_word' id='word_1_723' title='bbox 3849 5200 4036 5258; x_wconf 83' lang='lat' dir='ltr'><strong>potest.</strong></span> 
     </span>
    </p>
   </div>
   <div class='ocr_carea' id='block_1_114' title="bbox 2469 5289 4040 5352">
    <p class='ocr_par' dir='ltr' id='par_1_114' title="bbox 2469 5289 4040 5352">
     <span class='ocr_line' id='line_1_114' title="bbox 2469 5289 4040 5352; baseline -0.011 0"><span class='ocrx_word' id='word_1_724' title='bbox 2469 5297 2572 5352; x_wconf 82' lang='lat' dir='ltr'><strong>Sed</strong></span> <span class='ocrx_word' id='word_1_725' title='bbox 2605 5298 2764 5352; x_wconf 86' lang='lat' dir='ltr'><strong>etiam</strong></span> <span class='ocrx_word' id='word_1_726' title='bbox 2791 5293 2945 5348; x_wconf 78' lang='lat' dir='ltr'><strong>furvo</strong></span> <span class='ocrx_word' id='word_1_727' title='bbox 2965 5293 3259 5347; x_wconf 75' lang='lat' dir='ltr'><strong>lacessente</strong></span> <span class='ocrx_word' id='word_1_728' title='bbox 3287 5289 3490 5344; x_wconf 73' lang='lat' dir='ltr'><strong>Veteris</strong></span> <span class='ocrx_word' id='word_1_729' title='bbox 3538 5289 3870 5342; x_wconf 86' lang='lat' dir='ltr'><strong>Instrumeoti</strong></span> <span class='ocrx_word' id='word_1_730' title='bbox 3926 5299 4040 5336; x_wconf 79' lang='lat' dir='ltr'><strong>uin-</strong></span> 
     </span>
    </p>
   </div>
   <div class='ocr_carea' id='block_1_115' title="bbox 2471 5379 4038 5460">
    <p class='ocr_par' dir='ltr' id='par_1_115' title="bbox 2471 5379 4038 5460">
     <span class='ocr_line' id='line_1_115' title="bbox 2471 5379 4038 5460; baseline -0.011 -16"><span class='ocrx_word' id='word_1_731' title='bbox 2471 5391 2687 5445; x_wconf 88' lang='lat' dir='ltr'><strong>braculo</strong></span> <span class='ocrx_word' id='word_1_732' title='bbox 2715 5398 2768 5442; x_wconf 89' lang='lat' dir='ltr'><strong>et</strong></span> <span class='ocrx_word' id='word_1_733' title='bbox 2805 5389 2947 5443; x_wconf 87' lang='lat' dir='ltr'><strong>clare</strong></span> <span class='ocrx_word' id='word_1_734' title='bbox 2972 5385 3175 5460; x_wconf 82' lang='lat' dir='ltr'><strong>[Badl.,</strong></span> <span class='ocrx_word' id='word_1_735' title='bbox 3201 5381 3364 5455; x_wconf 88' lang='lat' dir='ltr'><strong>clara]</strong></span> <span class='ocrx_word' id='word_1_736' title='bbox 3412 5392 3725 5437; x_wconf 76' lang='lat' dir='ltr'><strong>coruscanle</strong></span> <span class='ocrx_word' id='word_1_737' title='bbox 3775 5379 4038 5445; x_wconf 78' lang='lat' dir='ltr'><strong>Evangelii</strong></span> 
     </span>
    </p>
   </div>
   <div class='ocr_carea' id='block_1_116' title="bbox 2470 5465 4040 5551">
    <p class='ocr_par' dir='ltr' id='par_1_116' title="bbox 2470 5465 4040 5551">
     <span class='ocr_line' id='line_1_116' title="bbox 2470 5465 4040 5551; baseline -0.011 -16"><span class='ocrx_word' id='word_1_738' title='bbox 2470 5482 2636 5551; x_wconf 86' lang='lat' dir='ltr'><strong>gratia</strong></span> <span class='ocrx_word' id='word_1_739' title='bbox 2663 5522 2675 5544; x_wconf 87' lang='lat'><strong>,</strong></span> <span class='ocrx_word' id='word_1_740' title='bbox 2710 5491 2911 5534; x_wconf 88' lang='lat' dir='ltr'><strong>tantum</strong></span> <span class='ocrx_word' id='word_1_741' title='bbox 2949 5479 3085 5532; x_wconf 92' lang='lat' dir='ltr'><strong>inter</strong></span> <span class='ocrx_word' id='word_1_742' title='bbox 3118 5473 3436 5543; x_wconf 84' lang='lat' dir='ltr'><strong>virginitatis</strong></span> <span class='ocrx_word' id='word_1_743' title='bbox 3482 5472 3637 5526; x_wconf 83' lang='lat' dir='ltr'><strong>nores</strong></span> <span class='ocrx_word' id='word_1_744' title='bbox 3673 5477 3727 5522; x_wconf 88' lang='lat' dir='ltr'><strong>et</strong></span> <span class='ocrx_word' id='word_1_745' title='bbox 3757 5465 4040 5537; x_wconf 78' lang='lat' dir='ltr'><strong>jugalitaiis</strong></span> 
     </span>
    </p>
   </div>
   <div class='ocr_carea' id='block_1_117' title="bbox 2473 5562 4043 5634">
    <p class='ocr_par' dir='ltr' id='par_1_117' title="bbox 2473 5562 4043 5634">
     <span class='ocr_line' id='line_1_117' title="bbox 2473 5562 4043 5634; baseline -0.008 -9"><span class='ocrx_word' id='word_1_746' title='bbox 2473 5587 2648 5626; x_wconf 87' lang='lat' dir='ltr'><strong>mores</strong></span> <span class='ocrx_word' id='word_1_747' title='bbox 2699 5575 2899 5626; x_wconf 66' lang='lat' dir='ltr'><strong>distare</strong></span> <span class='ocrx_word' id='word_1_748' title='bbox 2943 5568 3189 5631; x_wconf 82' lang='lat' dir='ltr'><strong>dicimus,</strong></span> <span class='ocrx_word' id='word_1_749' title='bbox 3240 5573 3494 5634; x_wconf 87' lang='lat' dir='ltr'><strong>quantum</strong></span> <span class='ocrx_word' id='word_1_750' title='bbox 3558 5563 3717 5617; x_wconf 86' lang='lat' dir='ltr'><strong>distat</strong></span> <span class='ocrx_word' id='word_1_751' title='bbox 3757 5564 3936 5616; x_wconf 89' lang='lat' dir='ltr'><strong>oriens</strong></span> <span class='ocrx_word' id='word_1_752' title='bbox 3983 5562 4043 5613; x_wconf 77' lang='lat' dir='ltr'><strong>ab</strong></span> 
     </span>
    </p>
   </div>
   <div class='ocr_carea' id='block_1_118' title="bbox 2471 5650 4044 5728">
    <p class='ocr_par' dir='ltr' id='par_1_118' title="bbox 2471 5650 4044 5728">
     <span class='ocr_line' id='line_1_118' title="bbox 2471 5650 4044 5728; baseline -0.01 -11"><span class='ocrx_word' id='word_1_753' title='bbox 2471 5678 2681 5717; x_wconf 90' lang='lat' dir='ltr'><strong>occasu.</strong></span> <span class='ocrx_word' id='word_1_754' title='bbox 2712 5661 2864 5716; x_wconf 77' lang='lat' dir='ltr'><strong>Unde</strong></span> <span class='ocrx_word' id='word_1_755' title='bbox 2892 5657 3104 5728; x_wconf 84' lang='lat' dir='ltr'><strong>quidam</strong></span> <span class='ocrx_word' id='word_1_756' title='bbox 3142 5655 3526 5710; x_wconf 89' lang='lat' dir='ltr'><strong>catholicorum</strong></span> <span class='ocrx_word' id='word_1_757' title='bbox 3569 5650 3806 5706; x_wconf 81' lang='lat' dir='ltr'><strong>ﬂoridam</strong></span> <span class='ocrx_word' id='word_1_758' title='bbox 3839 5651 4044 5718; x_wconf 78' lang='lat' dir='ltr'><strong>virgini-</strong></span> 
     </span>
    </p>
   </div>
   <div class='ocr_carea' id='block_1_119' title="bbox 2475 5741 4047 5821">
    <p class='ocr_par' dir='ltr' id='par_1_119' title="bbox 2475 5741 4047 5821">
     <span class='ocr_line' id='line_1_119' title="bbox 2475 5741 4047 5821; baseline -0.009 -12"><span class='ocrx_word' id='word_1_759' title='bbox 2475 5755 2596 5809; x_wconf 73' lang='lat' dir='ltr'><strong>tatis</strong></span> <span class='ocrx_word' id='word_1_760' title='bbox 2660 5754 2885 5821; x_wconf 65' lang='lat' dir='ltr'><strong>gloriam</strong></span> <span class='ocrx_word' id='word_1_761' title='bbox 2943 5749 3236 5816; x_wconf 77' lang='lat' dir='ltr'><strong>explanatis</strong></span> <span class='ocrx_word' id='word_1_762' title='bbox 3306 5745 3372 5800; x_wconf 91' lang='lat' dir='ltr'><strong>de</strong></span> <span class='ocrx_word' id='word_1_763' title='bbox 3439 5743 3728 5812; x_wconf 71' lang='lat' dir='ltr'><strong>jugalilatis</strong></span> <span class='ocrx_word' id='word_1_764' title='bbox 3798 5741 4047 5807; x_wconf 83' lang='lat' dir='ltr'><strong>stirpibus</strong></span> 
     </span>
    </p>
   </div>
   <div class='ocr_carea' id='block_1_120' title="bbox 2474 5840 4046 5915">
    <p class='ocr_par' dir='ltr' id='par_1_120' title="bbox 2474 5840 4046 5915">
     <span class='ocr_line' id='line_1_120' title="bbox 2474 5840 4046 5915; baseline -0.008 -14"><span class='ocrx_word' id='word_1_765' title='bbox 2474 5850 2772 5912; x_wconf 70' lang='lat' dir='ltr'><strong>oriundum,</strong></span> <span class='ocrx_word' id='word_1_766' title='bbox 2808 5848 2907 5903; x_wconf 82' lang='lat' dir='ltr'><strong>sub</strong></span> <span class='ocrx_word' id='word_1_767' title='bbox 2933 5845 3100 5915; x_wconf 48' lang='lat' dir='ltr'><strong>lignea</strong></span> <span class='ocrx_word' id='word_1_768' title='bbox 3146 5842 3302 5911; x_wconf 87' lang='lat' dir='ltr'><strong>tropi.</strong></span> <span class='ocrx_word' id='word_1_769' title='bbox 3353 5842 3420 5895; x_wconf 89' lang='lat' dir='ltr'><strong>ita</strong></span> <span class='ocrx_word' id='word_1_770' title='bbox 3453 5840 3725 5910; x_wconf 72' lang='lat' dir='ltr'><strong>eleganter</strong></span> <span class='ocrx_word' id='word_1_771' title='bbox 3781 5852 4004 5889; x_wconf 67' lang='lat' dir='ltr'><strong>vxor-ns</strong></span> <span class='ocrx_word' id='word_1_772' title='bbox 4036 5855 4046 5888; x_wconf 92' lang='lat'><strong>:</strong></span> 
     </span>
    </p>
   </div>
  </div>
