4214 6532
740 426 832 477 Iil
1565 428 1624 482 S.
1667 427 2020 484 ALllllELlll
2061 427 2344 484 OI'ERUM
2390 425 2565 484 PAllS
2607 429 2670 483 Il.
2715 460 2780 470 —
2821 430 3252 488 TRACTATUS.

3931 432 4028 488 lli

737 556 895 606 quam
928 549 1066 592 teres
1100 540 1304 610 vertigo
1335 539 1455 594 ρο)ῐὶ
1484 541 1535 594 in
1561 540 1777 596 modum
1809 542 2036 596 rotantis
2068 541 2323 594 fuudibali
2356 543 2406 601 Α
2432 550 2656 594 cruenta
2707 553 3031 608 capessunt,
3089 543 3280 598 bellum
3330 543 3658 599 horrendum
3707 545 4023 611 in‘lattranl,

740 635 1120 702 circumgytat,
1153 633 1298 686 rmlis
1347 647 1628 700 possessor
1658 635 1838 690 buccis
1887 635 2234 688 ambronibus
2275 645 2331 689 et

743 725 906 776 labris
954 723 1264 778 llll't'OnlbllS
1305 723 1524 778 vetitam
1576 724 1864 795 degustans
1913 725 2242 790 alimoniam,
2279 727 2330 778 in

744 815 1132 890 gastrimargim
1161 814 1471 884 voraginem
1517 817 1804 871 crudeliter
1835 818 2156 882 cecidisset;
2190 820 2330 886 quod

744 908 787 960 si
841 906 1075 975 angelica
1116 920 1472 976 supernorum
1522 907 1718 962 civium
1747 909 2030 974 celsitudo,
2083 910 2332 964 elationis

744 1010 946 1053 tantum
979 998 1272 1067 supercilio
1293 1008 1626 1068 turgescens,
1662 999 1819 1055 beato
1849 1011 2166 1056 cmlerorum
2198 1016 2331 1055 con-

743 1089 989 1144 tubernio
1021 1097 1076 1144 et
1105 1088 1310 1143 deifica:
1345 1091 1817 1159 contemplationis
1849 1091 2128 1159 participio
2157 1093 2333 1160 priva-

742 1184 918 1246 batur,
948 1192 1150 1252 quanto
1174 1182 1344 1252 magis
1377 1182 1676 1251 gracillima
1707 1184 2010 1239 mortalium
2053 1185 2329 1256 fragilitas,

741 1281 782 1331 si
815 1279 881 1332 de
916 1277 1144 1346 pr0priis
1177 1278 1488 1332 meritorum
1524 1278 1900 1333 emolumentis
1930 1289 1987 1334 ut
2026 1279 2204 1334 inflata
2243 1295 2334 1333 ve-

744 1369 852 1420 sica
889 1368 1229 1432 intumuerit,
1264 1376 1315 1422 et
1338 1367 1402 1420 dc
1427 1368 1667 1438 virginali
1699 1370 2015 1424 castimonia
2044 1371 2334 1439 decerpere

746 1459 898 1527 quasi
938 1462 1153 1530 speciali
1195 1463 1554 1521 sanctimonia
1601 1469 1936 1523 rumusculos
1976 1470 2199 1538 gingivis
2249 1491 2332 1523 κε-

746 1551 972 1618 νοδοξίφς
1023 1556 1280 1624 (imperil,
1322 1572 1350 1611 a
1393 1559 1630 1614 cmlcstis
1669 1561 1850 1628 sponsi
1889 1563 2120 1616 triclinio
2163 1562 2336 1617 infeli-

747 1645 880 1698 cit-cr
909 1646 1278 1702 fraudabitur?
1306 1647 1509 1704 Idcirco
1535 1651 1832 1719 virginibus
1859 1651 2058 1708 Christi
2089 1666 2140 1710 et
2170 1657 2338 1708 tirun-

747 1739 882 1793 culis
914 1737 1170 1794 Ecclesia:
1208 1749 1392 1794 contra
1429 1741 1754 1798 horrendam
1804 1745 2069 1813 superbire
2114 1746 2336 1798 bestiam

747 1828 1012 1895 simulque
1041 1839 1228 1882 contra
1259 1827 1358 1884 has
1386 1829 1774 1886 virulentorum
1805 1845 2055 1902 septenas
2085 1833 2333 1888 vitiorum

2437 634 2672 687 rediviva
2691 636 2984 688 certamina
3013 639 3118 689 vo:i
3144 637 3482 706 compotibus
3513 639 3802 692 instruunt.
3823 641 4019 706 Quam-

2434 729 2619 782 obrem
2672 730 2844 797 primo
2896 727 3231 794 importunus
3277 733 3666 800 gastrimargize
3714 731 4020 799 draco,qt:i

2436 818 2753 886 pestiferum
2791 820 3252 886 praevaricationis
3284 823 3427 874 virus
3466 822 3683 877 rudibus
3727 823 4022 876 (iurulentae

2435 909 2640 962 telluris
2665 908 2871 962 colonis
2895 910 2962 963 de
2993 923 3260 964 venenosa
3285 909 3438 963 fauce
3457 911 3726 965 lethaliter
3751 911 4017 972 evomuit,

2435 999 2747 1069 frugalitatis
2771 1001 3092 1056 abstinentia
3109 1002 3444 1069 explodatur;
3466 1003 3530 1056 ad
3557 1014 3858 1057 extremum
3889 1017 4022 1056 vero

2437 1096 2768 1148 truculentus
2817 1097 3088 1162 superbiae
3115 1096 3310 1158 natrix,
3341 1096 3430 1163 qui
3473 1094 3682 1148 beatam
3721 1097 3841 1148 caeli
3875 1095 4028 1146 fami-

2439 1186 2563 1240 liam
2596 1194 2651 1240 et
2680 1185 2835 1240 almze
2879 1186 3111 1239 civitatis
3139 1187 3435 1253 municipes
3467 1185 3758 1255 lugubriter
3803 1195 4025 1240 centur-

2439 1279 2604 1343 bavit,
2633 1277 2701 1332 de
2733 1277 3016 1332 latebrosis
3033 1279 3223 1331 auimze
3251 1289 3446 1332 nostrae
3479 1279 3779 1332 recessibus
3800 1289 3854 1332 et
3878 1281 4026 1332 clan-

2439 1371 2666 1425 destinis
2715 1371 3136 1438 prazc0rdiorum
3187 1369 3420 1423 latibulis
3463 1371 3801 1433 eliminatos,
3835 1371 4021 1438 procul

2439 1465 2620 1519 divino
2661 1474 2865 1518 terrore
2911 1464 3137 1517 traditur
3169 1462 3374 1536 [Bodl.,
3418 1463 3706 1537 trudatur].
3753 1465 4027 1530 Quemad-

2441 1559 2656 1614 modum
2690 1558 3034 1613 llebrzeorum
3068 1560 3291 1623 phalanx
3318 1559 3605 1613 duodecies
3635 1560 4028 1628 quinquagenis

2443 1653 2844 1721 expeditionum
2873 1651 3128 1715 millibus,
3155 1660 3208 1703 et
3233 1652 3469 1719 peditum
3502 1653 3687 1704 turmis
3712 1652 4025 1719 procedens.

2440 1745 2596 1798 avido
2627 1742 2919 1796 Pharaonis
2941 1744 3180 1796 exercitu
3209 1740 3372 1794 llubri
3400 1741 3561 1794 maris
3583 1743 3880 1811 gurgitibus
3901 1742 4030 1792 sub-

2450 1850 2656 1899 merso,
2707 1844 2760 1888 ct
2819 1831 3098 1904 profundis
3148 1833 3315 1902 pelagi
3365 1831 3562 1886 flustris
3611 1831 3900 1892 suf‘focato.
3937 1848 4030 1898 per

749 1919 974 1982 be'luas,
1001 1935 1119 1988 qua:
1146 1920 1346 1974 rabidis
1378 1922 1672 1976 molaribus
1695 1932 1749 1978 et
1773 1926 2056 1978 venenosis
2083 1926 2332 1994 gingivis,
2375 1909 2418 1968 Β
2447 1942 2604 1993 quem
2636 1925 3008 1993 gaStrimargia
3044 1921 3317 1989 figuratur,
3351 1931 3553 1987 septem
3597 1934 3780 1991 gentes
3815 1922 4031 1974 Cbana-

747 2009 977 2064 incrmes
1009 2024 1248 2078 quosque
1273 2025 1334 2064 ac
1359 2011 1677 2082 virginitatis
1701 2013 1867 2068 lorica
1895 2017 2152 2084 spoliatos
2185 2018 2338 2085 pudi-

745 2098 992 2168 citizeque
1021 2114 1198 2166 parma
1234 2111 1426 2156 exutos
1456 2104 1713 2158 atrociter
1736 2105 2046 2173 discerpere
2077 2107 2334 2170 nituntur,

755 2191 1033 2246 lacertosis
1067 2195 1267 2248 viribus
1296 2193 1657 2260 dimicandum
1685 2205 1789 2262 est,
1823 2206 1876 2249 et
1905 2197 2054 2266 quasi
2083 2198 2340 2252 adversus

749 2282 1108 2336 ferocissimas
1139 2283 1490 2339 barbarorum
1525 2285 1778 2355 legiones,
1814 2303 1930 2356 qua:
1967 2289 2339 2354 manipulatim

748 2377 983 2431 tironum
1009 2375 1210 2431 Christi
1239 2377 1563 2433 testudinem
1602 2380 1850 2435 strofosre
1898 2381 2098 2435 fraudis
2150 2381 2339 2436 balista

749 2481 971 2536 quatere
1004 2486 1107 2524 non
1139 2481 1375 2534 cessant,
1405 2471 1700 2541 spiritualis
1728 2482 2012 2527 armaturre
2038 2474 2259 2541 spiculis
2291 2483 2346 2528 et

751 2562 962 2615 ferratis
985 2562 1239 2616 virtutum
1259 2563 1538 2617 venabulis
1563 2567 1769 2619 naviter
1793 2566 2106 2620 certandum
2137 2563 2340 2635 [Bodl.,

752 2652 1065 2705 certandum
1093 2650 1193 2724 est]
1214 2693 1229 2718 ,
1260 2667 1322 2707 ac
1351 2653 1650 2708 nullatenus
1683 2655 1988 2708 timidorum
2029 2671 2178 2710 more
2207 2657 2344 2709 mili-

753 2750 862 2794 tum
899 2741 1172 2796 horrorem
1220 2743 1340 2798 belli
1373 2755 1426 2798 et
1469 2744 1710 2799 classica:
1757 2744 1959 2814 salpita:
2006 2745 2206 2818 [Bodl.,
2239 2747 2344 2800 sal-

753 2829 932 2902 pista‘]
977 2833 1311 2888 muliebriter
1351 2834 1724 2896 metuentium.
1755 2836 2066 2890 srcvissimis
2100 2837 2346 2892 hostibus

753 2925 1090 2993 scapularum
1125 2933 1273 2994 terga
1314 2941 1412 2995 pro
1445 2936 1718 2981 scutorum
1747 2929 2071 2982 umbonibus
2112 2931 2346 2998 segniter

755 3015 1115 3082 prmbeamus.
1151 3014 1288 3080 Quin
1322 3016 1498 3083 potius
1527 3016 1840 3069 ροθηοὶιίηιῑε
1891 3018 2094 3071 militiae
2141 3020 2346 3087 pugiles

756 3109 981 3158 frontem
1015 3103 1208 3159 vexillo
1240 3105 1414 3159 crucis
1441 3117 1704 3159 armatam
1735 3107 1990 3162 audacter
2027 3109 2344 3164 :nmulotum

756 3193 1056 3260 agminibus
1089 3193 1374 3249 offerentes
1397 3235 1413 3260 ,
1447 3205 1500 3248 et
1531 3211 1800 3249 armorum
1834 3197 2188 3252 instrumenta
2236 3199 2346 3254 bel-

2447 2031 2710 2075 naaorum,
2743 2030 2857 2081 qtne
2880 2023 3133 2081 septenos
3157 2013 3405 2065 vitiorum
3428 2027 3628 2066 cuneos
3653 2015 3821 2083 typ'ce
3841 2012 4032 2064 obum-

2446 2108 2622 2171 brant,
2655 2109 2844 2160 crel-ra
2871 2104 3251 2159 interneciouis
3275 2115 3452 2172 strage
3482 2106 3752 2156 ambronis
3778 2105 3890 2156 o:ci
3919 2107 4035 2154 fan-

2445 2200 2595 2252 cibus
2627 2197 2874 2260 tradidit,
2927 2211 3232 2265 terramque
3281 2196 3744 2264 repromissionis,
3796 2197 4033 2261 quan-lin

2449 2286 2693 2354 Decalogi
2747 2287 3120 2339 sanctionibus
3164 2300 3268 2338 non
3315 2284 3704 2354 refragabatur,
3743 2285 4030 2340 duodecim

2448 2377 2713 2438 tribubus,
2745 2386 2890 2430 sorte
2923 2375 3177 2430 territorii
3209 2378 3496 2444 dirempta,
3526 2375 3753 2430 feliciter
3785 2379 4032 2438 ineoluit,

2447 2472 2632 2540 sicque
2664 2481 2900 2538 paternze
2931 2469 3299 2538 generationis
3343 2469 3593 2537 prosapia
3639 2483 3733 2537 per
3760 2479 3944 2520 atavos
3979 2478 4036 2521 et

2448 2562 2669 2616 tritavos
2693 2561 2880 2614 futurae
2921 2560 3244 2628 posteritatis
3268 2560 3552 2628 nepotibus
3575 2570 3626 2613 et
3650 2559 4036 2629 pronepotibus

2449 2651 2698 2720 legitima:
2742 2651 3066 2706 ltznrcditatis
3101 2650 3221 2719 jure
3252 2662 3507 2720 perpetuo
3537 2652 3908 2720 possidendam
3942 2652 4037 2704 de-

2453 2744 2693 2812 reliquit.

2527 2833 2664 2888 XIII.
2695 2835 2789 2887 Ast
2819 2847 2943 2888 vero
2966 2833 3008 2887 si
3035 2841 3226 2887 vestra:
3256 2832 3556 2901 sagacitatis
3587 2831 3804 2900 pervigil
3828 2831 4033 2884 solliei-

2457 2925 2584 2978 tudo
2613 2924 2840 2978 solerter
2883 2938 3038 2978 nosse
3084 2923 3349 2978 desiderat
3383 2932 3594 2992 quantm
3626 2923 3891 2990 legionum
3924 2931 4035 2974 tur-

2454 3031 2553 3070 ma:
2602 3015 2866 3082 pra-dictis
2927 3013 3280 3081 Spiritualium
3331 3015 3684 3081 nequitiarutn
3724 3011 3949 3066 ducibus
3980 3021 4038 3064 et

2453 3109 2605 3161 tetris
2657 3107 2994 3160 tenebrarum
3047 3105 3375 3174 principibus
3417 3105 3754 3168 famulentur,
3796 3116 3926 3170 quot
3956 3116 4037 3173 ty-

2455 3198 2659 3252 raonici
2695 3197 2998 3249 militonum
3043 3196 3525 3264 commanipulares
3555 3195 3798 3248 humana:
3829 3203 4036 3247 natura

757 3284 881 3346 lica,
913 3298 1032 3353 qua:
1079 3293 1341 3354 pugnator
1370 3285 1615 3353 egregius
1649 3297 1957 3351 enumerat,
2002 3289 2100 3342 hoc
2133 3299 2234 3354 est,
2267 3291 2347 3344 di-
2377 3261 2421 3323 Ο
2457 3291 2680 3344 nocituri
2711 3290 3125 3357 subsequantur,
3185 3297 3314 3356 quot
3343 3289 3732 3342 sceleratorum
3772 3288 4032 3341 satellites

759 3377 870 3430 vini
899 3375 1202 3429 marberam
1235 3373 1387 3429 verbi
1420 3385 1471 3429 et
1499 3375 1715 3429 loricam
1746 3376 1866 3430 fidei
1899 3379 2344 3448 inextricabilem,

764 3486 884 3525 cum
921 3478 1028 3523 tuta
1063 3470 1200 3539 pelta
1226 3469 1453 3540 protecti
1484 3479 1669 3525 contra
1702 3472 2054 3538 spiritualium
2081 3477 2348 3544 nequitia-

759 3579 878 3618 rum
934 3563 1078 3617 mille
1129 3563 1357 3617 nocendi
1411 3571 1556 3616 artes
1589 3563 1932 3631 pertinaciter
1985 3576 2289 3631 portantes,
2320 3583 2347 3619 a

759 3653 973 3708 CbriSto
995 3663 1394 3708 remuneratore
1418 3662 1605 3708 nostro
1634 3653 1872 3708 debitum
1899 3656 2138 3711 victoriae
2168 3659 2350 3710 trimu-

761 3746 924 3815 phum
958 3744 1277 3814 percepturi,
1311 3745 1361 3797 in
1395 3747 1641 3812 supernis
1668 3745 1885 3799 sedibus
1917 3756 1970 3801 et
1994 3745 2203 3801 caelesti
2234 3749 2348 3816 glo-

762 3839 840 3892 ria
863 3835 1236 3906 gratnlabundi
1269 3836 1495 3890 feliciter
1523 3847 1649 3890 tunc
1677 3837 2106 3904 tripudiabimus,
2138 3839 2182 3892 si
2209 3854 2348 3893 nunc

760 3929 1020 3984 adversus
1072 3926 1400 3997 principatus
1431 3927 1724 3982 Levialhan
1758 3939 1810 3983 et
1862 3940 2151 3997 potestates
2201 3940 2352 3982 tene-

762 4023 977 4074 brarum
1011 4021 1298 4089 mundique
1328 4032 1586 4086 rectores,
1617 4037 1718 4074 ceu
1769 4023 2052 4076 bellatores
2095 4022 2347 4076 dominici

763 4111 1105 4179 pertinaciter
1129 4110 1486 4180 pertinacibus
1511 4121 1888 4181 repugnantes,
1915 4112 1966 4165 in
1986 4111 2158 4166 fronte
2181 4111 2346 4166 duelli

766 4207 975 4260 fortiter
1004 4205 1344 4259 diruit-emus.

839 4297 953 4352 ΧΙΙ.
981 4298 1247 4361 Primitus,
1283 4306 1337 4351 ut
1368 4295 1507 4359 dixi,
1541 4297 1914 4366 principalium
1948 4297 2032 4352 bis
2057 4306 2352 4366 quaternos

765 4389 1013 4444 viti0rum
1045 4391 1240 4456 duces,
1274 4389 1469 4457 quibus
1499 4387 1712 4442 Cerethi
1744 4390 2027 4442 criminum
2058 4399 2113 4442 et
2149 4389 2353 4442 l’elethi

777 4482 1075 4535 facinorum
1113 4496 1232 4535 cum
1287 4481 1556 4534 horrendo
1585 4480 1707 4534 belli
1741 4491 1998 4548 apparatu
2041 4481 2354 4546 mancipan-

766 4585 874 4639 tur,
921 4574 1103 4628 diviuo
1151 4574 1269 4626 freti
1317 4571 1590 4642 suffragio,
1637 4574 1852 4626 vincere
1904 4573 2230 4637 labarentus,
2265 4573 2351 4642 qui

767 4673 954 4720 Contra
985 4665 1214 4717 tironum
1261 4661 1458 4716 Christi
1504 4673 1744 4718 catervas
1771 4672 1826 4717 et
1874 4663 2156 4717 bellicosas
2189 4663 2354 4730 virgi-

768 4773 894 4812 autn
923 4756 1174 4812 cohortes
1196 4757 1506 4809 truculentis
1529 4756 1861 4810 inimicorum
1886 4755 2208 4809 exercitibus
2232 4771 2350 4808 cum

768 4851 1044 4904 innumera
1078 4849 1421 4917 stropharum
1465 4848 1730 4916 phalarica
1759 4857 1812 4902 et
1850 4848 2034 4902 densis
2081 4848 2357 4916 deceptio-

768 4956 894 4994 num
921 4939 1040 4996 telis
1072 4940 1480 5008 infatigabiliter
1502 4949 1706 4994 certare
1732 4955 1835 4994 non
1858 4950 2090 5008 cessant,
2116 4943 2358 5010 quamvis

769 5048 950 5101 stirpe,
1007 5033 1359 5100 patrocinium
1408 5029 1625 5086 Christo
1685 5040 1976 5098 przcsmnte
2035 5045 2359 5100 suorumque

769 5123 1056 5193 phalanges
1086 5124 1312 5176 militum
1343 5137 1462 5176 eum
1498 5121 1892 5190 praedestinatze
1925 5123 2095 5192 palma
2121 5125 2357 5178 \icloritn

771 5218 1104 5278 cobortante,
1135 5217 1360 5284 turpiter
1382 5227 1526 5286 terga
1560 5216 1764 5285 fugacia
1797 5227 2024 5272 vertant.
2055 5217 2183 5284 Sed,
2225 5219 2357 5286 proh

770 5306 949 5361 dolor!
978 5324 1081 5360 non
1115 5318 1194 5362 est
1229 5315 1337 5359 tuta
1374 5306 1603 5376 indeptze
1636 5308 1781 5373 pacis
1811 5308 2157 5376 prosperitas,
2187 5324 2360 5376 neque

769 5398 1152 5466 acquisitorum
1205 5411 1395 5452 secura
1425 5399 1828 5476 triumphorum
1850 5397 2105 5464 felicitas,
2147 5412 2238 5454 aut
2275 5402 2357 5454 in-

772 5489 1004 5544 flexibile
1050 5501 1104 5545 et
1150 5490 1462 5546 diuturnum
1515 5490 1747 5545 fallentis
1788 5490 2019 5545 fortunae
2068 5502 2350 5560 tropztum.

771 5582 900 5636 Nam
936 5584 1119 5636 hostes
1148 5583 1234 5651 qui
1269 5583 1596 5651 putabantur
1627 5597 1794 5652 usque
1821 5583 1886 5637 ad
1931 5584 2352 5639 internecionem

773 5687 1020 5738 suprema
1069 5685 1246 5743 strage
1270 5675 1488 5729 truciter
1530 5673 1855 5740 obtruncati,
1888 5684 1938 5730 et
1972 5676 2173 5742 aptatis
2197 5690 2356 5728 even-

775 5773 921 5819 tuum
945 5769 1280 5823 successibus
1305 5766 1528 5822 feliciter
1558 5769 1820 5838 superati,
1847 5767 2022 5820 denuo
2047 5781 2194 5820 versa
2222 5766 2355 5832 vice,

774 5859 1004 5915 victores
1051 5861 1114 5914 ad
1162 5861 1518 5931 importunum
1565 5859 1803 5931 prmlium
1853 5868 2164 5930 provocant,
2206 5874 2352 5913 arma

2382 4615 2434 4674 D

2453 3383 2518 3437 ad
2553 3383 2966 3450 impugnandatn
3025 3391 3327 3434 nostrorum
3358 3381 3525 3434 aciem
3556 3381 3843 3446 conspirati
3875 3390 3928 3434 et
3971 3381 4034 3432 fi-

2456 3473 2540 3526 dei
2575 3471 2968 3540 propugnacula
3002 3470 3304 3524 subruenda
3337 3470 3702 3539 manipulatim
3732 3471 4041 3538 conglome-

2455 3575 2611 3628 rent;
2656 3575 2707 3616 et
2733 3563 3005 3632 quomodo
3035 3563 3276 3630 ejusdem
3311 3562 3552 3616 nefandm
3584 3561 3784 3615 militim
3813 3571 3921 3615 tam
3949 3576 4039 3614 ca-

2455 3658 2627 3717 lones,
2664 3665 2715 3709 ct
2746 3655 2969 3710 clientes
3001 3669 3122 3708 cum
3169 3653 3399 3708 lixarum
3447 3653 3672 3706 cmtibus
3707 3652 3772 3704 ad
3814 3651 4038 3706 inferio-

2454 3763 2566 3801 rem
2599 3747 2821 3816 gradum
2858 3747 3212 3813 pertinentes,
3245 3760 3403 3813 quam
3451 3754 3676 3813 satrapae
3697 3753 3752 3798 et
3784 3757 4036 3810 prot'eres

2457 3839 2771 3908 flagitiosum
2818 3837 2918 3891 sibi
2943 3835 3253 3890 eorumdetn
3275 3838 3550 3904 Spiritumu
3577 3836 3896 3888 tribunatum
3922 3835 4038 3888 viu-

2456 3933 2715 3994 dicantes,
2749 3931 2912 3984 certis
2934 3929 3312 3983 vocabulorum
3344 3930 3752 3998 proprietatibus
3784 3931 4029 3981 nomina-

2459 4025 2552 4078 tim
2586 4033 2986 4089 nuncupentur,
3037 4022 3127 4090 qui
3163 4020 3412 4091 profanos
3440 4021 3846 4090 Allophylorum
3881 4035 4031 4073 exer-

2458 4126 2594 4168 cutus
2627 4114 2677 4166 in
2713 4112 2969 4166 centuriis
2999 4121 3053 4165 et
3083 4111 3310 4164 millibus
3345 4115 3628 4164 a-chI‘SIItll
3680 4110 3945 4164 lsraelitas
3977 4112 4027 4160 in

2460 4206 2658 4259 vertice
2691 4204 2887 4256 montis
2915 4203 3132 4257 Gclboze
3155 4202 3500 4269 conglobatos
3531 4201 3791 4255 instanter
3822 4201 4038 4256 hortan-

2459 4308 2542 4352 tur
2570 4297 2638 4351 ad
2688 4297 2907 4358 bellum,
2939 4295 2988 4347 id
3022 4305 3128 4359 est,
3165 4294 3459 4347 invisorum
3489 4292 3751 4348 horrenda
3788 4293 4036 4345 vitiorum

2459 4392 2700 4459 agmina,
2727 4403 2845 4456 qua:
2877 4397 3060 4440 contra
3088 4385 3404 4438 catholicam
3431 4383 3684 4438 Ecclesia:
3709 4382 4038 4452 parochiam,

2460 4499 2579 4536 cum
2613 4481 2839 4535 ducibus
2871 4480 2968 4533 sibi
3021 4479 3282 4545 praelatis,
3331 4477 3592 4547 gregatim
3635 4479 3880 4546 ingruere
3919 4493 4038 4530 mo-

2465 4576 2686 4639 liuntur,
2733 4574 3116 4641 venenatisque
3169 4571 3496 4639 piaculorum
3549 4567 3787 4635 Spiculis,
3839 4579 3890 4620 et
3927 4567 4041 4620 dira

2465 4667 2758 4720 facinorum
2796 4664 3015 4728 framea,
3071 4679 3172 4715 non
3207 4663 3379 4714 Solum
3410 4675 3601 4729 segnes
3650 4659 3915 4719 sauciant,
3953 4674 4043 4712 ve-

2465 4773 2582 4812 rum
2647 4755 2903 4808 emet-bos
2956 4753 3152 4806 Christi
3219 4751 3414 4804 milites
3465 4750 3729 4804 interdum
3779 4749 4044 4803 virulenta

2464 4847 2726 4900 castitatis
2754 4843 2976 4898 vulnere
3030 4842 3294 4896 lcthaliter
3324 4840 3341 4912 [
3369 4838 3542 4901 Badl.,
3570 4848 3622 4892 et
3661 4838 3842 4892 lethali
3884 4837 4045 4907 ton]

2464 4946 2832 5011 prostetuonl,
2891 4944 2947 4988 ul
2997 4949 3098 4988 non
3145 4933 3413 4986 immerito
3453 4929 3824 4985 intellectualis
3855 4929 4042 4993 David,

2466 5031 2590 5100 quid
2611 5028 2810 5101 [Bodt.,
2842 5025 2953 5097 qui]
2979 5037 3059 5078 est
3089 5025 3186 5078 flos
3217 5023 3425 5091 virgulti
3449 5021 3516 5075 de
3540 5021 3716 5074 radice
3754 5018 3910 5074 lesse
3955 5023 4046 5072 de-

2471 5125 2756 5181 st-eudens,
2794 5119 3004 5188 populis
3038 5116 3291 5169 Ecclesia:
3325 5115 3572 5167 vitiorum
3595 5122 3770 5180 strage
3797 5124 4040 5165 caterva-

2471 5215 2565 5266 tim
2599 5210 2936 5271 cadentibus,
2969 5223 3185 5260 carmen
3222 5205 3442 5259 funebre
3473 5213 3524 5257 et
3550 5202 3816 5258 canticum
3848 5202 4043 5255 lamen-

2470 5306 2653 5367 tabile,
2678 5304 2817 5369 quod
2843 5298 3204 5367 epithrenion,
3233 5307 3287 5351 et
3306 5293 3612 5364 epitaphion
3641 5301 3879 5353 vocatur,
3901 5306 4041 5345 cum.

2469 5397 2722 5468 patientis
2750 5394 2942 5448 alfectu
2968 5389 3263 5460 lugubriter
3305 5396 3589 5456 componat
3616 5403 3629 5451 ;
3665 5386 3775 5439 lucc
3807 5384 4045 5452 inquam,

2469 5491 2512 5543 si
2541 5501 2712 5541 \csn'a
2736 5484 2963 5539 Curiosae
2990 5480 3366 5535 sollicitudinis
3395 5478 3612 5532 solertia
3638 5476 3844 5545 plenius
3875 5474 4046 5528 anim-

2470 5579 2676 5634 adverti
2710 5576 2976 5641 maluerit,
3013 5587 3117 5626 non
3149 5571 3306 5625 modo
3354 5585 3386 5623 ι
3430 5567 3742 5622 collatiOnes
3775 5565 3990 5620 Patrum
4019 5583 4044 5615 ι

2465 5671 2723 5726 Cassiano
2760 5664 3103 5722 Massiliensis
3136 5662 3402 5730 parocltize
3438 5657 3855 5714 arcbirnandrita
3888 5673 4046 5726 pecu-

2471 5767 2671 5820 Iiariter
2702 5760 2933 5818 dictandi
2980 5759 3222 5812 facundia
3272 5755 3498 5828 pradito
3547 5753 3767 5823 digesta:
3809 5763 4049 5821 patemcr

2470 5856 2842 5929 propalabuut,
2895 5868 3080 5910 verum
3132 5853 3292 5907 etiam
3327 5849 3617 5917 Gregorius
3661 5846 3809 5902 sedis
3840 5861 4025 5912 aiostu
