4214 6550
248 403 349 456 ΗΓ)

1387 396 1469 450 DE
1512 392 1849 450 L.\UDIBUS
1894 390 2373 449 \'lRGlN!T.\TlS.

3424 408 3518 463 lli

247 523 363 573 lica,-
397 516 610 588 pratsul,
647 530 672 566 a
706 530 809 583 quo
856 511 1154 565 rudimenta
1209 509 1326 563 lidci
1360 518 1413 562 et
1448 509 1691 575 baptismi
1745 523 1827 559 sa-
1862 506 1908 563 Α
1938 508 2227 575 τινειιίὶγειηι
2254 510 2367 562 sine
2390 519 2705 564 cmterarum
2736 516 3050 582 adjmnento
3078 516 3333 575 virtutum
3359 526 3523 576 sulti-

242 620 514 663 cramenta
565 605 919 673 suscepimus,
955 604 1006 655 in
1056 602 1203 653 libris
1254 601 1531 652 Moralium
1580 615 1687 651 xxx
1734 614 1828 665 per

241 702 553 771 allegoriam
606 700 722 751 luce
767 697 962 749 clarius
998 697 1255 748 elimavit.
1291 694 1392 746 Sed
1428 709 1525 745 nos
1569 692 1633 745 de
1676 694 1825 757 llagi-

242 798 399 849 tiosis
422 810 511 847 vut
548 794 793 845 vitiorum
824 791 1118 851 radicibus,
1151 788 1291 839 unde
1324 788 1655 855 reliquormn
1707 802 1827 850 per-

241 890 445 941 niciosa
495 886 785 938 facinorum
819 881 1013 935 frute'a
1070 880 1213 932 velut
1258 880 1429 945 spissa
1479 878 1824 945 virgultorum

242 984 443 1035 vimina
482 980 637 1032 lentis
686 977 961 1029 frondibus
993 982 1359 1035 succrescunt,
1395 986 1455 1023 ea
1490 971 1824 1039 potiSsimnm

238 1090 403 1127 missa
436 1075 735 1139 disceptare
766 1081 818 1124 et
846 1070 1121 1137 disputare
1152 1068 1346 1134 coegit,
1380 1067 1521 1134 quod
1558 1065 1820 1126 nonnulli,

241 1167 389 1217 edito
412 1164 725 1231 virginitatis
754 1160 964 1226 fastigio
986 1160 1271 1219 sublimati,
1294 1168 1346 1211 et
1373 1158 1596 1225 publica:
1620 1155 1823 1227 [Bodl.,

248 1254 489 1324 pudicte]
519 1252 945 1307 conversationis
985 1250 1199 1303 arcibus
1236 1248 1457 1301 exaltati
1481 1288 1493 1310 ,
1528 1246 1822 1301 secundum

240 1348 506 1400 tastilullS
561 1350 826 1414 gradum,
884 1358 944 1395 ac
1002 1344 1045 1395 si
1102 1340 1558 1409 contemptibilem
1620 1340 1825 1407 sibique

243 1440 406 1507 longe
438 1439 705 1502 disparem
740 1434 1084 1495 arbitrantes,
1112 1443 1427 1486 caeterorum
1464 1432 1725 1497 praeconia
1770 1446 1827 1483 se

242 1528 729 1595 incomparabilzter
774 1526 1152 1581 transcendere
1181 1525 1477 1589 conlidunt,
1526 1522 1651 1575 illud
1686 1539 1824 1589 quo-

238 1618 531 1671 dammodo
578 1618 946 1668 oblitterantes
989 1625 1045 1667 et
1108 1624 1222 1677 post
1263 1624 1465 1681 tergum
1519 1625 1779 1681 ponentes
1816 1630 1824 1663 :

242 1712 424 1761 (inuris
452 1709 539 1773 qui
570 1725 621 1760 se
648 1710 837 1759 exaltu!
886 1706 1261 1769 huittiliabitur,
1310 1706 1463 1772 etqui
1497 1722 1547 1757 se
1592 1704 1831 1755 humilia!

240 1800 573 1853 exaltabitur.
606 1798 659 1851 Si
690 1799 834 1849 enim
881 1796 1032 1847 nobis
1065 1794 1483 1848 incentaminata
1518 1793 1694 1846 Maritc
1728 1794 1833 1846 vir-

1936 612 2059 649 ect'e
2090 598 2187 649 sibi
2232 598 2296 651 ad
2330 602 2715 666 capessendam
2747 606 2898 671 plene
2930 608 3318 675 perfectionem
3352 615 3521 667 confl-

1937 688 2043 747 dat,
2077 700 2130 741 et
2161 689 2313 755 quasi
2345 690 2441 743 hac
2478 703 2685 746 tantum
2715 709 2925 749 servata
2956 700 3157 769 absque
3185 702 3519 771 reliquorum

1934 782 2069 834 coull
2098 794 2183 836 ctu
2226 783 2475 836 vitiorum
2501 785 2719 840 feriatus
2759 799 3063 846 etsecttrus
3102 796 3313 849 existat.
3355 796 3520 861 Quin-

1935 874 2041 925 itno
2092 890 2156 927 ne
2207 876 2491 943 singularis
2541 893 2815 941 generosa:
2884 883 3207 947 virginitatis
3263 885 3516 940 nobilitas

1932 966 2092 1017 ctiam
2127 967 2302 1020 minus
2344 979 2552 1035 compta
2594 969 2835 1035 vilescat,
2874 973 3091 1026 residuo
3125 988 3513 1043 pricccptorum

1933 1057 2176 1123 legalium
2199 1059 2451 1130 suffragio
2483 1060 2755 1126 fulciatur,
2792 1074 2845 1116 et
2881 1066 3192 1119 multimoda
3240 1070 3515 1122 mandato-

1933 1165 2049 1203 rum
2082 1150 2337 1204 varietate
2370 1153 2620 1206 decenter
2649 1154 2965 1219 decoretur;
3014 1168 3065 1209 ttt
3093 1157 3241 1224 juxta
3274 1158 3519 1213 l’salmo-

1932 1244 2117 1310 graphi
2175 1244 2493 1296 sententiam
2546 1248 2698 1314 quasi
2756 1248 2939 1315 regina
2997 1264 3023 1299 a
3070 1250 3281 1303 dextris
3321 1251 3520 1304 divina'

1934 1336 2221 1404 Majestatis
2256 1337 2305 1389 in
2342 1338 2534 1389 vestitu
2581 1337 2839 1391 deaurato
2899 1340 3134 1407 radians,
3168 1350 3221 1394 et
3274 1344 3518 1396 circum-

1934 1427 2124 1479 amicta
2181 1428 2494 1479 tueritortnn
2545 1430 2799 1483 varietate
2853 1432 3222 1496 resplendens,
3272 1437 3521 1498 supernis

1934 1520 2183 1571 comitata
2222 1520 2535 1573 cohortibus
2563 1522 2759 1590 jngiter
2792 1523 3048 1575 assistere
3081 1533 3134 1575 et
3175 1523 3522 1591 inscparabili

1935 1610 2187 1677 angelica:
2214 1611 2522 1663 sodalitatis
2554 1613 2779 1679 collegio
2812 1613 3014 1681 perfrui
3050 1614 3276 1669 feliciter
3309 1631 3521 1670 nterea-

1938 1710 2039 1753 tur.
2077 1700 2323 1767 Alioquin
2355 1700 2627 1769 incompta
2655 1702 2973 1769 virginitatis
3008 1705 3265 1759 industria
3297 1708 3414 1762 sine
3439 1723 3525 1762 re-

1940 1794 2199 1861 liquarum
2249 1794 2581 1847 adminiculo
2633 1797 2886 1848 virtutum
2928 1811 3034 1848 noti
3066 1788 3314 1864 opulenta
3345 1800 3519 1853 eccle-

238 1894 437 1961 ginitas
486 1894 815 1944 incarnatum
864 1887 952 1940 Dei
1008 1886 1237 1938 Verbum
1290 1886 1494 1939 caelesti
1547 1886 1831 1953 puerperio
1868 1878 1910 1937 B
1941 1888 2168 1939 siasticzc
2214 1888 2411 1953 segetis
2462 1889 2701 1941 ubertate
2754 1904 2875 1940 cum
2924 1892 3167 1943 centenis
3209 1891 3521 1944 meritorum

243 1982 473 2051 peperit,
502 1996 697 2043 tamen,
728 1992 945 2031 emenso
980 1978 1136 2030 unius
1162 1976 1510 2029 heddomadis
1542 1977 1828 2037 cuitu-nlo,

244 2083 399 2129 Anna
434 2079 534 2127 lilia
571 2072 806 2125 Phanuel
842 2073 1174 2139 prophetissa
1209 2070 1454 2124 eumdem
1510 2068 1836 2134 Redempto-

244 2184 359 2219 seni
394 2166 719 2219 sacrosancti
753 2164 981 2231 Spiritus
1024 2163 1280 2231 praesagio
1325 2160 1727 2213 vaticinabatur.
1769 2160 1832 2209 Et

240 2258 367 2309 ideo
418 2268 640 2322 uterque
688 2254 883 2322 gradus
918 2252 967 2304 in
1022 2252 1215 2304 divina:
1268 2248 1559 2302 nativitatis
1609 2248 1831 2301 exordio

245 2348 538 2415 virginibus
568 2356 620 2399 et
650 2344 820 2397 viduis
854 2353 1201 2397 consecratus
1247 2341 1516 2404 clarescit,
1570 2350 1831 2408 quatenus

242 2449 489 2490 centena:
544 2436 706 2503 frugis
753 2435 904 2502 capia
960 2434 1186 2488 ubertim
1232 2433 1587 2501 locupletatus
1628 2448 1831 2499 nequa-

242 2546 404 2596 quam
434 2528 713 2597 sexagenis
761 2526 1149 2591 manipulorum
1196 2526 1465 2579 fasciculis
1496 2526 1719 2580 ditatqu
1750 2526 1831 2593 ja-

241 2634 453 2675 ctanter
475 2622 618 2689 parvi
651 2621 878 2688 pendere
908 2631 1215 2688 prmsumat,
1246 2634 1311 2673 ne
1334 2623 1833 2687 occasiocorporeaz

246 2714 565 2783 virginitatis
597 2714 783 2766 vulnus
816 2713 864 2765 in
898 2721 1075 2766 mente
1106 2712 1285 2780 gignat
1317 2712 1585 2776 elationis,
1619 2722 1707 2764 aut
1748 2728 1833 2766 rc-

246 2808 479 2859 tncditltll
508 2806 778 2875 sospitatis
824 2803 1062 2858 fomitem
1094 2805 1291 2857 nutriat
1339 2803 1676 2871 perditionis.
1726 2806 1830 2858 De-

248 2900 423 2952 llenda
475 2913 703 2965 namque
758 2905 843 2950 est
886 2894 1179 2959 calamitas,
1229 2896 1271 2948 si
1323 2896 1464 2948 alma
1517 2894 1831 2947 humilitatis

251 2992 497 3052 materia,
539 3006 637 3059 qua
672 2989 997 3057 reliquarum
1031 2989 1359 3041 incrementa
1394 2988 1649 3041 virtutum
1683 2987 1830 3039 salu-

254 3084 421 3137 briter
450 3092 859 3146 conservantur,
907 3094 1108 3135 sanetze
1140 3081 1429 3149 virginitati
1481 3081 1833 3135 retinaculum

248 3175 515 3244 superbia:
548 3184 639 3227 aut
681 3174 1004 3227 lendiculum
1047 3172 1249 3245 [ΒΜΔ.
1293 3172 1678 3226 retiaculum...
1718 3182 1836 3226 ten-

1940 1980 2227 2045 ntanipulis
2277 1980 2552 2043 dilabitur,
2609 1981 2700 2031 sed
2752 1981 3077 2033 infructuosa
3134 1992 3183 2034 et
3238 1981 3521 2037 infecunda

1940 2070 2223 2123 sterilitate
2266 2085 2605 2124 marcesceus
2664 2087 2781 2124 cum
2814 2074 2974 2126 fatuis
3007 2076 3295 2143 virginibus
3321 2077 3521 2129 exstin-

1939 2172 2049 2213 rtas
2108 2162 2380 2230 lampadas
2439 2164 2770 2231 gestantibus
2838 2167 3167 2219 multabitur.
3240 2168 3517 2233 Siquidem

1938 2256 2265 2307 curtinarmn
2297 2258 2407 2307 sive
2438 2259 2796 2325 stragularum
2848 2268 3079 2321 textura,
3116 2260 3218 2312 nisi
3258 2260 3517 2327 pannicu-

1942 2349 2003 2401 la:
2035 2350 2329 2415 purpureis,
2375 2351 2481 2401 imo
2511 2350 2735 2402 diversis
2774 2350 3012 2403 colorum
3050 2353 3397 2406 varietatibus
3442 2354 3521 2405 l'u-

1938 2449 2073 2493 cat-.e
2107 2441 2246 2493 inter
2279 2440 2441 2493 densa
2478 2440 2683 2492 lilorutn
2716 2441 2939 2493 stamina
2973 2443 3112 2493 ultro
3159 2444 3402 2509 citroque
3430 2443 3521 2495 de-

1938 2541 2175 2595 currant,
2229 2541 2282 2583 et
2326 2540 2440 2585 arte
2484 2532 2743 2599 plumaria
2774 2547 2934 2585 onme
2966 2534 3249 2587 textrinum
3281 2549 3413 2600 Opus
3443 2535 3518 2587 di-

1940 2622 2108 2673 versis
2142 2620 2433 2687 imaginum
2476 2621 2747 2674 toraciclis
2790 2634 3095 2689 perornent,
3135 2626 3226 2676 sed
3256 2624 3517 2676 uniformi

1938 2713 2133 2765 coloris
2167 2710 2288 2764 fuco
2336 2712 2610 2779 sigillatim
2654 2715 2895 2767 conlecta
2928 2713 3107 2778 fuerit,
3137 2715 3303 2782 liquet
3342 2715 3519 2782 profe-

1941 2817 2027 2858 ClO
2050 2803 2187 2871 quod
2219 2819 2315 2857 nec
2344 2805 2629 2857 oculorum
2658 2805 2928 2858 obtutibus
2957 2804 3211 2873 jucunda,
3237 2821 3334 2860 nec
3365 2820 3521 2859 orna-

1940 2907 2243 2949 mentorum
2275 2895 2647 2961 pulcherrima:
2676 2896 2933 2949 vennsmti
2968 2896 3203 2950 formosa
3238 2896 3521 2952 videbitur.

1938 2985 2071 3039 Nam
2105 2997 2158 3039 et
2184 2986 2405 3039 cortina.-
2439 2987 2639 3040 veteris
2666 2986 2875 3041 delubri
2910 3004 3013 3041 non
3047 2989 3276 3057 simplici
3323 3001 3376 3044 et
3408 2991 3522 3044 sino

1941 3077 2114 3147 gulari
2147 3078 2391 3130 tinctura:
2424 3094 2622 3145 genere
2669 3078 3009 3145 splenduisse
3038 3079 3303 3148 leguntur,
3335 3082 3427 3134 sed
3457 3098 3522 3135 ex

1942 3182 2093 3228 auro,
2127 3168 2434 3236 hyacintho,
2469 3183 2722 3237 purpura,
2750 3169 2829 3223 bis
2857 3169 3021 3224 tincto
3048 3185 3232 3235 cocco,
3257 3172 3370 3225 sive
3400 3186 3523 3225 ver-

251 3262 510 3334 tit-tilum]
543 3265 786 3318 elationis
819 3274 1123 3327 contrectat,
1157 3274 1209 3317 et
1239 3265 1281 3317 si
1314 3264 1548 3317 theriaca
1577 3264 1655 3316 vel
1691 3264 1831 3317 anti-
1863 3245 1910 3308 ε
1942 3260 2138 3312 miculo
2182 3276 2297 3313 cum
2344 3261 2508 3330 bysso
2556 3269 2781 3323 retorto.
2831 3260 3029 3329 dispari
3079 3264 3279 3317 murice
3311 3265 3520 3317 fulsisse

246 3358 373 3411 (lota
398 3372 517 3426 qua:
549 3356 849 3409 lethiferum
881 3356 1027 3408 virus
1054 3355 1265 3408 auferre
1297 3356 1497 3419 Solent,
1539 3356 1833 3409 immutatis

247 3446 545 3509 ordinibus,
579 3446 896 3499 detrimenta
930 3444 1116 3497 salutis
1146 3445 1402 3498 existant.

323 3541 461 3596 XIV.
490 3542 815 3594 Econtrario
846 3550 1021 3593 autem
1051 3539 1292 3592 nonnulli
1318 3541 1483 3593 beata:
1512 3540 1632 3591 vita:
1664 3556 1823 3593 annu-

247 3636 467 3695 latores,
499 3632 585 3698 qtti
616 3632 680 3685 ab
714 3632 830 3700 ipso
858 3629 1131 3685 nascentis
1164 3632 1394 3685 inl'autize
1440 3632 1741 3687 rudimento
1781 3635 1830 3687 in

246 3739 462 3779 sutnmo
494 3724 811 3793 virginitatis
843 3723 1119 3793 proposito
1149 3722 1547 3791 infatigabiliter
1579 3740 1833 3793 perseve-

247 3833 367 3869 rare
396 3831 498 3870 non
531 3816 816 3880 desistant,
866 3825 917 3868 et
964 3816 1079 3869 sine
1109 3815 1291 3879 aliquo
1322 3816 1566 3883 puritatis
1598 3818 1833 3869 offendi—

244 3908 372 3962 CUlo
419 3909 711 3975 indisrupta
747 3907 1011 3975 pudicitiae
1044 3908 1297 3975 repagula
1333 3908 1437 3961 fine
1477 3917 1628 3960 tenus
1658 3908 1833 3960 felici-

248 4014 336 4055 ter
362 4016 575 4055 servare
605 4000 954 4062 contendunt,
989 4008 1042 4053 et
1070 4009 1245 4053 tamen
1276 4000 1345 4052 ita
1367 4000 1560 4053 divina:
1587 4000 1831 4055 dilectio-

244 4094 333 4148 nis
370 4092 587 4146 stimulo
634 4103 1090 4160 compunguutur,
1139 4103 1193 4147 et
1237 4092 1566 4146 scintillante
1614 4093 1832 4161 superni

243 4183 456 4236 ardoris
488 4183 656 4235 facula
704 4183 1103 4235 iullammantur
1126 4225 1140 4247 ,
1185 4191 1241 4235 ut
1277 4183 1513 4251 quotidie
1546 4183 1613 4236 de
1648 4183 1831 4237 mundi

243 4273 553 4328 calamitate
604 4272 843 4324 translati
894 4287 922 4323 e
967 4271 1207 4339 corporis
1256 4275 1528 4340 ergastulo
1567 4274 1831 4340 emigrare

244 4362 517 4415 inltianter
545 4362 794 4429 gestiant,
832 4372 883 4415 et
915 4361 977 4414 ad
1010 4363 1291 4415 cmleStcm
1326 4364 1553 4430 paradisi
1607 4365 1829 4431 patriam

242 4470 306 4507 se
331 4455 649 4522 quantocius
678 4470 969 4521 proiierare
998 4454 1321 4524 frugalitatis
1345 4458 1673 4525 parcimonia
1708 4474 1832 4525 pro-

240 4548 396 4598 dant.
434 4543 563 4596 Dum
598 4544 806 4595 furtivis
851 4545 1162 4611 psalntodize
1192 4546 1440 4599 cantibus
1480 4556 1531 4600 et
1558 4548 1717 4602 salsis
1750 4549 1827 4600 la-

1942 3354 2338 3407 describuntur.
2375 3356 2479 3408 Sed
2510 3355 2635 3421 quid
2666 3354 2731 3408 de
2757 3354 2995 3408 fucorum
3030 3356 3321 3410 muricibus
3350 3358 3522 3410 subti-

1940 3444 2061 3498 liter
2090 3446 2579 3499 comminiscimur?
2630 3461 2695 3499 cn
2740 3448 2904 3514 ipsius
2934 3448 3047 3502 auri
3073 3449 3266 3517 obryza
3298 3448 3519 3511 lamina,

1939 3535 2079 3602 quod
2105 3546 2297 3589 caetera
2325 3536 2529 3604 argenti
2557 3546 2608 3589 et
2632 3536 2813 3590 electri
2844 3540 3127 3608 staunique
3153 3540 3363 3592 metalfa
3387 3555 3527 3606 pra:-

1938 3630 2101 3690 cellit,
2145 3629 2259 3681 sine
2288 3630 2495 3696 topacio
2517 3640 2571 3683 et
2598 3630 2941 3698 carbunculo,
2966 3643 3021 3685 et
3049 3632 3343 3687 rubicunda
3367 3649 3521 3701 gem-

1938 3736 2143 3774 marum
2190 3721 2354 3791 gloria
2410 3724 2490 3776 vel
2544 3724 2745 3777 succini
2794 3724 3073 3777 dracontia
3126 3725 3523 3793 quodaminodo

1938 3815 2199 3867 vilescere
2234 3814 2519 3868 videbitur.
2555 3814 2660 3869 llas
2690 3831 2818 3868 vero
2847 3815 3131 3869 distinctas
3160 3818 3407 3869 colorum
3434 3832 3525 3868 va-

1938 3906 2173 3968 rietates,
2198 3914 2250 3958 et
2275 3906 2616 3958 metallorum
2650 3906 2860 3969 Species
2908 3921 3004 3975 pro
3032 3905 3293 3974 augendis
3324 3915 3379 3959 et
3411 3923 3529 3959 am-

1937 3996 2236 4065 plificandis
2268 3997 2535 4064 pudicitia:
2565 3998 2767 4052 meritis
2790 4007 3091 4067 assmnptas
3120 4014 3213 4065 per
3247 4000 3522 4067 allegoria:

1936 4090 2173 4155 regulam
2208 4086 2500 4150 rimamini,
2533 4099 2585 4140 et
2615 4088 2854 4157 mysticis
2880 4088 3095 4141 Patrum
3127 4088 3523 4157 explanationi-

1936 4178 2035 4231 bus
2071 4194 2165 4242 per
2196 4180 2427 4245 typicum
2464 4178 2778 4247 tropologite
2818 4179 3136 4232 scrutinium
3180 4181 3520 4233 scrutamini.

2010 4268 2148 4321 XVI.
2194 4268 2352 4335 ιςὶιιιι·
2382 4283 2503 4321 vera
2533 4279 2586 4322 et
2620 4286 2723 4322 non
2760 4271 2947 4323 frivola
2978 4270 3215 4324 delicata:
3249 4272 3525 4340 virginita-

1944 4360 2009 4411 tis
2042 4360 2223 4427 gloria,
2262 4376 2383 4411 vcra
2414 4370 2465 4411 et
2503 4376 2605 4413 non
2640 4362 2769 4413 falsa
2806 4363 3120 4416 humilitatis
3150 4365 3355 4416 cautela
3388 4376 3526 4417 tute-

1938 4463 2041 4517 tur,
2068 4463 2120 4505 et
2148 4455 2294 4520 quasi
2331 4455 2621 4505 tenerrima
2656 4455 2848 4507 nobilis
2880 4455 3114 4508 infantia:
3149 4458 3359 4509 lascivia
3385 4456 3523 4511 duro

1938 4543 2233 4611 disciplina:
2266 4546 2581 4614 pzcdagogio
2630 4547 2953 4611 refrenetur,
2986 4548 3111 4615 quia
3158 4547 3424 4600 incassum
3458 4552 3525 4603 de

241 4650 552 4704 crymarum
584 4634 817 4688 fontibus
861 4636 1056 4691 ardens
1086 4638 1282 4691 mentis
1313 4637 1638 4691 desiderium
1671 4639 1831 4693 dissi-
1855 4605 1908 4665 υ
1940 4636 2049 4687 sola
2080 4637 2334 4702 pudicitia
2390 4653 2538 4690 mens
2592 4638 2885 4703 extollitur,
2937 4656 3054 4707 qua:
3106 4653 3157 4694 ct
3191 4640 3369 4713 [BodL
3418 4660 3521 4695 om.

243 4727 454 4781 Inulare
484 4737 773 4793 nequeant,
807 4741 867 4779 ac
906 4742 998 4793 per
1023 4728 1209 4781 crebra
1241 4730 1666 4797 compunctionis
1710 4746 1832 4783 sus-

243 4818 384 4887 piria
442 4818 559 4870 imis
624 4820 1041 4885 praacordiorum
1108 4819 1273 4874 ilibus
1332 4823 1537 4889 prolata
1596 4825 1831 4893 graviter

238 4910 621 4978 ingemiscant.
676 4910 873 4979 Sicque
930 4910 1184 4966 theorica:
1254 4914 1375 4965 vitae
1436 4913 1829 4970 oblectamento

236 5002 480 5058 suaviter
506 5002 782 5065 satiantur,
830 5013 884 5057 et
943 5014 1189 5058 nectarco
1242 5008 1672 5077 contemplativa:
1716 5012 1833 5065 dul-

241 5090 455 5146 cedinis
484 5092 661 5145 edulio
692 5094 1023 5162 saginantur,
1059 5103 1115 5147 ut
1145 5096 1317 5149 nullus
1350 5099 1403 5152 in
1437 5100 1681 5165 practice;
1703 5116 1833 5155 Con—

240 5183 571 5236 versationis
600 5182 797 5251 studio,
841 5200 999 5251 quam
1033 5187 1294 5240 actualem
1328 5190 1635 5252 vocitamus.
1668 5196 1827 5248 etiam

240 5275 536 5329 commissa
584 5275 794 5329 ﬂetibus
824 5276 1034 5330 diluens
1078 5292 1318 5331 normam
1350 5282 1471 5336 vita:
1501 5285 1830 5353 aequiparare

242 5371 442 5423 valeat.
477 5370 569 5423 llis
611 5371 769 5438 igitur
798 5371 1015 5436 talibus,
1047 5374 1136 5441 qui
1167 5374 1219 5425 in
1252 5372 1428 5445 [Bodl.
1471 5394 1572 5429 om.
1608 5379 1658 5431 in
1690 5379 1699 5449 l
1734 5381 1833 5433 bu-

239 5461 545 5533 juscemodi
592 5466 841 5516 virtutum
893 5466 1267 5533 supplemento
1296 5478 1351 5521 et
1381 5485 1589 5524 morum
1635 5476 1831 5528 sancti-

247 5558 364 5606 tate
396 5550 712 5618 virginitatis
760 5554 985 5620 gloriam
1018 5559 1358 5612 accumulare
1391 5572 1706 5627 noscuntur,
1741 5580 1830 5618 ce-

241 5643 327 5695 dit
374 5642 547 5694 omnis
588 5644 971 5698 continentium
1016 5646 1262 5701 eminens
1308 5652 1636 5718 magnitudo,
1690 5655 1832 5708 cedit

243 5734 425 5787 omnis
457 5732 862 5802 conjugatorum
895 5736 1142 5792 sublimis
1172 5739 1455 5793 celsitudo.

328 5822 437 5877 XV.
484 5822 840 5890 Quamobrem
876 5828 1047 5884 nullus
1074 5829 1208 5887 hanc
1231 5831 1401 5887 solam
1431 5837 1675 5903 puritatis
1700 5853 1838 5907 pra:-

1936 4728 2009 4798 el]
2041 4728 2287 4782 elationis
2311 4730 2486 4797 jacqu
2514 4732 2823 4784 vulneratur
2845 4774 2857 4795 ,
2900 4742 2952 4785 et
2988 4732 3183 4785 frustra
3215 4732 3433 4799 Spiritus
3456 4734 3524 4785 de

1936 4819 2252 4887 integritatis
2285 4822 2451 4889 gratia
2485 4831 2721 4890 gratatur
2754 4822 2955 4893 [.Bodl”
2984 4823 3325 4894 gratulatur].
3361 4824 3403 4877 si
3440 4836 3525 4877 tu-

1937 4912 2129 4962 mentis
2178 4911 2494 4979 arroganti-.13
2525 4912 2729 4980 spiculo
2780 4915 3072 4966 sauciatur.
3128 4914 3369 4983 Denique
3416 4917 3524 4981 ple-

1939 5014 2182 5067 rumque,
2217 5009 2273 5053 ut
2306 5004 2514 5068 experti
2534 5016 2744 5066 sumus,
2767 5004 3033 5056 castitatis
3060 5005 3389 5057 conscientia
3414 5006 3526 5058 ela-

1939 5091 2093 5142 tionis
2128 5091 2363 5157 pulsatur
2393 5092 2669 5156 κενοδοξία,
2699 5102 2754 5147 et
2780 5093 2917 5147 unde
2944 5108 3001 5147 se
3033 5096 3241 5163 adepta:
3264 5096 3526 5149 sanctita-

1940 5184 2006 5235 tis
2037 5194 2226 5235 merito
2259 5186 2690 5251 pratstautim'em
2731 5187 2954 5240 caeteris
2985 5185 3033 5239 itt
3072 5186 3309 5239 Ecclesia
3345 5186 3519 5241 ﬁdeli-

1940 5276 2036 5329 bus
2064 5275 2339 5344 opiuatur,
2383 5276 2506 5331 inde
2538 5278 2717 5331 debito
2768 5278 3287 5345 recompensationis
3318 5282 3526 5333 emolu-

1939 5377 2116 5422 mento
2164 5365 2533 5434 fraudabitur,
2588 5378 2643 5423 et
2682 5370 2929 5423 laboriosi
2982 5371 3295 5425 certaminis
3347 5374 3522 5439 palma

1939 5460 2249 5528 privabitur.
2302 5459 2415 5513 Non
2464 5462 2609 5515 enim
2663 5477 2851 5516 omnes
2897 5462 2979 5516 bis
3022 5465 3213 5531 quinas
3254 5464 3518 5531 virginum

1938 5562 2177 5606 catervas
2206 5557 2439 5610 ccclesiis
2465 5558 2647 5623 Sponsi
2688 5559 2921 5613 thalamo
2961 5562 3295 5629 recpiendas
3331 5569 3384 5613 et
3409 5560 3522 5628 pari

1940 5646 2169 5713 tripudio
2193 5648 2246 5701 in
2287 5649 2494 5702 cmlesti
2524 5650 2691 5717 gloria
2723 5653 3143 5721 gratulabundus
3180 5652 3521 5721 evangelicus

1938 5754 2115 5793 sermo
2142 5743 2448 5809 spopondit,
2479 5743 2571 5797 sed
2606 5744 2723 5798 illas
2750 5755 2956 5799 tantum
2982 5761 3126 5814 quin,
3153 5761 3295 5800 coru.
3316 5748 3394 5798 cis
3426 5760 3519 5813 pu-

1940 5833 2131 5889 dicititc
2160 5835 2491 5905 lampadibus
2533 5848 2587 5892 ct
2622 5837 2825 5908 lychnis
2873 5839 2994 5893 oleo
3026 5838 3357 5895 castitucnitc
3387 5852 3517 5891 con-
