4214 6600
280 454 377 504 lli

1416 446 1501 500 DE
1542 445 1884 502 LAUDIBUS
1928 446 2404 505 VlliGlNl'l‘ATlS.
3457 474 3552 530 ll8

276 568 345 618 ,εδ
372 566 621 635 gradibus
648 563 934 633 gemmam
978 562 1223 616 amarunt
1250 605 1264 627 ,
1315 579 1434 632 qua:
1466 564 1613 618 sicut
1649 564 1857 617 trifaria
1888 566 1936 620 A
1968 563 2304 629 describitur,
2361 566 2662 635 signiﬁcatis
2691 571 3002 625 idololatria:
3056 575 3259 642 lapsum
3300 592 3355 633 et
3388 584 3551 638 siinu-
3590 584 3591 589 “

274 658 508 722 disparis
532 658 651 709 vita:
678 656 936 722 qualitate
966 654 1278 722 singillatim
1308 664 1741 721 sequestrantur,
1791 656 1860 708 ita

272 752 522 801 discretis
549 750 862 800 meritorum
894 748 1173 799 ordinibus
1200 746 1261 799 tri
1276 747 1479 813 pliciter
1507 747 1855 807 dirimuntur,

272 841 480 907 Angelo
536 841 636 892 hoc
686 842 845 891 modo
875 840 1175 891 alternatim
1227 839 1627 906 disuoguente:
1686 840 1750 893 Ut
1792 840 1860 891 sit

270 934 551 1001 virginitas
573 948 780 995 aurum,
832 934 1050 984 castitas
1081 943 1384 999 argentum,
1434 932 1681 1000 jngalitas
1726 948 1860 985 tura-

270 1036 534 1079 mentum.
587 1025 651 1079 Ut
680 1026 747 1077 sit
776 1026 1049 1092 virginitas
1080 1024 1298 1087 divitiae,
1333 1027 1549 1079 castitas
1578 1026 1858 1079 mediocri-

270 1128 375 1179 tas,
398 1118 645 1187 jugalitas
676 1130 977 1186 paupertas.
1008 1117 1072 1173 Ut
1097 1117 1163 1170 sit
1186 1119 1460 1182 virginitas
1488 1133 1610 1186 pax,
1640 1120 1856 1171 caStitas

269 1212 593 1278 rctlcmptiti,
638 1212 884 1278 jngalitas
908 1212 1211 1277 captivitas.
1261 1209 1332 1263 Ut
1359 1211 1423 1262 sit
1456 1211 1728 1277 virginitas
1757 1210 1856 1270 sol,

268 1303 488 1353 casulas
520 1304 660 1362 luna,
684 1300 932 1369 jngalitas
960 1301 1214 1353 tenebrm.
1246 1299 1311 1353 Ut
1335 1302 1401 1352 sit
1422 1301 1697 1366 virginitas
1721 1302 1852 1365 dies,

268 1392 491 1443 castitas
514 1406 723 1456 aurora,
750 1394 997 1460 jugalitas
1020 1409 1143 1445 nox.
1176 1394 1241 1445 Ut
1272 1393 1629 1460 sitvirginitas
1655 1393 1854 1460 regina,

268 1489 490 1540 castitas
510 1488 747 1549 domina,
771 1489 1019 1555 jogahtas
1036 1489 1250 1540 ancilla.
1279 1485 1347 1540 Ut
1372 1489 1439 1539 sit
1463 1489 1739 1554 virginitas
1758 1502 1854 1554 pa-

270 1580 392 1639 tria,
426 1580 643 1631 castitas
667 1589 868 1645 purius,
892 1579 1144 1647 jngabtas
1170 1579 1409 1645 pelagus.
1450 1578 1515 1633 Ut
1548 1578 1616 1631 sit
1637 1578 1857 1645 virgini-

270 1678 351 1720 lns
383 1669 563 1733 homo,
588 1672 803 1723 castitas
822 1672 1132 1733 semivivus,
1155 1670 1405 1737 jugalitas
1428 1684 1642 1738 corpus.
1680 1669 1747 1722 Ut
1786 1670 1858 1724 sit

266 1762 545 1830 virginitas
569 1778 825 1831 purpura,
861 1763 1082 1816 casxitas
1112 1762 1370 1826 rediviva,
1410 1763 1659 1830 jugalitas
1712 1763 1849 1814 lana.

261 1854 458 1907 Omnia
487 1854 597 1907 litec
632 1869 734 1906 non
761 1863 879 1908 sunt
914 1863 1063 1907 extra
1092 1852 1345 1919 palatium
1376 1854 1536 1921 regis,
1568 1852 1660 1905 sed
1694 1853 1849 1905 aliter

1970 654 2231 707 lacrorum
2266 659 2612 711 cmretnonias
2660 662 3041 727 exploilentlas.
3101 682 3277 723 nonne
3329 686 3547 742 prop'cr

1969 744 2230 809 pudicitiae
2279 746 2554 812 virginalis
2600 750 2820 803 inl‘nlam
2853 758 3091 822 magistri
3141 759 3306 812 lrcttts
3357 763 3549 817 melote

1967 832 2225 887 iuormetn
2256 836 2501 891 Jordauis
2550 843 2814 909 gurgitem
2867 844 3102 910 diremit,
3151 849 3380 915 puberes
3427 869 3546 906 cum

1967 929 2264 991 ganniturre
2316 928 2545 985 ludibrio
2584 934 2689 986 vati
2747 934 3060 990 insultantes
3112 940 3309 993 rabidis
3354 945 3546 997 ursinm

1966 1018 2258 1074 ferocitatis
2294 1023 2516 1076 rictibus
2572 1027 2819 1091 tradidit,
2868 1028 3113 1083 cadaveri
3143 1032 3330 1097 gelida:
3362 1038 3546 1090 mortis

1965 1108 2206 1165 faticibus
2236 1113 2515 1177 sul‘focato,
2562 1118 2723 1168 etiam
2758 1116 2870 1185 ipse
2910 1118 3057 1173 letho
3085 1121 3290 1189 sopitus
3332 1126 3544 1183 vitalem

1964 1203 2191 1257 reddidit
2216 1206 2505 1273 spiritum?

2033 1295 2111 1349 En
2145 1306 2361 1350 sanctus
2392 1298 2654 1353 Jeremias
2686 1300 2752 1354 ad
2798 1305 3098 1371 exemplum
3132 1306 3400 1375 virginalis
3430 1326 3544 1362 ma-

1964 1385 2109 1437 teria:
2143 1385 2192 1437 in
2220 1387 2498 1451 prepatulo
2527 1389 2680 1441 nobis
2710 1392 2965 1457 oceurrit,
2994 1394 3082 1461 qui
3110 1404 3400 1466 antequam
3433 1414 3545 1452 ina-

1964 1475 2130 1529 ternis
2159 1474 2411 1529 ederetur
2442 1478 2720 1544 partubus,
2757 1480 2908 1533 beata
2942 1483 3407 1550 prmdestinatione
3431 1487 3539 1541 Do-

1962 1570 2107 1623 mino
2139 1569 2348 1622 dicatur
2372 1580 2426 1624 et
2462 1570 2529 1623 ab
2583 1569 2693 1639 ipsa
2728 1574 2844 1626 rudi
2876 1577 3259 1632 cnnahulorum
3290 1581 3545 1634 teneritu-

1961 1660 2085 1712 dine
2115 1660 2406 1727 virginitati
2441 1673 2806 1725 consecratur.
2851 1666 2915 1719 de
2947 1683 3051 1736 quo
3097 1669 3275 1723 divina
3309 1674 3543 1738 promul-

1959 1760 2048 1818 gat
2077 1751 2340 1804 sententia
2367 1768 2381 1803 :
2416 1752 2698 1819 Antequam
2730 1763 3025 1825 procedere:
3052 1762 3113 1815 de
3144 1763 3315 1831 vulva,
3347 1767 3540 1819 sancti-

1960 1844 2108 1911 ﬁcavi
2139 1856 2203 1907 te,
2257 1844 2478 1912 pulchro
2512 1846 2764 1902 videlicet
2794 1851 3111 1917 virginitatis
3143 1857 3420 1925 prmsagio,
3470 1857 3539 1922 is,

261 1947 418 1998 sedet
451 1947 499 1997 in
531 1960 750 1998 carruca
790 1947 1122 2013 praefectura:
1150 1945 1405 2011 dignitas,
1454 1945 1609 1996 aliter
1658 1946 1849 1997 mulio-
1882 1925 1927 1983 Β
1967 1938 2205 2003 inquam,
2263 1948 2519 2005 quantum
2555 1941 2882 2008 prophetiae
2910 1942 3185 2009 dignitatis
3214 1948 3381 2014 gratia
3427 1950 3543 2001 eni-

267 2051 397 2086 i-nm
434 2036 629 2098 vilitas,
658 2036 815 2087 aliter
845 2035 931 2102 qtti
966 2034 1185 2097 pedibus
1215 2035 1448 2087 continet
1473 2035 1665 2097 mulas,
1697 2046 1748 2087 et
1782 2045 1854 2085 ta-

267 2140 393 2177 tuen
441 2126 539 2177 sub
586 2140 691 2178 uno
738 2126 1060 2193 imperatore
1109 2125 1341 2177 militare
1387 2135 1700 2188 noscuntur,
1746 2134 1850 2177 etc.

258 2216 425 2281 Cujus
457 2216 769 2269 dtll‘erentize
798 2225 1114 2285 argumento
1155 2215 1350 2283 conjici
1380 2226 1433 2269 et
1464 2217 1637 2284 colligi
1672 2216 1845 2277 datur,

259 2307 407 2371 quod
442 2308 716 2375 virginitas
759 2310 829 2360 sit
877 2323 996 2375 quae
1045 2307 1112 2361 ab
1159 2308 1302 2360 omni
1347 2308 1604 2376 spurcitia
1652 2306 1849 2359 carnali

262 2398 466 2450 illibata
511 2409 807 2465 spontaneo
840 2399 1114 2452 caelibatus
1153 2398 1347 2451 affectu
1379 2398 1566 2465 pudica
1600 2412 1849 2465 perseve-

260 2499 383 2549 rat;
432 2492 652 2542 casulas
706 2504 871 2554 vero,
914 2504 1033 2557 qua:
1078 2490 1245 2556 pactis
1284 2488 1619 2555 sponsalibus
1666 2489 1851 2541 sortita

260 2594 351 2630 nia
381 2580 592 2633 rimonii
623 2583 939 2635 commercia
971 2582 1118 2649 regni
1161 2582 1394 2637 crelestis
1423 2596 1583 2634 causa
1614 2593 1851 2634 οοιιιυιιι-

263 2672 390 2735 psit,
420 2672 674 2742 jugalitas
699 2690 814 2741 qua:
844 2674 907 2726 ad
944 2672 1338 2740 propagandum
1393 2673 1713 2739 posteritatis
1759 2686 1851 2726 s0-

263 2764 461 2825 bo’em,
485 2776 538 2817 et
566 2765 857 2818 liberorum
890 2766 1337 2832 procreandorum
1364 2765 1527 2831 gratia
1548 2764 1703 2817 licitis
1726 2779 1851 2817 con-

262 2857 409 2910 nubii
446 2857 665 2911 nexibus
696 2858 945 2911 nudatur.
977 2858 1068 2911 llis
1094 2859 1253 2927 igitur
1281 2858 1448 2911 tribus
1475 2858 1731 2928 graduum
1764 2874 1853 2911 or-

258 2948 495 3011 dinibus,
545 2949 736 3013 quibus
787 2950 1120 3003 credentium
1166 2950 1449 3003 multitudo
1492 2951 1542 3002 in
1590 2951 1849 3004 catholica

260 3038 464 3090 timeas
491 3036 725 3091 Ecclesia
753 3040 1092 3106 discernitur,
1128 3040 1493 3109 ewngelicum
1545 3042 1847 3110 paradigma

262 3128 622 3180 centesimum
678 3132 1071 3197 sexagesimum
1124 3142 1177 3184 et
1233 3132 1563 3185 tricesimum
1622 3134 1847 3187 fructum

255 3218 412 3285 juxta
436 3220 744 3272 meritorum
775 3220 1173 3274 mercimoniam
1209 3223 1516 3290 spepondit,
1572 3223 1693 3276 licet
1722 3224 1850 3290 qui-

262 3307 390 3360 dam
423 3311 699 3362 ccutesimi
728 3310 931 3363 fructus
960 3313 1259 3378 manipulos
1290 3314 1612 3381 evangelicis
1637 3316 1842 3367 novali-

260 3401 367 3455 lius
398 3401 627 3457 ubertim
660 3404 984 3470 pullulantes
1013 3415 1065 3458 et
1105 3406 1381 3473 granigera
1416 3408 1680 3474 Spicarum
1732 3408 1848 3474 glu-

262 3491 412 3545 lnula
446 3496 806 3560 germinantes
830 3497 1152 3563 martyribus
1177 3512 1385 3549 sacrum
1412 3514 1506 3565 pro
1530 3498 1846 3551 Christiana:

258 3584 615 3637 confessionis
651 3588 801 3638 titulo
829 3603 1075 3640 cruorem
1126 3590 1228 3641 ritu
1278 3590 1374 3642 rivi
1410 3591 1637 3643 rorantis
1668 3590 1847 3657 tlcptt-

259 3684 378 3727 lare
408 3676 633 3729 soleant.
688 3677 792 3731 Sed
824 3693 888 3731 ne
938 3679 1124 3733 forte.n
1179 3679 1381 3751 [Bodl.,
1415 3680 1570 3751 forte]
1620 3684 1846 3749 proprize

256 3765 640 3833 disputationis
673 3768 896 3821 verbosa
929 3771 1214 3837 garrulitas
1261 3781 1349 3824 aut
1402 3775 1610 3840 garrula
1651 3776 1844 3826 verbo-

256 3858 395 3909 sitas
430 3858 582 3910 lirmo
615 3859 1008 3927 Scripturarum
1036 3861 1346 3915 fulcimento
1390 3879 1580 3918 carens
1609 3879 1636 3918 a
1673 3866 1847 3934 quolf-

255 3946 353 3999 bet
381 3946 713 4014 criminetur,
749 3966 1041 4018 purpureos
1069 3952 1333 4020 pudicitiae
1374 3953 1531 4007 ﬂores
1561 3970 1625 4008 ex
1658 3971 1843 4007 sacro-

255 4055 380 4093 rum
401 4043 723 4095 voluminum
746 4054 894 4110 prato
915 4045 1207 4111 decerpens
1238 4045 1652 4113 pulcherrimam
1680 4048 1838 4115 virgi—

252 4134 440 4185 uitatis
471 4149 723 4188 coronam
752 4135 966 4189 Christo
1015 4138 1224 4192 favente
1253 4149 1540 4192 contexere
1571 4140 1729 4193 nitar.

330 4223 448 4276 XX.
495 4226 637 4279 Elias
668 4236 836 4293 vates,
887 4225 1205 4294 virginitatis
1252 4229 1421 4297 gratia
1461 4230 1743 4283 decoratus
1789 4239 1843 4282 et.

249 4316 445 4384 spiritu
479 4316 689 4370 afflatus
719 4318 1051 4385 proiihetico,
1098 4318 1224 4373 (ξωιὶ
1254 4320 1482 4373 claustra
1532 4331 1586 4374 et
1631 4321 1842 4374 nimbo-

247 4423 371 4460 rum
404 4407 675 4462 obstacula
706 4410 950 4475 precibus
981 4411 1247 4478 patefecit,
1292 4415 1644 4481 geminosque
1696 4418 1836 4469 mili-

248 4507 365 4551 tmn
400 4508 834 4563 pentecontarcos
863 4503 1098 4556 cmlestis
1141 4504 1243 4558 foci
1273 4504 1493 4561 fulmine
1527 4508 1832 4575 flagrantes,

1959 2031 2136 2092 tuerit,
2172 2028 2396 2092 fulserit,
2452 2029 2709 2093 ﬂoruerit,
2759 2032 2877 2100 quis
2911 2036 3113 2088 urbana
3142 2037 3429 2092 verborum
3463 2040 3539 2091 fa-

1955 2122 2145 2173 cundia
2180 2121 2349 2174 fretus
2377 2137 2629 2176 enarrare
2659 2123 2927 2179 suftieiat?

2035 2211 2171 2265 XXI.
2206 2212 2387 2266 Daniel
2423 2228 2550 2267 vero
2580 2230 2819 2284 prmsago
2852 2220 3082 2273 nominis
3115 2220 3372 2274 vocabulo
3398 2222 3537 2291 judi-

1955 2303 2092 2356 cium
2129 2304 2239 2367 Dci,
2284 2305 2351 2358 ob
2383 2306 2675 2377 indaganda
2710 2320 3039 2363 secretorum
3072 2327 3267 2364 arcana
3289 2353 3304 2377 ,
3359 2313 3427 2367 ab
3452 2330 3537 2369 ar-

1953 2397 2216 2465 cliangt-lo
2266 2414 2408 2463 sarpe
2458 2400 2540 2451 vir
2596 2398 2985 2454 desideriorum
3029 2402 3316 2468 vocitatus,
3373 2421 3540 2472 usque

1955 2502 2257 2553 supremam
2288 2486 2488 2554 fugacis
2518 2488 2640 2541 vita:
2670 2488 2964 2545 clausulam
3000 2494 3362 2562 gratissimum
3381 2511 3537 2565 Spon-

1958 2586 2121 2630 lanea:
2171 2578 2486 2645 virginitatis
2538 2595 2731 2633 munus
2786 2582 2931 2634 velut
2986 2582 3279 2651 fragrantis
3330 2587 3531 2643 incensi

1955 2670 2223 2723 tiiimiama
2269 2672 2401 2737 parti
2437 2670 2647 2742 [βυτιι.,
2702 2672 2991 2744 thymiama
3049 2674 3204 2745 patri]
3253 2678 3532 2742 Spirituum

1953 2762 2231 2814 ultroneus
2262 2761 2515 2813 obtulisse
2559 2774 2905 2817 memoratur.
2936 2766 2980 2818 Is
3010 2766 3261 2832 denique,
3295 2771 3529 2823 nondum

1952 2851 2229 2920 clangente
2255 2853 2561 2920 evangelica
2588 2855 2807 2906 buccina
2836 2854 2936 2919 Qui
2950 2864 3110 2923 potest
3136 2874 3319 2927 capere
3338 2860 3533 2925 capiat,

1952 2943 2209 3000 immunis
2238 2955 2411 2997 tamen
2443 2946 2509 2997 ab
2540 2946 2683 2998 omni
2713 2947 2966 3014 spurcitia
2999 2949 3197 3000 carnali
3228 2960 3281 3003 et
3307 2967 3532 3005 securus

1950 3034 2019 3087 ab
2047 3034 2419 3089 illecebrarum
2448 3035 2684 3089 culludio
2736 3037 3110 3103 pudicissimus
3157 3042 3429 3096 exstitisse
3472 3044 3536 3096 li-

1950 3124 2112 3193 quith
2138 3124 2439 3177 declaratur
2466 3140 2480 3189 ;
2524 3126 2606 3178 cui
2641 3140 2736 3193 pro
2766 3126 3132 3180 vicissitudine
3162 3129 3424 3183 castitatis
3449 3146 3534 3185 re—

1956 3216 2224 3283 pensantla
2267 3230 2375 3281 pra:
2419 3217 2628 3270 caeteris
2660 3218 2975 3271 mortalibus
3021 3218 3196 3272 abdita
3247 3233 3529 3287 patescunt

1954 3312 2008 3362 et
2038 3309 2275 3376 mysdcis
2314 3319 2767 3363 sacramentorum
2800 3312 3070 3377 operculis
3111 3311 3289 3367 clausa
3317 3317 3529 3370 etelitns

1949 3412 2276 3455 reserantur.
2325 3400 2451 3466 Quis
2482 3400 2623 3455 enim
2666 3403 3042 3468 prophetarum
3074 3414 3297 3458 ventura
3347 3409 3533 3461 vatici-

1950 3498 2207 3557 nantium,
2242 3508 2465 3563 quorum
2495 3503 2703 3547 mentes
2729 3495 2957 3564 gratuita
2990 3498 3314 3551 sacrosancti
3346 3498 3529 3553 Flatus

1946 3588 2111 3653 gratia
2168 3588 2433 3656 inspirans
2479 3589 2731 3657 prtesagis
2782 3591 3039 3642 virtutum
3092 3593 3400 3645 muneribus
3449 3595 3529 3645 af.

1948 3678 2175 3735 fluenter
2214 3678 2567 3743 lecundabat,
2626 3680 2845 3735 uberius
2898 3690 2951 3734 et
2982 3682 3316 3737 manifestius
3344 3683 3410 3739 de
3451 3684 3533 3737 di-

1949 3771 2065 3822 vina
2096 3771 2463 3825 lucarnatione
2484 3772 2821 3825 oraculorum
2850 3772 3044 3826 seriem
3076 3775 3316 3828 texui~se
3340 3775 3532 3842 digno-

1947 3867 2147 3925 scitnr;
2203 3864 2383 3919 decies
2416 3864 2613 3937 [Bodl.,
2649 3864 2871 3938 septies]
2905 3881 3134 3936 namque
3163 3868 3400 3935 septenis
3429 3884 3529 3920 an-

1947 3973 2133 4011 norum
2184 3956 2607 4011 hebdomadibus
2661 3974 2767 4024 quo
2815 3961 3210 4026 supputationis
3276 3961 3531 4015 laterculo

1946 4062 2167 4100 numero
2196 4062 2393 4100 ccc.ch
2442 4048 2962 4111 annicalculantur,
3014 4050 3265 4103 salvatrix
3311 4052 3526 4119 superni

1946 4142 2093 4192 ducis
2126 4140 2377 4192 nativitas
2423 4139 2810 4207 prtelignratnr.
2846 4140 3054 4210 Quique
3099 4148 3355 4205 statuam,
3397 4158 3529 4211 qua-

1946 4244 2097 4286 terno
2140 4231 2474 4283 metallorum
2501 4245 2699 4298 genere
2745 4228 3113 4292 fabrefactam,
3171 4232 3388 4285 totidem
3435 4249 3519 4283 re-

1941 4336 2161 4391 gnoruni
2193 4319 2385 4374 saecula
2417 4320 2741 4387 signantem,
2791 4321 3031 4387 angulari
3080 4320 3310 4375 duorum
3338 4322 3523 4375 Testa-

1945 4422 2244 4466 mentorum
2276 4410 2449 4477 lapide
2480 4411 2545 4463 de
2575 4411 2727 4463 collis
2762 4414 3061 4474 cacumine,
3124 4412 3240 4466 sine
3271 4413 3366 4466 viri
3406 4417 3522 4466 vola

1944 4501 2146 4573 [Bodl.,
2200 4498 2363 4571 volo],
2417 4501 2518 4553 hoc
2543 4509 2645 4567 est,
2698 4500 2928 4554 maritali
2961 4504 3264 4569 complexu,
3312 4506 3523 4560 absciso

244 4600 305 4643 et
334 4592 582 4657 superuis
610 4607 826 4647 arsuros
853 4594 1113 4648 incendiis
1143 4597 1345 4651 crudeli
1377 4598 1586 4652 ﬂamma
1616 4603 1836 4655 combu-
1868 4614 1918 4673 D
1947 4593 2243 4644 minutatim
2271 4606 2331 4643 ac
2367 4590 2703 4644 membratim
2735 4595 2952 4659 exponit
2976 4608 3303 4662 percussam.
3354 4597 3524 4650 Arbo-

240 4690 386 4743 stos,
436 4683 725 4747 exterruit,
768 4683 856 4752 qui
893 4693 941 4739 ει
989 4683 1274 4754 deinceps,
1326 4696 1381 4740 ut
1425 4699 1578 4756 poeta
1625 4692 1839 4745 heroico

241 4774 560 4827 hexametro
588 4774 774 4839 refert,

406 4887 567 4955 Aurea
606 4890 923 4950 ﬂammigeris
956 4900 1159 4940 evectus
1183 4892 1231 4939 in
1258 4900 1382 4942 astra
1407 4894 1655 4955 quadrigis

402 4949 664 4999 Sidereum
688 4957 963 5012 penetravit
988 4956 1081 5003 iter
1101 4993 1114 5016 ,
1140 4968 1385 5016 curruque
1408 4949 1635 5018 corusco;

239 5066 298 5111 ct
346 5055 479 5109 infra
513 5056 727 5109 humani
760 5066 955 5122 metam
986 5073 1089 5111 non
1138 5059 1357 5130 contigit
1384 5061 1481 5114 aevi
1520 5060 1756 5114 sub‘atus
1784 5061 1834 5115 in

240 5148 469 5214 malum,
504 5148 553 5201 in
587 5148 813 5217 quadam
845 5152 1036 5204 secreti
1066 5150 1298 5205 climatis
1339 5153 1559 5221 regione
1586 5154 1835 5207 diuturna

242 5236 615 5292 membrarum
649 5239 990 5308 vegetatione
1040 5240 1275 5296 vitaliter
1303 5244 1520 5313 degens.
1572 5244 1836 5300 hactenus

242 5331 485 5399 generali
532 5332 720 5384 mortis
766 5332 950 5386 debito
996 5335 1234 5387 caruisse
1274 5334 1639 5404 dignoscitur,
1673 5351 1831 5405 quam

240 5420 423 5476 cuneti
450 5422 695 5477 violentis
726 5432 929 5477 naturae
956 5425 1160 5492 legibus
1183 5426 1377 5479 addicti
1408 5436 1461 5481 et
1491 5429 1677 5495 prima:
1702 5443 1835 5495 pne-

243 5513 595 5565 varicationis
625 5514 845 5568 nexibus
876 5516 1101 5581 aslt'iCIi,
1131 5517 1280 5587 quasi
1313 5516 1624 5573 inevitabile
1665 5520 1836 5574 vecti-

238 5604 330 5672 gal
360 5613 414 5658 et
444 5604 623 5659 fiscale
653 5607 904 5659 tributum
938 5608 1182 5675 pendere
1213 5619 1493 5677 coguntur.

320 5694 545 5750 Elisazns
572 5712 719 5759 vero,
753 5698 989 5766 ejusdem
1019 5699 1146 5753 Elite
1171 5699 1333 5765 duplo
1357 5701 1552 5755 ditatus
1574 5702 1759 5769 spiritu
1781 5711 1835 5757 et

238 5791 454 5857 gemina
490 5789 744 5857 pl'J'dllllS
774 5792 963 5859 gratia.
998 5791 1049 5843 in
1080 5790 1231 5860 eujns
1282 5804 1470 5846 exortu
1506 5807 1664 5846 aurea
1699 5807 1832 5860 qua-

238 5883 437 5946 d;upes
466 5880 763 5944 inGalgalis
797 5881 1074 5936 bombosa:
1114 5882 1259 5935 vocis
1290 5886 1546 5952 mrgitum
1583 5887 1832 5939 rcboasse

1942 4698 2054 4737 rem
2082 4698 2289 4751 qttoqtte
2319 4683 2505 4751 spissis
2538 4683 2887 4752 virgultorum
2914 4684 3234 4739 ramusculis
3268 4686 3525 4753 pullulan—

1945 4791 2084 4841 tem,
2144 4790 2196 4833 et
2243 4780 2534 4835 fructiferis
2590 4783 2827 4849 stipitum
2887 4783 3174 4836 viminibus
3220 4783 3520 4849 ﬂorentem,

1940 4874 2091 4941 cujus
2124 4872 2397 4927 immensae
2434 4874 2770 4942 proceritatis
2817 4874 3079 4930 celsitudo
3130 4875 3254 4940 polo
3286 4883 3437 4930 tenus
3471 4876 3520 4930 in

1942 4964 2105 5017 altum
2137 4974 2383 5031 porrecta
2410 4964 2725 5032 subrigitur,
2778 4980 3010 5034 congrua
3062 4967 3520 5033 interpretationis

1942 5056 2243 5122 Coniectura
2274 5056 2548 5123 explanat,
2597 5072 2714 5123 quae
2750 5059 2849 5110 sub
2876 5072 3014 5111 cono
3045 5057 3259 5111 sublimi
3307 5058 3520 5111 verticis

1940 5149 2256 5217 pennigeras
2289 5146 2569 5200 volnerum
2601 5156 2807 5201 turmas
2841 5148 3058 5215 prmpeti
3101 5148 3280 5200 volatu
3312 5148 3519 5201 nimbo-

1940 5256 2054 5293 rum
2103 5240 2379 5293 obstacnla
2429 5248 2808 5307 penetrantes,
2862 5238 3130 5305 simulque
3178 5240 3521 5293 multimodas

1939 5333 2167 5387 ferarum
2224 5343 2441 5384 naturas
2498 5330 2921 5397 quadripedanle
2972 5344 3130 5383 cursu
3181 5345 3276 5397 per
3330 5330 3514 5384 orbem

1939 5426 2251 5489 lustrantes,
2298 5431 2608 5489 sumptuosa
2658 5421 2973 5491 pabulorum
3003 5421 3258 5474 alimonia
3287 5421 3517 5475 ubertim

1936 5516 2205 5587 pascebat,
2242 5516 2411 5569 donec
2439 5515 2646 5569 eteleSIi
2681 5515 2899 5567 numine
2945 5513 3253 5568 nutabunda
3286 5513 3521 5567 crudeli-

1939 5619 2017 5663 ter
2046 5618 2343 5675 corrueret,
2393 5619 2445 5662 et
2476 5607 3028 5675 supernmpotcsmtis
3056 5608 3409 5662 instrumento
3440 5607 3517 5659 lu-

1936 5702 2180 5772 gubriter
2201 5700 2406 5754 succisa
2443 5702 2839 5766 procumberet,
2871 5714 2931 5752 ac.
2958 5715 3054 5768 per
3082 5707 3286 5767 septem
3317 5697 3514 5769 [Bmtl..

1943 5793 2087 5862 octo]
2121 5807 2383 5847 annorum
2417 5791 2648 5845 circulos
2694 5791 2993 5844 luxuriante
3043 5788 3294 5842 foliorum
3340 5786 3518 5842 viridi-

1961 5894 2065 5939 tate
2093 5896 2137 5940 ct
2195 5884 2452 5937 malilcris
2483 5884 2816 5936 sim-olorum
2868 5879 3143 5936 frondibus
3173 5881 3528 5946 fraudaretur,
