4214 6528
766 429 865 484 ll9

1575 425 1629 477 S.
1673 421 2020 476 Αιυιιιέωιι
2063 419 2344 474 ωρειιυδι
2386 419 2558 474 PARS
2598 420 2658 473 ll.
2703 452 2764 460 ——
2807 419 3233 476 THACTATUS.

3916 417 4018 474 120

761 542 1066 613 prophetica
1097 541 1354 592 relatione
1385 536 1633 602 digessit;
1670 550 1767 589 nec
1797 549 1897 586 nou
1933 533 2194 585 terrificos
2222 530 2333 597 pal-
2361 534 2408 588 Α
2440 531 2518 582 uis
2550 529 2816 601 fastigium
2849 539 2903 584 et
2929 531 3123 584 divina!
3179 529 3639 598 contemplationis
3691 530 3904 584 culmen
3964 550 4013 584 in

765 650 865 688 tuae
891 631 1124 685 cu'lestis
1139 628 1386 682 articulos
1409 627 1557 680 flexis
1579 625 1871 678 litterarum
1887 622 2122 690 apicibus
2138 623 2185 673 in
2205 636 2332 688 qua-

763 727 914 777 tlrata
942 723 1154 791 parietis
1180 719 1364 787 pagina
1389 718 1711 776 cltaravatis,
1738 715 1998 783 tyrannici
2030 723 2330 782 potentatus

759 819 967 872 ruinam
993 825 1046 868 et
1066 815 1257 882 regalis
1280 814 1604 866 monarchite
1623 812 1906 864 diserimen
1934 811 2327 879 portenilentes,

757 913 854 964 sub
878 912 1010 963 trina
1032 909 1318 961 verborum
1345 906 1748 975 significatione,
1779 905 1875 957 hoc
1901 916 1997 963 est,
2028 901 2196 965 Mene,
2228 902 2330 955 Te-

757 1002 897 1064 chel,
933 1000 1150 1063 Phares,
1184 999 1322 1067 quod
1356 999 1754 1064 interpretatum
1789 996 1998 1057 dicitur,
2027 995 2324 1058 uiuum-acii,

759 1091 1006 1160 pensavit,
1033 1093 1223 1154 divisit,
1255 1090 1510 1156 sagaciter
1534 1089 1842 1156 exposuisse
1873 1095 2217 1140 memoratur.

830 1185 903 1237 Ea
929 1193 1241 1251 tempestate
1265 1184 1424 1236 etiam
1453 1193 1556 1236 tres
1589 1182 1756 1247 pueri,
1811 1182 1948 1233 avita
1983 1180 2324 1232 Hebrmorum

755 1274 923 1341 srirpe
954 1273 1236 1341 progeniti,
1271 1282 1324 1326 et
1354 1273 1403 1325 itt
1443 1271 1902 1338 lrausmigratione
1936 1270 2232 1340 Babylonia:
2259 1269 2321 1322 ad

753 1362 1030 1416 tiltaldaaos
1078 1363 1312 1425 abducti,
1364 1377 1694 1430 nequaquam
1735 1361 1961 1414 carnalis
1994 1361 2195 1427 copula:
2226 1374 2318 1411 vo-

753 1453 1044 1520 luptatibus
1089 1466 1310 1517 Operam
1358 1451 1571 1504 dedisse
1619 1454 1878 1519 leguntur,
1935 1450 2027 1502 sed
2077 1451 2125 1501 in
2177 1459 2324 1502 arcto

754 1555 1061 1608 spontaueae
1091 1543 1408 1611 virginitatis
1441 1545 1708 1608 proposito
1741 1541 2092 1605 permansisse
2119 1553 2321 1592 memo-

755 1646 963 1695 rantur,
991 1638 1232 1702 quamvis
1263 1633 1561 1699 importuna
1593 1631 1891 1684 Judtrorum
1926 1631 2201 1697 gatrulitas
2233 1629 2323 1682 fri-

755 1727 871 1778 Vola
901 1727 997 1780 fals
1024 1727 1142 1778 tatis
1171 1726 1521 1778 deliramenta
1545 1723 1828 1789 conlingat,
1857 1737 2102 1774 asserens
2130 1736 2321 1788 nequa-

753 1837 908 1886 quam
940 1818 1155 1873 eosdem
1191 1821 1440 1886 puberes,
1495 1828 1582 1868 aut
1615 1816 1886 1882 prmfatum
1921 1814 2176 1880 collegam
2229 1827 2321 1864 ex-

2436 622 2599 673 altmn
2625 623 2873 687 surrexit,
2908 632 2962 675 ut
2991 623 3179 676 merito
3220 632 3433 675 sextum
3483 623 3799 690 evangelica:
3848 626 4013 678 beati-

2436 712 2628 764 tudinis
2652 713 2869 778 gradunt
2892 713 3141 780 consequi
3173 713 3442 778 credatur,
3474 713 3539 766 de
3587 727 3692 779 quo
3738 718 4011 781 evangeli-

2432 812 2514 854 Sta
2546 803 2776 870 tropicus
2808 803 3044 856 timentis
3075 802 3306 871 paradisi
3341 802 3500 868 latet,
3545 818 3700 871 quem
3763 805 4010 857 Ezechiel

2434 893 2580 944 vultu
2605 892 2834 945 declarat
2859 893 3112 957 humano,
3145 892 3214 945 ita
3238 903 3591 958 congruenter
3638 892 3966 962 astipulatur
3992 913 4004 947 :

2431 981 2575 1036 Beati
2603 985 2786 1036 mundo
2827 987 2996 1050 corde,
3021 987 3262 1053 quoniam
3292 984 3390 1047 ipsi
3438 982 3598 1036 Deum
3652 987 3908 1040 ridebunt.
3962 990 4006 1040 υ

2429 1088 2585 1141 quam
2619 1073 2832 1140 limpida
2867 1076 3134 1143 virginalis
3181 1075 3441 1142 pudicitia:
3469 1075 3658 1143 pupilla
3705 1089 3951 1130 coruscat
3992 1081 4004 1128 !

2429 1165 2471 1218 Ο
2495 1182 2648 1233 quam
2684 1166 2957 1232 splendida
2992 1169 3087 1235 pie
3119 1167 3376 1220 castitatis
3417 1168 3558 1220 acies
3603 1169 3853 1233 illustrat,
3881 1184 4011 1238 quas

2431 1271 2526 1308 nec
2567 1257 2790 1308 carnalis
2837 1258 3003 1324 caligo
3054 1257 3319 1308 illecebrae
3375 1256 3639 1321 obtundit,
3683 1273 3779 1309 nec
3809 1256 4010 1317 siinem

2428 1350 2769 1402 obscenitatis
2798 1349 3070 1413 glaucoma
3102 1346 3373 1409 sull‘undit,
3407 1362 3513 1416 quo
3542 1347 3852 1415 plerumque
3879 1349 4007 1415 (heu

2433 1446 2713 1496 dolendum
2739 1444 2966 1496 dictum!
2995 1441 3196 1514 [Bodl.,
3227 1443 3364 1496 dietu
3385 1442 3454 1511 li)
3476 1444 3631 1496 etiam
3651 1442 4008 1510 perfectorum

2429 1536 2690 1603 palpi‘brm
2713 1536 2940 1603 graviter
2962 1543 3317 1600 grossescunt,
3349 1541 3403 1585 et
3444 1535 3528 1597 qui
3556 1534 3874 1597 putabantur
3913 1547 4009 1593 pu-

2427 1628 2601 1678 dicitia
2627 1625 2852 1694 praediti,
2881 1625 3002 1675 dttm
3027 1637 3166 1686 smpe
3200 1622 3482 1674 humanum
3509 1620 4007 1686 falliturjudicittm,

2427 1717 2573 1784 quasi
2607 1715 3068 1767 seetotnaticorum
3099 1712 3294 1764 lumina
3330 1713 3478 1765 tetris
3503 1713 3733 1766 tenebris
3752 1716 4008 1764 obturano

2429 1813 2534 1857 tur.
2575 1805 2645 1858 De
2676 1820 2774 1871 qua
2808 1804 2963 1857 fetida
3015 1803 3334 1869 impnritatis
3375 1803 3577 1855 sentina
3625 1802 3923 1853 animarum
3949 1802 4010 1853 li-

754 1923 921 1965 terne:
955 1910 1394 1978 peregrinationis
1430 1906 1762 1975 participem,
1806 1905 2078 1956 UilfOlletlS
2109 1904 2323 1955 castita-
2360 1874 2403 1931 Β
2433 1895 2675 1947 hurnicas
2699 1895 2985 1961 lugubriter
3015 1893 3384 1960 submergente
3428 1893 3683 1945 veraciter
3742 1892 4010 1944 immunes

756 2007 823 2056 IIS
852 2003 1082 2064 etclihes,
1129 1999 1446 2053 sediinvitas
1478 1998 1738 2064 spadones
1762 1995 2055 2060 exstitisse,
2104 1995 2189 2062 qui
2243 2009 2324 2046 se-

753 2096 932 2148 cundo
961 2094 1322 2148 cunuchorum
1359 2091 1540 2161 gradui
1585 2088 1884 2156 evangelica
1936 2085 2169 2139 veritatis
2201 2087 2328 2137 asti-

759 2187 1028 2247 pulatione
1059 2185 1366 2251 deputatur.
1433 2181 1494 2233 lli
1526 2181 1750 2246 denique
1777 2180 1827 2230 itt
1862 2187 2061 2229 tantum
2093 2188 2326 2242 paternze

753 2274 1052 2328 traditionis
1087 2273 1318 2341 regulam
1369 2281 1419 2325 et
1471 2270 1661 2322 divina.-
1711 2268 2001 2320 sanctionis
2044 2281 2322 2318 censuram

753 2379 997 2420 servasse
1023 2364 1420 2423 describuntur,
1472 2371 1527 2412 ut
1560 2360 1717 2412 etiam
1748 2360 1812 2410 ad
1843 2357 2186 2410 obtinendam
2239 2357 2323 2409 in-

753 2455 1019 2525 tegritatis
1049 2463 1100 2507 et
1121 2451 1464 2506 continentiae
1489 2450 1733 2518 gloriam,
1767 2449 2042 2515 opulentus
2075 2447 2324 2514 regalium

753 2546 1074 2599 lerculorum
1107 2543 1327 2596 delicias
1359 2549 1413 2593 et
1443 2540 1750 2608 principalis
1781 2539 2044 2591 alimonia:
2086 2539 2326 2604 pulmen-

756 2653 865 2691 tutn
898 2638 948 2690 itt
981 2635 1264 2690 tenerrima
1296 2633 1570 2703 pubertate
1613 2629 2029 2697 contempserint
2063 2647 2075 2691 ;
2134 2628 2323 2681 vilibus

756 2739 957 2782 taututtt
983 2726 1337 2794 legmninibus
1367 2725 1526 2777 vitam
1557 2733 1854 2776 sustentare
1884 2720 2138 2780 contenti,
2173 2720 2327 2772 lasci-

753 2837 875 2874 vam
920 2820 1216 2888 juventutis
1269 2818 1609 2884 petulantiam
1645 2816 2000 2867 rel‘renarunt.
2051 2810 2324 2877 Quamob-

754 2929 865 2966 rem
904 2927 1123 2966 enorme
1153 2910 1424 2964 Cbaldaici
1463 2909 1756 2977 regnatoris
1788 2908 2154 2969 simulacrum,
2187 2903 2326 2972 quod

757 3005 952 3058 Colossi
989 3003 1366 3057 sublimitatem
1400 3000 1640 3055 centenis
1666 3015 1728 3053 ac
1757 2999 1991 3065 septenis
2024 2999 2243 3066 pedibus
2275 2997 2325 3052 in

757 3097 862 3147 alto
919 3103 1218 3162 porrectam
1267 3092 1347 3145 bis
1400 3091 1598 3145 tricena
1645 3091 1941 3144 cubitorum
1999 3090 2324 3158 proceritate

755 3185 1017 3248 vincebat,
1072 3185 1196 3237 licet
1229 3183 1524 3236 horrendus
1570 3180 1824 3250 salpicum
1874 3180 2091 3249 clangor
2141 3183 2325 3235 incre-

758 3275 952 3342 puerit,
986 3282 1040 3328 et
1069 3274 1265 3328 musica
1295 3273 1666 3326 sambucorum
1715 3269 1988 3324 harmonia
2023 3271 2324 3336 persultans

759 3367 1073 3432 insonuerit,
1117 3365 1380 3432 simulque
1432 3361 1788 3416 llammivoma
1840 3361 2031 3414 camini
2087 3360 2326 3415 incendia

761 3469 1038 3525 nuptarum
1089 3455 1273 3510 fomite
1323 3464 1825 3520 sarmentorumque
1868 3451 2154 3506 nutrimiue
2205 3467 2328 3505 suc-

757 3563 912 3602 censa
963 3547 1268 3602 terribiliter
1313 3548 1621 3609 torrueriut,
1671 3544 1819 3597 ﬂexis
1871 3543 2156 3611 poplitibus
2209 3559 2328 3596 sus-

759 3643 934 3708 picere
980 3641 1400 3710 refragabantur,
1443 3649 1495 3694 et
1528 3653 1623 3709 pro
1655 3636 1935 3691 inflexibili
1969 3636 2150 3705 rigida:
2180 3651 2330 3690 men-

759 3737 828 3790 tis
873 3737 1166 3789 constantia
1195 3775 1209 3798 ,
1255 3734 1495 3803 angelico
1547 3732 1663 3785 fulti
1710 3728 1999 3798 sudragio,
2058 3728 2328 3781 ambustas

762 3825 993 3880 malleoli
1021 3825 1292 3880 machinas
1321 3823 1749 3894 crepitantesque
1783 3819 1976 3874 clibani
2004 3818 2190 3888 globos
2223 3818 2327 3872 fide

762 3916 955 3971 invicta
989 3917 1248 3971 vicerunt.

833 4005 997 4060 XXII.
1025 4006 1127 4061 Sed
1157 4006 1278 4075 quid
1303 4007 1352 4059 En
1402 4005 1668 4058 veteribus
1721 4003 1868 4066 viris,
1904 4002 2092 4070 quibus
2144 3999 2329 4070 priscae

761 4097 888 4166 legis
923 4091 1128 4152 licentia
1159 4096 1419 4165 nuptiales
1452 4095 1802 4147 thalamorum
1829 4094 2044 4160 c0pulas
2096 4107 2190 4160 pro
2233 4105 2329 4145 ne-

768 4203 942 4257 potum
969 4191 1208 4259 prosapia
1241 4201 1292 4244 ct
1319 4201 1648 4258 posterorum
1693 4188 1942 4256 progenie
1990 4186 2326 4255 pr0paganda

762 4285 1052 4337 rlementer
1078 4283 1317 4347 indulsit,
1347 4283 1650 4335 thesaurum
1683 4280 1994 4348 virginitatis
2024 4294 2086 4332 ex
2130 4278 2330 4331 amussi

765 4376 1114 4442 iuquirentes,
1146 4372 1285 4426 velut
1311 4386 1438 4440 apes
1460 4371 1524 4424 de
1550 4369 1774 4423 diversis
1799 4379 2066 4435 pratorum
2109 4367 2330 4420 tioribus

763 4465 1066 4518 llaveutium
1100 4465 1335 4517 favorum
1367 4461 1640 4515 machinas
1673 4459 1841 4513 tenaci
1871 4458 2073 4528 glutine
2099 4458 2326 4511 sarcien-

2433 1987 2544 2040 f0ie
2573 1988 2856 2041 creduntur
2885 1988 2971 2055 qui
2998 1987 3224 2055 gloriosa
3259 2002 3362 2040 non
3401 1987 3533 2038 liene
3555 1985 3798 2053 puritatis
3831 1989 4007 2050 palma

2432 2082 2658 2149 perfecte
2691 2081 2976 2148 potiuntur,
3005 2092 3052 2134 et
3083 2081 3205 2133 dum
3236 2092 3443 2134 caterva
3478 2081 4008 2134 casta'vexillationis

2433 2175 2660 2225 victricia
2687 2175 2872 2226 vexilla
2903 2175 3173 2232 vehentes,
3200 2188 3290 2239 per
3336 2184 3511 2239 portas
3555 2173 3786 2225 ccclesiis
3814 2174 4006 2226 lliero-

2431 2269 2649 2332 solyma:
2687 2265 2942 2332 gregatim
2972 2265 3224 2332 grailitttri
3275 2273 3396 2316 ante
3431 2263 3724 2332 angelicum
3769 2264 4006 2317 caelestis

2430 2358 2619 2410 theatri
2648 2371 2954 2410 consessum
2986 2368 3037 2410 et
3066 2357 3296 2409 terribile
3327 2356 3555 2410 tribunal
3587 2356 3790 2410 .Indicis
3822 2358 4005 2422 singu-

2430 2448 2597 2502 lorum
2627 2448 2755 2500 facta
2781 2446 2920 2514 justa
2951 2447 3284 2500 discretionis
3315 2447 3461 2499 lance
3516 2446 3777 2509 Iibrantis,
3834 2444 4002 2514 virgi-

2430 2538 2562 2590 nalis
2617 2535 2862 2601 triumphi
2901 2547 3150 2603 tropzenm
3206 2545 3257 2588 et
3314 2537 3471 2588 illaesa
3524 2533 3738 2605 [Bodl.,
3797 2535 4000 2600 illaesa-1

2429 2626 2690 2680 castitatis
2715 2627 2888 2679 labara
2917 2626 3016 2678 laeti
3050 2626 3349 2694 gestabant.

2502 2715 2685 2769 XXIII.
2714 2715 2942 2770 Joannes
2967 2730 3138 2776 sacer,
3160 2725 3392 2768 materna
3420 2714 3650 2767 nondum
3672 2714 3846 2766 editus
3886 2727 3999 2764 ma-

2433 2808 2582 2871 trice,
2620 2805 2874 2874 propheta
2903 2805 3105 2858 Veteris
3137 2804 3474 2859 lustrumettti
3516 2814 3674 2864 meta,
3725 2813 3774 2856 et
3829 2805 3997 2869 prima

2432 2897 2546 2950 rudi
2577 2899 2832 2950 duntaxat
2861 2908 3113 2965 regnante
3143 2898 3308 2965 gratia
3337 2897 3626 2966 asperrima
3665 2895 3842 2968 [BudL
3863 2937 3879 2958 ,
3908 2913 4000 2948 as-

2432 2985 2694 3058 perrimze]
2753 2987 3091 3056 pmnitudinis
3152 2987 3272 3040 lima
3323 3002 3422 3040 vox
3487 2986 3638 3040 Verbi
3692 2986 4000 3039 salebrosos

2431 3079 2775 3145 complanatis
2822 3081 3129 3140 anfractus,
3176 3091 3346 3144 praeco
3402 3077 3538 3144 regis
3589 3076 3997 3128 saluberrimmn

2432 3170 2626 3224 Christi
2659 3169 2948 3238 devulgans
2978 3169 3287 3230 adventum,
3315 3180 3558 3234 supernae
3612 3165 3774 3233 prolis
3834 3179 4002 3230 para-

2434 3260 2720 3330 nytnphus,
2772 3258 3046 3326 primitivaa
3069 3258 3382 3324 dispensans
3427 3256 3675 3310 Ecclesia:
3723 3255 4002 3308 rudimen-

2435 3362 2564 3416 tum,
2597 3364 2772 3404 nonne
2803 3363 2897 3415 pro
2927 3349 3224 3416 integritate
3252 3345 3580 3400 caSIimonia:
3636 3347 3794 3397 totius
3841 3344 4002 3396 casti-

2435 3445 2557 3497 tatis
2586 3452 2855 3496 auctorem
2888 3441 3007 3508 polo
3031 3449 3242 3507 patente
3288 3452 3420 3491 voce
3448 3452 3540 3505 per
3568 3435 3762 3490 aethera
3807 3447 3999 3487 tonan-

2435 3544 2486 3589 te
2513 3536 2712 3601 Spiritu
2747 3534 2796 3586 in
2839 3531 3125 3585 simulacro
3155 3529 3292 3583 alitis
3330 3528 3683 3583 descendente
3704 3567 3718 3589 ,
3750 3525 4002 3580 Jordanis

2433 3628 2639 3695 gurgite
2664 3625 2882 3677 tinctum
2909 3621 3133 3675 mundus
3166 3619 3419 3673 mundum
3440 3659 3455 3681 ,
3490 3627 3544 3672 et
3569 3619 3713 3686 virgo
3738 3616 3999 3684 virginem

2434 3717 2730 3784 baptizasse
2756 3713 3096 3775 describitur;
3121 3713 3316 3777 quique
3342 3707 3543 3762 torrido
3563 3707 3822 3760 castitatis
3843 3704 4001 3756 ardo-

2440 3821 2497 3860 re
2520 3805 2771 3873 flagrans,
2799 3804 2989 3856 vetitos
3019 3799 3208 3868 regalis
3237 3799 3370 3850 thuri
3402 3800 3705 3867 hymetia-os
3747 3808 4000 3862 compes-

2433 3911 2582 3960 cens,
2631 3896 3002 3962 olidarumque
3057 3891 3254 3959 polluta
3310 3891 3609 3957 nuptiarum
3655 3885 4001 3940 contubernia

2433 3988 2701 4055 aporians,
2727 3985 3037 4052 asperrima:
3067 3981 3376 4036 invectionis
3405 3984 3686 4033 severitate
3723 3979 3999 4038 coercuit,

2434 4088 2487 4133 et
2517 4077 2670 4144 hujus
2699 4077 2774 4131 rei
2803 4077 2965 4144 gratia
3003 4073 3210 4141 putidus
3238 4071 3488 4140 ergastuli
3519 4068 3789 4138 squalores
3819 4068 3997 4120 liben-

2437 4178 2514 4223 ter
2541 4169 2762 4228 laturus,
2793 4179 3061 4234 purpureo
3087 4163 3263 4216 carnis
3289 4177 3475 4216 cruore
3520 4161 3691 4215 rubris
3747 4159 4000 4213 librarum

2433 4262 2614 4316 rivulis
2637 4259 2859 4313 decurso
2880 4272 3082 4311 sacram
3117 4255 3486 4321 Redemptoris
3526 4252 3823 4322 paesionem
3854 4265 4002 4319 mys-

2438 4351 2555 4403 ticis
2586 4348 3022 4417 prmsagminibus
3055 4345 3338 4414 portendit.

2505 4443 2736 4496 Joannes
2763 4439 3159 4508 quadripertitte
3191 4439 3419 4504 scriptor
3463 4435 3714 4494 historiae,
3745 4441 3800 4486 et
3841 4446 4001 4484 verax

766 4567 865 4619 tes,
893 4569 1159 4606 morarum
1187 4552 1393 4606 vincula
1423 4551 1686 4604 nectimus
1713 4560 1764 4603 et
1795 4550 1899 4603 otia
1929 4559 2224 4615 temporum
2250 4557 2326 4600 te—
2358 4565 2413 4627 ι)
2436 4534 2749 4602 evangelica:
2794 4529 3067 4585 Υθιαῑίοηίδ
3099 4539 3230 4582 mra

2436 4534 2749 4602 evangelica:
2794 4529 3067 4585 relationis
3099 4532 3381 4591 tetrarclta,
3428 4541 3582 4594 quem
3613 4524 3855 4578 Salvator
3881 4539 4004 4574 um-

769 4647 971 4700 rimes?
1000 4646 1128 4700 Cum
1153 4646 1309 4699 etiam
1335 4645 1384 4698 in
1409 4643 1623 4696 rudibus
1654 4652 1705 4695 et
1750 4639 2031 4695 neotericis
2061 4638 2332 4691 tatholica:

765 4738 884 4790 tidei
911 4736 1284 4800 sectatoribus,
1320 4744 1598 4802 postquam
1624 4733 1883 4786 latebrosa
1916 4731 2106 4799 prioris
2130 4729 2335 4782 Instru-

764 4828 930 4880 menti
963 4828 1170 4880 latibula
1197 4826 1431 4880 funditus
1489 4835 1850 4887 evanuerunt,
1883 4834 1936 4876 et
1987 4823 2200 4890 limpida
2249 4836 2334 4875 se-

763 4919 972 4986 quentis
1003 4919 1325 4973 Testantenti
1354 4918 1630 4971 luminaria
1664 4933 1756 4985 per
1797 4917 2016 4984 gratiam
2064 4914 2334 4982 evangeli-

766 5026 840 5062 «te
872 5007 1256 5078 prazdicationis
1289 5023 1483 5063 crassae
1505 5009 1674 5062 noctis
1703 5007 1981 5075 caliginem
2008 5005 2332 5060 illustrantia

769 5105 820 5153 in
856 5102 1123 5168 triqnadro
1153 5111 1410 5154 terrarum
1443 5099 1642 5153 ambitu
1673 5099 1912 5152 diffusius
1938 5105 2330 5166 Spargerentur,

767 5206 1043 5244 tunumera
1077 5192 1242 5244 beatae
1265 5191 1578 5258 virginitatis
1608 5191 1847 5256 exempla
1879 5187 2094 5240 adfatim
2137 5186 2337 5240 exube-

771 5293 962 5336 rentet
989 5283 1211 5335 ubertim
1237 5281 1594 5348 subpeditant,
1635 5297 1664 5335 e
1694 5281 1883 5349 quibus
1933 5280 2042 5332 haec
2092 5278 2334 5345 paucula,

767 5387 884 5440 quae
913 5372 979 5424 ad
1009 5375 1313 5426 memoriam
1335 5370 1850 5439 venerant,Carptim
1883 5379 1936 5422 et
1966 5369 2162 5421 cursim
2209 5383 2336 5419 cott-

769 5467 1051 5534 gessimus,
1084 5481 1187 5532 quo
1233 5465 1438 5517 facibus
1477 5464 1679 5517 cunctis
1738 5466 1968 5514 Votivum
2023 5461 2337 5530 integritatis

770 5573 959 5609 nmnus
983 5555 1341 5609 mercantibus
1366 5556 1415 5606 in
1443 5553 1721 5622 prepatulo
1765 5562 2007 5620 patenter
2056 5552 2333 5610 clarescat,

769 5651 961 5715 quibus
996 5648 1298 5700 auctoribus
1325 5647 1462 5700 edita
1511 5645 1772 5712 pudieitbe
1828 5644 2136 5707 proceritas,
2195 5643 2340 5693 vivlut

774 5741 1235 5808 ptucstantissiums
1263 5740 1498 5791 omnium
1531 5738 1777 5788 virtutum
1834 5735 2044 5801 pbarus,
2079 5751 2169 5786 seu
2211 5747 2339 5798 qua.

773 5833 904 5885 diati
940 5833 1198 5885 rotundus
1225 5828 1440 5881 olmlisci
1473 5828 1676 5896 glulut‘,
1712 5826 1771 5875 ad
1814 5836 2014 5876 tantum
2061 5823 2337 5889 perfectio-

2435 4644 2494 4685 ca
2526 4627 2703 4681 mundi
2743 4623 3032 4691 redemptio
3058 4631 3111 4676 et
3146 4619 3519 4675 conservandae
3561 4615 3816 4671 castitatis
3861 4615 4003 4667 alma

2440 4719 2820 4788 prtetiguratio,
2870 4724 3086 4782 propter
3143 4711 3410 4780 virginalis
3459 4707 3722 4777 pudicitia:
3752 4707 4002 4775 gloriam,

2436 4813 2573 4864 inter
2593 4818 2816 4861 caeteros
2868 4804 3205 4873 peculiariter
3236 4803 3320 4870 pio
3347 4801 3596 4870 diligebat
3621 4798 3832 4862 aﬂ‘ectu,
3855 4799 4005 4851 miris

2436 4903 2686 4956 vii-tutum
2715 4898 2878 4967 signis
2906 4911 2998 4965 per
3025 4903 3192 4948 totum
3230 4894 3415 4948 orbem
3443 4892 3651 4946 claruit.
3690 4890 3898 4943 Etenim
3924 4891 4006 4942 vi-

2436 4995 2578 5047 mina
2618 4988 2962 5058 virgultorum
3001 4985 3260 5039 silvestria
3305 4998 3338 5037 e
3383 4979 3646 5035 frondosis
3695 4978 4007 5033 nemoribus

2435 5085 2590 5136 allata
2621 5078 2913 5132 ntutavitin
2949 5076 3203 5144 obryzum
3247 5071 3489 5127 flaventis
3540 5071 3652 5124 auri
3709 5069 4004 5122 metallum.

2437 5175 2657 5229 Teretes
2703 5180 2916 5236 quoque
2983 5163 3323 5234 scopulorum
3388 5163 3592 5230 glareas
3646 5171 3702 5214 et
3747 5160 4010 5213 rotundos

2439 5277 2784 5337 scrupeornm
2816 5255 3075 5327 lapillulos
3119 5253 3185 5309 de
3205 5254 3444 5308 arenosis
3495 5252 3729 5306 littorum
3765 5249 4008 5303 sabloui-

2437 5362 2535 5416 bus
2591 5358 2846 5412 adductos
2907 5362 3087 5408 contra
3137 5355 3395 5400 creaturae
3441 5345 3600 5397 ritum
3656 5341 3707 5394 in
3748 5341 4009 5393 rubicun-

2437 5453 2532 5505 das
2582 5463 2913 5519 gemmarum
2959 5441 3278 5513 congeries,
3346 5451 3572 5506 superna
3623 5433 3787 5488 frctus
3860 5443 4012 5499 pote-

2439 5552 2596 5604 state,
2628 5539 2874 5593 facillime
2909 5532 3188 5589 convertit.
3217 5529 3320 5583 Nec
3361 5541 3464 5580 non
3509 5525 3742 5592 dispersa
3766 5537 4011 5591 gemma-

2442 5646 2557 5685 rum
2589 5629 2864 5696 fragmina,
2892 5638 3009 5692 qux
3039 5624 3258 5688 decepta
3309 5618 3692 5671 Germanorqu
3741 5612 4016 5678 simplici-

2444 5735 2523 5778 tas
2553 5767 2565 5787 ,
2616 5721 2906 5776 secundum
2958 5710 3286 5770 stolidissimi
3338 5709 3590 5775 sorbista:
3639 5704 3837 5758 monita
3871 5744 3885 5764 ,
3951 5705 4014 5756 ad

2444 5816 2800 5883 speetaculum
2837 5807 2977 5876 vulgi
3010 5801 3306 5858 minutatim
3353 5800 3402 5853 in
3458 5801 3619 5851 lrusta
3670 5793 3911 5858 (ritabat,
3969 5795 4013 5846 in
