4214 6592
250 528 343 582 121

1410 515 1496 567 DE
1536 513 1874 569 [Αυυιηυε
1917 510 2397 567 VlRGlNlT.\'|‘lS.

3402 512 3504 565 122

248 638 526 705 pristinum
564 633 869 687 reformavit
900 640 1115 695 statum,
1144 625 1237 682 sed
1264 628 1421 680 etiam
1476 636 1775 678 matronam
1804 664 1816 687 ,
1849 634 1894 688 Α
1927 626 2046 676 lidei
2077 628 2391 691 sequipedas
2421 626 2537 693 plus
2564 626 2827 693 quidpiam
2861 642 3019 695 quant
3049 628 3318 680 cannuicm
3354 628 3499 680 veri-

245 744 405 796 quam
433 741 678 794 suprema
710 739 825 776 sors
859 725 1067 789 gemina
1093 719 1279 771 mortis
1312 719 1626 769 multaverat
1669 730 1818 778 urna,

247 819 419 871 turbis
469 817 907 885 pauperculorum
954 812 1179 865 subnixa
1228 824 1383 875 prere
1430 808 1772 876 poscentibus
1806 845 1821 867 ,

248 921 385 974 quos
413 917 724 973 sumptuosa
754 913 985 969 erogata:
1008 899 1159 967 stipis
1180 899 1431 951 alimoma
1472 896 1820 960 suSIentabat,

246 998 490 1050 oratione
518 1002 814 1061 sequestra,
866 991 932 1044 de
974 988 1220 1044 lethil'ero
1265 1003 1459 1056 sopore
1511 987 1820 1050 suscitavit;

249 1100 479 1152 cumque
508 1084 785 1137 furibunda
832 1096 1157 1152 paganorum
1208 1080 1479 1133 ferocitate
1528 1078 1821 1132 crudeliter

248 1188 531 1245 cogeretur
559 1186 612 1229 ut
643 1176 972 1228 mortiferum
1004 1172 1172 1240 poculi
1206 1172 1473 1234 haustum,
1509 1173 1564 1223 in
1609 1184 1715 1237 quo
1742 1172 1817 1221 di-

249 1286 431 1321 rorum
459 1271 748 1321 virulentus
776 1266 1074 1335 graminum
1103 1279 1294 1317 succus
1318 1263 1587 1329 simulque
1636 1272 1826 1312 trucu-

248 1361 391 1412 lenta
422 1360 723 1426 regulorum
753 1368 805 1411 et
827 1356 1069 1424 aspidum
1102 1370 1302 1409 venena
1340 1354 1405 1406 ad
1432 1369 1551 1419 qua:
1582 1351 1823 1419 quadru-

249 1453 401 1520 pedis
431 1449 855 1523 robet:e[Bodl.,
886 1459 1044 1518 atque
1092 1466 1145 1517 q.
1196 1444 1421 1517 rubet-.r]
1469 1454 1523 1498 et
1567 1443 1823 1511 spalangii

250 1546 497 1609 pestifera
525 1544 785 1597 confectio
818 1546 1059 1594 humana:
1089 1552 1290 1593 natura:
1316 1539 1551 1592 nocitura
1584 1537 1821 1589 habeba-

248 1645 357 1699 tur,
386 1636 613 1702 potando
638 1645 1003 1697 consumeret,
1042 1633 1316 1699 prauuisso
1364 1628 1557 1682 Christi
1616 1628 1819 1688 labaro,

247 1735 392 1777 tutus
419 1732 473 1777 et
508 1722 702 1776 Christi
734 1723 926 1775 vexillo
949 1731 1203 1782 armatus,
1257 1736 1354 1773 nec
1395 1730 1649 1772 venenata
1697 1719 1822 1769 dra-

244 1829 441 1867 conum
472 1811 789 1867 detritnenta
822 1811 1202 1865 tremebundus
1234 1810 1492 1870 extimuit,
1518 1823 1616 1861 nec
1649 1807 1823 1860 horri-

243 1910 312 1960 da
342 1910 527 1961 mortis
549 1908 853 1961 discrimina
881 1905 1106 1973 pallidus
1144 1906 1375 1973 expavit.
1419 1904 1639 1959 Gemina
1682 1920 1816 1972 quo-

1927 726 2048 768 tatts
2078 732 2299 767 censura
2332 718 2627 781 promulgat
2668 718 2907 774 etedere,
2937 730 2989 768 et
3020 729 3216 769 cetera
3266 734 3493 788 apocry-

1929 810 2151 873 phortttn
2193 808 2537 860 deliramenta
2580 807 2723 860 velut
2771 807 3043 861 hurrisuna
3095 810 3378 861 verborum
3425 822 3501 862 to—

1926 900 2098 951 nitrua
2125 901 2332 965 penitus
2354 899 2595 952 abdicare
2624 910 2677 951 et
2699 899 2877 964 procul
2908 900 3209 961 elimiuare,
3240 900 3499 952 orthodo-

1926 1005 2110 1043 xorqu
2144 990 2353 1042 l’atrnm
2382 990 2511 1042 scita
2542 990 2752 1056 scriptis
2782 991 3140 1043 decretalibus
3182 1004 3499 1046 sanxerunt.

1999 1086 2168 1133 Lucas
2199 1094 2436 1148 praesago
2461 1079 2607 1131 vituli
2633 1081 2917 1133 simulacro
2955 1082 3022 1131 ali
3051 1081 3331 1133 Ezechiele
3362 1082 3503 1133 desi-

1926 1180 2136 1237 gnatus,
2168 1180 2219 1221 et
2251 1171 2436 1221 tertius
2467 1172 2783 1238 evangelicae
2814 1171 3206 1237 prteilicationis
3256 1174 3500 1225 historio.

1927 1260 2303 1329 grapltus,qui,
2327 1261 2461 1326 apud
2490 1260 2825 1314 Antiochiam
2851 1264 3161 1317 mediciuale
3183 1269 3502 1333 cataplasma

1929 1362 2240 1418 procurans,
2274 1354 2442 1417 primo
2489 1354 2797 1418 purulentus
2844 1368 3123 1420 corporum
3175 1356 3508 1409 valetudines

1927 1450 1980 1494 et
2008 1451 2230 1508 aegrotas
2255 1443 2513 1493 viscerum
2546 1444 2724 1504 libras,
2754 1460 2816 1497 ac
2857 1446 3049 1498 deinde
3080 1445 3347 1510 spiritales
3392 1449 3506 1499 aui-

1926 1549 2128 1586 tnat'uut
2164 1532 2643 1597 incommoditates,
2678 1536 2881 1587 torrido
2913 1537 3217 1602 dogmatum
3243 1548 3502 1601 cauterio,

1924 1645 2016 1682 seu
2051 1631 2215 1682 divini
2265 1629 2408 1681 verbi
2443 1628 2802 1695 phlebotomo,
2837 1629 3119 1681 salubriter
3145 1631 3381 1692 sanabat,
3414 1646 3506 1681 us—

1925 1734 2024 1785 que
2048 1720 2506 1788 scptnagenarium
2538 1735 2598 1772 ac
2628 1731 2873 1787 quartum
2904 1724 3076 1773 anatis
3108 1735 3305 1773 annum
3332 1724 3504 1774 illiha-

1927 1818 1991 1860 ta:
2015 1810 2270 1861 castitatis
2288 1824 2467 1861 comes
2488 1810 2859 1875 pndicissimus
2874 1812 3132 1863 mansisse
3160 1824 3505 1865 memoratur.

1924 1899 2085 1967 Igitur
2113 1915 2229 1951 cum
2256 1900 2505 1967 generale
2536 1902 2721 1953 umrtis
2760 1912 2961 1952 natura:
2994 1900 3007 1969 [
3033 1900 3212 1964 Bodl.,
3247 1916 3463 1955 maturae
3489 1902 3507 1972 1

242 2014 350 2067 que
380 2000 748 2051 defunctorum
772 1999 1057 2062 cadavera,
1084 2012 1217 2064 quos
1264 1996 1457 2050 Ietltale
1508 1995 1649 2047 virus
1705 2010 1819 2046 cru-
1858 1983 1903 2041 B
1929 1993 2159 2044 debitum
2184 2006 2428 2059 suprema
2454 2003 2599 2044 sorte
2624 1991 2960 2059 persolverit.
2991 1992 3339 2045 Constantino
3361 1993 3506 2045 orbis

242 2091 351 2143 deli
382 2089 566 2141 utortis
594 2088 756 2140 exitio
790 2086 1074 2154 perniciter
1127 2094 1501 2152 prostraverat,
1553 2084 1605 2136 in
1641 2083 1824 2151 pristi-

242 2196 375 2234 num
405 2183 523 2232 vita:
555 2188 745 2232 stalu'n
781 2178 1032 2240 restituit,
1062 2188 1116 2230 et
1135 2178 1211 2230 sic
1242 2179 1291 2229 in
1334 2176 1579 2230 castitate
1626 2178 1825 2229 tlorens

243 2286 413 2338 usque
443 2284 711 2338 cygnmam
739 2269 929 2321 vetula:
954 2270 1242 2323 senectutis
1284 2269 1541 2322 caniciem
1597 2269 1825 2320 feliciter

243 2368 556 2427 permanant.
614 2358 865 2411 Nonnulli
937 2374 1063 2412 vero
1121 2359 1368 2412 eumdem
1416 2374 1519 2411 tton
1592 2359 1823 2427 generali

243 2461 422 2503 morte
449 2451 770 2510 defunctum,
804 2449 896 2501 sed
927 2450 1139 2516 speciali
1164 2466 1353 2503 somno
1378 2458 1708 2512 SOpOl‘ﬂlUﬂl,
1766 2450 1817 2502 in

240 2542 576 2609 sarcOphago
608 2542 834 2594 vitaliter
877 2542 1156 2610 quiescere
1209 2541 1557 2604 contendunt,
1604 2556 1700 2609 pro
1757 2556 1822 2595 eo

242 2634 388 2700 quod
423 2632 669 2684 Salvator
709 2631 900 2683 dixerit
935 2648 947 2683 :
997 2632 1085 2685 Sic
1120 2648 1231 2683 cum
1262 2633 1372 2683 colo
1422 2646 1624 2683 manere
1668 2633 1826 2684 donec

243 2724 467 2787 veniam,
500 2723 789 2790 praesertim
839 2738 960 2775 cmn
1015 2722 1081 2776 de
1130 2722 1361 2787 sepulcri
1412 2724 1590 2775 tumba
1649 2724 1824 2791 pulvis

242 2816 488 2876 ebulliat,
519 2824 571 2867 et
600 2814 750 2881 quasi
794 2814 1069 2879 reciproco
1090 2814 1343 2880 spirantis
1369 2813 1497 2865 flatu
1542 2814 1593 2865 in
1644 2828 1829 2880 super-

246 2907 369 2958 ficie
401 2906 539 2958 antri
565 2906 766 2958 sensim
799 2904 1074 2957 scaturiat.

318 2996 573 3063 Didymus
600 2993 865 3062 quondam
896 2992 1175 3047 dominica:
1207 2994 1613 3049 resurrectionis
1646 2996 1831 3048 incre-

241 3087 404 3140 dolus
436 3097 673 3155 negator,
702 3087 794 3139 sed
848 3087 971 3139 visis
1012 3085 1290 3139 vulnerum
1330 3088 1666 3142 cicatricibus
1710 3103 1825 3143 cre-

242 3182 404 3233 dolus
433 3180 762 3248 praedicator.
791 3180 880 3247 qui
914 3180 1035 3233 ane
1061 3181 1350 3246 tripertitas
1396 3180 1565 3233 Indiae
1614 3182 1831 3248 provin-

241 3274 358 3327 cias
388 3286 579 3325 sereno
601 3272 924 3339 evangelica:
951 3270 1342 3336 praedicationis
1370 3270 1568 3323 lumine
1590 3272 1827 3324 illustra-

243 3364 343 3424 vit,
368 3374 421 3416 et
447 3361 771 3415 exsecranda
803 3361 1119 3414 sacellorum
1165 3361 1511 3414 lustramenta
1544 3372 1595 3415 et
1647 3363 1824 3429 inepta

243 3454 563 3524 pontificum
595 3453 828 3506 ﬂaminia
860 3450 1096 3505 funditus
1123 3453 1425 3513 evacuavit,
1455 3467 1575 3503 cum
1614 3452 1830 3518 pudicos

244 3544 468 3598 thalami
509 3552 784 3596 consortes
807 3542 1095 3606 instruens,
1128 3540 1195 3594 de
1227 3541 1553 3607 virginitatis
1586 3542 1832 3595 laudibus

245 3638 596 3703 loqueretur:
636 3634 866 3695 Habetis,
924 3632 1110 3699 inquit,
1159 3632 1535 3699 integritatem,
1585 3646 1704 3699 quae
1745 3641 1833 3685 est

242 3726 488 3776 omniutn
516 3721 695 3789 regina
727 3722 1002 3783 virtutum,
1032 3729 1085 3773 et
1113 3720 1311 3773 fructus
1346 3734 1614 3789 perpetuae
1661 3723 1830 3791 virgi—

243 3816 456 3869 nitatis.
496 3812 778 3880 Vu-ginitas
828 3826 981 3865 soror
1018 3820 1099 3864 est
1136 3811 1443 3879 angelorum
1493 3822 1547 3866 et
1593 3813 1831 3865 omnium

243 3910 512 3961 bonorum
563 3904 864 3972 possessio;
922 3904 1196 3972 virginitas
1256 3903 1473 3957 victoria
1532 3905 1830 3971 libidinum,

244 4012 511 4065 ll'ttptctltll
559 3996 700 4059 lidei,
732 3997 950 4050 victoria
996 3997 1062 4050 dc
1086 3996 1338 4062 inimicis,
1369 4005 1423 4051 et
1466 3998 1589 4051 vita:
1618 4011 1833 4053 (sternte

242 4087 532 4142 securitas.
556 4089 629 4139 En
660 4086 967 4153 apostolica:
997 4087 1213 4154 clangor
1244 4087 1505 4152 buccinte,
1532 4089 1675 4142 velut
1704 4090 1835 4143 toni-

243 4182 411 4235 truali
436 4181 641 4247 fragore
671 4193 1023 4246 concrepans,
1055 4181 1274 4233 devotas
1320 4181 1579 4248 virginum
1628 4192 1835 4236 mentes

239 4275 309 4324 ad
342 4272 661 4340 integritatis
690 4270 887 4324 cultum
917 4270 1246 4336 cohortatur,
1281 4272 1405 4325 dum
1440 4288 1557 4325 eam
1602 4273 1831 4327 immen-

240 4369 320 4419 sis
356 4380 629 4417 rumorum
656 4363 895 4416 laudibus
927 4364 1281 4430 prosequitur.

321 4455 518 4509 XXIV.
549 4455 977 4517 Paulus,dudutn
1009 4456 1219 4517 Saulus,
1244 4469 1334 4507 vas
1364 4455 1655 4519 electionis,
1696 4455 1835 4523 typi-

239 4563 342 4602 Ctts
375 4544 644 4614 Benjamin
665 4545 961 4613 crepusculo
986 4547 1229 4599 devorans
1259 4549 1477 4613 praedas,
1498 4549 1685 4616 vesperi
1710 4548 1838 4599 diri-

1928 2082 2250 2150 gubernante
2277 2085 2662 2145 monarchiam,
2687 2098 2805 2135 ossa
2839 2084 2975 2135 illius
3002 2085 3309 2141 adtutelam
3359 2085 3506 2151 regni

1932 2171 2147 2223 Romani
2171 2170 2673 2235 Constantinopolim
2710 2174 2955 2224 translata
2989 2175 3255 2241 legnntttr.

2002 2264 2165 2317 XXV.
2197 2264 2463 2328 Clemens,
2513 2264 2751 2318 ccclestis
2779 2266 3105 2319 clavicitlarii
3145 2269 3342 2333 primus
3382 2283 3504 2320 suc-

1928 2370 2109 2407 cessor
2166 2369 2217 2407 et
2262 2356 2529 2407 secundus
2578 2356 2829 2409 llomana:
2882 2358 3131 2410 Ecclesiae
3170 2361 3504 2425 dispensator

1928 2450 2264 2515 (Quanquam
2298 2448 2531 2499 nonnulli
2566 2448 2753 2499 Linum
2784 2457 2838 2499 et
2887 2448 3093 2501 Cletutu
3128 2450 3180 2501 itt
3231 2452 3504 2516 pontifica-

1930 2548 2015 2590 tus
2042 2536 2295 2603 regimiue
2326 2537 2682 2603 nequidquam
2716 2539 3040 2606 pra-feram),
3060 2540 3196 2605 quod
3228 2539 3502 2593 cwlihatus

1930 2631 2329 2691 castimoniam,
2362 2631 2519 2682 etiam
2553 2638 2834 2696 antequam
2863 2631 3138 2683 salutifero
3178 2632 3370 2683 lavacri
3415 2632 3505 2683 ba-

1932 2723 2174 2791 ptisterio
2204 2736 2414 2773 mersus
2443 2723 2509 2773 ab
2530 2721 2766 2789 originali
2794 2723 2999 2789 piaculo
3031 2734 3363 2791 purgaretur,
3394 2741 3508 2778 me-

1931 2813 2150 2867 dullitus
2194 2812 2458 2874 dilexerit,
2489 2811 2601 2876 ipse
2649 2812 2877 2880 propriis
2926 2812 3217 2866 litterarum
3269 2814 3510 2881 apicibus

1934 2906 2193 2974 propalat,
2221 2904 2403 2956 dicens
2435 2918 2445 2951 :
2475 2902 2583 2969 Ego
2607 2901 2873 2967 Clemens,
2899 2904 2953 2957 in
2980 2908 3109 2960 urbe
3134 2906 3300 2958 Roma
3328 2914 3506 2970 natus,

1932 3013 1961 3050 a
1991 3011 2154 3062 prima
2186 3005 2339 3047 actate
2364 2996 2627 3061 pudicitia:
2650 2996 2880 3049 studium
2913 2998 3077 3064 gessi.
3125 2999 3263 3065 Ergo
3290 2999 3334 3051 si
3380 3001 3505 3066 quid

1935 3089 2430 3158 prxstantissimttm
2479 3103 2599 3141 esse
2640 3098 2852 3141 constat
2900 3090 2951 3141 in
2993 3093 3200 3144 cunctis
3255 3090 3505 3144 virtutum

1937 3181 2188 3248 gradibus
2214 3193 2267 3232 et
2298 3182 2602 3233 mortalium
2636 3192 2837 3233 natura:
2866 3181 3236 3235 difficillimum
3268 3184 3504 3236 nondum

1939 3282 2278 3340 regem-ratus
2299 3273 2397 3325 sibi
2423 3288 2682 3340 usurpans
2698 3283 2973 3339 tantopere
2993 3286 3282 3341 taxaverat,
3308 3286 3508 3343 quanto

1936 3366 2101 3429 magis
2132 3363 2349 3415 credere
2380 3362 2457 3415 fas
2480 3373 2581 3425 est,
2607 3373 2661 3415 ut
2684 3376 3029 3431 postarcepta
3050 3365 3169 3418 lidei
3188 3365 3506 3428 rudimenta,

1929 3462 2113 3519 Spreto
2136 3452 2411 3520 gentilium
2445 3452 2567 3513 titu,
2597 3452 2721 3504 dmn
2749 3470 2838 3519 per
2863 3455 3157 3521 provincias
3182 3455 3392 3507 Petrum
3426 3472 3513 3509 se-

1933 3552 2203 3610 queretur,
2231 3540 2395 3592 divmi
2428 3542 2573 3594 verbi
2618 3543 2821 3594 semina
2868 3553 3137 3596 serentem
3174 3554 3227 3597 et
3259 3546 3503 3613 propagi-

1934 3647 2029 3685 nes
2054 3631 2373 3699 evangelica:
2406 3631 2526 3683 vitis
2560 3632 2887 3685 credentium
2926 3633 3204 3686 scrobibus
3236 3636 3506 3700 pasduan-

1935 3734 2058 3784 tem,
2102 3735 2258 3791 atque
2284 3724 2569 3778 Simonica:
2604 3722 2874 3777 lethileras
2903 3726 3287 3778 necromancia:
3326 3726 3505 3777 labru—

1934 3828 2050 3866 scas
2100 3814 2351 3866 radicitus
2402 3817 2810 3879 exstirpantem,
2857 3814 3062 3881 plenius
3118 3829 3179 3868 ac
3218 3817 3504 3879 perfectius

1936 3904 2350 3967 conservaverit,
2382 3904 2468 3974 qui
2498 3906 2747 3974 deinceps
2789 3905 3122 3959 itinerarimn
3157 3907 3293 3960 Petti
3324 3908 3507 3961 decem

1936 3995 2578 4063 voluminibusdigestum
2638 3996 2752 4048 luce
2782 3997 2977 4049 clarius
3029 3997 3284 4057 elimavit,
3322 3998 3511 4054 lluliuo

1937 4086 1987 4139 iu
2021 4086 2264 4140 Latinum
2289 4102 2353 4141 ex
2378 4087 2689 4142 Grtccorum
2714 4086 3059 4142 bibliothecis
3090 4101 3326 4143 vertente
3354 4094 3366 4143 !

2011 4178 2305 4245 Sylvester,
2337 4179 2425 4245 qui
2455 4178 2593 4246 apud
2626 4178 2851 4232 Romam
2886 4180 3198 4245 pontiﬁcalis
3238 4183 3508 4237 cathedra:

1937 4274 2172 4335 suscepit
2197 4271 2576 4333 sacerdOtiutn,
2620 4288 2710 4338 per
2736 4286 2921 4325 omnes
2949 4275 3167 4339 [inrepie
3215 4276 3513 4339 provincias

1938 4371 1991 4414 et
2012 4359 2253 4414 ﬂorentis
2271 4364 2519 4415 Ausonia:
2534 4362 3005 4431 parochias,quam
3024 4366 3267 4432 glaciales
3290 4366 3499 4433 Alpium

1938 4453 2103 4504 saltus
2136 4452 2412 4519 praarnptis
2436 4453 2775 4521 Scopulorutu
2798 4454 3042 4507 cautibus
3073 4456 3310 4524 cingunt,
3340 4460 3508 4524 signis

1941 4543 2313 4596 miraculorum
2366 4543 2827 4597 crebrescentibus
2875 4545 3087 4609 claruit,
3116 4547 3377 4615 siquidem
3426 4548 3509 4601 iti-

243 4654 395 4690 mcns
414 4637 717 4699 manubias;
748 4636 835 4704 qtti
861 4635 1221 4704 pytltonissam
1246 4638 1618 4690 necromantia:
1646 4638 1831 4703 spiritu
1858 4668 1913 4729 Β
1941 4634 2297 4685 Cotttamittata
2328 4634 2567 4701 corporis
2592 4634 2845 4701 pudicitia
2902 4636 3088 4699 fretus,
3122 4647 3175 4691 et
3202 4637 3310 4705 jugi
3347 4638 3511 4691 absti-

243 4728 499 4783 l'alsitatis
530 4726 714 4780 frivola
746 4728 1119 4780 vaticinantem
1151 4737 1205 4782 et
1245 4727 1315 4781 ob
1344 4728 1444 4781 hoc
1486 4741 1832 4795 sumptuosas

243 4836 535 4890 procerum
580 4819 877 4886 opulentias
920 4818 1202 4874 afﬂuenter
1231 4822 1612 4885 cumulantcm,
1652 4838 1838 4892 gazas-

240 4926 356 4979 que
403 4918 700 4977 qua-stilum
762 4908 1045 4962 deliciosas
1101 4908 1316 4962 adfatim
1386 4910 1833 4978 locupletantem,

244 5009 416 5054 mutae
448 4997 818 5051 taciturnitatis
858 4998 1061 5050 valvata
1107 4998 1269 5054 labris
1312 5001 1624 5068 procacibus
1672 5017 1839 5070 oppo-

244 5107 384 5147 nere
416 5090 640 5159 imperio
671 5100 905 5144 terrente
946 5091 1161 5160 coegit;
1208 5091 1402 5160 quique
1426 5092 1642 5162 (mirum
1668 5094 1836 5164 dictu)

243 5194 446 5250 quater
468 5197 624 5236 senas
655 5184 705 5235 in
742 5182 905 5236 fundo
935 5182 1099 5235 maris
1130 5182 1392 5252 profundo
1432 5199 1621 5251 sospes
1663 5196 1839 5239 trans-

242 5278 365 5343 egit
388 5276 566 5337 horas,
584 5283 742 5342 atque
756 5275 1034 5343 quinquies
1050 5274 1415 5345 quadragenas
1430 5278 1692 5332 acerrimo
1715 5295 1839 5332 cru-

244 5368 489 5421 delitatis
543 5376 807 5420 tormento
857 5380 958 5420 una
1008 5367 1182 5421 minus
1233 5369 1483 5435 accepit;
1539 5384 1715 5423 nonne
1769 5370 1840 5425 ob

247 5472 406 5527 purae
438 5455 752 5524 integritatis
781 5457 1205 5526 praerogativam,
1260 5460 1474 5512 tertium
1502 5460 1676 5528 pulum
1717 5477 1842 5530 per-

244 5564 472 5618 agrans,
507 5562 857 5615 supernorum
886 5550 1080 5603 civium
1111 5564 1302 5604 arcana
1360 5553 1522 5606 castis
1568 5553 1842 5609 obtutibus

246 5639 675 5707 contemplatur,
708 5649 763 5693 et
806 5640 1041 5695 cmlestis
1084 5640 1287 5695 militia:
1312 5642 1554 5697 abstrusa
1588 5644 1842 5699 ineffabili

251 5749 440 5789 rerum
470 5732 639 5786 relatu
672 5732 916 5797 rimatur,
964 5733 1089 5788 licet
1119 5734 1426 5800 Revelatio,
1473 5751 1629 5805 quam
1660 5736 1845 5792 dicunt

251 5826 430 5891 l'auli,
466 5826 517 5878 in
542 5840 676 5879 nave
699 5840 861 5881 aurea
892 5826 1130 5882 ﬂorentis
1173 5828 1401 5894 paradisi
1445 5829 1664 5883 delicias
1694 5845 1845 5883 eum-

249 5923 380 5973 dent
411 5918 587 5971 adisse.
617 5918 832 5987 garriat.
858 5920 962 5975 Sed
995 5921 1073 5976 fas
1126 5920 1363 5977 divinum
1396 5931 1535 5978 velat
1562 5924 1841 5979 catholica:

1941 4726 2136 4779 tientia:
2193 4726 2515 4792 parcimunia
2566 4728 2840 4793 praeditus,
2874 4727 2937 4781 ad
2981 4727 3281 4781 lethilerum
3328 4730 3511 4781 Itonia:

1939 4817 2225 4869 draconem
2267 4817 2317 4868 in
2358 4816 2691 4871 clandestino
2725 4828 2923 4887 cryptae
2963 4820 3157 4885 spelazo
3196 4818 3516 4881 latitantem,

1940 4915 2027 4980 qui
2060 4912 2333 4966 virulentis
2364 4911 2601 4965 faucibus
2647 4924 2701 4966 et
2732 4912 2981 4979 pestifero
3019 4913 3235 4981 spiritus
3274 4914 3513 4967 anhelitu

1943 5003 2141 5058 aethera
2163 5018 2515 5072 corrumpens
2536 5008 2790 5057 miserum
2816 5004 3061 5070 p0pnlum
3084 5005 3332 5058 atrociter
3356 5019 3514 5056 vexa-

1946 5098 2073 5159 bat,
2135 5110 2227 5161 per
2280 5106 2534 5148 centenos
2587 5095 2911 5150 latebrarum
2962 5097 3154 5165 gradus
3217 5096 3508 5150 introrsum

1947 5189 2289 5242 descendisse
2344 5187 2530 5249 fertur,
2601 5196 2656 5239 et
2703 5186 2943 5240 eamdem
2989 5188 3136 5240 mira:
3206 5188 3519 5255 magnitudi-

1948 5282 2029 5333 nis
2057 5278 2297 5341 bestiam,
2328 5276 2411 5331 cui
2438 5292 2761 5346 paganorum
2784 5278 3007 5342 decepta
3037 5277 3304 5347 gentilitas
3335 5279 3398 5328 ad
3426 5291 3514 5328 se-

1948 5370 2173 5424 dandam
2201 5368 2395 5422 furoris
2418 5371 2688 5422 vesaniam
2721 5368 2963 5421 fanatica:
3000 5366 3323 5420 lustrationis
3364 5383 3516 5433 spur-

1949 5465 2081 5517 calia
2114 5461 2471 5526 tlinrilicabat,
2523 5463 2877 5517 inextricabili
2909 5463 3129 5515 collario
3177 5464 3516 5517 constrictam

1952 5563 2218 5623 perpetuae
2242 5555 2457 5609 ultionis
2480 5554 2941 5609 animadversione
2974 5555 3278 5624 perenniter
3328 5556 3515 5608 multa.

1952 5646 2047 5709 vit,
2072 5655 2122 5699 et
2150 5645 2371 5698 Romam
2400 5646 2597 5699 fallacis
2622 5646 2933 5699 idololatriae
2953 5646 3226 5699 cultricem
3251 5661 3277 5695 a
3308 5645 3521 5698 funesto

1949 5738 2277 5792 victimarum
2320 5739 2421 5790 ritu
2466 5738 2781 5806 evangelicis
2820 5738 3206 5791 assertionibus
3253 5748 3307 5789 et
3354 5737 3521 5803 signis

1951 5828 2147 5897 pariter
2169 5828 2572 5882 coruscantibus
2595 5831 2847 5883 correxit.
2881 5828 3011 5881 Illud
3039 5829 3196 5881 etiam
3228 5842 3331 5879 non
3360 5829 3518 5880 uiuit-

1951 5922 2167 5978 tendunt
2200 5938 2342 5989 reor,
2376 5924 2426 5976 in
2458 5938 2563 5992 quo
2587 5925 2910 5993 praecipuum
2940 5932 3266 5978 conservatae
3306 5921 3519 5977 castita-
