  <div class='ocr_page' id='page_1' title='image "/cluster/home/n/w/nwhite01/storage/ocr_20150623/88-89/uc1.31175000868714/739.png"; bbox 0 0 4214 6532; ppageno 0'>
   <div class='ocr_carea' id='block_1_1' title="bbox 773 397 868 448">
    <p class='ocr_par' dir='ltr' id='par_1_1' title="bbox 773 397 868 448">
     <span class='ocr_line' id='line_1_1' title="bbox 773 397 868 448; baseline -0.021 0"><span class='ocrx_word' id='word_1_1' title='bbox 773 397 868 448; x_wconf 68' lang='grc' dir='ltr'><strong>Ιὲῗὶ</strong></span> 
     </span>
    </p>
   </div>
   <div class='ocr_carea' id='block_1_2' title="bbox 1593 380 3285 446">
    <p class='ocr_par' dir='ltr' id='par_1_2' title="bbox 1593 380 3285 446">
     <span class='ocr_line' id='line_1_2' title="bbox 1593 380 3285 446; baseline -0.004 -1"><span class='ocrx_word' id='word_1_2' title='bbox 1593 393 1650 446; x_wconf 88' lang='lat' dir='ltr'><strong>S.</strong></span> <span class='ocrx_word' id='word_1_3' title='bbox 1695 387 2047 445; x_wconf 72' lang='lat' dir='ltr'><strong>ALDHELMI</strong></span> <span class='ocrx_word' id='word_1_4' title='bbox 2089 380 2376 440; x_wconf 73' lang='lat' dir='ltr'><strong>OPERUM</strong></span> <span class='ocrx_word' id='word_1_5' title='bbox 2422 381 2598 436; x_wconf 74' lang='lat' dir='ltr'><strong>PARS</strong></span> <span class='ocrx_word' id='word_1_6' title='bbox 2640 383 2698 434; x_wconf 91' lang='lat' dir='ltr'><strong>ll.</strong></span> <span class='ocrx_word' id='word_1_7' title='bbox 2745 411 2815 422; x_wconf 82' lang='lat'><strong>—-</strong></span> <span class='ocrx_word' id='word_1_8' title='bbox 2855 381 3285 438; x_wconf 68' lang='lat' dir='ltr'><strong>TRACTATUS.</strong></span> 
     </span>
    </p>
   </div>
   <div class='ocr_carea' id='block_1_3' title="bbox 3959 385 4053 434">
    <p class='ocr_par' dir='ltr' id='par_1_3' title="bbox 3959 385 4053 434">
     <span class='ocr_line' id='line_1_3' title="bbox 3959 385 4053 434; baseline -0.011 0"><span class='ocrx_word' id='word_1_9' title='bbox 3959 385 4053 434; x_wconf 60' lang='lat' dir='ltr'><strong>fit</strong></span> 
     </span>
    </p>
   </div>
   <div class='ocr_carea' id='block_1_4' title="bbox 767 496 4045 572">
    <p class='ocr_par' dir='ltr' id='par_1_4' title="bbox 767 496 4045 572">
     <span class='ocr_line' id='line_1_4' title="bbox 767 496 4045 572; baseline -0.004 -6"><span class='ocrx_word' id='word_1_10' title='bbox 767 518 833 566; x_wconf 82' lang='lat' dir='ltr'><strong>tis</strong></span> <span class='ocrx_word' id='word_1_11' title='bbox 864 515 1241 566; x_wconf 73' lang='lat' dir='ltr'><strong>documentum</strong></span> <span class='ocrx_word' id='word_1_12' title='bbox 1294 511 1620 570; x_wconf 87' lang='lat' dir='ltr'><strong>declaratur,</strong></span> <span class='ocrx_word' id='word_1_13' title='bbox 1653 508 1897 559; x_wconf 86' lang='lat' dir='ltr'><strong>videlicet</strong></span> <span class='ocrx_word' id='word_1_14' title='bbox 1929 502 2072 572; x_wconf 60' lang='lat' dir='ltr'><strong>quod</strong></span> <span class='ocrx_word' id='word_1_15' title='bbox 2120 504 2349 569; x_wconf 75' lang='lat' dir='ltr'><strong>impera-</strong></span> <span class='ocrx_word' id='word_1_16' title='bbox 2383 498 2428 555; x_wconf 76' lang='grc' dir='ltr'>Α</span> <span class='ocrx_word' id='word_1_17' title='bbox 2459 496 2722 549; x_wconf 80' lang='lat' dir='ltr'><strong>somnium</strong></span> <span class='ocrx_word' id='word_1_18' title='bbox 2749 498 2888 564; x_wconf 88' lang='lat' dir='ltr'><strong>quod</strong></span> <span class='ocrx_word' id='word_1_19' title='bbox 2919 499 3062 564; x_wconf 91' lang='lat' dir='ltr'><strong>prius</strong></span> <span class='ocrx_word' id='word_1_20' title='bbox 3089 497 3310 561; x_wconf 88' lang='lat' dir='ltr'><strong>viderat,</strong></span> <span class='ocrx_word' id='word_1_21' title='bbox 3338 508 3393 552; x_wconf 90' lang='lat' dir='ltr'><strong>et</strong></span> <span class='ocrx_word' id='word_1_22' title='bbox 3414 499 3648 555; x_wconf 81' lang='lat' dir='ltr'><strong>offerens</strong></span> <span class='ocrx_word' id='word_1_23' title='bbox 3675 501 3781 556; x_wconf 91' lang='lat' dir='ltr'><strong>Deo</strong></span> <span class='ocrx_word' id='word_1_24' title='bbox 3801 519 4045 562; x_wconf 79' lang='lat' dir='ltr'><strong>munera,</strong></span> 
     </span>
    </p>
   </div>
   <div class='ocr_carea' id='block_1_5' title="bbox 767 594 2347 660">
    <p class='ocr_par' dir='ltr' id='par_1_5' title="bbox 767 594 2347 660">
     <span class='ocr_line' id='line_1_5' title="bbox 767 594 2347 660; baseline -0.008 -6"><span class='ocrx_word' id='word_1_25' title='bbox 767 606 897 655; x_wconf 89' lang='lat' dir='ltr'><strong>toris</strong></span> <span class='ocrx_word' id='word_1_26' title='bbox 925 601 1254 656; x_wconf 83' lang='lat' dir='ltr'><strong>Constantini</strong></span> <span class='ocrx_word' id='word_1_27' title='bbox 1281 600 1530 652; x_wconf 89' lang='lat' dir='ltr'><strong>diutiiriia</strong></span> <span class='ocrx_word' id='word_1_28' title='bbox 1566 598 1813 651; x_wconf 86' lang='lat' dir='ltr'><strong>valetudo</strong></span> <span class='ocrx_word' id='word_1_29' title='bbox 1850 606 1902 647; x_wconf 92' lang='lat' dir='ltr'><strong>et</strong></span> <span class='ocrx_word' id='word_1_30' title='bbox 1944 594 2347 660; x_wconf 82' lang='lat' dir='ltr'><strong>elcpliaiitiiiosa</strong></span> 
     </span>
    </p>
   </div>
   <div class='ocr_carea' id='block_1_6' title="bbox 764 685 2350 760">
    <p class='ocr_par' dir='ltr' id='par_1_6' title="bbox 764 685 2350 760">
     <span class='ocr_line' id='line_1_6' title="bbox 764 685 2350 760; baseline -0.008 -14"><span class='ocrx_word' id='word_1_31' title='bbox 764 694 1009 760; x_wconf 82' lang='lat' dir='ltr'><strong>corporis</strong></span> <span class='ocrx_word' id='word_1_32' title='bbox 1057 690 1484 754; x_wconf 78' lang='lat' dir='ltr'><strong>incommoditas,</strong></span> <span class='ocrx_word' id='word_1_33' title='bbox 1544 699 1766 754; x_wconf 75' lang='lat' dir='ltr'><strong>accepto</strong></span> <span class='ocrx_word' id='word_1_34' title='bbox 1804 685 2135 753; x_wconf 71' lang='lat' dir='ltr'><strong>baptismatis</strong></span> <span class='ocrx_word' id='word_1_35' title='bbox 2175 698 2350 736; x_wconf 85' lang='lat' dir='ltr'><strong>saera-</strong></span> 
     </span>
    </p>
   </div>
   <div class='ocr_carea' id='block_1_7' title="bbox 765 777 2349 848">
    <p class='ocr_par' dir='ltr' id='par_1_7' title="bbox 765 777 2349 848">
     <span class='ocr_line' id='line_1_7' title="bbox 765 777 2349 848; baseline -0.009 -9"><span class='ocrx_word' id='word_1_36' title='bbox 765 797 966 848; x_wconf 86' lang='lat' dir='ltr'><strong>incnto,</strong></span> <span class='ocrx_word' id='word_1_37' title='bbox 1003 785 1182 836; x_wconf 82' lang='lat' dir='ltr'><strong>statim</strong></span> <span class='ocrx_word' id='word_1_38' title='bbox 1209 783 1276 835; x_wconf 86' lang='lat' dir='ltr'><strong>ali</strong></span> <span class='ocrx_word' id='word_1_39' title='bbox 1306 782 1496 837; x_wconf 90' lang='lat' dir='ltr'><strong>eodem</strong></span> <span class='ocrx_word' id='word_1_40' title='bbox 1528 779 1812 833; x_wconf 78' lang='lat' dir='ltr'><strong>salubriter</strong></span> <span class='ocrx_word' id='word_1_41' title='bbox 1838 779 1980 831; x_wconf 89' lang='lat' dir='ltr'><strong>dicto</strong></span> <span class='ocrx_word' id='word_1_42' title='bbox 2010 777 2167 830; x_wconf 90' lang='lat' dir='ltr'><strong>citius</strong></span> <span class='ocrx_word' id='word_1_43' title='bbox 2195 788 2349 828; x_wconf 86' lang='lat' dir='ltr'><strong>cura-</strong></span> 
     </span>
    </p>
   </div>
   <div class='ocr_carea' id='block_1_8' title="bbox 763 874 2348 942">
    <p class='ocr_par' dir='ltr' id='par_1_8' title="bbox 763 874 2348 942">
     <span class='ocr_line' id='line_1_8' title="bbox 763 874 2348 942; baseline -0.008 -9"><span class='ocrx_word' id='word_1_44' title='bbox 763 889 933 942; x_wconf 90' lang='lat' dir='ltr'><strong>retur,</strong></span> <span class='ocrx_word' id='word_1_45' title='bbox 958 889 1010 932; x_wconf 87' lang='lat' dir='ltr'><strong>et</strong></span> <span class='ocrx_word' id='word_1_46' title='bbox 1042 890 1144 929; x_wconf 87' lang='lat' dir='ltr'><strong>taiii</strong></span> <span class='ocrx_word' id='word_1_47' title='bbox 1179 878 1448 930; x_wconf 91' lang='lat' dir='ltr'><strong>interioris</strong></span> <span class='ocrx_word' id='word_1_48' title='bbox 1475 875 1709 928; x_wconf 81' lang='lat' dir='ltr'><strong>hominis</strong></span> <span class='ocrx_word' id='word_1_49' title='bbox 1731 884 1914 941; x_wconf 86' lang='lat' dir='ltr'><strong>gestus</strong></span> <span class='ocrx_word' id='word_1_50' title='bbox 1938 887 2096 940; x_wconf 87' lang='lat' dir='ltr'><strong>quam</strong></span> <span class='ocrx_word' id='word_1_51' title='bbox 2119 874 2348 925; x_wconf 60' lang='lat' dir='ltr'><strong>exterio-</strong></span> 
     </span>
    </p>
   </div>
   <div class='ocr_carea' id='block_1_9' title="bbox 763 966 2344 1038">
    <p class='ocr_par' dir='ltr' id='par_1_9' title="bbox 763 966 2344 1038">
     <span class='ocr_line' id='line_1_9' title="bbox 763 966 2344 1038; baseline -0.006 -11"><span class='ocrx_word' id='word_1_52' title='bbox 763 975 837 1027; x_wconf 91' lang='lat' dir='ltr'><strong>ris</strong></span> <span class='ocrx_word' id='word_1_53' title='bbox 867 984 1030 1026; x_wconf 62' lang='lat' dir='ltr'><strong>aestus</strong></span> <span class='ocrx_word' id='word_1_54' title='bbox 1057 988 1148 1038; x_wconf 91' lang='lat' dir='ltr'><strong>per</strong></span> <span class='ocrx_word' id='word_1_55' title='bbox 1174 974 1394 1025; x_wconf 78' lang='lat' dir='ltr'><strong>cmlesic</strong></span> <span class='ocrx_word' id='word_1_56' title='bbox 1415 969 1735 1036; x_wconf 74' lang='lat' dir='ltr'><strong>cataplasma</strong></span> <span class='ocrx_word' id='word_1_57' title='bbox 1760 967 1956 1033; x_wconf 86' lang='lat' dir='ltr'><strong>duplici</strong></span> <span class='ocrx_word' id='word_1_58' title='bbox 1991 966 2344 1018; x_wconf 83' lang='lat' dir='ltr'><strong>medicamine</strong></span> 
     </span>
    </p>
   </div>
   <div class='ocr_carea' id='block_1_10' title="bbox 759 1059 2343 1129">
    <p class='ocr_par' dir='ltr' id='par_1_10' title="bbox 759 1059 2343 1129">
     <span class='ocr_line' id='line_1_10' title="bbox 759 1059 2343 1129; baseline -0.005 -14"><span class='ocrx_word' id='word_1_59' title='bbox 759 1063 878 1118; x_wconf 81' lang='lat' dir='ltr'><strong>sine</strong></span> <span class='ocrx_word' id='word_1_60' title='bbox 913 1065 1164 1117; x_wconf 89' lang='lat' dir='ltr'><strong>tricariim</strong></span> <span class='ocrx_word' id='word_1_61' title='bbox 1196 1064 1472 1115; x_wconf 87' lang='lat' dir='ltr'><strong>obstaculo</strong></span> <span class='ocrx_word' id='word_1_62' title='bbox 1495 1073 1792 1115; x_wconf 73' lang='lat' dir='ltr'><strong>sanaretiir.</strong></span> <span class='ocrx_word' id='word_1_63' title='bbox 1826 1059 2092 1112; x_wconf 78' lang='lat' dir='ltr'><strong>Przeterea</strong></span> <span class='ocrx_word' id='word_1_64' title='bbox 2125 1059 2135 1129; x_wconf 85' lang='lat'><strong>[</strong></span> <span class='ocrx_word' id='word_1_65' title='bbox 2169 1059 2343 1122; x_wconf 67' lang='lat' dir='ltr'><strong>Reiff,</strong></span> 
     </span>
    </p>
   </div>
   <div class='ocr_carea' id='block_1_11' title="bbox 764 1153 2346 1225">
    <p class='ocr_par' dir='ltr' id='par_1_11' title="bbox 764 1153 2346 1225">
     <span class='ocr_line' id='line_1_11' title="bbox 764 1153 2346 1225; baseline -0.003 -17"><span class='ocrx_word' id='word_1_66' title='bbox 764 1154 1056 1224; x_wconf 80' lang='lat' dir='ltr'><strong>Propterea</strong></span> <span class='ocrx_word' id='word_1_67' title='bbox 1083 1153 1102 1225; x_wconf 79' lang='lat' dir='ltr'>J</span> <span class='ocrx_word' id='word_1_68' title='bbox 1133 1156 1421 1209; x_wconf 86' lang='lat' dir='ltr'><strong>absurdum</strong></span> <span class='ocrx_word' id='word_1_69' title='bbox 1456 1157 1571 1208; x_wconf 88' lang='lat' dir='ltr'><strong>fore</strong></span> <span class='ocrx_word' id='word_1_70' title='bbox 1597 1154 1928 1220; x_wconf 81' lang='lat' dir='ltr'><strong>suspicabar,</strong></span> <span class='ocrx_word' id='word_1_71' title='bbox 1973 1155 2017 1206; x_wconf 90' lang='lat' dir='ltr'><strong>si</strong></span> <span class='ocrx_word' id='word_1_72' title='bbox 2058 1153 2346 1207; x_wconf 84' lang='lat' dir='ltr'><strong>celeberri-</strong></span> 
     </span>
    </p>
   </div>
   <div class='ocr_carea' id='block_1_12' title="bbox 761 1245 2344 1315">
    <p class='ocr_par' dir='ltr' id='par_1_12' title="bbox 761 1245 2344 1315">
     <span class='ocr_line' id='line_1_12' title="bbox 761 1245 2344 1315; baseline -0.001 -15"><span class='ocrx_word' id='word_1_73' title='bbox 761 1263 905 1300; x_wconf 89' lang='lat' dir='ltr'><strong>mum</strong></span> <span class='ocrx_word' id='word_1_74' title='bbox 940 1247 1066 1298; x_wconf 88' lang='lat' dir='ltr'><strong>illiiil</strong></span> <span class='ocrx_word' id='word_1_75' title='bbox 1097 1249 1384 1315; x_wconf 87' lang='lat' dir='ltr'><strong>spectaculi</strong></span> <span class='ocrx_word' id='word_1_76' title='bbox 1413 1262 1580 1315; x_wconf 90' lang='lat' dir='ltr'><strong>genus</strong></span> <span class='ocrx_word' id='word_1_77' title='bbox 1606 1261 1700 1312; x_wconf 91' lang='lat' dir='ltr'><strong>per</strong></span> <span class='ocrx_word' id='word_1_78' title='bbox 1724 1255 1866 1298; x_wconf 89' lang='lat' dir='ltr'><strong>tutos</strong></span> <span class='ocrx_word' id='word_1_79' title='bbox 1894 1247 2074 1296; x_wconf 91' lang='lat' dir='ltr'><strong>mundi</strong></span> <span class='ocrx_word' id='word_1_80' title='bbox 2098 1245 2344 1298; x_wconf 77' lang='lat' dir='ltr'><strong>cardines</strong></span> 
     </span>
    </p>
   </div>
   <div class='ocr_carea' id='block_1_13' title="bbox 761 1337 2344 1404">
    <p class='ocr_par' dir='ltr' id='par_1_13' title="bbox 761 1337 2344 1404">
     <span class='ocr_line' id='line_1_13' title="bbox 761 1337 2344 1404; baseline -0.002 -15"><span class='ocrx_word' id='word_1_81' title='bbox 761 1341 1028 1404; x_wconf 74' lang='lat' dir='ltr'><strong>vulgatum</strong></span> <span class='ocrx_word' id='word_1_82' title='bbox 1063 1339 1441 1392; x_wconf 78' lang='lat' dir='ltr'><strong>taciturnitatis</strong></span> <span class='ocrx_word' id='word_1_83' title='bbox 1472 1338 1688 1391; x_wconf 85' lang='lat' dir='ltr'><strong>silentio</strong></span> <span class='ocrx_word' id='word_1_84' title='bbox 1716 1337 2012 1403; x_wconf 89' lang='lat' dir='ltr'><strong>oppilatiim</strong></span> <span class='ocrx_word' id='word_1_85' title='bbox 2044 1337 2344 1400; x_wconf 87' lang='lat' dir='ltr'><strong>vilesceret,</strong></span> 
     </span>
    </p>
   </div>
   <div class='ocr_carea' id='block_1_14' title="bbox 757 1427 2343 1493">
    <p class='ocr_par' dir='ltr' id='par_1_14' title="bbox 757 1427 2343 1493">
     <span class='ocr_line' id='line_1_14' title="bbox 757 1427 2343 1493; baseline -0.003 -14"><span class='ocrx_word' id='word_1_86' title='bbox 757 1439 811 1479; x_wconf 87' lang='lat' dir='ltr'><strong>et</strong></span> <span class='ocrx_word' id='word_1_87' title='bbox 833 1444 861 1479; x_wconf 91' lang='lat' dir='ltr'><strong>a</strong></span> <span class='ocrx_word' id='word_1_88' title='bbox 889 1429 1082 1480; x_wconf 83' lang='lat' dir='ltr'><strong>nostris</strong></span> <span class='ocrx_word' id='word_1_89' title='bbox 1108 1428 1406 1481; x_wconf 90' lang='lat' dir='ltr'><strong>litterarum</strong></span> <span class='ocrx_word' id='word_1_90' title='bbox 1431 1430 1670 1493; x_wconf 81' lang='lat' dir='ltr'><strong>apicibus</strong></span> <span class='ocrx_word' id='word_1_91' title='bbox 1697 1427 1953 1479; x_wconf 86' lang='lat' dir='ltr'><strong>intactum</strong></span> <span class='ocrx_word' id='word_1_92' title='bbox 1981 1427 2343 1491; x_wconf 82' lang='lat' dir='ltr'><strong>delitesceret,</strong></span> 
     </span>
    </p>
   </div>
   <div class='ocr_carea' id='block_1_15' title="bbox 765 1517 2346 1586">
    <p class='ocr_par' dir='ltr' id='par_1_15' title="bbox 765 1517 2346 1586">
     <span class='ocr_line' id='line_1_15' title="bbox 765 1517 2346 1586; baseline -0.002 -16"><span class='ocrx_word' id='word_1_93' title='bbox 765 1519 816 1570; x_wconf 88' lang='lat' dir='ltr'><strong>iii</strong></span> <span class='ocrx_word' id='word_1_94' title='bbox 845 1535 950 1586; x_wconf 90' lang='lat' dir='ltr'><strong>quo</strong></span> <span class='ocrx_word' id='word_1_95' title='bbox 980 1519 1359 1586; x_wconf 87' lang='lat' dir='ltr'><strong>triumphant-is</strong></span> <span class='ocrx_word' id='word_1_96' title='bbox 1385 1519 1576 1572; x_wconf 85' lang='lat' dir='ltr'><strong>Christi</strong></span> <span class='ocrx_word' id='word_1_97' title='bbox 1605 1518 1825 1569; x_wconf 86' lang='lat' dir='ltr'><strong>victoria</strong></span> <span class='ocrx_word' id='word_1_98' title='bbox 1855 1526 1908 1569; x_wconf 88' lang='lat' dir='ltr'><strong>et</strong></span> <span class='ocrx_word' id='word_1_99' title='bbox 1937 1517 2192 1585; x_wconf 83' lang='lat' dir='ltr'><strong>Sylvestri</strong></span> <span class='ocrx_word' id='word_1_100' title='bbox 2225 1532 2346 1569; x_wconf 82' lang='lat' dir='ltr'><strong>cer-</strong></span> 
     </span>
    </p>
   </div>
   <div class='ocr_carea' id='block_1_16' title="bbox 759 1609 2349 1677">
    <p class='ocr_par' dir='ltr' id='par_1_16' title="bbox 759 1609 2349 1677">
     <span class='ocr_line' id='line_1_16' title="bbox 759 1609 2349 1677; baseline 0 -17"><span class='ocrx_word' id='word_1_101' title='bbox 759 1611 921 1662; x_wconf 86' lang='lat' dir='ltr'><strong>tantis</strong></span> <span class='ocrx_word' id='word_1_102' title='bbox 952 1611 1264 1662; x_wconf 80' lang='lat' dir='ltr'><strong>castimonia</strong></span> <span class='ocrx_word' id='word_1_103' title='bbox 1316 1611 1542 1677; x_wconf 72' lang='lat' dir='ltr'><strong>gemina:</strong></span> <span class='ocrx_word' id='word_1_104' title='bbox 1574 1609 1745 1661; x_wconf 90' lang='lat' dir='ltr'><strong>laudis</strong></span> <span class='ocrx_word' id='word_1_105' title='bbox 1789 1610 2059 1674; x_wconf 67' lang='lat' dir='ltr'><strong>prtecouio</strong></span> <span class='ocrx_word' id='word_1_106' title='bbox 2103 1610 2349 1662; x_wconf 90' lang='lat' dir='ltr'><strong>crebres-</strong></span> 
     </span>
    </p>
   </div>
   <div class='ocr_carea' id='block_1_17' title="bbox 755 1700 2346 1767">
    <p class='ocr_par' dir='ltr' id='par_1_17' title="bbox 755 1700 2346 1767">
     <span class='ocr_line' id='line_1_17' title="bbox 755 1700 2346 1767; baseline -0.002 -14"><span class='ocrx_word' id='word_1_107' title='bbox 755 1711 900 1753; x_wconf 88' lang='lat' dir='ltr'><strong>cunt.</strong></span> <span class='ocrx_word' id='word_1_108' title='bbox 933 1701 1060 1753; x_wconf 81' lang='lat' dir='ltr'><strong>Nam</strong></span> <span class='ocrx_word' id='word_1_109' title='bbox 1091 1700 1441 1753; x_wconf 87' lang='lat' dir='ltr'><strong>Constaiiiino</strong></span> <span class='ocrx_word' id='word_1_110' title='bbox 1471 1701 1656 1754; x_wconf 91' lang='lat' dir='ltr'><strong>orbem</strong></span> <span class='ocrx_word' id='word_1_111' title='bbox 1696 1700 2056 1766; x_wconf 78' lang='lat' dir='ltr'><strong>gubernante,</strong></span> <span class='ocrx_word' id='word_1_112' title='bbox 2091 1701 2153 1750; x_wconf 90' lang='lat' dir='ltr'><strong>ad</strong></span> <span class='ocrx_word' id='word_1_113' title='bbox 2184 1715 2346 1767; x_wconf 83' lang='lat' dir='ltr'><strong>syno-</strong></span> 
     </span>
    </p>
   </div>
   <div class='ocr_carea' id='block_1_18' title="bbox 754 1792 2338 1861">
    <p class='ocr_par' dir='ltr' id='par_1_18' title="bbox 754 1792 2338 1861">
     <span class='ocr_line' id='line_1_18' title="bbox 754 1792 2338 1861; baseline -0.002 -15"><span class='ocrx_word' id='word_1_114' title='bbox 754 1793 875 1847; x_wconf 91' lang='lat' dir='ltr'><strong>dale</strong></span> <span class='ocrx_word' id='word_1_115' title='bbox 926 1793 1213 1845; x_wconf 78' lang='lat' dir='ltr'><strong>concilium</strong></span> <span class='ocrx_word' id='word_1_116' title='bbox 1271 1795 1480 1861; x_wconf 90' lang='lat' dir='ltr'><strong>populis</strong></span> <span class='ocrx_word' id='word_1_117' title='bbox 1531 1793 1844 1844; x_wconf 79' lang='lat' dir='ltr'><strong>catervatim</strong></span> <span class='ocrx_word' id='word_1_118' title='bbox 1911 1792 2338 1856; x_wconf 88' lang='lat' dir='ltr'><strong>eonllueiitibus,</strong></span> 
     </span>
    </p>
   </div>
   <div class='ocr_carea' id='block_1_19' title="bbox 2453 588 4045 657">
    <p class='ocr_par' dir='ltr' id='par_1_19' title="bbox 2453 588 4045 657">
     <span class='ocr_line' id='line_1_19' title="bbox 2453 588 4045 657; baseline 0.007 -21"><span class='ocrx_word' id='word_1_119' title='bbox 2453 599 2508 638; x_wconf 80' lang='lat' dir='ltr'><strong>et</strong></span> <span class='ocrx_word' id='word_1_120' title='bbox 2548 588 2951 644; x_wconf 85' lang='lat' dir='ltr'><strong>communicatis</strong></span> <span class='ocrx_word' id='word_1_121' title='bbox 2980 601 3370 645; x_wconf 81' lang='lat' dir='ltr'><strong>sacramentum</strong></span> <span class='ocrx_word' id='word_1_122' title='bbox 3403 594 3752 657; x_wconf 86' lang='lat' dir='ltr'><strong>dominicum,</strong></span> <span class='ocrx_word' id='word_1_123' title='bbox 3805 601 4045 648; x_wconf 64' lang='lat' dir='ltr'><strong>ascendit</strong></span> 
     </span>
    </p>
   </div>
   <div class='ocr_carea' id='block_1_20' title="bbox 2453 683 4041 755">
    <p class='ocr_par' dir='ltr' id='par_1_20' title="bbox 2453 683 4041 755">
     <span class='ocr_line' id='line_1_20' title="bbox 2453 683 4041 755; baseline 0.004 -21"><span class='ocrx_word' id='word_1_124' title='bbox 2453 696 2668 748; x_wconf 85' lang='lat' dir='ltr'><strong>equum,</strong></span> <span class='ocrx_word' id='word_1_125' title='bbox 2719 692 2772 735; x_wconf 88' lang='lat' dir='ltr'><strong>et</strong></span> <span class='ocrx_word' id='word_1_126' title='bbox 2802 683 3040 748; x_wconf 64' lang='lat' dir='ltr'><strong>perrexit</strong></span> <span class='ocrx_word' id='word_1_127' title='bbox 3069 699 3174 750; x_wconf 88' lang='lat' dir='ltr'><strong>quo</strong></span> <span class='ocrx_word' id='word_1_128' title='bbox 3223 700 3344 736; x_wconf 90' lang='lat' dir='ltr'><strong>eum</strong></span> <span class='ocrx_word' id='word_1_129' title='bbox 3379 687 3527 738; x_wconf 83' lang='lat' dir='ltr'><strong>duin</strong></span> <span class='ocrx_word' id='word_1_130' title='bbox 3554 689 3773 755; x_wconf 79' lang='lat' dir='ltr'><strong>angelus</strong></span> <span class='ocrx_word' id='word_1_131' title='bbox 3806 688 4041 751; x_wconf 77' lang='lat' dir='ltr'><strong>Domitii,</strong></span> 
     </span>
    </p>
   </div>
   <div class='ocr_carea' id='block_1_21' title="bbox 2451 777 4038 846">
    <p class='ocr_par' dir='ltr' id='par_1_21' title="bbox 2451 777 4038 846">
     <span class='ocr_line' id='line_1_21' title="bbox 2451 777 4038 846; baseline 0.005 -20"><span class='ocrx_word' id='word_1_132' title='bbox 2451 782 2610 839; x_wconf 85' lang='lat' dir='ltr'><strong>atque</strong></span> <span class='ocrx_word' id='word_1_133' title='bbox 2644 790 2735 840; x_wconf 90' lang='lat' dir='ltr'><strong>per</strong></span> <span class='ocrx_word' id='word_1_134' title='bbox 2757 777 2973 828; x_wconf 87' lang='lat' dir='ltr'><strong>semitas</strong></span> <span class='ocrx_word' id='word_1_135' title='bbox 3009 777 3172 828; x_wconf 43' lang='lat' dir='ltr'><strong>laliai&#39;i</strong></span> <span class='ocrx_word' id='word_1_136' title='bbox 3201 777 3542 832; x_wconf 88' lang='lat' dir='ltr'><strong>fundamenta</strong></span> <span class='ocrx_word' id='word_1_137' title='bbox 3577 792 3885 833; x_wconf 81' lang='lat' dir='ltr'><strong>creverunt.</strong></span> <span class='ocrx_word' id='word_1_138' title='bbox 3930 785 4038 846; x_wconf 71' lang='lat' dir='ltr'><strong>Ap-</strong></span> 
     </span>
    </p>
   </div>
   <div class='ocr_carea' id='block_1_22' title="bbox 2452 866 4038 936">
    <p class='ocr_par' dir='ltr' id='par_1_22' title="bbox 2452 866 4038 936">
     <span class='ocr_line' id='line_1_22' title="bbox 2452 866 4038 936; baseline 0.004 -21"><span class='ocrx_word' id='word_1_139' title='bbox 2452 866 2641 931; x_wconf 85' lang='lat' dir='ltr'><strong>pellata</strong></span> <span class='ocrx_word' id='word_1_140' title='bbox 2674 875 2754 917; x_wconf 62' lang='lat' dir='ltr'><strong>est</strong></span> <span class='ocrx_word' id='word_1_141' title='bbox 2796 877 2972 918; x_wconf 90' lang='lat' dir='ltr'><strong>autem</strong></span> <span class='ocrx_word' id='word_1_142' title='bbox 3020 867 3212 918; x_wconf 85' lang='lat' dir='ltr'><strong>civitas</strong></span> <span class='ocrx_word' id='word_1_143' title='bbox 3256 868 3619 933; x_wconf 85' lang='lat' dir='ltr'><strong>Constantini,</strong></span> <span class='ocrx_word' id='word_1_144' title='bbox 3653 871 3792 936; x_wconf 82' lang='lat' dir='ltr'><strong>quo-.l</strong></span> <span class='ocrx_word' id='word_1_145' title='bbox 3847 873 4038 925; x_wconf 74' lang='lat' dir='ltr'><strong>Cra-co</strong></span> 
     </span>
    </p>
   </div>
   <div class='ocr_carea' id='block_1_23' title="bbox 2450 959 4034 1032">
    <p class='ocr_par' dir='ltr' id='par_1_23' title="bbox 2450 959 4034 1032">
     <span class='ocr_line' id='line_1_23' title="bbox 2450 959 4034 1032; baseline 0.006 -26"><span class='ocrx_word' id='word_1_146' title='bbox 2450 970 2697 1007; x_wconf 85' lang='lat' dir='ltr'><strong>sermone</strong></span> <span class='ocrx_word' id='word_1_147' title='bbox 2723 959 3629 1028; x_wconf 52' lang='lat' dir='ltr'><strong>interpretaturConstantinopolis,</strong></span> <span class='ocrx_word' id='word_1_148' title='bbox 3658 981 3820 1032; x_wconf 70' lang='lat' dir='ltr'><strong>usque</strong></span> <span class='ocrx_word' id='word_1_149' title='bbox 3853 967 3905 1017; x_wconf 92' lang='lat' dir='ltr'><strong>iii</strong></span> <span class='ocrx_word' id='word_1_150' title='bbox 3939 967 4034 1017; x_wconf 87' lang='lat' dir='ltr'><strong>lio-</strong></span> 
     </span>
    </p>
   </div>
   <div class='ocr_carea' id='block_1_24' title="bbox 2450 1049 4037 1123">
    <p class='ocr_par' dir='ltr' id='par_1_24' title="bbox 2450 1049 4037 1123">
     <span class='ocr_line' id='line_1_24' title="bbox 2450 1049 4037 1123; baseline 0.008 -25"><span class='ocrx_word' id='word_1_151' title='bbox 2450 1049 2691 1100; x_wconf 76' lang='lat' dir='ltr'><strong>tlieriiiini</strong></span> <span class='ocrx_word' id='word_1_152' title='bbox 2721 1051 2882 1102; x_wconf 87' lang='lat' dir='ltr'><strong>diem.</strong></span> <span class='ocrx_word' id='word_1_153' title='bbox 2930 1052 3090 1120; x_wconf 80' lang='lat' dir='ltr'><strong>Igitur</strong></span> <span class='ocrx_word' id='word_1_154' title='bbox 3120 1054 3411 1122; x_wconf 79' lang='lat' dir='ltr'><strong>Sylvestcr,</strong></span> <span class='ocrx_word' id='word_1_155' title='bbox 3444 1064 3712 1110; x_wconf 68' lang='lat' dir='ltr'><strong>transacto</strong></span> <span class='ocrx_word' id='word_1_156' title='bbox 3756 1059 4037 1123; x_wconf 76' lang='lat' dir='ltr'><strong>pontiﬁca-</strong></span> 
     </span>
    </p>
   </div>
   <div class='ocr_carea' id='block_1_25' title="bbox 2453 1142 4032 1218">
    <p class='ocr_par' dir='ltr' id='par_1_25' title="bbox 2453 1142 4032 1218">
     <span class='ocr_line' id='line_1_25' title="bbox 2453 1142 4032 1218; baseline 0.006 -26"><span class='ocrx_word' id='word_1_157' title='bbox 2453 1150 2534 1192; x_wconf 88' lang='lat' dir='ltr'><strong>tus</strong></span> <span class='ocrx_word' id='word_1_158' title='bbox 2558 1142 2761 1202; x_wconf 69' lang='lat' dir='ltr'><strong>oflicia,</strong></span> <span class='ocrx_word' id='word_1_159' title='bbox 2787 1153 2834 1194; x_wconf 89' lang='lat' dir='ltr'><strong>et</strong></span> <span class='ocrx_word' id='word_1_160' title='bbox 2858 1158 3227 1198; x_wconf 90' lang='lat' dir='ltr'><strong>eunsuuimaio</strong></span> <span class='ocrx_word' id='word_1_161' title='bbox 3257 1149 3376 1198; x_wconf 59' lang='lat' dir='ltr'><strong>vitai</strong></span> <span class='ocrx_word' id='word_1_162' title='bbox 3401 1147 3690 1210; x_wconf 80' lang='lat' dir='ltr'><strong>curriculo,</strong></span> <span class='ocrx_word' id='word_1_163' title='bbox 3713 1165 3833 1202; x_wconf 91' lang='lat' dir='ltr'><strong>cuni</strong></span> <span class='ocrx_word' id='word_1_164' title='bbox 3861 1151 4032 1218; x_wconf 77' lang='lat' dir='ltr'><strong>palma</strong></span> 
     </span>
    </p>
   </div>
   <div class='ocr_carea' id='block_1_26' title="bbox 2452 1233 4036 1307">
    <p class='ocr_par' dir='ltr' id='par_1_26' title="bbox 2452 1233 4036 1307">
     <span class='ocr_line' id='line_1_26' title="bbox 2452 1233 4036 1307; baseline 0.006 -25"><span class='ocrx_word' id='word_1_165' title='bbox 2452 1233 2768 1299; x_wconf 74' lang='lat' dir='ltr'><strong>virginitatis</strong></span> <span class='ocrx_word' id='word_1_166' title='bbox 2797 1236 2995 1286; x_wconf 84' lang='lat' dir='ltr'><strong>scalaui</strong></span> <span class='ocrx_word' id='word_1_167' title='bbox 3039 1236 3202 1288; x_wconf 62' lang='lat' dir='ltr'><strong>.Iacuh</strong></span> <span class='ocrx_word' id='word_1_168' title='bbox 3229 1238 3490 1290; x_wconf 78' lang='lat' dir='ltr'><strong>scandens</strong></span> <span class='ocrx_word' id='word_1_169' title='bbox 3518 1241 3832 1307; x_wconf 84' lang='lat' dir='ltr'><strong>angelorum</strong></span> <span class='ocrx_word' id='word_1_170' title='bbox 3881 1244 4036 1294; x_wconf 67' lang='lat' dir='ltr'><strong>C(Bii-</strong></span> 
     </span>
    </p>
   </div>
   <div class='ocr_carea' id='block_1_27' title="bbox 2451 1323 4036 1395">
    <p class='ocr_par' dir='ltr' id='par_1_27' title="bbox 2451 1323 4036 1395">
     <span class='ocr_line' id='line_1_27' title="bbox 2451 1323 4036 1395; baseline 0.006 -21"><span class='ocrx_word' id='word_1_171' title='bbox 2451 1323 2548 1374; x_wconf 87' lang='lat' dir='ltr'><strong>bus</strong></span> <span class='ocrx_word' id='word_1_172' title='bbox 2575 1323 2914 1389; x_wconf 80' lang='lat' dir='ltr'><strong>admiscetur,</strong></span> <span class='ocrx_word' id='word_1_173' title='bbox 2943 1336 2995 1378; x_wconf 90' lang='lat' dir='ltr'><strong>et</strong></span> <span class='ocrx_word' id='word_1_174' title='bbox 3019 1327 3175 1380; x_wconf 87' lang='lat' dir='ltr'><strong>beato</strong></span> <span class='ocrx_word' id='word_1_175' title='bbox 3204 1341 3556 1395; x_wconf 84' lang='lat' dir='ltr'><strong>supernorum</strong></span> <span class='ocrx_word' id='word_1_176' title='bbox 3603 1333 3874 1384; x_wconf 84' lang='lat' dir='ltr'><strong>consortio</strong></span> <span class='ocrx_word' id='word_1_177' title='bbox 3923 1331 4036 1385; x_wconf 78' lang='lat' dir='ltr'><strong>feli-</strong></span> 
     </span>
    </p>
   </div>
   <div class='ocr_carea' id='block_1_28' title="bbox 2450 1413 2920 1478">
    <p class='ocr_par' dir='ltr' id='par_1_28' title="bbox 2450 1413 2920 1478">
     <span class='ocr_line' id='line_1_28' title="bbox 2450 1413 2920 1478; baseline 0.002 -12"><span class='ocrx_word' id='word_1_178' title='bbox 2450 1424 2580 1466; x_wconf 83' lang='lat' dir='ltr'><strong>CIter</strong></span> <span class='ocrx_word' id='word_1_179' title='bbox 2613 1413 2920 1478; x_wconf 79' lang='lat' dir='ltr'><strong>perfruitur.</strong></span> 
     </span>
    </p>
   </div>
   <div class='ocr_carea' id='block_1_29' title="bbox 2525 1505 4035 1577">
    <p class='ocr_par' dir='ltr' id='par_1_29' title="bbox 2525 1505 4035 1577">
     <span class='ocr_line' id='line_1_29' title="bbox 2525 1505 4035 1577; baseline 0.007 -20"><span class='ocrx_word' id='word_1_180' title='bbox 2525 1505 2709 1558; x_wconf 66' lang='lat' dir='ltr'><strong>XXVI.</strong></span> <span class='ocrx_word' id='word_1_181' title='bbox 2749 1509 3085 1560; x_wconf 82' lang='lat' dir='ltr'><strong>Ambrosium</strong></span> <span class='ocrx_word' id='word_1_182' title='bbox 3116 1525 3240 1562; x_wconf 87' lang='lat' dir='ltr'><strong>vero</strong></span> <span class='ocrx_word' id='word_1_183' title='bbox 3262 1512 3476 1577; x_wconf 85' lang='lat' dir='ltr'><strong>superni</strong></span> <span class='ocrx_word' id='word_1_184' title='bbox 3510 1522 3738 1566; x_wconf 78' lang='lat' dir='ltr'><strong>nectaris</strong></span> <span class='ocrx_word' id='word_1_185' title='bbox 3765 1515 4035 1567; x_wconf 89' lang='lat' dir='ltr'><strong>ambrosia</strong></span> 
     </span>
    </p>
   </div>
   <div class='ocr_carea' id='block_1_30' title="bbox 2453 1596 4036 1658">
    <p class='ocr_par' dir='ltr' id='par_1_30' title="bbox 2453 1596 4036 1658">
     <span class='ocr_line' id='line_1_30' title="bbox 2453 1596 4036 1658; baseline 0.006 -9"><span class='ocrx_word' id='word_1_186' title='bbox 2453 1596 2779 1650; x_wconf 90' lang='lat' dir='ltr'><strong>redolentem</strong></span> <span class='ocrx_word' id='word_1_187' title='bbox 2814 1601 2913 1651; x_wconf 87' lang='lat' dir='ltr'><strong>sub</strong></span> <span class='ocrx_word' id='word_1_188' title='bbox 2955 1600 3336 1652; x_wconf 73' lang='lat' dir='ltr'><strong>taciturnitatis</strong></span> <span class='ocrx_word' id='word_1_189' title='bbox 3385 1604 3690 1656; x_wconf 88' lang='lat' dir='ltr'><strong>velamento</strong></span> <span class='ocrx_word' id='word_1_190' title='bbox 3719 1604 4036 1658; x_wconf 81' lang='lat' dir='ltr'><strong>delitescere</strong></span> 
     </span>
    </p>
   </div>
   <div class='ocr_carea' id='block_1_31' title="bbox 2453 1689 4035 1759">
    <p class='ocr_par' dir='ltr' id='par_1_31' title="bbox 2453 1689 4035 1759">
     <span class='ocr_line' id='line_1_31' title="bbox 2453 1689 4035 1759; baseline 0.006 -19"><span class='ocrx_word' id='word_1_191' title='bbox 2453 1704 2556 1740; x_wconf 90' lang='lat' dir='ltr'><strong>non</strong></span> <span class='ocrx_word' id='word_1_192' title='bbox 2597 1695 2790 1754; x_wconf 88' lang='lat' dir='ltr'><strong>patiar,</strong></span> <span class='ocrx_word' id='word_1_193' title='bbox 2823 1689 2975 1758; x_wconf 90' lang='lat' dir='ltr'><strong>cujus</strong></span> <span class='ocrx_word' id='word_1_194' title='bbox 3009 1689 3319 1743; x_wconf 82' lang='lat' dir='ltr'><strong>uiellilluam</strong></span> <span class='ocrx_word' id='word_1_195' title='bbox 3351 1691 3661 1759; x_wconf 89' lang='lat' dir='ltr'><strong>dogmatuiii</strong></span> <span class='ocrx_word' id='word_1_196' title='bbox 3693 1695 4035 1749; x_wconf 82' lang='lat' dir='ltr'><strong>dulcedinem</strong></span> 
     </span>
    </p>
   </div>
   <div class='ocr_carea' id='block_1_32' title="bbox 2451 1782 4036 1855">
    <p class='ocr_par' dir='ltr' id='par_1_32' title="bbox 2451 1782 4036 1855">
     <span class='ocr_line' id='line_1_32' title="bbox 2451 1782 4036 1855; baseline 0.003 -24"><span class='ocrx_word' id='word_1_197' title='bbox 2451 1788 2506 1832; x_wconf 89' lang='lat' dir='ltr'><strong>et</strong></span> <span class='ocrx_word' id='word_1_198' title='bbox 2549 1796 2693 1847; x_wconf 79' lang='lat' dir='ltr'><strong>pura:</strong></span> <span class='ocrx_word' id='word_1_199' title='bbox 2737 1782 3057 1848; x_wconf 72' lang='lat' dir='ltr'><strong>virginitatis</strong></span> <span class='ocrx_word' id='word_1_200' title='bbox 3088 1784 3492 1849; x_wconf 68' lang='lat' dir='ltr'><strong>prmrogativam</strong></span> <span class='ocrx_word' id='word_1_201' title='bbox 3525 1784 3747 1852; x_wconf 91' lang='lat' dir='ltr'><strong>piilclira</strong></span> <span class='ocrx_word' id='word_1_202' title='bbox 3779 1786 4036 1855; x_wconf 64' lang='lat' dir='ltr'><strong>priusagia</strong></span> 
     </span>
    </p>
   </div>
   <div class='ocr_carea' id='block_1_33' title="bbox 753 1853 2361 1948">
    <p class='ocr_par' dir='ltr' id='par_1_33' title="bbox 753 1853 2338 1948">
     <span class='ocr_line' id='line_1_33' title="bbox 753 1853 2338 1948; baseline 0 -13"><span class='ocrx_word' id='word_1_203' title='bbox 753 1885 1035 1937; x_wconf 84' lang='lat' dir='ltr'><strong>duodenos</strong></span> <span class='ocrx_word' id='word_1_204' title='bbox 1087 1853 1391 1936; x_wconf 67' lang='lat' dir='ltr'><strong>Judaioriiin</strong></span> <span class='ocrx_word' id='word_1_205' title='bbox 1446 1891 1802 1948; x_wconf 75' lang='lat' dir='ltr'><strong>prmeeptores</strong></span> <span class='ocrx_word' id='word_1_206' title='bbox 1841 1891 1896 1936; x_wconf 88' lang='lat' dir='ltr'><strong>et</strong></span> <span class='ocrx_word' id='word_1_207' title='bbox 1953 1881 2338 1936; x_wconf 71' lang='lat' dir='ltr'><strong>Pharisazornm</strong></span> 
     </span>
    </p>
   </div>
   <div class='ocr_carea' id='block_1_34' title="bbox 2449 1853 4038 1948">
    <p class='ocr_par' dir='ltr' id='par_1_34' title="bbox 2452 1874 4038 1941">
     <span class='ocr_line' id='line_1_34' title="bbox 2452 1874 4038 1941; baseline 0.004 -16"><span class='ocrx_word' id='word_1_208' title='bbox 2452 1874 2863 1939; x_wconf 87' lang='lat' dir='ltr'><strong>portendebant.</strong></span> <span class='ocrx_word' id='word_1_209' title='bbox 2918 1875 3197 1941; x_wconf 74' lang='lat' dir='ltr'><strong>Siquidem</strong></span> <span class='ocrx_word' id='word_1_210' title='bbox 3243 1877 3536 1929; x_wconf 79' lang='lat' dir='ltr'><strong>infantulus</strong></span> <span class='ocrx_word' id='word_1_211' title='bbox 3605 1891 3724 1930; x_wconf 91' lang='lat' dir='ltr'><strong>cuin</strong></span> <span class='ocrx_word' id='word_1_212' title='bbox 3787 1879 3838 1930; x_wconf 92' lang='lat' dir='ltr'><strong>in</strong></span> <span class='ocrx_word' id='word_1_213' title='bbox 3886 1880 4038 1931; x_wconf 87' lang='lat' dir='ltr'><strong>cunis</strong></span> 
     </span>
    </p>
   </div>
   <div class='ocr_carea' id='block_1_35' title="bbox 755 1975 2341 2040">
    <p class='ocr_par' dir='ltr' id='par_1_35' title="bbox 755 1975 2341 2040">
     <span class='ocr_line' id='line_1_35' title="bbox 755 1975 2341 2040; baseline 0.001 -12"><span class='ocrx_word' id='word_1_214' title='bbox 755 1977 988 2028; x_wconf 87' lang='lat' dir='ltr'><strong>rabbites</strong></span> <span class='ocrx_word' id='word_1_215' title='bbox 1027 1975 1140 2028; x_wconf 83' lang='lat' dir='ltr'><strong>dira</strong></span> <span class='ocrx_word' id='word_1_216' title='bbox 1188 1975 1607 2036; x_wconf 86' lang='lat' dir='ltr'><strong>dispiitatiouuiii</strong></span> <span class='ocrx_word' id='word_1_217' title='bbox 1660 1975 1858 2040; x_wconf 80' lang='lat' dir='ltr'><strong>Spicula</strong></span> <span class='ocrx_word' id='word_1_218' title='bbox 1909 1983 2096 2027; x_wconf 85' lang='lat' dir='ltr'><strong>eontra</strong></span> <span class='ocrx_word' id='word_1_219' title='bbox 2146 1975 2341 2029; x_wconf 80' lang='lat' dir='ltr'><strong>Chriin</strong></span> 
     </span>
    </p>
   </div>
   <div class='ocr_carea' id='block_1_36' title="bbox 753 2064 2344 2134">
    <p class='ocr_par' dir='ltr' id='par_1_36' title="bbox 753 2064 2344 2134">
     <span class='ocr_line' id='line_1_36' title="bbox 753 2064 2344 2134; baseline 0.001 -19"><span class='ocrx_word' id='word_1_220' title='bbox 753 2065 982 2116; x_wconf 88' lang='lat' dir='ltr'><strong>tironem</strong></span> <span class='ocrx_word' id='word_1_221' title='bbox 1031 2065 1247 2116; x_wconf 79' lang='lat' dir='ltr'><strong>triiciter</strong></span> <span class='ocrx_word' id='word_1_222' title='bbox 1296 2073 1627 2132; x_wconf 83' lang='lat' dir='ltr'><strong>torquentes,</strong></span> <span class='ocrx_word' id='word_1_223' title='bbox 1652 2064 1833 2115; x_wconf 90' lang='lat' dir='ltr'><strong>divino</strong></span> <span class='ocrx_word' id='word_1_224' title='bbox 1883 2066 2119 2116; x_wconf 69' lang='lat' dir='ltr'><strong>conlisus</strong></span> <span class='ocrx_word' id='word_1_225' title='bbox 2155 2066 2344 2134; x_wconf 79' lang='lat' dir='ltr'><strong>clypeo</strong></span> 
     </span>
    </p>
   </div>
   <div class='ocr_carea' id='block_1_37' title="bbox 752 2154 2341 2223">
    <p class='ocr_par' dir='ltr' id='par_1_37' title="bbox 752 2154 2341 2223">
     <span class='ocr_line' id='line_1_37' title="bbox 752 2154 2341 2223; baseline 0.002 -18"><span class='ocrx_word' id='word_1_226' title='bbox 752 2156 1014 2207; x_wconf 83' lang='lat' dir='ltr'><strong>conftilat.</strong></span> <span class='ocrx_word' id='word_1_227' title='bbox 1048 2154 1192 2207; x_wconf 88' lang='lat' dir='ltr'><strong>Idem</strong></span> <span class='ocrx_word' id='word_1_228' title='bbox 1218 2171 1430 2223; x_wconf 86' lang='lat' dir='ltr'><strong>quoque</strong></span> <span class='ocrx_word' id='word_1_229' title='bbox 1456 2157 1650 2221; x_wconf 77' lang='lat' dir='ltr'><strong>przcsul</strong></span> <span class='ocrx_word' id='word_1_230' title='bbox 1685 2156 1951 2207; x_wconf 72' lang='lat' dir='ltr'><strong>Stilllﬂillfn</strong></span> <span class='ocrx_word' id='word_1_231' title='bbox 1984 2155 2341 2217; x_wconf 75' lang='lat' dir='ltr'><strong>C-iiislaiitiiii,</strong></span> 
     </span>
    </p>
   </div>
   <div class='ocr_carea' id='block_1_38' title="bbox 753 2247 2343 2316">
    <p class='ocr_par' dir='ltr' id='par_1_38' title="bbox 753 2247 2343 2316">
     <span class='ocr_line' id='line_1_38' title="bbox 753 2247 2343 2316; baseline 0 -17"><span class='ocrx_word' id='word_1_232' title='bbox 753 2262 928 2299; x_wconf 87' lang='lat' dir='ltr'><strong>rerum</strong></span> <span class='ocrx_word' id='word_1_233' title='bbox 962 2249 1235 2300; x_wconf 87' lang='lat' dir='ltr'><strong>latentium</strong></span> <span class='ocrx_word' id='word_1_234' title='bbox 1273 2248 1526 2314; x_wconf 83' lang='lat' dir='ltr'><strong>pra-sagia</strong></span> <span class='ocrx_word' id='word_1_235' title='bbox 1578 2248 1924 2313; x_wconf 68' lang='lat' dir='ltr'><strong>portendens,</strong></span> <span class='ocrx_word' id='word_1_236' title='bbox 1961 2248 2090 2298; x_wconf 90' lang='lat' dir='ltr'><strong>inira</strong></span> <span class='ocrx_word' id='word_1_237' title='bbox 2135 2247 2343 2316; x_wconf 68' lang='lat' dir='ltr'><strong>sagaci-</strong></span> 
     </span>
    </p>
   </div>
   <div class='ocr_carea' id='block_1_39' title="bbox 755 2337 2343 2405">
    <p class='ocr_par' dir='ltr' id='par_1_39' title="bbox 755 2337 2343 2405">
     <span class='ocr_line' id='line_1_39' title="bbox 755 2337 2343 2405; baseline 0.001 -19"><span class='ocrx_word' id='word_1_238' title='bbox 755 2347 863 2387; x_wconf 88' lang='lat' dir='ltr'><strong>tate</strong></span> <span class='ocrx_word' id='word_1_239' title='bbox 889 2338 1179 2404; x_wconf 79' lang='lat' dir='ltr'><strong>prudenter</strong></span> <span class='ocrx_word' id='word_1_240' title='bbox 1211 2337 1482 2404; x_wconf 79' lang='lat' dir='ltr'><strong>patefecit.</strong></span> <span class='ocrx_word' id='word_1_241' title='bbox 1511 2337 1789 2405; x_wconf 82' lang='lat' dir='ltr'><strong>Siquidem</strong></span> <span class='ocrx_word' id='word_1_242' title='bbox 1825 2339 2135 2403; x_wconf 75' lang='lat' dir='ltr'><strong>imperator,</strong></span> <span class='ocrx_word' id='word_1_243' title='bbox 2170 2339 2221 2390; x_wconf 88' lang='lat' dir='ltr'><strong>iii</strong></span> <span class='ocrx_word' id='word_1_244' title='bbox 2267 2341 2343 2390; x_wconf 87' lang='lat' dir='ltr'><strong>ci-</strong></span> 
     </span>
    </p>
   </div>
   <div class='ocr_carea' id='block_1_40' title="bbox 752 2426 2342 2495">
    <p class='ocr_par' dir='ltr' id='par_1_40' title="bbox 752 2426 2342 2495">
     <span class='ocr_line' id='line_1_40' title="bbox 752 2426 2342 2495; baseline 0.004 -21"><span class='ocrx_word' id='word_1_245' title='bbox 752 2426 914 2477; x_wconf 86' lang='lat' dir='ltr'><strong>vitate</strong></span> <span class='ocrx_word' id='word_1_246' title='bbox 936 2442 1053 2493; x_wconf 71' lang='lat' dir='ltr'><strong>qua:</strong></span> <span class='ocrx_word' id='word_1_247' title='bbox 1079 2427 1391 2495; x_wconf 75' lang='lat' dir='ltr'><strong>Byzantium</strong></span> <span class='ocrx_word' id='word_1_248' title='bbox 1416 2428 1726 2488; x_wconf 85' lang='lat' dir='ltr'><strong>vocabatur,</strong></span> <span class='ocrx_word' id='word_1_249' title='bbox 1755 2442 1874 2480; x_wconf 85' lang='lat' dir='ltr'><strong>Cum</strong></span> <span class='ocrx_word' id='word_1_250' title='bbox 1903 2429 2140 2479; x_wconf 86' lang='lat' dir='ltr'><strong>membra</strong></span> <span class='ocrx_word' id='word_1_251' title='bbox 2166 2430 2342 2488; x_wconf 82' lang='lat' dir='ltr'><strong>snpori</strong></span> 
     </span>
    </p>
   </div>
   <div class='ocr_carea' id='block_1_41' title="bbox 751 2515 2342 2583">
    <p class='ocr_par' dir='ltr' id='par_1_41' title="bbox 751 2515 2342 2583">
     <span class='ocr_line' id='line_1_41' title="bbox 751 2515 2342 2583; baseline 0.003 -17"><span class='ocrx_word' id='word_1_252' title='bbox 751 2515 1008 2579; x_wconf 73' lang='lat' dir='ltr'><strong>dedisset,</strong></span> <span class='ocrx_word' id='word_1_253' title='bbox 1037 2525 1092 2569; x_wconf 90' lang='lat' dir='ltr'><strong>et</strong></span> <span class='ocrx_word' id='word_1_254' title='bbox 1119 2517 1354 2568; x_wconf 83' lang='lat' dir='ltr'><strong>debitum</strong></span> <span class='ocrx_word' id='word_1_255' title='bbox 1381 2527 1588 2569; x_wconf 67' lang='lat' dir='ltr'><strong>natura:</strong></span> <span class='ocrx_word' id='word_1_256' title='bbox 1621 2518 1876 2578; x_wconf 76' lang='lat' dir='ltr'><strong>solveret,</strong></span> <span class='ocrx_word' id='word_1_257' title='bbox 1911 2521 2155 2583; x_wconf 75' lang='lat' dir='ltr'><strong>apparuit</strong></span> <span class='ocrx_word' id='word_1_258' title='bbox 2202 2520 2247 2570; x_wconf 93' lang='lat' dir='ltr'><strong>ei</strong></span> <span class='ocrx_word' id='word_1_259' title='bbox 2290 2518 2342 2570; x_wconf 93' lang='lat' dir='ltr'><strong>in</strong></span> 
     </span>
    </p>
   </div>
   <div class='ocr_carea' id='block_1_42' title="bbox 751 2609 2338 2677">
    <p class='ocr_par' dir='ltr' id='par_1_42' title="bbox 751 2609 2338 2677">
     <span class='ocr_line' id='line_1_42' title="bbox 751 2609 2338 2677; baseline 0.002 -20"><span class='ocrx_word' id='word_1_260' title='bbox 751 2609 957 2662; x_wconf 88' lang='lat' dir='ltr'><strong>vsione</strong></span> <span class='ocrx_word' id='word_1_261' title='bbox 1005 2618 1262 2662; x_wconf 88' lang='lat' dir='ltr'><strong>nocturna</strong></span> <span class='ocrx_word' id='word_1_262' title='bbox 1312 2609 1556 2677; x_wconf 79' lang='lat' dir='ltr'><strong>qiizedam</strong></span> <span class='ocrx_word' id='word_1_263' title='bbox 1611 2609 1823 2661; x_wconf 85' lang='lat' dir='ltr'><strong>anicula</strong></span> <span class='ocrx_word' id='word_1_264' title='bbox 1872 2613 2004 2660; x_wconf 84' lang='lat' dir='ltr'><strong>satis</strong></span> <span class='ocrx_word' id='word_1_265' title='bbox 2050 2609 2338 2674; x_wconf 91' lang='lat' dir='ltr'><strong>decrepita,</strong></span> 
     </span>
    </p>
   </div>
   <div class='ocr_carea' id='block_1_43' title="bbox 752 2699 2344 2770">
    <p class='ocr_par' dir='ltr' id='par_1_43' title="bbox 752 2699 2344 2770">
     <span class='ocr_line' id='line_1_43' title="bbox 752 2699 2344 2770; baseline 0 -18"><span class='ocrx_word' id='word_1_266' title='bbox 752 2701 914 2754; x_wconf 88' lang='lat' dir='ltr'><strong>etiam</strong></span> <span class='ocrx_word' id='word_1_267' title='bbox 947 2717 1080 2768; x_wconf 86' lang='lat' dir='ltr'><strong>pene</strong></span> <span class='ocrx_word' id='word_1_268' title='bbox 1108 2711 1340 2764; x_wconf 91' lang='lat' dir='ltr'><strong>mortua,</strong></span> <span class='ocrx_word' id='word_1_269' title='bbox 1366 2716 1524 2770; x_wconf 88' lang='lat' dir='ltr'><strong>quam</strong></span> <span class='ocrx_word' id='word_1_270' title='bbox 1557 2702 1854 2769; x_wconf 80' lang='lat' dir='ltr'><strong>imperante</strong></span> <span class='ocrx_word' id='word_1_271' title='bbox 1886 2699 2160 2768; x_wconf 84' lang='lat' dir='ltr'><strong>Sylvestro</strong></span> <span class='ocrx_word' id='word_1_272' title='bbox 2176 2701 2344 2752; x_wconf 80' lang='lat' dir='ltr'><strong>susci-</strong></span> 
     </span>
    </p>
   </div>
   <div class='ocr_carea' id='block_1_44' title="bbox 755 2793 2341 2859">
    <p class='ocr_par' dir='ltr' id='par_1_44' title="bbox 755 2793 2341 2859">
     <span class='ocr_line' id='line_1_44' title="bbox 755 2793 2341 2859; baseline 0.003 -17"><span class='ocrx_word' id='word_1_273' title='bbox 755 2801 866 2844; x_wconf 83' lang='lat' dir='ltr'><strong>tare</strong></span> <span class='ocrx_word' id='word_1_274' title='bbox 889 2794 1093 2846; x_wconf 88' lang='lat' dir='ltr'><strong>orando</strong></span> <span class='ocrx_word' id='word_1_275' title='bbox 1117 2793 1354 2859; x_wconf 88' lang='lat' dir='ltr'><strong>jiilietur.</strong></span> <span class='ocrx_word' id='word_1_276' title='bbox 1397 2795 1596 2846; x_wconf 86' lang='lat' dir='ltr'><strong>Oraiite</strong></span> <span class='ocrx_word' id='word_1_277' title='bbox 1645 2804 1820 2844; x_wconf 89' lang='lat' dir='ltr'><strong>autem</strong></span> <span class='ocrx_word' id='word_1_278' title='bbox 1854 2793 2223 2854; x_wconf 88' lang='lat' dir='ltr'><strong>Constantino,</strong></span> <span class='ocrx_word' id='word_1_279' title='bbox 2255 2795 2341 2846; x_wconf 92' lang='lat' dir='ltr'><strong>illa</strong></span> 
     </span>
    </p>
   </div>
   <div class='ocr_carea' id='block_1_45' title="bbox 751 2881 2338 2950">
    <p class='ocr_par' dir='ltr' id='par_1_45' title="bbox 751 2881 2338 2950">
     <span class='ocr_line' id='line_1_45' title="bbox 751 2881 2338 2950; baseline 0.002 -18"><span class='ocrx_word' id='word_1_280' title='bbox 751 2883 958 2934; x_wconf 85' lang='lat' dir='ltr'><strong>anicula</strong></span> <span class='ocrx_word' id='word_1_281' title='bbox 984 2883 1235 2947; x_wconf 67' lang='lat' dir='ltr'><strong>surrexit,</strong></span> <span class='ocrx_word' id='word_1_282' title='bbox 1269 2894 1322 2936; x_wconf 86' lang='lat' dir='ltr'><strong>et</strong></span> <span class='ocrx_word' id='word_1_283' title='bbox 1353 2883 1486 2935; x_wconf 90' lang='lat' dir='ltr'><strong>facta</strong></span> <span class='ocrx_word' id='word_1_284' title='bbox 1526 2893 1607 2937; x_wconf 87' lang='lat' dir='ltr'><strong>est</strong></span> <span class='ocrx_word' id='word_1_285' title='bbox 1631 2883 1913 2950; x_wconf 82' lang='lat' dir='ltr'><strong>jiiveiieula</strong></span> <span class='ocrx_word' id='word_1_286' title='bbox 1967 2881 2338 2950; x_wconf 86' lang='lat' dir='ltr'><strong>pulcherrima,</strong></span> 
     </span>
    </p>
   </div>
   <div class='ocr_carea' id='block_1_46' title="bbox 752 2975 2338 3042">
    <p class='ocr_par' dir='ltr' id='par_1_46' title="bbox 752 2975 2338 3042">
     <span class='ocr_line' id='line_1_46' title="bbox 752 2975 2338 3042; baseline 0.004 -18"><span class='ocrx_word' id='word_1_287' title='bbox 752 2976 899 3026; x_wconf 83' lang='lat' dir='ltr'><strong>velut</strong></span> <span class='ocrx_word' id='word_1_288' title='bbox 930 2977 1225 3029; x_wconf 87' lang='lat' dir='ltr'><strong>rubicundo</strong></span> <span class='ocrx_word' id='word_1_289' title='bbox 1252 2985 1489 3028; x_wconf 66' lang='lat' dir='ltr'><strong>venusta:</strong></span> <span class='ocrx_word' id='word_1_290' title='bbox 1521 2977 1812 3042; x_wconf 85' lang='lat' dir='ltr'><strong>pubertatis</strong></span> <span class='ocrx_word' id='word_1_291' title='bbox 1843 2976 1973 3029; x_wconf 83' lang='lat' dir='ltr'><strong>ﬂore</strong></span> <span class='ocrx_word' id='word_1_292' title='bbox 2003 2975 2299 3041; x_wconf 88' lang='lat' dir='ltr'><strong>pubescens</strong></span> <span class='ocrx_word' id='word_1_293' title='bbox 2325 2995 2338 3042; x_wconf 92' lang='lat'>;</span> 
     </span>
    </p>
   </div>
   <div class='ocr_carea' id='block_1_47' title="bbox 749 3069 2342 3135">
    <p class='ocr_par' dir='ltr' id='par_1_47' title="bbox 749 3069 2342 3135">
     <span class='ocr_line' id='line_1_47' title="bbox 749 3069 2342 3135; baseline 0.004 -21"><span class='ocrx_word' id='word_1_294' title='bbox 749 3082 866 3130; x_wconf 70' lang='lat' dir='ltr'><strong>qua!</strong></span> <span class='ocrx_word' id='word_1_295' title='bbox 897 3081 1018 3119; x_wconf 92' lang='lat' dir='ltr'><strong>cuni</strong></span> <span class='ocrx_word' id='word_1_296' title='bbox 1049 3077 1194 3118; x_wconf 86' lang='lat' dir='ltr'><strong>casta</strong></span> <span class='ocrx_word' id='word_1_297' title='bbox 1243 3069 1698 3132; x_wconf 85' lang='lat' dir='ltr'><strong>contemplatione</strong></span> <span class='ocrx_word' id='word_1_298' title='bbox 1738 3069 2005 3135; x_wconf 80' lang='lat' dir='ltr'><strong>regalibus</strong></span> <span class='ocrx_word' id='word_1_299' title='bbox 2055 3069 2342 3134; x_wconf 81' lang='lat' dir='ltr'><strong>placuisSct</strong></span> 
     </span>
    </p>
   </div>
   <div class='ocr_carea' id='block_1_48' title="bbox 750 3157 2336 3226">
    <p class='ocr_par' dir='ltr' id='par_1_48' title="bbox 750 3157 2336 3226">
     <span class='ocr_line' id='line_1_48' title="bbox 750 3157 2336 3226; baseline 0.003 -18"><span class='ocrx_word' id='word_1_300' title='bbox 750 3157 1048 3221; x_wconf 87' lang='lat' dir='ltr'><strong>obtutibus,</strong></span> <span class='ocrx_word' id='word_1_301' title='bbox 1081 3159 1255 3210; x_wconf 87' lang='lat' dir='ltr'><strong>induit</strong></span> <span class='ocrx_word' id='word_1_302' title='bbox 1307 3173 1424 3211; x_wconf 87' lang='lat' dir='ltr'><strong>eam</strong></span> <span class='ocrx_word' id='word_1_303' title='bbox 1456 3159 1790 3226; x_wconf 83' lang='lat' dir='ltr'><strong>chlamydem</strong></span> <span class='ocrx_word' id='word_1_304' title='bbox 1818 3173 1986 3218; x_wconf 86' lang='lat' dir='ltr'><strong>suam,</strong></span> <span class='ocrx_word' id='word_1_305' title='bbox 2014 3168 2066 3210; x_wconf 93' lang='lat' dir='ltr'><strong>et</strong></span> <span class='ocrx_word' id='word_1_306' title='bbox 2091 3159 2336 3211; x_wconf 86' lang='lat' dir='ltr'><strong>diadema</strong></span> 
     </span>
    </p>
   </div>
   <div class='ocr_carea' id='block_1_49' title="bbox 749 3249 2336 3317">
    <p class='ocr_par' dir='ltr' id='par_1_49' title="bbox 749 3249 2336 3317">
     <span class='ocr_line' id='line_1_49' title="bbox 749 3249 2336 3317; baseline 0.003 -19"><span class='ocrx_word' id='word_1_307' title='bbox 749 3263 883 3300; x_wconf 89' lang='lat' dir='ltr'><strong>auro</strong></span> <span class='ocrx_word' id='word_1_308' title='bbox 934 3250 1131 3316; x_wconf 82' lang='lat' dir='ltr'><strong>oliryzo</strong></span> <span class='ocrx_word' id='word_1_309' title='bbox 1165 3251 1496 3317; x_wconf 84' lang='lat' dir='ltr'><strong>gemmisque</strong></span> <span class='ocrx_word' id='word_1_310' title='bbox 1542 3252 1821 3316; x_wconf 90' lang='lat' dir='ltr'><strong>purpureis</strong></span> <span class='ocrx_word' id='word_1_311' title='bbox 1869 3259 2117 3302; x_wconf 89' lang='lat' dir='ltr'><strong>ornatum</strong></span> <span class='ocrx_word' id='word_1_312' title='bbox 2161 3249 2336 3315; x_wconf 80' lang='lat' dir='ltr'><strong>posuit</strong></span> 
     </span>
    </p>
   </div>
   <div class='ocr_carea' id='block_1_50' title="bbox 748 3339 2340 3406">
    <p class='ocr_par' dir='ltr' id='par_1_50' title="bbox 748 3339 2340 3406">
     <span class='ocr_line' id='line_1_50' title="bbox 748 3339 2340 3406; baseline 0.003 -16"><span class='ocrx_word' id='word_1_313' title='bbox 748 3351 911 3405; x_wconf 74' lang='lat' dir='ltr'><strong>Super</strong></span> <span class='ocrx_word' id='word_1_314' title='bbox 938 3347 1097 3406; x_wconf 89' lang='lat' dir='ltr'><strong>caput</strong></span> <span class='ocrx_word' id='word_1_315' title='bbox 1119 3341 1260 3406; x_wconf 89' lang='lat' dir='ltr'><strong>ejus.</strong></span> <span class='ocrx_word' id='word_1_316' title='bbox 1291 3340 1490 3392; x_wconf 83' lang='lat' dir='ltr'><strong>lleleiia</strong></span> <span class='ocrx_word' id='word_1_317' title='bbox 1540 3349 1715 3392; x_wconf 89' lang='lat' dir='ltr'><strong>autem</strong></span> <span class='ocrx_word' id='word_1_318' title='bbox 1751 3351 1920 3392; x_wconf 79' lang='lat' dir='ltr'><strong>mater</strong></span> <span class='ocrx_word' id='word_1_319' title='bbox 1961 3339 2078 3406; x_wconf 85' lang='lat' dir='ltr'><strong>ejus</strong></span> <span class='ocrx_word' id='word_1_320' title='bbox 2127 3341 2340 3394; x_wconf 88' lang='lat' dir='ltr'><strong>dicebat</strong></span> 
     </span>
    </p>
   </div>
   <div class='ocr_carea' id='block_1_51' title="bbox 748 3426 2333 3492">
    <p class='ocr_par' dir='ltr' id='par_1_51' title="bbox 748 3426 2333 3492">
     <span class='ocr_line' id='line_1_51' title="bbox 748 3426 2333 3492; baseline 0.002 -12"><span class='ocrx_word' id='word_1_321' title='bbox 748 3428 798 3480; x_wconf 87' lang='lat' dir='ltr'><strong>ei</strong></span> <span class='ocrx_word' id='word_1_322' title='bbox 829 3443 843 3478; x_wconf 88' lang='lat'><strong>:</strong></span> <span class='ocrx_word' id='word_1_323' title='bbox 870 3426 993 3479; x_wconf 68' lang='lat' dir='ltr'><strong>“me</strong></span> <span class='ocrx_word' id='word_1_324' title='bbox 1018 3436 1102 3479; x_wconf 86' lang='lat' dir='ltr'><strong>tua</strong></span> <span class='ocrx_word' id='word_1_325' title='bbox 1132 3428 1256 3492; x_wconf 88' lang='lat' dir='ltr'><strong>erit,</strong></span> <span class='ocrx_word' id='word_1_326' title='bbox 1277 3437 1330 3481; x_wconf 88' lang='lat' dir='ltr'><strong>et</strong></span> <span class='ocrx_word' id='word_1_327' title='bbox 1362 3444 1464 3481; x_wconf 94' lang='lat' dir='ltr'><strong>non</strong></span> <span class='ocrx_word' id='word_1_328' title='bbox 1496 3432 1770 3489; x_wconf 85' lang='lat' dir='ltr'><strong>morietur,</strong></span> <span class='ocrx_word' id='word_1_329' title='bbox 1802 3429 1900 3482; x_wconf 81' lang='lat' dir='ltr'><strong>nisi</strong></span> <span class='ocrx_word' id='word_1_330' title='bbox 1927 3431 1976 3482; x_wconf 93' lang='lat' dir='ltr'><strong>in</strong></span> <span class='ocrx_word' id='word_1_331' title='bbox 2004 3433 2106 3483; x_wconf 87' lang='lat' dir='ltr'><strong>fine</strong></span> <span class='ocrx_word' id='word_1_332' title='bbox 2131 3432 2333 3483; x_wconf 87' lang='lat' dir='ltr'><strong>mundi.</strong></span> 
     </span>
    </p>
   </div>
   <div class='ocr_carea' id='block_1_52' title="bbox 749 3517 2339 3588">
    <p class='ocr_par' dir='ltr' id='par_1_52' title="bbox 749 3517 2339 3588">
     <span class='ocr_line' id='line_1_52' title="bbox 749 3517 2339 3588; baseline 0.003 -19"><span class='ocrx_word' id='word_1_333' title='bbox 749 3517 915 3583; x_wconf 85' lang='lat' dir='ltr'><strong>Igitur</strong></span> <span class='ocrx_word' id='word_1_334' title='bbox 943 3518 1352 3586; x_wconf 79' lang='lat' dir='ltr'><strong>expergefaetiis</strong></span> <span class='ocrx_word' id='word_1_335' title='bbox 1399 3519 1686 3587; x_wconf 88' lang='lat' dir='ltr'><strong>imperator</strong></span> <span class='ocrx_word' id='word_1_336' title='bbox 1713 3521 2006 3572; x_wconf 91' lang='lat' dir='ltr'><strong>futurarum</strong></span> <span class='ocrx_word' id='word_1_337' title='bbox 2043 3521 2339 3588; x_wconf 82' lang='lat' dir='ltr'><strong>ignorantia</strong></span> 
     </span>
    </p>
   </div>
   <div class='ocr_carea' id='block_1_53' title="bbox 748 3609 2338 3678">
    <p class='ocr_par' dir='ltr' id='par_1_53' title="bbox 748 3609 2338 3678">
     <span class='ocr_line' id='line_1_53' title="bbox 748 3609 2338 3678; baseline 0.003 -17"><span class='ocrx_word' id='word_1_338' title='bbox 748 3623 927 3661; x_wconf 87' lang='lat' dir='ltr'><strong>rerum</strong></span> <span class='ocrx_word' id='word_1_339' title='bbox 955 3609 1152 3662; x_wconf 85' lang='lat' dir='ltr'><strong>acriter</strong></span> <span class='ocrx_word' id='word_1_340' title='bbox 1175 3619 1432 3671; x_wconf 87' lang='lat' dir='ltr'><strong>arctatur,</strong></span> <span class='ocrx_word' id='word_1_341' title='bbox 1471 3610 1642 3663; x_wconf 75' lang='lat' dir='ltr'><strong>donec</strong></span> <span class='ocrx_word' id='word_1_342' title='bbox 1667 3627 1760 3678; x_wconf 88' lang='lat' dir='ltr'><strong>per</strong></span> <span class='ocrx_word' id='word_1_343' title='bbox 1776 3612 2020 3677; x_wconf 79' lang='lat' dir='ltr'><strong>siiiiplain</strong></span> <span class='ocrx_word' id='word_1_344' title='bbox 2049 3613 2338 3666; x_wconf 80' lang='lat' dir='ltr'><strong>hebdoma-</strong></span> 
     </span>
    </p>
   </div>
   <div class='ocr_carea' id='block_1_54' title="bbox 749 3698 2337 3771">
    <p class='ocr_par' dir='ltr' id='par_1_54' title="bbox 749 3698 2337 3771">
     <span class='ocr_line' id='line_1_54' title="bbox 749 3698 2337 3771; baseline 0.004 -21"><span class='ocrx_word' id='word_1_345' title='bbox 749 3700 832 3752; x_wconf 90' lang='lat' dir='ltr'><strong>dis</strong></span> <span class='ocrx_word' id='word_1_346' title='bbox 880 3698 1331 3766; x_wconf 84' lang='lat' dir='ltr'><strong>intercapedinem</strong></span> <span class='ocrx_word' id='word_1_347' title='bbox 1374 3715 1600 3767; x_wconf 76' lang='lat' dir='ltr'><strong>corpme</strong></span> <span class='ocrx_word' id='word_1_348' title='bbox 1636 3700 1956 3771; x_wconf 86' lang='lat' dir='ltr'><strong>frugalitatis</strong></span> <span class='ocrx_word' id='word_1_349' title='bbox 2006 3705 2337 3771; x_wconf 86' lang='lat' dir='ltr'><strong>parciiuonia</strong></span> 
     </span>
    </p>
   </div>
   <div class='ocr_carea' id='block_1_55' title="bbox 750 3787 2338 3857">
    <p class='ocr_par' dir='ltr' id='par_1_55' title="bbox 750 3787 2338 3857">
     <span class='ocr_line' id='line_1_55' title="bbox 750 3787 2338 3857; baseline 0.006 -19"><span class='ocrx_word' id='word_1_350' title='bbox 750 3787 1033 3842; x_wconf 90' lang='lat' dir='ltr'><strong>niaeileiito</strong></span> <span class='ocrx_word' id='word_1_351' title='bbox 1081 3804 1264 3842; x_wconf 68' lang='lat' dir='ltr'><strong>rursus</strong></span> <span class='ocrx_word' id='word_1_352' title='bbox 1316 3791 1365 3842; x_wconf 90' lang='lat' dir='ltr'><strong>in</strong></span> <span class='ocrx_word' id='word_1_353' title='bbox 1415 3805 1660 3857; x_wconf 78' lang='lat' dir='ltr'><strong>saporem</strong></span> <span class='ocrx_word' id='word_1_354' title='bbox 1692 3793 1934 3855; x_wconf 80' lang='lat' dir='ltr'><strong>solvitur,</strong></span> <span class='ocrx_word' id='word_1_355' title='bbox 1967 3796 2051 3844; x_wconf 86' lang='lat' dir='ltr'><strong>eiii</strong></span> <span class='ocrx_word' id='word_1_356' title='bbox 2103 3795 2183 3845; x_wconf 84' lang='lat' dir='ltr'><strong>vir</strong></span> <span class='ocrx_word' id='word_1_357' title='bbox 2215 3795 2338 3847; x_wconf 64' lang='lat' dir='ltr'><strong>vitae</strong></span> 
     </span>
    </p>
   </div>
   <div class='ocr_carea' id='block_1_56' title="bbox 747 3881 2332 3952">
    <p class='ocr_par' dir='ltr' id='par_1_56' title="bbox 747 3881 2332 3952">
     <span class='ocr_line' id='line_1_56' title="bbox 747 3881 2332 3952; baseline 0.004 -21"><span class='ocrx_word' id='word_1_358' title='bbox 747 3881 1072 3934; x_wconf 73' lang='lat' dir='ltr'><strong>venerabilis</strong></span> <span class='ocrx_word' id='word_1_359' title='bbox 1113 3882 1385 3949; x_wconf 69' lang='lat' dir='ltr'><strong>Sylvcster</strong></span> <span class='ocrx_word' id='word_1_360' title='bbox 1407 3884 1629 3950; x_wconf 86' lang='lat' dir='ltr'><strong>septima</strong></span> <span class='ocrx_word' id='word_1_361' title='bbox 1675 3885 1763 3937; x_wconf 85' lang='lat' dir='ltr'><strong>die</strong></span> <span class='ocrx_word' id='word_1_362' title='bbox 1795 3885 1984 3952; x_wconf 86' lang='lat' dir='ltr'><strong>jejunii</strong></span> <span class='ocrx_word' id='word_1_363' title='bbox 2028 3887 2106 3937; x_wconf 83' lang='lat' dir='ltr'><strong>sui</strong></span> <span class='ocrx_word' id='word_1_364' title='bbox 2150 3886 2332 3952; x_wconf 88' lang='lat' dir='ltr'><strong>adest,</strong></span> 
     </span>
    </p>
   </div>
   <div class='ocr_carea' id='block_1_57' title="bbox 751 3973 2341 4045">
    <p class='ocr_par' dir='ltr' id='par_1_57' title="bbox 751 3973 2341 4045">
     <span class='ocr_line' id='line_1_57' title="bbox 751 3973 2341 4045; baseline 0.005 -21"><span class='ocrx_word' id='word_1_365' title='bbox 751 3973 941 4026; x_wconf 89' lang='lat' dir='ltr'><strong>iterum</strong></span> <span class='ocrx_word' id='word_1_366' title='bbox 972 3975 1020 4026; x_wconf 91' lang='lat' dir='ltr'><strong>ei</strong></span> <span class='ocrx_word' id='word_1_367' title='bbox 1053 3975 1106 4026; x_wconf 93' lang='lat' dir='ltr'><strong>in</strong></span> <span class='ocrx_word' id='word_1_368' title='bbox 1135 3974 1339 4028; x_wconf 86' lang='lat' dir='ltr'><strong>visione</strong></span> <span class='ocrx_word' id='word_1_369' title='bbox 1367 3975 1554 4029; x_wconf 89' lang='lat' dir='ltr'><strong>dicens</strong></span> <span class='ocrx_word' id='word_1_370' title='bbox 1585 3994 1594 4025; x_wconf 94' lang='lat'><strong>:</strong></span> <span class='ocrx_word' id='word_1_371' title='bbox 1625 3978 1770 4032; x_wconf 81' lang='lat' dir='ltr'><strong>Anus</strong></span> <span class='ocrx_word' id='word_1_372' title='bbox 1797 3978 2090 4045; x_wconf 89' lang='lat' dir='ltr'><strong>decrepita,</strong></span> <span class='ocrx_word' id='word_1_373' title='bbox 2122 3979 2220 4032; x_wconf 91' lang='lat' dir='ltr'><strong>hoc</strong></span> <span class='ocrx_word' id='word_1_374' title='bbox 2257 3989 2341 4032; x_wconf 85' lang='lat' dir='ltr'><strong>cst</strong></span> 
     </span>
    </p>
   </div>
   <div class='ocr_carea' id='block_1_58' title="bbox 750 4063 2339 4137">
    <p class='ocr_par' dir='ltr' id='par_1_58' title="bbox 750 4063 2339 4137">
     <span class='ocr_line' id='line_1_58' title="bbox 750 4063 2339 4137; baseline 0.004 -22"><span class='ocrx_word' id='word_1_375' title='bbox 750 4063 936 4116; x_wconf 83' lang='lat' dir='ltr'><strong>civitas</strong></span> <span class='ocrx_word' id='word_1_376' title='bbox 969 4065 1018 4116; x_wconf 91' lang='lat' dir='ltr'><strong>in</strong></span> <span class='ocrx_word' id='word_1_377' title='bbox 1042 4081 1144 4132; x_wconf 90' lang='lat' dir='ltr'><strong>qua</strong></span> <span class='ocrx_word' id='word_1_378' title='bbox 1185 4073 1242 4118; x_wconf 89' lang='lat' dir='ltr'><strong>tu</strong></span> <span class='ocrx_word' id='word_1_379' title='bbox 1273 4068 1519 4128; x_wconf 90' lang='lat' dir='ltr'><strong>moraris,</strong></span> <span class='ocrx_word' id='word_1_380' title='bbox 1563 4068 1777 4120; x_wconf 87' lang='lat' dir='ltr'><strong>nomine</strong></span> <span class='ocrx_word' id='word_1_381' title='bbox 1805 4068 2113 4134; x_wconf 80' lang='lat' dir='ltr'><strong>Byzantium</strong></span> <span class='ocrx_word' id='word_1_382' title='bbox 2138 4112 2151 4130; x_wconf 85' lang='lat'><strong>,</strong></span> <span class='ocrx_word' id='word_1_383' title='bbox 2186 4071 2339 4137; x_wconf 87' lang='lat' dir='ltr'><strong>cujus</strong></span> 
     </span>
    </p>
   </div>
   <div class='ocr_carea' id='block_1_59' title="bbox 751 4153 2337 4224">
    <p class='ocr_par' dir='ltr' id='par_1_59' title="bbox 751 4153 2337 4224">
     <span class='ocr_line' id='line_1_59' title="bbox 751 4153 2337 4224; baseline 0.004 -20"><span class='ocrx_word' id='word_1_384' title='bbox 751 4154 886 4205; x_wconf 87' lang='lat' dir='ltr'><strong>muri</strong></span> <span class='ocrx_word' id='word_1_385' title='bbox 913 4153 1018 4221; x_wconf 89' lang='lat' dir='ltr'><strong>jam</strong></span> <span class='ocrx_word' id='word_1_386' title='bbox 1053 4170 1160 4218; x_wconf 65' lang='lat' dir='ltr'><strong>pra:</strong></span> <span class='ocrx_word' id='word_1_387' title='bbox 1191 4164 1451 4208; x_wconf 88' lang='lat' dir='ltr'><strong>vetustate</strong></span> <span class='ocrx_word' id='word_1_388' title='bbox 1475 4157 1775 4222; x_wconf 90' lang='lat' dir='ltr'><strong>consumpti</strong></span> <span class='ocrx_word' id='word_1_389' title='bbox 1809 4167 1951 4219; x_wconf 89' lang='lat' dir='ltr'><strong>sunt,</strong></span> <span class='ocrx_word' id='word_1_390' title='bbox 1977 4168 2029 4211; x_wconf 88' lang='lat' dir='ltr'><strong>et</strong></span> <span class='ocrx_word' id='word_1_391' title='bbox 2058 4173 2192 4224; x_wconf 91' lang='lat' dir='ltr'><strong>pene</strong></span> <span class='ocrx_word' id='word_1_392' title='bbox 2220 4173 2337 4210; x_wconf 92' lang='lat' dir='ltr'><strong>om-</strong></span> 
     </span>
    </p>
   </div>
   <div class='ocr_carea' id='block_1_60' title="bbox 755 4245 2334 4316">
    <p class='ocr_par' dir='ltr' id='par_1_60' title="bbox 755 4245 2334 4316">
     <span class='ocr_line' id='line_1_60' title="bbox 755 4245 2334 4316; baseline 0.004 -21"><span class='ocrx_word' id='word_1_393' title='bbox 755 4248 840 4297; x_wconf 92' lang='lat' dir='ltr'><strong>nia</strong></span> <span class='ocrx_word' id='word_1_394' title='bbox 892 4247 1083 4298; x_wconf 77' lang='lat' dir='ltr'><strong>mtrnia</strong></span> <span class='ocrx_word' id='word_1_395' title='bbox 1129 4245 1245 4314; x_wconf 78' lang='lat' dir='ltr'><strong>ejus</strong></span> <span class='ocrx_word' id='word_1_396' title='bbox 1284 4256 1622 4300; x_wconf 86' lang='lat' dir='ltr'><strong>corruerunt.</strong></span> <span class='ocrx_word' id='word_1_397' title='bbox 1679 4249 1924 4302; x_wconf 80' lang='lat' dir='ltr'><strong>Ascende</strong></span> <span class='ocrx_word' id='word_1_398' title='bbox 1967 4250 2144 4316; x_wconf 91' lang='lat' dir='ltr'><strong>itaque</strong></span> <span class='ocrx_word' id='word_1_399' title='bbox 2190 4249 2334 4302; x_wconf 73' lang='lat' dir='ltr'><strong>illuni</strong></span> 
     </span>
    </p>
   </div>
   <div class='ocr_carea' id='block_1_61' title="bbox 752 4339 2338 4405">
    <p class='ocr_par' dir='ltr' id='par_1_61' title="bbox 752 4339 2338 4405">
     <span class='ocr_line' id='line_1_61' title="bbox 752 4339 2338 4405; baseline 0.003 -15"><span class='ocrx_word' id='word_1_400' title='bbox 752 4352 947 4402; x_wconf 87' lang='lat' dir='ltr'><strong>equum</strong></span> <span class='ocrx_word' id='word_1_401' title='bbox 977 4347 1122 4389; x_wconf 91' lang='lat' dir='ltr'><strong>tuum</strong></span> <span class='ocrx_word' id='word_1_402' title='bbox 1145 4339 1194 4389; x_wconf 91' lang='lat' dir='ltr'><strong>in</strong></span> <span class='ocrx_word' id='word_1_403' title='bbox 1221 4355 1324 4404; x_wconf 90' lang='lat' dir='ltr'><strong>quo</strong></span> <span class='ocrx_word' id='word_1_404' title='bbox 1349 4340 1646 4405; x_wconf 78' lang='lat' dir='ltr'><strong>baptizatus</strong></span> <span class='ocrx_word' id='word_1_405' title='bbox 1669 4342 1720 4391; x_wconf 92' lang='lat' dir='ltr'><strong>in</strong></span> <span class='ocrx_word' id='word_1_406' title='bbox 1747 4342 1880 4392; x_wconf 90' lang='lat' dir='ltr'><strong>alliis</strong></span> <span class='ocrx_word' id='word_1_407' title='bbox 1911 4342 2097 4394; x_wconf 80' lang='lat' dir='ltr'><strong>sedisti</strong></span> <span class='ocrx_word' id='word_1_408' title='bbox 2131 4341 2181 4392; x_wconf 93' lang='lat' dir='ltr'><strong>iii</strong></span> <span class='ocrx_word' id='word_1_409' title='bbox 2207 4341 2338 4395; x_wconf 76' lang='lat' dir='ltr'><strong>iii-be</strong></span> 
     </span>
    </p>
   </div>
   <div class='ocr_carea' id='block_1_62' title="bbox 751 4426 2332 4498">
    <p class='ocr_par' dir='ltr' id='par_1_62' title="bbox 751 4426 2332 4498">
     <span class='ocr_line' id='line_1_62' title="bbox 751 4426 2332 4498; baseline 0.003 -20"><span class='ocrx_word' id='word_1_410' title='bbox 751 4426 941 4490; x_wconf 80' lang='lat' dir='ltr'><strong>Roma,</strong></span> <span class='ocrx_word' id='word_1_411' title='bbox 975 4435 1026 4479; x_wconf 86' lang='lat' dir='ltr'><strong>et</strong></span> <span class='ocrx_word' id='word_1_412' title='bbox 1050 4427 1414 4496; x_wconf 78' lang='lat' dir='ltr'><strong>apostolorum</strong></span> <span class='ocrx_word' id='word_1_413' title='bbox 1443 4439 1490 4479; x_wconf 91' lang='lat' dir='ltr'><strong>et</strong></span> <span class='ocrx_word' id='word_1_414' title='bbox 1524 4440 1814 4498; x_wconf 77' lang='lat' dir='ltr'><strong>martyrum</strong></span> <span class='ocrx_word' id='word_1_415' title='bbox 1852 4429 2030 4482; x_wconf 88' lang='lat' dir='ltr'><strong>limina</strong></span> <span class='ocrx_word' id='word_1_416' title='bbox 2077 4432 2332 4495; x_wconf 83' lang='lat' dir='ltr'><strong>circaisti,</strong></span> 
     </span>
    </p>
   </div>
   <div class='ocr_carea' id='block_1_63' title="bbox 2449 1965 4037 2034">
    <p class='ocr_par' dir='ltr' id='par_1_63' title="bbox 2449 1965 4037 2034">
     <span class='ocr_line' id='line_1_63' title="bbox 2449 1965 4037 2034; baseline 0.004 -18"><span class='ocrx_word' id='word_1_417' title='bbox 2449 1968 2670 2033; x_wconf 83' lang='lat' dir='ltr'><strong>supinus</strong></span> <span class='ocrx_word' id='word_1_418' title='bbox 2701 1965 3027 2032; x_wconf 85' lang='lat' dir='ltr'><strong>quiesceret,</strong></span> <span class='ocrx_word' id='word_1_419' title='bbox 3062 1981 3126 2018; x_wconf 82' lang='lat' dir='ltr'><strong>ex</strong></span> <span class='ocrx_word' id='word_1_420' title='bbox 3160 1967 3449 2033; x_wconf 86' lang='lat' dir='ltr'><strong>improviso</strong></span> <span class='ocrx_word' id='word_1_421' title='bbox 3485 1981 3708 2020; x_wconf 76' lang='lat' dir='ltr'><strong>examen</strong></span> <span class='ocrx_word' id='word_1_422' title='bbox 3742 1983 3909 2034; x_wconf 90' lang='lat' dir='ltr'><strong>apum</strong></span> <span class='ocrx_word' id='word_1_423' title='bbox 3941 1985 4037 2022; x_wconf 85' lang='lat' dir='ltr'><strong>ora</strong></span> 
     </span>
    </p>
   </div>
   <div class='ocr_carea' id='block_1_64' title="bbox 2450 2056 4038 2127">
    <p class='ocr_par' dir='ltr' id='par_1_64' title="bbox 2450 2056 4038 2127">
     <span class='ocr_line' id='line_1_64' title="bbox 2450 2056 4038 2127; baseline 0.002 -18"><span class='ocrx_word' id='word_1_424' title='bbox 2450 2056 2702 2125; x_wconf 84' lang='lat' dir='ltr'><strong>laliraqiie</strong></span> <span class='ocrx_word' id='word_1_425' title='bbox 2731 2058 2844 2108; x_wconf 87' lang='lat' dir='ltr'><strong>sine</strong></span> <span class='ocrx_word' id='word_1_426' title='bbox 2865 2056 3097 2123; x_wconf 89' lang='lat' dir='ltr'><strong>periculo</strong></span> <span class='ocrx_word' id='word_1_427' title='bbox 3115 2057 3388 2127; x_wconf 86' lang='lat' dir='ltr'><strong>pausaiitis</strong></span> <span class='ocrx_word' id='word_1_428' title='bbox 3409 2059 3715 2124; x_wconf 76' lang='lat' dir='ltr'><strong>complevit,</strong></span> <span class='ocrx_word' id='word_1_429' title='bbox 3741 2059 3829 2126; x_wconf 86' lang='lat' dir='ltr'><strong>qui</strong></span> <span class='ocrx_word' id='word_1_430' title='bbox 3865 2060 4038 2126; x_wconf 85' lang='lat' dir='ltr'><strong>ingre—</strong></span> 
     </span>
    </p>
   </div>
   <div class='ocr_carea' id='block_1_65' title="bbox 2447 2146 4036 2214">
    <p class='ocr_par' dir='ltr' id='par_1_65' title="bbox 2447 2146 4036 2214">
     <span class='ocr_line' id='line_1_65' title="bbox 2447 2146 4036 2214; baseline 0.003 -16"><span class='ocrx_word' id='word_1_431' title='bbox 2447 2146 2627 2198; x_wconf 84' lang='lat' dir='ltr'><strong>ilieiidi</strong></span> <span class='ocrx_word' id='word_1_432' title='bbox 2652 2146 3028 2214; x_wconf 84' lang='lat' dir='ltr'><strong>etcgredieiiili</strong></span> <span class='ocrx_word' id='word_1_433' title='bbox 3055 2162 3146 2214; x_wconf 75' lang='lat' dir='ltr'><strong>per</strong></span> <span class='ocrx_word' id='word_1_434' title='bbox 3170 2157 3350 2198; x_wconf 88' lang='lat' dir='ltr'><strong>tenera</strong></span> <span class='ocrx_word' id='word_1_435' title='bbox 3377 2149 3584 2213; x_wconf 86' lang='lat' dir='ltr'><strong>pueruli</strong></span> <span class='ocrx_word' id='word_1_436' title='bbox 3610 2149 3757 2200; x_wconf 87' lang='lat' dir='ltr'><strong>labra</strong></span> <span class='ocrx_word' id='word_1_437' title='bbox 3785 2151 4036 2202; x_wconf 83' lang='lat' dir='ltr'><strong>certatim</strong></span> 
     </span>
    </p>
   </div>
   <div class='ocr_carea' id='block_1_66' title="bbox 2447 2239 4037 2308">
    <p class='ocr_par' dir='ltr' id='par_1_66' title="bbox 2447 2239 4037 2308">
     <span class='ocr_line' id='line_1_66' title="bbox 2447 2239 4037 2308; baseline 0.001 -18"><span class='ocrx_word' id='word_1_438' title='bbox 2447 2243 2588 2290; x_wconf 91' lang='lat' dir='ltr'><strong>vices</strong></span> <span class='ocrx_word' id='word_1_439' title='bbox 2621 2239 3056 2305; x_wconf 70' lang='lat' dir='ltr'><strong>frequentabant.</strong></span> <span class='ocrx_word' id='word_1_440' title='bbox 3111 2241 3188 2291; x_wconf 83' lang='lat' dir='ltr'><strong>Ac</strong></span> <span class='ocrx_word' id='word_1_441' title='bbox 3233 2240 3444 2292; x_wconf 89' lang='lat' dir='ltr'><strong>demum</strong></span> <span class='ocrx_word' id='word_1_442' title='bbox 3474 2241 3718 2308; x_wconf 64' lang='lat' dir='ltr'><strong>geniture</strong></span> <span class='ocrx_word' id='word_1_443' title='bbox 3749 2241 4037 2293; x_wconf 77' lang='lat' dir='ltr'><strong>Ambrosio</strong></span> 
     </span>
    </p>
   </div>
   <div class='ocr_carea' id='block_1_67' title="bbox 2447 2330 4036 2397">
    <p class='ocr_par' dir='ltr' id='par_1_67' title="bbox 2447 2330 4036 2397">
     <span class='ocr_line' id='line_1_67' title="bbox 2447 2330 4036 2397; baseline 0.003 -16"><span class='ocrx_word' id='word_1_444' title='bbox 2447 2341 2699 2382; x_wconf 86' lang='lat' dir='ltr'><strong>eventum</strong></span> <span class='ocrx_word' id='word_1_445' title='bbox 2720 2330 2792 2382; x_wconf 90' lang='lat' dir='ltr'><strong>rei</strong></span> <span class='ocrx_word' id='word_1_446' title='bbox 2813 2331 3174 2396; x_wconf 72' lang='lat' dir='ltr'><strong>prmstolanle,</strong></span> <span class='ocrx_word' id='word_1_447' title='bbox 3203 2339 3256 2383; x_wconf 84' lang='lat' dir='ltr'><strong>et</strong></span> <span class='ocrx_word' id='word_1_448' title='bbox 3285 2347 3484 2394; x_wconf 71' lang='lat' dir='ltr'><strong>verum,</strong></span> <span class='ocrx_word' id='word_1_449' title='bbox 3505 2348 3621 2397; x_wconf 68' lang='lat' dir='ltr'><strong>quae</strong></span> <span class='ocrx_word' id='word_1_450' title='bbox 3643 2333 3797 2385; x_wconf 83' lang='lat' dir='ltr'><strong>altrix</strong></span> <span class='ocrx_word' id='word_1_451' title='bbox 3816 2334 4036 2385; x_wconf 83' lang='lat' dir='ltr'><strong>infantis</strong></span> 
     </span>
    </p>
   </div>
   <div class='ocr_carea' id='block_1_68' title="bbox 2450 2420 4034 2491">
    <p class='ocr_par' dir='ltr' id='par_1_68' title="bbox 2450 2420 4034 2491">
     <span class='ocr_line' id='line_1_68' title="bbox 2450 2420 4034 2491; baseline 0.002 -17"><span class='ocrx_word' id='word_1_452' title='bbox 2450 2420 2658 2485; x_wconf 79' lang='lat' dir='ltr'><strong>fuerat,</strong></span> <span class='ocrx_word' id='word_1_453' title='bbox 2713 2437 2778 2474; x_wconf 90' lang='lat' dir='ltr'><strong>ne</strong></span> <span class='ocrx_word' id='word_1_454' title='bbox 2822 2422 3162 2490; x_wconf 72' lang='lat' dir='ltr'><strong>abigereiitur</strong></span> <span class='ocrx_word' id='word_1_455' title='bbox 3215 2425 3512 2490; x_wconf 87' lang='lat' dir='ltr'><strong>imperante</strong></span> <span class='ocrx_word' id='word_1_456' title='bbox 3544 2465 3556 2486; x_wconf 85' lang='lat'><strong>,</strong></span> <span class='ocrx_word' id='word_1_457' title='bbox 3613 2427 3862 2491; x_wconf 84' lang='lat' dir='ltr'><strong>supernis</strong></span> <span class='ocrx_word' id='word_1_458' title='bbox 3912 2425 4034 2479; x_wconf 68' lang='grc' dir='ltr'><strong>σα)ιί</strong></span> 
     </span>
    </p>
   </div>
   <div class='ocr_carea' id='block_1_69' title="bbox 2449 2517 4031 2582">
    <p class='ocr_par' dir='ltr' id='par_1_69' title="bbox 2449 2517 4031 2582">
     <span class='ocr_line' id='line_1_69' title="bbox 2449 2517 4031 2582; baseline 0.003 -16"><span class='ocrx_word' id='word_1_459' title='bbox 2449 2517 2751 2567; x_wconf 89' lang='lat' dir='ltr'><strong>eliiiiaiilius</strong></span> <span class='ocrx_word' id='word_1_460' title='bbox 2803 2532 2895 2582; x_wconf 90' lang='lat' dir='ltr'><strong>per</strong></span> <span class='ocrx_word' id='word_1_461' title='bbox 2941 2519 3142 2568; x_wconf 67' lang='lat' dir='ltr'><strong>aethera</strong></span> <span class='ocrx_word' id='word_1_462' title='bbox 3175 2519 3448 2571; x_wconf 81' lang='lat' dir='ltr'><strong>avolaiiies</strong></span> <span class='ocrx_word' id='word_1_463' title='bbox 3480 2519 3793 2572; x_wconf 82' lang='lat' dir='ltr'><strong>catervatim</strong></span> <span class='ocrx_word' id='word_1_464' title='bbox 3824 2533 4031 2571; x_wconf 85' lang='lat' dir='ltr'><strong>moria—</strong></span> 
     </span>
    </p>
   </div>
   <div class='ocr_carea' id='block_1_70' title="bbox 2447 2603 4031 2674">
    <p class='ocr_par' dir='ltr' id='par_1_70' title="bbox 2447 2603 4031 2674">
     <span class='ocr_line' id='line_1_70' title="bbox 2447 2603 4031 2674; baseline 0.002 -16"><span class='ocrx_word' id='word_1_465' title='bbox 2447 2603 2574 2658; x_wconf 91' lang='lat' dir='ltr'><strong>lium</strong></span> <span class='ocrx_word' id='word_1_466' title='bbox 2603 2607 2746 2658; x_wconf 89' lang='lat' dir='ltr'><strong>visus</strong></span> <span class='ocrx_word' id='word_1_467' title='bbox 2778 2605 3078 2673; x_wconf 86' lang='lat' dir='ltr'><strong>aufiigiuot.</strong></span> <span class='ocrx_word' id='word_1_468' title='bbox 3114 2606 3294 2671; x_wconf 84' lang='lat' dir='ltr'><strong>Qualis</strong></span> <span class='ocrx_word' id='word_1_469' title='bbox 3316 2616 3491 2658; x_wconf 85' lang='lat' dir='ltr'><strong>autem</strong></span> <span class='ocrx_word' id='word_1_470' title='bbox 3521 2609 3602 2659; x_wconf 90' lang='lat' dir='ltr'><strong>vel</strong></span> <span class='ocrx_word' id='word_1_471' title='bbox 3634 2617 3866 2674; x_wconf 85' lang='lat' dir='ltr'><strong>quantus</strong></span> <span class='ocrx_word' id='word_1_472' title='bbox 3892 2609 4031 2660; x_wconf 91' lang='lat' dir='ltr'><strong>idem</strong></span> 
     </span>
    </p>
   </div>
   <div class='ocr_carea' id='block_1_71' title="bbox 2449 2697 4033 2768">
    <p class='ocr_par' dir='ltr' id='par_1_71' title="bbox 2449 2697 4033 2768">
     <span class='ocr_line' id='line_1_71' title="bbox 2449 2697 4033 2768; baseline 0.003 -22"><span class='ocrx_word' id='word_1_473' title='bbox 2449 2697 2750 2762; x_wconf 89' lang='lat' dir='ltr'><strong>patriarcha</strong></span> <span class='ocrx_word' id='word_1_474' title='bbox 2807 2697 3062 2748; x_wconf 87' lang='lat' dir='ltr'><strong>virtutum</strong></span> <span class='ocrx_word' id='word_1_475' title='bbox 3114 2697 3283 2762; x_wconf 84' lang='lat' dir='ltr'><strong>gloria</strong></span> <span class='ocrx_word' id='word_1_476' title='bbox 3331 2707 3386 2750; x_wconf 87' lang='lat' dir='ltr'><strong>et</strong></span> <span class='ocrx_word' id='word_1_477' title='bbox 3434 2698 3816 2750; x_wconf 85' lang='lat' dir='ltr'><strong>miraculorum</strong></span> <span class='ocrx_word' id='word_1_478' title='bbox 3867 2699 4033 2768; x_wconf 79' lang='lat' dir='ltr'><strong>signis</strong></span> 
     </span>
    </p>
   </div>
   <div class='ocr_carea' id='block_1_72' title="bbox 2448 2787 4031 2857">
    <p class='ocr_par' dir='ltr' id='par_1_72' title="bbox 2448 2787 4031 2857">
     <span class='ocr_line' id='line_1_72' title="bbox 2448 2787 4031 2857; baseline -0.001 -16"><span class='ocrx_word' id='word_1_479' title='bbox 2448 2787 2730 2851; x_wconf 76' lang='lat' dir='ltr'><strong>effulserit,</strong></span> <span class='ocrx_word' id='word_1_480' title='bbox 2786 2790 3055 2841; x_wconf 89' lang='lat' dir='ltr'><strong>neminem</strong></span> <span class='ocrx_word' id='word_1_481' title='bbox 3108 2804 3230 2841; x_wconf 92' lang='lat' dir='ltr'><strong>reor</strong></span> <span class='ocrx_word' id='word_1_482' title='bbox 3272 2798 3572 2855; x_wconf 82' lang='lat' dir='ltr'><strong>expertum,</strong></span> <span class='ocrx_word' id='word_1_483' title='bbox 3625 2789 3723 2841; x_wconf 87' lang='lat' dir='ltr'><strong>nisi</strong></span> <span class='ocrx_word' id='word_1_484' title='bbox 3765 2790 3853 2855; x_wconf 91' lang='lat' dir='ltr'><strong>qui</strong></span> <span class='ocrx_word' id='word_1_485' title='bbox 3885 2804 4031 2857; x_wconf 74' lang='lat' dir='ltr'><strong>gcsu</strong></span> 
     </span>
    </p>
   </div>
   <div class='ocr_carea' id='block_1_73' title="bbox 2447 2879 4028 2949">
    <p class='ocr_par' dir='ltr' id='par_1_73' title="bbox 2447 2879 4028 2949">
     <span class='ocr_line' id='line_1_73' title="bbox 2447 2879 4028 2949; baseline -0.002 -17"><span class='ocrx_word' id='word_1_486' title='bbox 2447 2879 2868 2932; x_wconf 82' lang='lat' dir='ltr'><strong>conversatiOiiis</strong></span> <span class='ocrx_word' id='word_1_487' title='bbox 2896 2880 3036 2932; x_wconf 88' lang='lat' dir='ltr'><strong>illius</strong></span> <span class='ocrx_word' id='word_1_488' title='bbox 3061 2895 3090 2931; x_wconf 89' lang='lat' dir='ltr'><strong>a</strong></span> <span class='ocrx_word' id='word_1_489' title='bbox 3119 2880 3344 2932; x_wconf 87' lang='lat' dir='ltr'><strong>Paulino</strong></span> <span class='ocrx_word' id='word_1_490' title='bbox 3371 2881 3486 2933; x_wconf 89' lang='lat' dir='ltr'><strong>viro</strong></span> <span class='ocrx_word' id='word_1_491' title='bbox 3515 2881 3801 2934; x_wconf 87' lang='lat' dir='ltr'><strong>venerabili</strong></span> <span class='ocrx_word' id='word_1_492' title='bbox 3824 2882 4028 2949; x_wconf 80' lang='lat' dir='ltr'><strong>digesta</strong></span> 
     </span>
    </p>
   </div>
   <div class='ocr_carea' id='block_1_74' title="bbox 2448 2970 2716 3024">
    <p class='ocr_par' dir='ltr' id='par_1_74' title="bbox 2448 2970 2716 3024">
     <span class='ocr_line' id='line_1_74' title="bbox 2448 2970 2716 3024; baseline -0.011 0"><span class='ocrx_word' id='word_1_493' title='bbox 2448 2970 2716 3024; x_wconf 88' lang='lat' dir='ltr'><strong>didicerit.</strong></span> 
     </span>
    </p>
   </div>
   <div class='ocr_carea' id='block_1_75' title="bbox 2523 3062 4028 3131">
    <p class='ocr_par' dir='ltr' id='par_1_75' title="bbox 2523 3062 4028 3131">
     <span class='ocr_line' id='line_1_75' title="bbox 2523 3062 4028 3131; baseline 0.001 -16"><span class='ocrx_word' id='word_1_494' title='bbox 2523 3063 2627 3116; x_wconf 78' lang='lat' dir='ltr'><strong>Nec</strong></span> <span class='ocrx_word' id='word_1_495' title='bbox 2657 3062 2857 3130; x_wconf 92' lang='lat' dir='ltr'><strong>pudeat</strong></span> <span class='ocrx_word' id='word_1_496' title='bbox 2881 3062 3079 3116; x_wconf 81' lang='lat' dir='ltr'><strong>Christi</strong></span> <span class='ocrx_word' id='word_1_497' title='bbox 3111 3062 3329 3116; x_wconf 43' lang='lat' dir='ltr'><strong>emlib-‘s</strong></span> <span class='ocrx_word' id='word_1_498' title='bbox 3355 3063 3555 3116; x_wconf 85' lang='lat' dir='ltr'><strong>strictis</strong></span> <span class='ocrx_word' id='word_1_499' title='bbox 3586 3063 3858 3131; x_wconf 74' lang='lat' dir='ltr'><strong>pudicitia:</strong></span> <span class='ocrx_word' id='word_1_500' title='bbox 3892 3065 4028 3126; x_wconf 58' lang='lat' dir='ltr'><strong>legi-</strong></span> 
     </span>
    </p>
   </div>
   <div class='ocr_carea' id='block_1_76' title="bbox 2451 3154 4027 3224">
    <p class='ocr_par' dir='ltr' id='par_1_76' title="bbox 2451 3154 4027 3224">
     <span class='ocr_line' id='line_1_76' title="bbox 2451 3154 4027 3224; baseline -0.002 -16"><span class='ocrx_word' id='word_1_501' title='bbox 2451 3154 2548 3208; x_wconf 86' lang='lat' dir='ltr'><strong>bus</strong></span> <span class='ocrx_word' id='word_1_502' title='bbox 2580 3157 2830 3208; x_wconf 88' lang='lat' dir='ltr'><strong>lascivam</strong></span> <span class='ocrx_word' id='word_1_503' title='bbox 2863 3165 3065 3208; x_wconf 73' lang='lat' dir='ltr'><strong>natum-</strong></span> <span class='ocrx_word' id='word_1_504' title='bbox 3098 3156 3442 3222; x_wconf 80' lang='lat' dir='ltr'><strong>Petulantiam</strong></span> <span class='ocrx_word' id='word_1_505' title='bbox 3475 3166 3810 3209; x_wconf 87' lang='lat' dir='ltr'><strong>coarctaiites</strong></span> <span class='ocrx_word' id='word_1_506' title='bbox 3834 3173 4027 3224; x_wconf 77' lang='lat' dir='ltr'><strong>corpu-</strong></span> 
     </span>
    </p>
   </div>
   <div class='ocr_carea' id='block_1_77' title="bbox 2451 3248 4025 3315">
    <p class='ocr_par' dir='ltr' id='par_1_77' title="bbox 2451 3248 4025 3315">
     <span class='ocr_line' id='line_1_77' title="bbox 2451 3248 4025 3315; baseline 0.001 -15"><span class='ocrx_word' id='word_1_507' title='bbox 2451 3260 2676 3315; x_wconf 84' lang='lat' dir='ltr'><strong>reosque</strong></span> <span class='ocrx_word' id='word_1_508' title='bbox 2706 3248 3066 3300; x_wconf 87' lang='lat' dir='ltr'><strong>titillationiim</strong></span> <span class='ocrx_word' id='word_1_509' title='bbox 3091 3257 3272 3315; x_wconf 83' lang='lat' dir='ltr'><strong>gestus</strong></span> <span class='ocrx_word' id='word_1_510' title='bbox 3298 3250 3440 3301; x_wconf 91' lang='lat' dir='ltr'><strong>velut</strong></span> <span class='ocrx_word' id='word_1_511' title='bbox 3473 3249 3756 3301; x_wconf 88' lang='lat' dir='ltr'><strong>indomitos</strong></span> <span class='ocrx_word' id='word_1_512' title='bbox 3785 3250 4025 3315; x_wconf 71' lang='lat' dir='ltr'><strong>bigarum</strong></span> 
     </span>
    </p>
   </div>
   <div class='ocr_carea' id='block_1_78' title="bbox 2453 3338 4023 3411">
    <p class='ocr_par' dir='ltr' id='par_1_78' title="bbox 2453 3338 4023 3411">
     <span class='ocr_line' id='line_1_78' title="bbox 2453 3338 4023 3411; baseline 0.003 -21"><span class='ocrx_word' id='word_1_513' title='bbox 2453 3338 2781 3407; x_wconf 79' lang='lat' dir='ltr'><strong>Siibjiigales,</strong></span> <span class='ocrx_word' id='word_1_514' title='bbox 2825 3340 3034 3392; x_wconf 85' lang='lat' dir='ltr'><strong>ferratis</strong></span> <span class='ocrx_word' id='word_1_515' title='bbox 3065 3342 3380 3393; x_wconf 87' lang='lat' dir='ltr'><strong>salivaribus</strong></span> <span class='ocrx_word' id='word_1_516' title='bbox 3424 3339 3624 3411; x_wconf 84' lang='lat' dir='ltr'><strong>[Bodl.,</strong></span> <span class='ocrx_word' id='word_1_517' title='bbox 3680 3343 4023 3410; x_wconf 78' lang='lat' dir='ltr'><strong>saliiiaribus]</strong></span> 
     </span>
    </p>
   </div>
   <div class='ocr_carea' id='block_1_79' title="bbox 2448 3429 4017 3501">
    <p class='ocr_par' dir='ltr' id='par_1_79' title="bbox 2448 3429 4017 3501">
     <span class='ocr_line' id='line_1_79' title="bbox 2448 3429 4017 3501; baseline 0.002 -19"><span class='ocrx_word' id='word_1_518' title='bbox 2448 3431 2816 3494; x_wconf 89' lang='lat' dir='ltr'><strong>refrenanles,</strong></span> <span class='ocrx_word' id='word_1_519' title='bbox 2865 3429 3115 3483; x_wconf 87' lang='lat' dir='ltr'><strong>Turonici</strong></span> <span class='ocrx_word' id='word_1_520' title='bbox 3166 3432 3434 3485; x_wconf 87' lang='lat' dir='ltr'><strong>reminisci</strong></span> <span class='ocrx_word' id='word_1_521' title='bbox 3496 3432 3798 3499; x_wconf 67' lang='lat' dir='ltr'><strong>pontificis.</strong></span> <span class='ocrx_word' id='word_1_522' title='bbox 3859 3449 4017 3501; x_wconf 86' lang='lat' dir='ltr'><strong>quem</strong></span> 
     </span>
    </p>
   </div>
   <div class='ocr_carea' id='block_1_80' title="bbox 2445 3521 4019 3593">
    <p class='ocr_par' dir='ltr' id='par_1_80' title="bbox 2445 3521 4019 3593">
     <span class='ocr_line' id='line_1_80' title="bbox 2445 3521 4019 3593; baseline 0.004 -22"><span class='ocrx_word' id='word_1_523' title='bbox 2445 3531 2731 3586; x_wconf 88' lang='lat' dir='ltr'><strong>antequam</strong></span> <span class='ocrx_word' id='word_1_524' title='bbox 2761 3521 3122 3588; x_wconf 73' lang='lat' dir='ltr'><strong>regenerantis</strong></span> <span class='ocrx_word' id='word_1_525' title='bbox 3142 3521 3325 3589; x_wconf 80' lang='lat' dir='ltr'><strong>gratia:</strong></span> <span class='ocrx_word' id='word_1_526' title='bbox 3341 3521 3492 3574; x_wconf 88' lang='lat' dir='ltr'><strong>vulva</strong></span> <span class='ocrx_word' id='word_1_527' title='bbox 3512 3536 3571 3588; x_wconf 91' lang='lat' dir='ltr'><strong>pa</strong></span> <span class='ocrx_word' id='word_1_528' title='bbox 3583 3525 3796 3574; x_wconf 86' lang='lat' dir='ltr'><strong>rtiiriret</strong></span> <span class='ocrx_word' id='word_1_529' title='bbox 3819 3522 4019 3593; x_wconf 81' lang='lat' dir='ltr'><strong>[Bodl..</strong></span> 
     </span>
    </p>
   </div>
   <div class='ocr_carea' id='block_1_81' title="bbox 2445 3612 4014 3684">
    <p class='ocr_par' dir='ltr' id='par_1_81' title="bbox 2445 3612 4014 3684">
     <span class='ocr_line' id='line_1_81' title="bbox 2445 3612 4014 3684; baseline 0.004 -24"><span class='ocrx_word' id='word_1_530' title='bbox 2445 3612 2817 3684; x_wconf 83' lang='lat' dir='ltr'><strong>parturiretiir]</strong></span> <span class='ocrx_word' id='word_1_531' title='bbox 2869 3624 2923 3666; x_wconf 89' lang='lat' dir='ltr'><strong>et</strong></span> <span class='ocrx_word' id='word_1_532' title='bbox 2961 3613 3287 3666; x_wconf 89' lang='lat' dir='ltr'><strong>sacrosancti</strong></span> <span class='ocrx_word' id='word_1_533' title='bbox 3335 3612 3667 3681; x_wconf 78' lang='lat' dir='ltr'><strong>baptismatis</strong></span> <span class='ocrx_word' id='word_1_534' title='bbox 3713 3616 4014 3668; x_wconf 90' lang='lat' dir='ltr'><strong>rudimenta</strong></span> 
     </span>
    </p>
   </div>
   <div class='ocr_carea' id='block_1_82' title="bbox 2443 3703 4022 3772">
    <p class='ocr_par' dir='ltr' id='par_1_82' title="bbox 2443 3703 4022 3772">
     <span class='ocr_line' id='line_1_82' title="bbox 2443 3703 4022 3772; baseline 0.005 -21"><span class='ocrx_word' id='word_1_535' title='bbox 2443 3712 2815 3769; x_wconf 85' lang='lat' dir='ltr'><strong>cognosceret,</strong></span> <span class='ocrx_word' id='word_1_536' title='bbox 2858 3703 2910 3756; x_wconf 90' lang='lat' dir='ltr'><strong>in</strong></span> <span class='ocrx_word' id='word_1_537' title='bbox 2941 3705 3444 3756; x_wconf 87' lang='lat' dir='ltr'><strong>catecliumeiioruin</strong></span> <span class='ocrx_word' id='word_1_538' title='bbox 3497 3704 3660 3772; x_wconf 85' lang='lat' dir='ltr'><strong>gradu</strong></span> <span class='ocrx_word' id='word_1_539' title='bbox 3707 3713 3761 3758; x_wconf 82' lang='lat' dir='ltr'><strong>et</strong></span> <span class='ocrx_word' id='word_1_540' title='bbox 3803 3720 4022 3772; x_wconf 80' lang='lat' dir='ltr'><strong>Compe-</strong></span> 
     </span>
    </p>
   </div>
   <div class='ocr_carea' id='block_1_83' title="bbox 2445 3793 4024 3864">
    <p class='ocr_par' dir='ltr' id='par_1_83' title="bbox 2445 3793 4024 3864">
     <span class='ocr_line' id='line_1_83' title="bbox 2445 3793 4024 3864; baseline 0.003 -22"><span class='ocrx_word' id='word_1_541' title='bbox 2445 3793 2667 3843; x_wconf 90' lang='lat' dir='ltr'><strong>tciitium</strong></span> <span class='ocrx_word' id='word_1_542' title='bbox 2700 3801 2840 3844; x_wconf 88' lang='lat' dir='ltr'><strong>statu</strong></span> <span class='ocrx_word' id='word_1_543' title='bbox 2892 3793 3084 3857; x_wconf 92' lang='lat' dir='ltr'><strong>stipem</strong></span> <span class='ocrx_word' id='word_1_544' title='bbox 3134 3795 3466 3860; x_wconf 90' lang='lat' dir='ltr'><strong>pauperenlis</strong></span> <span class='ocrx_word' id='word_1_545' title='bbox 3512 3795 3871 3864; x_wconf 75' lang='lat' dir='ltr'><strong>porrigentem</strong></span> <span class='ocrx_word' id='word_1_546' title='bbox 3903 3812 4024 3859; x_wconf 78' lang='lat' dir='ltr'><strong>aga-</strong></span> 
     </span>
    </p>
   </div>
   <div class='ocr_carea' id='block_1_84' title="bbox 2445 3883 4021 3953">
    <p class='ocr_par' dir='ltr' id='par_1_84' title="bbox 2445 3883 4021 3953">
     <span class='ocr_line' id='line_1_84' title="bbox 2445 3883 4021 3953; baseline 0.002 -18"><span class='ocrx_word' id='word_1_547' title='bbox 2445 3897 2668 3950; x_wconf 88' lang='lat' dir='ltr'><strong>peinque</strong></span> <span class='ocrx_word' id='word_1_548' title='bbox 2681 3883 2962 3950; x_wconf 84' lang='lat' dir='ltr'><strong>egentibus</strong></span> <span class='ocrx_word' id='word_1_549' title='bbox 2979 3894 3310 3953; x_wconf 88' lang='lat' dir='ltr'><strong>erogantem,</strong></span> <span class='ocrx_word' id='word_1_550' title='bbox 3337 3899 3458 3938; x_wconf 89' lang='lat' dir='ltr'><strong>cum</strong></span> <span class='ocrx_word' id='word_1_551' title='bbox 3483 3893 3755 3939; x_wconf 72' lang='lat' dir='ltr'><strong>nocturna:</strong></span> <span class='ocrx_word' id='word_1_552' title='bbox 3785 3889 4021 3939; x_wconf 82' lang='lat' dir='ltr'><strong>membra</strong></span> 
     </span>
    </p>
   </div>
   <div class='ocr_carea' id='block_1_85' title="bbox 2442 3976 4022 4047">
    <p class='ocr_par' dir='ltr' id='par_1_85' title="bbox 2442 3976 4022 4047">
     <span class='ocr_line' id='line_1_85' title="bbox 2442 3976 4022 4047; baseline 0.003 -22"><span class='ocrx_word' id='word_1_553' title='bbox 2442 3977 2605 4044; x_wconf 84' lang='lat' dir='ltr'><strong>quieti</strong></span> <span class='ocrx_word' id='word_1_554' title='bbox 2630 3976 2886 4039; x_wconf 84' lang='lat' dir='ltr'><strong>dedisset,</strong></span> <span class='ocrx_word' id='word_1_555' title='bbox 2914 3977 3138 4030; x_wconf 75' lang='lat' dir='ltr'><strong>cceleste</strong></span> <span class='ocrx_word' id='word_1_556' title='bbox 3167 3977 3341 4030; x_wconf 82' lang='lat' dir='ltr'><strong>beavit</strong></span> <span class='ocrx_word' id='word_1_557' title='bbox 3369 3978 3667 4041; x_wconf 85' lang='lat' dir='ltr'><strong>oraculum,</strong></span> <span class='ocrx_word' id='word_1_558' title='bbox 3699 3979 3900 4046; x_wconf 83' lang='lat' dir='ltr'><strong>quique</strong></span> <span class='ocrx_word' id='word_1_559' title='bbox 3929 3994 4022 4047; x_wconf 81' lang='lat' dir='ltr'><strong>pro</strong></span> 
     </span>
    </p>
   </div>
   <div class='ocr_carea' id='block_1_86' title="bbox 2445 4067 4016 4137">
    <p class='ocr_par' dir='ltr' id='par_1_86' title="bbox 2445 4067 4016 4137">
     <span class='ocr_line' id='line_1_86' title="bbox 2445 4067 4016 4137; baseline 0.001 -19"><span class='ocrx_word' id='word_1_560' title='bbox 2445 4069 2636 4135; x_wconf 88' lang='lat' dir='ltr'><strong>adepta</strong></span> <span class='ocrx_word' id='word_1_561' title='bbox 2665 4068 2988 4135; x_wconf 84' lang='lat' dir='ltr'><strong>integritatis</strong></span> <span class='ocrx_word' id='word_1_562' title='bbox 3010 4082 3208 4121; x_wconf 90' lang='lat' dir='ltr'><strong>corona</strong></span> <span class='ocrx_word' id='word_1_563' title='bbox 3236 4079 3290 4120; x_wconf 91' lang='lat' dir='ltr'><strong>et</strong></span> <span class='ocrx_word' id='word_1_564' title='bbox 3313 4067 3484 4122; x_wconf 85' lang='lat' dir='ltr'><strong>fausta</strong></span> <span class='ocrx_word' id='word_1_565' title='bbox 3498 4069 3817 4137; x_wconf 86' lang='lat' dir='ltr'><strong>virginitatis</strong></span> <span class='ocrx_word' id='word_1_566' title='bbox 3835 4069 4016 4131; x_wconf 81' lang='lat' dir='ltr'><strong>infula,</strong></span> 
     </span>
    </p>
   </div>
   <div class='ocr_carea' id='block_1_87' title="bbox 2441 4158 4015 4226">
    <p class='ocr_par' dir='ltr' id='par_1_87' title="bbox 2441 4158 4015 4226">
     <span class='ocr_line' id='line_1_87' title="bbox 2441 4158 4015 4226; baseline 0.001 -16"><span class='ocrx_word' id='word_1_567' title='bbox 2441 4174 2598 4226; x_wconf 75' lang='lat' dir='ltr'><strong>quain</strong></span> <span class='ocrx_word' id='word_1_568' title='bbox 2631 4159 2774 4212; x_wconf 82' lang='lat' dir='ltr'><strong>velut</strong></span> <span class='ocrx_word' id='word_1_569' title='bbox 2805 4160 2984 4226; x_wconf 84' lang='lat' dir='ltr'><strong>ri-gale</strong></span> <span class='ocrx_word' id='word_1_570' title='bbox 3011 4158 3256 4212; x_wconf 88' lang='lat' dir='ltr'><strong>diadema</strong></span> <span class='ocrx_word' id='word_1_571' title='bbox 3288 4172 3350 4211; x_wconf 86' lang='lat' dir='ltr'><strong>ac</strong></span> <span class='ocrx_word' id='word_1_572' title='bbox 3378 4172 3670 4224; x_wconf 79' lang='lat' dir='ltr'><strong>gemmatas</strong></span> <span class='ocrx_word' id='word_1_573' title='bbox 3695 4161 4015 4226; x_wconf 88' lang='lat' dir='ltr'><strong>erepuiidio-</strong></span> 
     </span>
    </p>
   </div>
   <div class='ocr_carea' id='block_1_88' title="bbox 2442 4248 4020 4314">
    <p class='ocr_par' dir='ltr' id='par_1_88' title="bbox 2442 4248 4020 4314">
     <span class='ocr_line' id='line_1_88' title="bbox 2442 4248 4020 4314; baseline 0.001 -12"><span class='ocrx_word' id='word_1_574' title='bbox 2442 4265 2556 4303; x_wconf 90' lang='lat' dir='ltr'><strong>rum</strong></span> <span class='ocrx_word' id='word_1_575' title='bbox 2594 4249 2822 4314; x_wconf 87' lang='lat' dir='ltr'><strong>Iuiiulas,</strong></span> <span class='ocrx_word' id='word_1_576' title='bbox 2873 4248 3154 4301; x_wconf 84' lang='lat' dir='ltr'><strong>indefessis</strong></span> <span class='ocrx_word' id='word_1_577' title='bbox 3202 4248 3403 4301; x_wconf 87' lang='lat' dir='ltr'><strong>viribus</strong></span> <span class='ocrx_word' id='word_1_578' title='bbox 3453 4258 3589 4300; x_wconf 83' lang='lat' dir='ltr'><strong>meta</strong></span> <span class='ocrx_word' id='word_1_579' title='bbox 3623 4260 3776 4302; x_wconf 88' lang='lat' dir='ltr'><strong>tenus</strong></span> <span class='ocrx_word' id='word_1_580' title='bbox 3807 4265 4020 4303; x_wconf 81' lang='lat' dir='ltr'><strong>servare</strong></span> 
     </span>
    </p>
   </div>
   <div class='ocr_carea' id='block_1_89' title="bbox 2441 4339 4014 4408">
    <p class='ocr_par' dir='ltr' id='par_1_89' title="bbox 2441 4339 4014 4408">
     <span class='ocr_line' id='line_1_89' title="bbox 2441 4339 4014 4408; baseline 0.001 -16"><span class='ocrx_word' id='word_1_581' title='bbox 2441 4342 2734 4406; x_wconf 83' lang='lat' dir='ltr'><strong>satagebat,</strong></span> <span class='ocrx_word' id='word_1_582' title='bbox 2754 4341 2904 4394; x_wconf 86' lang='lat' dir='ltr'><strong>miris</strong></span> <span class='ocrx_word' id='word_1_583' title='bbox 2927 4341 3174 4394; x_wconf 90' lang='lat' dir='ltr'><strong>virtutum</strong></span> <span class='ocrx_word' id='word_1_584' title='bbox 3198 4340 3361 4408; x_wconf 87' lang='lat' dir='ltr'><strong>signis</strong></span> <span class='ocrx_word' id='word_1_585' title='bbox 3383 4339 3643 4394; x_wconf 76' lang='lat' dir='ltr'><strong>effulsisse</strong></span> <span class='ocrx_word' id='word_1_586' title='bbox 3671 4352 4014 4394; x_wconf 87' lang='lat' dir='ltr'><strong>memoratur.</strong></span> 
     </span>
    </p>
   </div>
   <div class='ocr_carea' id='block_1_90' title="bbox 2448 4433 4014 4500">
    <p class='ocr_par' dir='ltr' id='par_1_90' title="bbox 2448 4433 4014 4500">
     <span class='ocr_line' id='line_1_90' title="bbox 2448 4433 4014 4500; baseline 0.001 -15"><span class='ocrx_word' id='word_1_587' title='bbox 2448 4433 2654 4487; x_wconf 79' lang='lat' dir='ltr'><strong>Etenim</strong></span> <span class='ocrx_word' id='word_1_588' title='bbox 2685 4433 3055 4486; x_wconf 90' lang='lat' dir='ltr'><strong>catecliumeni</strong></span> <span class='ocrx_word' id='word_1_589' title='bbox 3088 4433 3332 4495; x_wconf 85' lang='lat' dir='ltr'><strong>cadaver,</strong></span> <span class='ocrx_word' id='word_1_590' title='bbox 3365 4448 3521 4500; x_wconf 87' lang='lat' dir='ltr'><strong>quem</strong></span> <span class='ocrx_word' id='word_1_591' title='bbox 3551 4434 3688 4497; x_wconf 86' lang='lat' dir='ltr'><strong>dira,</strong></span> <span class='ocrx_word' id='word_1_592' title='bbox 3724 4443 3781 4486; x_wconf 88' lang='lat' dir='ltr'><strong>ut</strong></span> <span class='ocrx_word' id='word_1_593' title='bbox 3811 4435 4014 4493; x_wconf 87' lang='lat' dir='ltr'><strong>dicunt.</strong></span> 
     </span>
    </p>
   </div>
   <div class='ocr_carea' id='block_1_91' title="bbox 751 4519 4009 4620">
    <p class='ocr_par' dir='ltr' id='par_1_91' title="bbox 751 4519 4009 4620">
     <span class='ocr_line' id='line_1_91' title="bbox 751 4519 4009 4620; baseline 0.002 -50"><span class='ocrx_word' id='word_1_594' title='bbox 751 4527 806 4570; x_wconf 87' lang='lat' dir='ltr'><strong>ct</strong></span> <span class='ocrx_word' id='word_1_595' title='bbox 859 4519 996 4572; x_wconf 91' lang='lat' dir='ltr'><strong>hunc</strong></span> <span class='ocrx_word' id='word_1_596' title='bbox 1048 4519 1276 4584; x_wconf 86' lang='lat' dir='ltr'><strong>sedens,</strong></span> <span class='ocrx_word' id='word_1_597' title='bbox 1327 4530 1446 4573; x_wconf 89' lang='lat' dir='ltr'><strong>tene</strong></span> <span class='ocrx_word' id='word_1_598' title='bbox 1496 4520 1731 4574; x_wconf 88' lang='lat' dir='ltr'><strong>labarum</strong></span> <span class='ocrx_word' id='word_1_599' title='bbox 1788 4531 1955 4583; x_wconf 80' lang='lat' dir='ltr'><strong>tuum,</strong></span> <span class='ocrx_word' id='word_1_600' title='bbox 1991 4523 2130 4590; x_wconf 89' lang='lat' dir='ltr'><strong>quod</strong></span> <span class='ocrx_word' id='word_1_601' title='bbox 2182 4523 2333 4590; x_wconf 78' lang='lat' dir='ltr'><strong>signo</strong></span> <span class='ocrx_word' id='word_1_602' title='bbox 2363 4525 2668 4620; x_wconf 67' lang='lat' dir='ltr'><strong>l)foriunaa</strong></span> <span class='ocrx_word' id='word_1_603' title='bbox 2699 4523 2948 4578; x_wconf 85' lang='lat' dir='ltr'><strong>ferocitas</strong></span> <span class='ocrx_word' id='word_1_604' title='bbox 2995 4533 3049 4578; x_wconf 90' lang='lat' dir='ltr'><strong>et</strong></span> <span class='ocrx_word' id='word_1_605' title='bbox 3106 4538 3390 4590; x_wconf 86' lang='lat' dir='ltr'><strong>parcarum</strong></span> <span class='ocrx_word' id='word_1_606' title='bbox 3435 4524 3732 4592; x_wconf 77' lang='lat' dir='ltr'><strong>grassatrix</strong></span> <span class='ocrx_word' id='word_1_607' title='bbox 3783 4540 3888 4576; x_wconf 90' lang='lat' dir='ltr'><strong>non</strong></span> <span class='ocrx_word' id='word_1_608' title='bbox 3922 4526 4009 4576; x_wconf 88' lang='lat' dir='ltr'><strong>ulli</strong></span> 
     </span>
    </p>
   </div>
   <div class='ocr_carea' id='block_1_92' title="bbox 751 4609 2326 4680">
    <p class='ocr_par' dir='ltr' id='par_1_92' title="bbox 751 4609 2326 4680">
     <span class='ocr_line' id='line_1_92' title="bbox 751 4609 2326 4680; baseline 0.004 -18"><span class='ocrx_word' id='word_1_609' title='bbox 751 4609 952 4663; x_wconf 81' lang='lat' dir='ltr'><strong>CliriSii</strong></span> <span class='ocrx_word' id='word_1_610' title='bbox 983 4626 1046 4663; x_wconf 81' lang='lat' dir='ltr'><strong>ex</strong></span> <span class='ocrx_word' id='word_1_611' title='bbox 1078 4625 1209 4662; x_wconf 88' lang='lat' dir='ltr'><strong>auro</strong></span> <span class='ocrx_word' id='word_1_612' title='bbox 1236 4622 1286 4664; x_wconf 91' lang='lat' dir='ltr'><strong>et</strong></span> <span class='ocrx_word' id='word_1_613' title='bbox 1317 4615 1541 4680; x_wconf 86' lang='lat' dir='ltr'><strong>geminis</strong></span> <span class='ocrx_word' id='word_1_614' title='bbox 1571 4622 1656 4664; x_wconf 90' lang='lat' dir='ltr'><strong>est</strong></span> <span class='ocrx_word' id='word_1_615' title='bbox 1680 4613 1892 4678; x_wconf 90' lang='lat' dir='ltr'><strong>pictum.</strong></span> <span class='ocrx_word' id='word_1_616' title='bbox 1942 4614 2052 4668; x_wconf 85' lang='lat' dir='ltr'><strong>Hoc</strong></span> <span class='ocrx_word' id='word_1_617' title='bbox 2089 4615 2326 4669; x_wconf 72' lang='lat' dir='ltr'><strong>labai-iiiu</strong></span> 
     </span>
    </p>
   </div>
   <div class='ocr_carea' id='block_1_93' title="bbox 751 4703 2332 4781">
    <p class='ocr_par' dir='ltr' id='par_1_93' title="bbox 751 4703 2332 4781">
     <span class='ocr_line' id='line_1_93' title="bbox 751 4703 2332 4781; baseline 0.007 -26"><span class='ocrx_word' id='word_1_618' title='bbox 751 4715 938 4756; x_wconf 87' lang='lat' dir='ltr'><strong>tenens</strong></span> <span class='ocrx_word' id='word_1_619' title='bbox 974 4703 1026 4756; x_wconf 93' lang='lat' dir='ltr'><strong>in</strong></span> <span class='ocrx_word' id='word_1_620' title='bbox 1066 4704 1282 4759; x_wconf 78' lang='lat' dir='ltr'><strong>dextera</strong></span> <span class='ocrx_word' id='word_1_621' title='bbox 1325 4717 1410 4759; x_wconf 91' lang='lat' dir='ltr'><strong>tua</strong></span> <span class='ocrx_word' id='word_1_622' title='bbox 1447 4707 1655 4760; x_wconf 90' lang='lat' dir='ltr'><strong>dimitte</strong></span> <span class='ocrx_word' id='word_1_623' title='bbox 1691 4709 1897 4762; x_wconf 87' lang='lat' dir='ltr'><strong>frenum</strong></span> <span class='ocrx_word' id='word_1_624' title='bbox 1942 4713 2086 4779; x_wconf 84' lang='lat' dir='ltr'><strong>equi,</strong></span> <span class='ocrx_word' id='word_1_625' title='bbox 2123 4723 2182 4764; x_wconf 88' lang='lat' dir='ltr'><strong>ut</strong></span> <span class='ocrx_word' id='word_1_626' title='bbox 2226 4730 2332 4781; x_wconf 91' lang='lat' dir='ltr'><strong>quo</strong></span> 
     </span>
    </p>
   </div>
   <div class='ocr_carea' id='block_1_94' title="bbox 751 4795 2330 4865">
    <p class='ocr_par' dir='ltr' id='par_1_94' title="bbox 751 4795 2330 4865">
     <span class='ocr_line' id='line_1_94' title="bbox 751 4795 2330 4865; baseline 0.007 -18"><span class='ocrx_word' id='word_1_627' title='bbox 751 4810 872 4847; x_wconf 91' lang='lat' dir='ltr'><strong>eum</strong></span> <span class='ocrx_word' id='word_1_628' title='bbox 900 4795 1108 4848; x_wconf 78' lang='lat' dir='ltr'><strong>duxerit</strong></span> <span class='ocrx_word' id='word_1_629' title='bbox 1153 4797 1374 4865; x_wconf 76' lang='lat' dir='ltr'><strong>angelus</strong></span> <span class='ocrx_word' id='word_1_630' title='bbox 1406 4798 1522 4862; x_wconf 86' lang='lat' dir='ltr'><strong>Dei,</strong></span> <span class='ocrx_word' id='word_1_631' title='bbox 1556 4799 1679 4852; x_wconf 89' lang='lat' dir='ltr'><strong>illuc</strong></span> <span class='ocrx_word' id='word_1_632' title='bbox 1707 4810 1812 4852; x_wconf 82' lang='lat' dir='ltr'><strong>eat.</strong></span> <span class='ocrx_word' id='word_1_633' title='bbox 1837 4801 1917 4852; x_wconf 85' lang='lat' dir='ltr'><strong>Tu</strong></span> <span class='ocrx_word' id='word_1_634' title='bbox 1949 4811 2126 4856; x_wconf 88' lang='lat' dir='ltr'><strong>autem</strong></span> <span class='ocrx_word' id='word_1_635' title='bbox 2173 4804 2330 4858; x_wconf 84' lang='lat' dir='ltr'><strong>fixum</strong></span> 
     </span>
    </p>
   </div>
   <div class='ocr_carea' id='block_1_95' title="bbox 755 4883 2330 4951">
    <p class='ocr_par' dir='ltr' id='par_1_95' title="bbox 755 4883 2330 4951">
     <span class='ocr_line' id='line_1_95' title="bbox 755 4883 2330 4951; baseline 0.006 -14"><span class='ocrx_word' id='word_1_636' title='bbox 755 4883 1028 4951; x_wconf 88' lang='lat' dir='ltr'><strong>cuspidem</strong></span> <span class='ocrx_word' id='word_1_637' title='bbox 1064 4887 1228 4938; x_wconf 83' lang='lat' dir='ltr'><strong>laliari</strong></span> <span class='ocrx_word' id='word_1_638' title='bbox 1262 4888 1312 4937; x_wconf 92' lang='lat' dir='ltr'><strong>iii</strong></span> <span class='ocrx_word' id='word_1_639' title='bbox 1347 4898 1486 4940; x_wconf 89' lang='lat' dir='ltr'><strong>terra</strong></span> <span class='ocrx_word' id='word_1_640' title='bbox 1519 4888 1595 4940; x_wconf 89' lang='lat' dir='ltr'><strong>sic</strong></span> <span class='ocrx_word' id='word_1_641' title='bbox 1629 4889 1778 4942; x_wconf 86' lang='lat' dir='ltr'><strong>trahe</strong></span> <span class='ocrx_word' id='word_1_642' title='bbox 1808 4905 1950 4950; x_wconf 87' lang='lat' dir='ltr'><strong>eum.</strong></span> <span class='ocrx_word' id='word_1_643' title='bbox 1984 4900 2039 4943; x_wconf 92' lang='lat' dir='ltr'><strong>ut</strong></span> <span class='ocrx_word' id='word_1_644' title='bbox 2089 4893 2330 4946; x_wconf 86' lang='lat' dir='ltr'><strong>semitam</strong></span> 
     </span>
    </p>
   </div>
   <div class='ocr_carea' id='block_1_96' title="bbox 753 4976 2332 5047">
    <p class='ocr_par' dir='ltr' id='par_1_96' title="bbox 753 4976 2332 5047">
     <span class='ocr_line' id='line_1_96' title="bbox 753 4976 2332 5047; baseline 0.006 -19"><span class='ocrx_word' id='word_1_645' title='bbox 753 4976 910 5030; x_wconf 78' lang='lat' dir='ltr'><strong>faciat</strong></span> <span class='ocrx_word' id='word_1_646' title='bbox 937 4977 1190 5030; x_wconf 89' lang='lat' dir='ltr'><strong>transitus</strong></span> <span class='ocrx_word' id='word_1_647' title='bbox 1220 4979 1322 5042; x_wconf 87' lang='lat' dir='ltr'><strong>sui,</strong></span> <span class='ocrx_word' id='word_1_648' title='bbox 1347 4993 1441 5045; x_wconf 91' lang='lat' dir='ltr'><strong>per</strong></span> <span class='ocrx_word' id='word_1_649' title='bbox 1467 4995 1624 5047; x_wconf 88' lang='lat' dir='ltr'><strong>quam</strong></span> <span class='ocrx_word' id='word_1_650' title='bbox 1655 4981 1898 5034; x_wconf 90' lang='lat' dir='ltr'><strong>semitam</strong></span> <span class='ocrx_word' id='word_1_651' title='bbox 1923 4985 2124 5036; x_wconf 75' lang='lat' dir='ltr'><strong>exsmii</strong></span> <span class='ocrx_word' id='word_1_652' title='bbox 2171 4983 2332 5038; x_wconf 85' lang='lat' dir='ltr'><strong>facies</strong></span> 
     </span>
    </p>
   </div>
   <div class='ocr_carea' id='block_1_97' title="bbox 756 5070 2334 5142">
    <p class='ocr_par' dir='ltr' id='par_1_97' title="bbox 756 5070 2334 5142">
     <span class='ocr_line' id='line_1_97' title="bbox 756 5070 2334 5142; baseline 0.006 -21"><span class='ocrx_word' id='word_1_653' title='bbox 756 5085 938 5123; x_wconf 86' lang='lat' dir='ltr'><strong>muros</strong></span> <span class='ocrx_word' id='word_1_654' title='bbox 965 5087 979 5135; x_wconf 90' lang='lat'><strong>;</strong></span> <span class='ocrx_word' id='word_1_655' title='bbox 1010 5081 1060 5124; x_wconf 92' lang='lat' dir='ltr'><strong>et</strong></span> <span class='ocrx_word' id='word_1_656' title='bbox 1102 5070 1238 5125; x_wconf 92' lang='lat' dir='ltr'><strong>lianc</strong></span> <span class='ocrx_word' id='word_1_657' title='bbox 1279 5080 1585 5124; x_wconf 88' lang='lat' dir='ltr'><strong>veteranam</strong></span> <span class='ocrx_word' id='word_1_658' title='bbox 1619 5073 1881 5126; x_wconf 85' lang='lat' dir='ltr'><strong>civitatem</strong></span> <span class='ocrx_word' id='word_1_659' title='bbox 1929 5085 1982 5126; x_wconf 91' lang='lat' dir='ltr'><strong>et</strong></span> <span class='ocrx_word' id='word_1_660' title='bbox 2021 5091 2156 5142; x_wconf 90' lang='lat' dir='ltr'><strong>pene</strong></span> <span class='ocrx_word' id='word_1_661' title='bbox 2187 5093 2334 5130; x_wconf 86' lang='lat' dir='ltr'><strong>mor-</strong></span> 
     </span>
    </p>
   </div>
   <div class='ocr_carea' id='block_1_98' title="bbox 754 5162 2334 5232">
    <p class='ocr_par' dir='ltr' id='par_1_98' title="bbox 754 5162 2334 5232">
     <span class='ocr_line' id='line_1_98' title="bbox 754 5162 2334 5232; baseline 0.005 -18"><span class='ocrx_word' id='word_1_662' title='bbox 754 5173 897 5215; x_wconf 89' lang='lat' dir='ltr'><strong>tuam</strong></span> <span class='ocrx_word' id='word_1_663' title='bbox 931 5165 982 5216; x_wconf 89' lang='lat' dir='ltr'><strong>in</strong></span> <span class='ocrx_word' id='word_1_664' title='bbox 1013 5162 1349 5232; x_wconf 84' lang='lat' dir='ltr'><strong>juvenculam</strong></span> <span class='ocrx_word' id='word_1_665' title='bbox 1383 5166 1686 5230; x_wconf 86' lang='lat' dir='ltr'><strong>suscitabis,</strong></span> <span class='ocrx_word' id='word_1_666' title='bbox 1719 5177 1772 5219; x_wconf 93' lang='lat' dir='ltr'><strong>et</strong></span> <span class='ocrx_word' id='word_1_667' title='bbox 1815 5169 1884 5218; x_wconf 90' lang='lat' dir='ltr'><strong>tui</strong></span> <span class='ocrx_word' id='word_1_668' title='bbox 1919 5169 2145 5222; x_wconf 89' lang='lat' dir='ltr'><strong>nominis</strong></span> <span class='ocrx_word' id='word_1_669' title='bbox 2179 5185 2334 5222; x_wconf 84' lang='lat' dir='ltr'><strong>voca-</strong></span> 
     </span>
    </p>
   </div>
   <div class='ocr_carea' id='block_1_99' title="bbox 757 5254 2333 5320">
    <p class='ocr_par' dir='ltr' id='par_1_99' title="bbox 757 5254 2333 5320">
     <span class='ocr_line' id='line_1_99' title="bbox 757 5254 2333 5320; baseline 0.004 -14"><span class='ocrx_word' id='word_1_670' title='bbox 757 5254 882 5306; x_wconf 88' lang='lat' dir='ltr'><strong>bulo</strong></span> <span class='ocrx_word' id='word_1_671' title='bbox 908 5255 1229 5317; x_wconf 85' lang='lat' dir='ltr'><strong>nominabis,</strong></span> <span class='ocrx_word' id='word_1_672' title='bbox 1263 5255 1330 5306; x_wconf 92' lang='lat' dir='ltr'><strong>ita</strong></span> <span class='ocrx_word' id='word_1_673' title='bbox 1381 5264 1436 5307; x_wconf 88' lang='lat' dir='ltr'><strong>ut</strong></span> <span class='ocrx_word' id='word_1_674' title='bbox 1465 5258 1694 5320; x_wconf 74' lang='lat' dir='ltr'><strong>reginam</strong></span> <span class='ocrx_word' id='word_1_675' title='bbox 1743 5257 1882 5310; x_wconf 90' lang='lat' dir='ltr'><strong>illam</strong></span> <span class='ocrx_word' id='word_1_676' title='bbox 1911 5259 2068 5312; x_wconf 86' lang='lat' dir='ltr'><strong>facias</strong></span> <span class='ocrx_word' id='word_1_677' title='bbox 2098 5261 2333 5313; x_wconf 91' lang='lat' dir='ltr'><strong>omnium</strong></span> 
     </span>
    </p>
   </div>
   <div class='ocr_carea' id='block_1_100' title="bbox 763 5344 2334 5404">
    <p class='ocr_par' dir='ltr' id='par_1_100' title="bbox 763 5344 2334 5404">
     <span class='ocr_line' id='line_1_100' title="bbox 763 5344 2334 5404; baseline 0.006 -9"><span class='ocrx_word' id='word_1_678' title='bbox 763 5344 1004 5397; x_wconf 86' lang='lat' dir='ltr'><strong>urbium.</strong></span> <span class='ocrx_word' id='word_1_679' title='bbox 1037 5344 1148 5398; x_wconf 82' lang='lat' dir='ltr'><strong>Erit</strong></span> <span class='ocrx_word' id='word_1_680' title='bbox 1175 5346 1317 5398; x_wconf 91' lang='lat' dir='ltr'><strong>enim</strong></span> <span class='ocrx_word' id='word_1_681' title='bbox 1353 5346 1402 5398; x_wconf 93' lang='lat' dir='ltr'><strong>in</strong></span> <span class='ocrx_word' id='word_1_682' title='bbox 1433 5362 1490 5400; x_wconf 88' lang='lat' dir='ltr'><strong>ea</strong></span> <span class='ocrx_word' id='word_1_683' title='bbox 1523 5363 1716 5402; x_wconf 89' lang='lat' dir='ltr'><strong>nomen</strong></span> <span class='ocrx_word' id='word_1_684' title='bbox 1752 5350 1955 5403; x_wconf 88' lang='lat' dir='ltr'><strong>Domini</strong></span> <span class='ocrx_word' id='word_1_685' title='bbox 1987 5350 2109 5404; x_wconf 83' lang='lat' dir='ltr'><strong>Jcsn</strong></span> <span class='ocrx_word' id='word_1_686' title='bbox 2140 5352 2334 5404; x_wconf 82' lang='lat' dir='ltr'><strong>Christi</strong></span> 
     </span>
    </p>
   </div>
   <div class='ocr_carea' id='block_1_101' title="bbox 763 5437 2336 5509">
    <p class='ocr_par' dir='ltr' id='par_1_101' title="bbox 763 5437 2336 5509">
     <span class='ocr_line' id='line_1_101' title="bbox 763 5437 2336 5509; baseline 0.006 -20"><span class='ocrx_word' id='word_1_687' title='bbox 763 5437 1124 5502; x_wconf 78' lang='lat' dir='ltr'><strong>magnificum.</strong></span> <span class='ocrx_word' id='word_1_688' title='bbox 1154 5448 1208 5492; x_wconf 90' lang='lat' dir='ltr'><strong>et</strong></span> <span class='ocrx_word' id='word_1_689' title='bbox 1257 5442 1486 5494; x_wconf 90' lang='lat' dir='ltr'><strong>eruntin</strong></span> <span class='ocrx_word' id='word_1_690' title='bbox 1519 5457 1580 5495; x_wconf 90' lang='lat' dir='ltr'><strong>ea</strong></span> <span class='ocrx_word' id='word_1_691' title='bbox 1626 5443 1820 5509; x_wconf 86' lang='lat' dir='ltr'><strong>templa</strong></span> <span class='ocrx_word' id='word_1_692' title='bbox 1845 5442 1937 5497; x_wconf 89' lang='lat' dir='ltr'><strong>Dei</strong></span> <span class='ocrx_word' id='word_1_693' title='bbox 1972 5445 2034 5496; x_wconf 91' lang='lat' dir='ltr'><strong>ad</strong></span> <span class='ocrx_word' id='word_1_694' title='bbox 2079 5445 2336 5499; x_wconf 90' lang='lat' dir='ltr'><strong>honorem</strong></span> 
     </span>
    </p>
   </div>
   <div class='ocr_carea' id='block_1_102' title="bbox 759 5529 2340 5604">
    <p class='ocr_par' dir='ltr' id='par_1_102' title="bbox 759 5529 2340 5604">
     <span class='ocr_line' id='line_1_102' title="bbox 759 5529 2340 5604; baseline 0.009 -26"><span class='ocrx_word' id='word_1_695' title='bbox 759 5529 996 5580; x_wconf 89' lang='lat' dir='ltr'><strong>omnium</strong></span> <span class='ocrx_word' id='word_1_696' title='bbox 1019 5539 1323 5583; x_wconf 89' lang='lat' dir='ltr'><strong>sanctorum</strong></span> <span class='ocrx_word' id='word_1_697' title='bbox 1353 5543 1676 5596; x_wconf 91' lang='lat' dir='ltr'><strong>constructa,</strong></span> <span class='ocrx_word' id='word_1_698' title='bbox 1707 5543 1761 5587; x_wconf 91' lang='lat' dir='ltr'><strong>et</strong></span> <span class='ocrx_word' id='word_1_699' title='bbox 1809 5534 1900 5587; x_wconf 87' lang='lat' dir='ltr'><strong>lilii</strong></span> <span class='ocrx_word' id='word_1_700' title='bbox 1927 5537 1997 5588; x_wconf 92' lang='lat' dir='ltr'><strong>tiii</strong></span> <span class='ocrx_word' id='word_1_701' title='bbox 2042 5547 2157 5604; x_wconf 85' lang='lat' dir='ltr'><strong>post</strong></span> <span class='ocrx_word' id='word_1_702' title='bbox 2191 5546 2242 5591; x_wconf 90' lang='lat' dir='ltr'><strong>te</strong></span> <span class='ocrx_word' id='word_1_703' title='bbox 2286 5547 2340 5592; x_wconf 92' lang='lat' dir='ltr'><strong>ct</strong></span> 
     </span>
    </p>
   </div>
   <div class='ocr_carea' id='block_1_103' title="bbox 762 5621 2335 5697">
    <p class='ocr_par' dir='ltr' id='par_1_103' title="bbox 762 5621 2335 5697">
     <span class='ocr_line' id='line_1_103' title="bbox 762 5621 2335 5697; baseline 0.008 -24"><span class='ocrx_word' id='word_1_704' title='bbox 762 5621 852 5674; x_wconf 87' lang='lat' dir='ltr'><strong>filii</strong></span> <span class='ocrx_word' id='word_1_705' title='bbox 879 5621 1102 5676; x_wconf 83' lang='lat' dir='ltr'><strong>filiorum</strong></span> <span class='ocrx_word' id='word_1_706' title='bbox 1131 5633 1341 5678; x_wconf 88' lang='lat' dir='ltr'><strong>tuorum</strong></span> <span class='ocrx_word' id='word_1_707' title='bbox 1368 5629 1662 5695; x_wconf 82' lang='lat' dir='ltr'><strong>rcgnabunt</strong></span> <span class='ocrx_word' id='word_1_708' title='bbox 1685 5628 1736 5681; x_wconf 92' lang='lat' dir='ltr'><strong>in</strong></span> <span class='ocrx_word' id='word_1_709' title='bbox 1760 5644 1841 5684; x_wconf 89' lang='lat' dir='ltr'><strong>ea.</strong></span> <span class='ocrx_word' id='word_1_710' title='bbox 1871 5629 2137 5697; x_wconf 80' lang='lat' dir='ltr'><strong>Evigilans</strong></span> <span class='ocrx_word' id='word_1_711' title='bbox 2159 5639 2335 5685; x_wconf 85' lang='lat' dir='ltr'><strong>autem</strong></span> 
     </span>
    </p>
   </div>
   <div class='ocr_carea' id='block_1_104' title="bbox 760 5709 2337 5787">
    <p class='ocr_par' dir='ltr' id='par_1_104' title="bbox 760 5709 2337 5787">
     <span class='ocr_line' id='line_1_104' title="bbox 760 5709 2337 5787; baseline 0.009 -26"><span class='ocrx_word' id='word_1_712' title='bbox 760 5709 1140 5767; x_wconf 80' lang='lat' dir='ltr'><strong>Constantinus</strong></span> <span class='ocrx_word' id='word_1_713' title='bbox 1169 5715 1346 5768; x_wconf 88' lang='lat' dir='ltr'><strong>statim</strong></span> <span class='ocrx_word' id='word_1_714' title='bbox 1376 5718 1438 5769; x_wconf 86' lang='lat' dir='ltr'><strong>ad</strong></span> <span class='ocrx_word' id='word_1_715' title='bbox 1469 5719 1750 5773; x_wconf 79' lang='lat' dir='ltr'><strong>ecclesiam</strong></span> <span class='ocrx_word' id='word_1_716' title='bbox 1779 5721 2029 5787; x_wconf 81' lang='lat' dir='ltr'><strong>perrexit,</strong></span> <span class='ocrx_word' id='word_1_717' title='bbox 2065 5720 2337 5775; x_wconf 83' lang='lat' dir='ltr'><strong>indicans-</strong></span> 
     </span>
    </p>
   </div>
   <div class='ocr_carea' id='block_1_105' title="bbox 763 5801 2338 5870">
    <p class='ocr_par' dir='ltr' id='par_1_105' title="bbox 763 5801 2338 5870">
     <span class='ocr_line' id='line_1_105' title="bbox 763 5801 2338 5870; baseline 0.008 -17"><span class='ocrx_word' id='word_1_718' title='bbox 763 5815 866 5867; x_wconf 81' lang='lat' dir='ltr'><strong>que</strong></span> <span class='ocrx_word' id='word_1_719' title='bbox 908 5801 1156 5870; x_wconf 77' lang='lat' dir='ltr'><strong>episcopo</strong></span> <span class='ocrx_word' id='word_1_720' title='bbox 1211 5806 1440 5858; x_wconf 69' lang='lat' dir='ltr'><strong>civitatis</strong></span> <span class='ocrx_word' id='word_1_721' title='bbox 1491 5810 1604 5861; x_wconf 88' lang='lat' dir='ltr'><strong>viro</strong></span> <span class='ocrx_word' id='word_1_722' title='bbox 1633 5819 1818 5863; x_wconf 80' lang='lat' dir='ltr'><strong>sancto</strong></span> <span class='ocrx_word' id='word_1_723' title='bbox 1853 5811 2063 5866; x_wconf 78' lang='lat' dir='ltr'><strong>nomine</strong></span> <span class='ocrx_word' id='word_1_724' title='bbox 2102 5811 2338 5869; x_wconf 82' lang='lat' dir='ltr'><strong>Sisinnio</strong></span> 
     </span>
    </p>
   </div>
   <div class='ocr_carea' id='block_1_106' title="bbox 2443 4613 4010 4681">
    <p class='ocr_par' dir='ltr' id='par_1_106' title="bbox 2443 4613 4010 4681">
     <span class='ocr_line' id='line_1_106' title="bbox 2443 4613 4010 4681; baseline -0.001 -13"><span class='ocrx_word' id='word_1_725' title='bbox 2443 4625 2752 4681; x_wconf 89' lang='lat' dir='ltr'><strong>parcentum</strong></span> <span class='ocrx_word' id='word_1_726' title='bbox 2779 4616 3058 4679; x_wconf 86' lang='lat' dir='ltr'><strong>atrocitas,</strong></span> <span class='ocrx_word' id='word_1_727' title='bbox 3089 4613 3196 4668; x_wconf 89' lang='lat' dir='ltr'><strong>imo</strong></span> <span class='ocrx_word' id='word_1_728' title='bbox 3221 4613 3408 4680; x_wconf 68' lang='lat' dir='ltr'><strong>gelidae</strong></span> <span class='ocrx_word' id='word_1_729' title='bbox 3445 4616 3631 4668; x_wconf 90' lang='lat' dir='ltr'><strong>mortis</strong></span> <span class='ocrx_word' id='word_1_730' title='bbox 3674 4615 4010 4668; x_wconf 79' lang='lat' dir='ltr'><strong>inclementia</strong></span> 
     </span>
    </p>
   </div>
   <div class='ocr_carea' id='block_1_107' title="bbox 2438 4706 4013 4776">
    <p class='ocr_par' dir='ltr' id='par_1_107' title="bbox 2438 4706 4013 4776">
     <span class='ocr_line' id='line_1_107' title="bbox 2438 4706 4013 4776; baseline -0.003 -15"><span class='ocrx_word' id='word_1_731' title='bbox 2438 4708 2802 4776; x_wconf 82' lang='lat' dir='ltr'><strong>regeiierantis</strong></span> <span class='ocrx_word' id='word_1_732' title='bbox 2827 4706 3014 4775; x_wconf 70' lang='lat' dir='ltr'><strong>gratia:</strong></span> <span class='ocrx_word' id='word_1_733' title='bbox 3059 4716 3394 4760; x_wconf 87' lang='lat' dir='ltr'><strong>sacramento</strong></span> <span class='ocrx_word' id='word_1_734' title='bbox 3425 4707 3683 4772; x_wconf 86' lang='lat' dir='ltr'><strong>privatum</strong></span> <span class='ocrx_word' id='word_1_735' title='bbox 3728 4707 4013 4774; x_wconf 87' lang='lat' dir='ltr'><strong>perniciter</strong></span> 
     </span>
    </p>
   </div>
   <div class='ocr_carea' id='block_1_108' title="bbox 2435 4797 4011 4870">
    <p class='ocr_par' dir='ltr' id='par_1_108' title="bbox 2435 4797 4011 4870">
     <span class='ocr_line' id='line_1_108' title="bbox 2435 4797 4011 4870; baseline -0.004 -15"><span class='ocrx_word' id='word_1_736' title='bbox 2435 4810 2799 4870; x_wconf 75' lang='lat' dir='ltr'><strong>Oppresserat,</strong></span> <span class='ocrx_word' id='word_1_737' title='bbox 2850 4801 2918 4854; x_wconf 90' lang='lat' dir='ltr'><strong>de</strong></span> <span class='ocrx_word' id='word_1_738' title='bbox 2967 4808 3116 4869; x_wconf 89' lang='lat' dir='ltr'><strong>porta</strong></span> <span class='ocrx_word' id='word_1_739' title='bbox 3149 4798 3337 4852; x_wconf 91' lang='lat' dir='ltr'><strong>mortis</strong></span> <span class='ocrx_word' id='word_1_740' title='bbox 3382 4798 3674 4852; x_wconf 88' lang='lat' dir='ltr'><strong>redivivum</strong></span> <span class='ocrx_word' id='word_1_741' title='bbox 3726 4799 3896 4850; x_wconf 64' lang='lat' dir='ltr'><strong>erevit</strong></span> <span class='ocrx_word' id='word_1_742' title='bbox 3949 4797 4011 4849; x_wconf 84' lang='lat' dir='ltr'><strong>ad</strong></span> 
     </span>
    </p>
   </div>
   <div class='ocr_carea' id='block_1_109' title="bbox 2439 4887 4012 4958">
    <p class='ocr_par' dir='ltr' id='par_1_109' title="bbox 2439 4887 4012 4958">
     <span class='ocr_line' id='line_1_109' title="bbox 2439 4887 4012 4958; baseline -0.003 -13"><span class='ocrx_word' id='word_1_743' title='bbox 2439 4893 2635 4946; x_wconf 87' lang='lat' dir='ltr'><strong>lumina</strong></span> <span class='ocrx_word' id='word_1_744' title='bbox 2670 4893 2814 4945; x_wconf 64' lang='lat' dir='ltr'><strong>vitae.</strong></span> <span class='ocrx_word' id='word_1_745' title='bbox 2846 4892 2989 4946; x_wconf 81' lang='lat' dir='ltr'><strong>Alios</strong></span> <span class='ocrx_word' id='word_1_746' title='bbox 3017 4903 3227 4958; x_wconf 86' lang='lat' dir='ltr'><strong>quoque</strong></span> <span class='ocrx_word' id='word_1_747' title='bbox 3257 4888 3412 4942; x_wconf 87' lang='lat' dir='ltr'><strong>binos</strong></span> <span class='ocrx_word' id='word_1_748' title='bbox 3433 4887 3632 4942; x_wconf 90' lang='lat' dir='ltr'><strong>crudeli</strong></span> <span class='ocrx_word' id='word_1_749' title='bbox 3661 4888 3849 4940; x_wconf 90' lang='lat' dir='ltr'><strong>mortis</strong></span> <span class='ocrx_word' id='word_1_750' title='bbox 3879 4899 4012 4940; x_wconf 84' lang='lat' dir='ltr'><strong>meta</strong></span> 
     </span>
    </p>
   </div>
   <div class='ocr_carea' id='block_1_110' title="bbox 2437 4979 4012 5050">
    <p class='ocr_par' dir='ltr' id='par_1_110' title="bbox 2437 4979 4012 5050">
     <span class='ocr_line' id='line_1_110' title="bbox 2437 4979 4012 5050; baseline -0.004 -13"><span class='ocrx_word' id='word_1_751' title='bbox 2437 4986 2688 5037; x_wconf 90' lang='lat' dir='ltr'><strong>multatos</strong></span> <span class='ocrx_word' id='word_1_752' title='bbox 2716 4994 2768 5036; x_wconf 91' lang='lat' dir='ltr'><strong>et</strong></span> <span class='ocrx_word' id='word_1_753' title='bbox 2798 4985 2996 5050; x_wconf 84' lang='lat' dir='ltr'><strong>optatis</strong></span> <span class='ocrx_word' id='word_1_754' title='bbox 3028 4982 3149 5033; x_wconf 67' lang='lat' dir='ltr'><strong>vita:</strong></span> <span class='ocrx_word' id='word_1_755' title='bbox 3191 4979 3457 5033; x_wconf 88' lang='lat' dir='ltr'><strong>manubiis</strong></span> <span class='ocrx_word' id='word_1_756' title='bbox 3500 4979 3758 5047; x_wconf 80' lang='lat' dir='ltr'><strong>spoliatos</strong></span> <span class='ocrx_word' id='word_1_757' title='bbox 3786 4979 3854 5033; x_wconf 90' lang='lat' dir='ltr'><strong>de</strong></span> <span class='ocrx_word' id='word_1_758' title='bbox 3884 4979 4012 5032; x_wconf 84' lang='lat' dir='ltr'><strong>late-</strong></span> 
     </span>
    </p>
   </div>
   <div class='ocr_carea' id='block_1_111' title="bbox 2439 5071 4010 5129">
    <p class='ocr_par' dir='ltr' id='par_1_111' title="bbox 2439 5071 4010 5129">
     <span class='ocr_line' id='line_1_111' title="bbox 2439 5071 4010 5129; baseline -0.005 0"><span class='ocrx_word' id='word_1_759' title='bbox 2439 5075 2599 5129; x_wconf 89' lang='lat' dir='ltr'><strong>broso</strong></span> <span class='ocrx_word' id='word_1_760' title='bbox 2651 5075 2780 5128; x_wconf 91' lang='lat' dir='ltr'><strong>lelhi</strong></span> <span class='ocrx_word' id='word_1_761' title='bbox 2827 5075 3041 5126; x_wconf 86' lang='lat' dir='ltr'><strong>baratre</strong></span> <span class='ocrx_word' id='word_1_762' title='bbox 3085 5081 3136 5126; x_wconf 90' lang='lat' dir='ltr'><strong>et</strong></span> <span class='ocrx_word' id='word_1_763' title='bbox 3167 5072 3331 5124; x_wconf 89' lang='lat' dir='ltr'><strong>trucis</strong></span> <span class='ocrx_word' id='word_1_764' title='bbox 3373 5072 3556 5124; x_wconf 87' lang='lat' dir='ltr'><strong>tartari</strong></span> <span class='ocrx_word' id='word_1_765' title='bbox 3609 5079 3877 5124; x_wconf 89' lang='lat' dir='ltr'><strong>tormento</strong></span> <span class='ocrx_word' id='word_1_766' title='bbox 3908 5071 4010 5124; x_wconf 80' lang='lat' dir='ltr'><strong>voti</strong></span> 
     </span>
    </p>
   </div>
   <div class='ocr_carea' id='block_1_112' title="bbox 2438 5163 4011 5231">
    <p class='ocr_par' dir='ltr' id='par_1_112' title="bbox 2438 5163 4011 5231">
     <span class='ocr_line' id='line_1_112' title="bbox 2438 5163 4011 5231; baseline -0.002 -13"><span class='ocrx_word' id='word_1_767' title='bbox 2438 5181 2656 5231; x_wconf 85' lang='lat' dir='ltr'><strong>compos</strong></span> <span class='ocrx_word' id='word_1_768' title='bbox 2703 5165 2918 5218; x_wconf 76' lang='lat' dir='ltr'><strong>reduxit</strong></span> <span class='ocrx_word' id='word_1_769' title='bbox 2971 5164 3035 5217; x_wconf 91' lang='lat' dir='ltr'><strong>ad</strong></span> <span class='ocrx_word' id='word_1_770' title='bbox 3084 5178 3330 5230; x_wconf 87' lang='lat' dir='ltr'><strong>superos.</strong></span> <span class='ocrx_word' id='word_1_771' title='bbox 3373 5163 3660 5216; x_wconf 86' lang='lat' dir='ltr'><strong>Procerum</strong></span> <span class='ocrx_word' id='word_1_772' title='bbox 3714 5163 4011 5216; x_wconf 83' lang='lat' dir='ltr'><strong>frondentis</strong></span> 
     </span>
    </p>
   </div>
   <div class='ocr_carea' id='block_1_113' title="bbox 2440 5251 4005 5325">
    <p class='ocr_par' dir='ltr' id='par_1_113' title="bbox 2440 5251 4005 5325">
     <span class='ocr_line' id='line_1_113' title="bbox 2440 5251 4005 5325; baseline -0.001 -19"><span class='ocrx_word' id='word_1_773' title='bbox 2440 5257 2547 5324; x_wconf 91' lang='lat' dir='ltr'><strong>pini</strong></span> <span class='ocrx_word' id='word_1_774' title='bbox 2579 5257 2812 5325; x_wconf 72' lang='lat' dir='ltr'><strong>stipitem</strong></span> <span class='ocrx_word' id='word_1_775' title='bbox 2846 5257 3021 5310; x_wconf 86' lang='lat' dir='ltr'><strong>vetitis</strong></span> <span class='ocrx_word' id='word_1_776' title='bbox 3054 5269 3382 5323; x_wconf 88' lang='lat' dir='ltr'><strong>paganorum</strong></span> <span class='ocrx_word' id='word_1_777' title='bbox 3413 5251 3750 5307; x_wconf 73' lang='lat' dir='ltr'><strong>caeremoniis</strong></span> <span class='ocrx_word' id='word_1_778' title='bbox 3783 5254 4005 5321; x_wconf 64' lang='lat' dir='ltr'><strong>deputa-</strong></span> 
     </span>
    </p>
   </div>
   <div class='ocr_carea' id='block_1_114' title="bbox 2442 5345 4010 5412">
    <p class='ocr_par' dir='ltr' id='par_1_114' title="bbox 2442 5345 4010 5412">
     <span class='ocr_line' id='line_1_114' title="bbox 2442 5345 4010 5412; baseline -0.001 -14"><span class='ocrx_word' id='word_1_779' title='bbox 2442 5356 2588 5411; x_wconf 90' lang='lat' dir='ltr'><strong>tuin,</strong></span> <span class='ocrx_word' id='word_1_780' title='bbox 2650 5347 2894 5412; x_wconf 87' lang='lat' dir='ltr'><strong>quamvis</strong></span> <span class='ocrx_word' id='word_1_781' title='bbox 2945 5347 3160 5412; x_wconf 85' lang='lat' dir='ltr'><strong>obliqua</strong></span> <span class='ocrx_word' id='word_1_782' title='bbox 3215 5345 3462 5399; x_wconf 88' lang='lat' dir='ltr'><strong>reclinem</strong></span> <span class='ocrx_word' id='word_1_783' title='bbox 3515 5359 3796 5398; x_wconf 88' lang='lat' dir='ltr'><strong>curvatura</strong></span> <span class='ocrx_word' id='word_1_784' title='bbox 3842 5345 4010 5398; x_wconf 85' lang='lat' dir='ltr'><strong>crebri</strong></span> 
     </span>
    </p>
   </div>
   <div class='ocr_carea' id='block_1_115' title="bbox 2440 5433 4007 5505">
    <p class='ocr_par' dir='ltr' id='par_1_115' title="bbox 2440 5433 4007 5505">
     <span class='ocr_line' id='line_1_115' title="bbox 2440 5433 4007 5505; baseline -0.001 -18"><span class='ocrx_word' id='word_1_785' title='bbox 2440 5437 2740 5489; x_wconf 85' lang='lat' dir='ltr'><strong>accolarum</strong></span> <span class='ocrx_word' id='word_1_786' title='bbox 2801 5436 3058 5505; x_wconf 89' lang='lat' dir='ltr'><strong>bipennes</strong></span> <span class='ocrx_word' id='word_1_787' title='bbox 3124 5438 3368 5490; x_wconf 87' lang='lat' dir='ltr'><strong>certatim</strong></span> <span class='ocrx_word' id='word_1_788' title='bbox 3438 5436 3759 5490; x_wconf 88' lang='lat' dir='ltr'><strong>sneciderint</strong></span> <span class='ocrx_word' id='word_1_789' title='bbox 3809 5433 4007 5504; x_wconf 83' lang='lat' dir='ltr'><strong>[Bodl.,</strong></span> 
     </span>
    </p>
   </div>
   <div class='ocr_carea' id='block_1_116' title="bbox 2441 5529 4012 5601">
    <p class='ocr_par' dir='ltr' id='par_1_116' title="bbox 2441 5529 4012 5601">
     <span class='ocr_line' id='line_1_116' title="bbox 2441 5529 4012 5601; baseline 0.001 -21"><span class='ocrx_word' id='word_1_790' title='bbox 2441 5529 2835 5601; x_wconf 78' lang='lat' dir='ltr'><strong>suceiderent],</strong></span> <span class='ocrx_word' id='word_1_791' title='bbox 2886 5530 3185 5598; x_wconf 85' lang='lat' dir='ltr'><strong>intrepidus</strong></span> <span class='ocrx_word' id='word_1_792' title='bbox 3242 5529 3608 5582; x_wconf 88' lang='lat' dir='ltr'><strong>nutabuiiduni</strong></span> <span class='ocrx_word' id='word_1_793' title='bbox 3646 5531 3904 5596; x_wconf 52' lang='lat' dir='ltr'><strong>.aspexit,</strong></span> <span class='ocrx_word' id='word_1_794' title='bbox 3963 5541 4012 5582; x_wconf 87' lang='lat' dir='ltr'><strong>et</strong></span> 
     </span>
    </p>
   </div>
   <div class='ocr_carea' id='block_1_117' title="bbox 2442 5621 4011 5692">
    <p class='ocr_par' dir='ltr' id='par_1_117' title="bbox 2442 5621 4011 5692">
     <span class='ocr_line' id='line_1_117' title="bbox 2442 5621 4011 5692; baseline -0.001 -15"><span class='ocrx_word' id='word_1_795' title='bbox 2442 5623 2653 5692; x_wconf 77' lang='lat' dir='ltr'><strong>fragore</strong></span> <span class='ocrx_word' id='word_1_796' title='bbox 2681 5626 2966 5677; x_wconf 91' lang='lat' dir='ltr'><strong>horrisono</strong></span> <span class='ocrx_word' id='word_1_797' title='bbox 3002 5622 3396 5677; x_wconf 89' lang='lat' dir='ltr'><strong>cassabiindiim</strong></span> <span class='ocrx_word' id='word_1_798' title='bbox 3433 5621 3756 5688; x_wconf 89' lang='lat' dir='ltr'><strong>contempsit</strong></span> <span class='ocrx_word' id='word_1_799' title='bbox 3788 5624 4011 5687; x_wconf 78' lang='lat' dir='ltr'><strong>pellaccs</strong></span> 
     </span>
    </p>
   </div>
   <div class='ocr_carea' id='block_1_118' title="bbox 2444 5717 4011 5787">
    <p class='ocr_par' dir='ltr' id='par_1_118' title="bbox 2444 5717 4011 5787">
     <span class='ocr_line' id='line_1_118' title="bbox 2444 5717 4011 5787; baseline -0.001 -16"><span class='ocrx_word' id='word_1_800' title='bbox 2444 5718 2674 5773; x_wconf 81' lang='lat' dir='ltr'><strong>Anatolii</strong></span> <span class='ocrx_word' id='word_1_801' title='bbox 2729 5718 3007 5772; x_wconf 79' lang='lat' dir='ltr'><strong>tichulonis</strong></span> <span class='ocrx_word' id='word_1_802' title='bbox 3033 5718 3348 5787; x_wconf 68' lang='lat' dir='ltr'><strong>prmsligias,</strong></span> <span class='ocrx_word' id='word_1_803' title='bbox 3399 5732 3533 5786; x_wconf 90' lang='lat' dir='ltr'><strong>quas</strong></span> <span class='ocrx_word' id='word_1_804' title='bbox 3565 5717 3845 5771; x_wconf 65' lang='lat' dir='ltr'><strong>Iit&#39;idurutu</strong></span> <span class='ocrx_word' id='word_1_805' title='bbox 3878 5717 4011 5770; x_wconf 81' lang='lat' dir='ltr'><strong>fian—</strong></span> 
     </span>
    </p>
   </div>
   <div class='ocr_carea' id='block_1_119' title="bbox 2443 5811 4015 5868">
    <p class='ocr_par' dir='ltr' id='par_1_119' title="bbox 2443 5811 4015 5868">
     <span class='ocr_line' id='line_1_119' title="bbox 2443 5811 4015 5868; baseline 0.001 -10"><span class='ocrx_word' id='word_1_806' title='bbox 2443 5813 2657 5864; x_wconf 81' lang='lat' dir='ltr'><strong>diilciita</strong></span> <span class='ocrx_word' id='word_1_807' title='bbox 2729 5816 3042 5868; x_wconf 72' lang='lat' dir='ltr'><strong>&#39;J‘flllllorlllll</strong></span> <span class='ocrx_word' id='word_1_808' title='bbox 3117 5813 3276 5868; x_wconf 87' lang='lat' dir='ltr'><strong>factio</strong></span> <span class='ocrx_word' id='word_1_809' title='bbox 3338 5811 3481 5864; x_wconf 87' lang='lat' dir='ltr'><strong>inille</strong></span> <span class='ocrx_word' id='word_1_810' title='bbox 3538 5811 3758 5866; x_wconf 85' lang='lat' dir='ltr'><strong>nocendi</strong></span> <span class='ocrx_word' id='word_1_811' title='bbox 3816 5811 4015 5862; x_wconf 61' lang='lat' dir='ltr'><strong>artibus</strong></span> 
     </span>
    </p>
   </div>
  </div>
