4214 6594
259 428 359 484 135

1428 443 1513 497 DE
1553 446 1803 502 ΔΜ]ῡῖἓῖ

1884 450 1893 500 'i
1938 450 2411 511 VIRCINITATIS.
3420 484 3516 537 196

255 561 463 602 armata
495 560 710 603 ostenso
747 553 947 607 fallacis
981 555 1117 623 pepli
1150 555 1378 611 ludibrio
1408 561 1659 611 audacter
1684 561 1833 631 ingc-
1867 568 1913 621 Λ
1942 560 2191 616 cionanili
2223 582 2417 633 genere
2451 570 2697 632 praefatus
2727 580 2949 636 antistes
2977 588 3324 643 sermocinari
3348 595 3520 647 credi.

251 643 434 707 rebat,
470 646 814 710 prmpoflcnte
846 647 1159 700 meritorum
1187 649 1376 716 gratia,
1411 651 1649 703 funditus
1675 651 1835 703 fates-

248 749 403 798 ccre,
438 745 491 787 et
517 739 695 803 procul
722 748 777 790 ut
802 737 1145 791 ridiculosum
1166 745 1479 808 phantasma
1511 758 1836 797 evanescere

247 825 406 890 fecit,
442 843 735 895 prtscorum
786 830 1007 884 delubra
1064 848 1387 902 paganorum
1435 850 1462 886 a
1508 837 1834 888 cementario

244 922 592 986 po‘itissitnis
643 936 913 981 cotngacta
969 927 1157 990 petris,
1202 928 1485 994 rubrisque
1538 930 1831 993 tegularum

252 1011 575 1065 imbricibus
605 1024 762 1075 teeta,
797 1016 1098 1070 mortalium
1131 1017 1377 1072 diffidens
1408 1020 1753 1083 adminiculo,
1781 1028 1835 1073 et

241 1106 566 1171 angelorum
599 1109 761 1159 fretus
787 1109 1061 1179 suffragio,
1092 1114 1213 1177 quia
1248 1112 1449 1186 [Bodl.,
1481 1113 1592 1184 qui]
1639 1113 1832 1167 hastati

241 1204 309 1246 et
379 1200 570 1250 scutati
627 1197 826 1253 famulo
886 1201 975 1254 fici
1028 1204 1329 1267 prmsidium
1402 1206 1556 1260 laturi
1620 1209 1832 1260 venisse

240 1288 517 1353 leguntur,
572 1289 686 1343 solo
739 1298 889 1345 tenus
938 1293 1109 1347 diruta
1142 1296 1443 1363 quassavit,
1488 1300 1698 1363 evertit,
1731 1297 1828 1351 tle-

233 1386 400 1428 struit
415 1378 468 1429 it.

1944 661 2062 715 tur,
2121 656 2209 719 qui
2265 674 2595 730 nequaquim
2664 668 2997 724 estrinseeus
3028 679 3259 729 carnalis
3304 690 3508 737 tantum

1943 741 2208 809 pudicitiae
2267 747 2659 806 immunitatem
2717 758 2780 808 ad
2846 767 3229 826 protnerendas
3284 780 3517 828 strenuae

1942 836 2263 905 integritatis
2316 842 2505 896 infulas
2562 847 2807 902 idoneam
2877 853 2990 907 fore
3044 869 3189 909 ratus
3249 870 3351 924 est,
3415 866 3515 920 nisi

1940 929 2154 994 spiritus
2185 947 2398 1002 quoque
2447 939 2759 992 castimonia
2799 942 2947 1012 cujus
2992 946 3215 1013 imperio
3248 953 3507 1008 indomita

1937 1016 2228 1078 corporalis
2300 1018 2533 1073 lasciviat
2605 1026 2892 1089 petulantia
2962 1031 3281 1089 refrenetur.
3361 1040 3511 1093 Sicut

1940 1110 2230 1161 vernacula
2284 1128 2351 1165 ne
2402 1121 2797 1173 contumaciter
2859 1123 3183 1192 insolescat,
3250 1143 3508 1187 matronae

1938 1199 2156 1252 nutibus
2183 1206 2539 1269 mancipatur,
2578 1209 2901 1265 intrinsecus
2932 1220 3305 1275 contubernali
3352 1227 3511 1277 soda-

1938 1286 2087 1343 litate
2160 1295 2501 1349 concorditer
2573 1299 2927 1358 adhterescat.
3013 1306 3227 1365 Exsutit
3293 1316 3506 1383 quidam

1939 1380 2231 1447 pontificali
2278 1384 2537 1452 dignitate
2580 1390 2863 1445 decoratus
2907 1397 3103 1450 merito
3135 1400 3282 1456 Felix
3311 1380 3368 1457 ct
3414 1422 3511 1457 uo-

324 1467 534 1522 XXVII.
568 1469 872 1539 Gregorius,
905 1473 1248 1529 Nazianzen:e
1282 1477 1531 1532 Ecclesia:
1565 1480 1828 1547 guberna-

232 1566 354 1619 tur,
394 1562 534 1623 apud
565 1562 799 1616 Athenas
828 1566 952 1633 (qua
987 1582 1080 1633 per
1106 1569 1243 1621 idem
1276 1580 1482 1633 tempus
1505 1573 1828 1637 rutnigetu'a

227 1654 723 1714 grammaticorum
773 1658 937 1721 gloria
981 1668 1034 1711 et
1068 1660 1455 1713 clandestinum
1496 1662 1826 1717 Academicus

231 1744 623 1807 disputationis
654 1749 926 1815 SOphistna
962 1752 1256 1818 pollebant)
1287 1756 1499 1807 czntcris
1552 1757 1822 1822 incompa-

226 1851 246 1885 ι
266 1835 770 1899 aliifitcret-uditus,
806 1840 982 1895 Basilii
1002 1844 1050 1895 iu
1073 1844 1455 1911 philosophicis
1480 1846 1820 1912 dagmatibus

1935 1473 2098 1539 mitte,
2150 1477 2239 1541 qui
2283 1490 2404 1529 cum
2457 1494 2552 1546 pro
2604 1482 2725 1535 fidei
2783 1490 3084 1543 constantia
3139 1507 3166 1543 a
3217 1498 3507 1551 tortoribus

1934 1573 2313 1633 torqueretur,
2366 1578 2423 1624 et
2478 1572 2756 1625 horrendis
2805 1578 3118 1633 carnificum
3171 1586 3495 1641 cruciatibus

1932 1657 2221 1721 agonizans
2253 1662 2707 1731 martyrizaretnr,
2756 1668 3087 1726 exclamasse
3126 1674 3295 1727 fertur
3325 1693 3337 1726 :
3366 1676 3503 1731 Gra-

1932 1744 2031 1799 tias
2064 1747 2153 1801 tibi
2187 1763 2305 1818 ago,
2337 1751 2570 1817 Christe,
2604 1771 2685 1809 Lvt
2729 1772 2898 1811 annos
2925 1762 2975 1813 in
3002 1767 3199 1818 saculo
3228 1766 3501 1836 virginita-

1931 1844 2033 1891 tem
2056 1855 2238 1894 'tueam
2267 1844 2552 1896 custodiri.

220 1926 660 1994 eundiscipulus,
718 1931 855 1982 sicut
904 1948 953 1984 ιι
998 1934 1384 1988 biecIesiasticze
1418 1937 1549 1988 liber
1579 1938 1818 1991 historia!
1851 1919 1899 1980 Β
1996 1933 2236 1988 XXVIII.
2294 1937 2598 1993 Aothonius
2646 1942 2883 1997 cmlestis
2940 1947 3105 2000 aratri
3158 1950 3409 2002 stivarius
3448 1960 3503 2005 ct

225 2014 591 2080 manifestat,
662 2033 781 2069 cum
844 2034 871 2071 a
940 2021 1089 2074 rudis
1162 2022 1401 2077 infantiae
1467 2028 1821 2081 teneritudine

218 2106 539 2171 curporalis
585 2108 849 2160 illecebrte
886 2121 1222 2177 contemptor
1251 2123 1308 2165 et
1338 2115 1610 2184 zelotypus
1659 2118 1821 2169 casti-

226 2196 365 2245 tatis
415 2207 623 2249 amator
667 2200 936 2262 existeret,
996 2204 1228 2269 pulchra:
1278 2205 1497 2258 visionis
1542 2220 1802 2273 oromate,

214 2298 428 2335 somno
474 2288 702 2350 sopitum
752 2294 1047 2345 clementer
1083 2297 1305 2357 solatur,
1338 2296 1421 2349 cui
1463 2311 1678 2365 prupter
1706 2302 1814 2352 vir-

214 2374 412 2435 ginale
438 2375 655 2441 putIOris
690 2381 1019 2445 propositum
1046 2394 1098 2433 et
1121 2387 1425 2449 gymnicum
1460 2388 1811 2456 philosopth

210 2464 468 2516 Studium
520 2466 569 2516 in
598 2470 811 2532 gettiino
843 2469 1080 2524 feminini
1132 2487 1292 2526 sexus
1328 2476 1616 2531 simulacro
1647 2483 1808 2533 casti-

221 2563 316 2605 tas
336 2563 393 2607 et
409 2556 669 2620 sapientia
697 2575 788 2623 per
807 2576 1055 2627 soporem
1085 2567 1397 2631 apparuisse
1413 2567 1805 2623 describuntur.

212 2645 343 2697 Hoc
374 2649 533 2699 modo
562 2661 806 2704 sanctum
853 2654 917 2705 ad
972 2655 1292 2721 integritatis
1337 2673 1585 2713 Coronam
1615 2663 1807 2715 cohor-

210 2745 405 2789 tantes
425 2739 766 2806 alloquuntur
792 2757 805 2793 :
836 2745 1014 2796 Altera
1046 2746 1189 2798 enim
1222 2763 1284 2800 ex
1325 2750 1479 2802 nobis
1510 2753 1764 2817 sapientia
1786 2794 1800 2817 ,

207 2826 396 2880 altera
449 2833 667 2884 castitas
719 2832 942 2895 dicitur;
992 2844 1045 2888 et
1093 2836 1271 2889 tnisste
1303 2853 1487 2892 sumus
1519 2853 1547 2891 a
1577 2839 1804 2895 Domino

206 2925 399 2971 tecum
434 2920 695 2985 habitare,
740 2923 860 2990 quia
886 2922 1179 2991 jucundum
1210 2928 1363 2979 nobis
1391 2939 1445 2981 et
1472 2931 1603 2983 satis
1635 2946 1800 2982 mmi-

202 3008 347 3061 dutn
403 3012 451 3062 in
508 3013 673 3066 corde
722 3022 812 3066 tuo
845 3014 1204 3069 habitaculum
1248 3020 1584 3087 prmparasti.
1633 3022 1798 3089 Cujus

202 3103 417 3155 siminii
452 3105 757 3171 conjectura
790 3108 965 3176 colligi
1018 3118 1073 3163 et
1124 3109 1204 3161 his
1250 3114 1576 3179 argumentis
1625 3113 1793 3166 anim-

196 3194 423 3245 adverti
476 3196 552 3247 fas
602 3206 682 3248 est
744 3200 989 3253 eumdem
1062 3199 1429 3269 hujuscemodi
1483 3206 1789 3259 meritorum

200 3288 581 3342 muniﬁcentia
638 3293 935 3358 prteditum,
993 3293 1174 3347 illtesa:
1238 3296 1480 3361 puritatis
1532 3314 1783 3353 coronam

200 3393 383 3443 usque
411 3379 475 3431 ad
506 3390 700 3433 metam
753 3383 916 3438 sortis
956 3399 1223 3452 supremae
1265 3388 1547 3443 indefessis
1594 3392 1789 3446 viribus

200 3486 603 3538 usquequaque
631 3475 950 3542 custodisse,
985 3479 1280 3544 prmsertim
1305 3494 1423 3532 cum
1456 3481 1521 3534 de
1553 3482 1644 3535 illo
1666 3497 1793 3536 ean-

198 3566 320 3610 ιιιηι
371 3557 573 3630 [Βοάιη
606 3561 842 3633 cautum]
867 3564 935 3615 sit
974 3564 1183 3632 :lIujus
1224 3582 1397 3635 neque
1446 3570 1549 3621 vita
1592 3572 1787 3638 aliquid

200 3652 542 3712 probabilius
573 3664 626 3707 et
657 3657 921 3719 sanctius,
953 3673 1124 3725 neque
1154 3660 1459 3723 eloquentia
1511 3662 1708 3715 clarius
1736 3673 1790 3715 et

198 3742 490 3805 iltttStrius,
517 3758 688 3810 neque
715 3744 816 3798 fide
841 3747 1025 3812 purius
1047 3759 1100 3800 et
1128 3749 1347 3814 rectius,
1373 3766 1543 3819 neque
1565 3754 1785 3808 scientia

199 3831 420 3896 plenius
447 3842 494 3885 et
527 3832 809 3899 perfectius
842 3837 1065 3889 inveniri
1102 3848 1317 3906 potest;
1350 3843 1489 3908 quod
1519 3842 1784 3911 Ruffinus,

200 3923 342 3971 mira
406 3923 690 3975 verborum
753 3926 1052 3979 urbanitate
1107 3929 1396 3994 praeditus,
1456 3931 1508 3983 in
1565 3937 1786 4003 prologo

197 4010 542 4076 apologetico
592 4013 797 4079 plenius
848 4018 1132 4083 exposuit:
1166 4018 1393 4071 Basilius
1443 4023 1677 4088 pomifer
1732 4035 1787 4079 et

196 4100 590 4153 celeberrimus
638 4105 947 4172 Cappadox,
981 4108 1206 4161 Athenis
1248 4124 1399 4178 mque
1430 4124 1487 4164 ut
1538 4115 1787 4179 praefatus

196 4194 412 4264 collega
460 4196 744 4251 rhetoricis
783 4200 1170 4264 StthtiStltnlllln
1211 4203 1435 4258 edoctus
1469 4206 1782 4272 disciplinis,

196 4286 291 4349 qui
350 4286 648 4353 regularem
721 4290 1030 4343 monasticte
1080 4295 1502 4347 conversationis
1543 4311 1783 4352 normam

196 4376 499 4443 reciprocis
526 4378 842 4433 schedarutn
882 4382 1332 4437 sciscitationibus
1354 4386 1554 4440 vicaria
1584 4387 1787 4441 littera-

196 4481 319 4521 rum
354 4470 616 4524 relatione
665 4473 996 4537 respondens
1026 4476 1144 4529 luce
1186 4477 1386 4531 clarius
1430 4479 1495 4533 ad
1527 4480 1782 4548 liquidum

1924 2023 2211 2087 evangelici
2270 2028 2540 2079 sermonis
2603 2040 2783 2090 sator.
2850 2048 2878 2084 a
2942 2049 3049 2101 quo
3106 2037 3351 2100 primitus
3410 2054 3501 2105 per

1922 2112 2212 2181 Egyptum
2276 2115 2467 2170 fertilis
2531 2121 2899 2175 cmnobiorum
2955 2139 3107 2191 seges
3171 2138 3225 2180 et
3278 2130 3495 2183 fecunda

1920 2208 2349 2260 eotivcrsationis
2403 2224 2529 2264 occa
2580 2214 2876 2281 granigeris
2931 2219 3249 2281 germinavit
3307 2221 3494 2287 spicis,

1919 2294 2057 2348 unde
2110 2299 2389 2363 postmodo
2446 2302 2781 2368 Memphitica
2870 2310 3057 2375 tellus,
3115 2325 3277 2377 quam
3338 2312 3485 2367 Nilus

1916 2386 2204 2451 reciprocis
2259 2385 2512 2441 fecundat
2566 2384 2825 2455 fluentis,
2882 2395 3127 2450 tnillcnos
3194 2400 3489 2454 animarum

1916 2476 2212 2541 manipulos
2258 2480 2310 2528 in
2363 2477 2644 2533 fructiferis
2686 2481 2941 2537 Ecclesia:
2990 2487 3265 2539 novalibus
3318 2490 3490 2556 pullu-

1913 2566 2082 2620 lantes
2112 2570 2367 2635 protulit,
2398 2586 2534 2638 quos
2563 2573 2791 2639 angelici
2825 2589 3093 2629 messores
3140 2579 3284 2645 (cum
3318 2581 3485 2649 figura

1911 2662 2090 2713 mundi
2122 2662 2173 2713 in
2214 2661 2319 2715 ietu
2356 2673 2407 2715 et
2436 2675 2617 2716 atomo
2646 2666 2948 2731 evanuerit,
2978 2678 3029 2719 et
3056 2671 3291 2721 enormia
3337 2686 3489 2724 crea-

1910 2758 2144 2801 turarum
2178 2752 2441 2804 elementa
2474 2754 2526 2804 in
2560 2755 2748 2806 melius
2794 2765 3119 2811 commutata
3168 2760 3483 2830 claruerint)

1907 2841 2259 2902 sequestratis
2276 2842 2520 2898 foliorum
2554 2843 3220 2902 fasciculisininexbausta
3244 2853 3484 2905 cmlestis

1905 2931 2053 2997 regni
2080 2931 2269 2984 horrea
2298 2935 2605 2987 catervatim
2650 2937 3028 3001 advectabunt,
3061 2954 3239 2993 nonne
3261 2953 3477 3008 propter

1901 3021 2166 3088 egregiam
2195 3023 2385 3078 anima:
2414 3024 2722 3091 pudicitiam
2745 3026 2993 3080 ineffabili
3026 3032 3279 3083 virtutum
3303 3036 3471 3097 gratia

1900 3112 2177 3180 praeditus,
2202 3129 2367 3182 usque
2390 3129 2673 3182 supremos
2703 3125 2966 3170 terrarum
2995 3121 3241 3173 cardines
3260 3138 3476 3177 rumore

1901 3204 2075 3257 clarus
2108 3204 2425 3271 percrebuit,
2456 3206 2594 3272 quod
2626 3208 2830 3275 plenius
2853 3210 2918 3261 de
2939 3210 3055 3273 ejus
3086 3214 3281 3266 virtute
3313 3215 3472 3266 mira-

1897 3296 2135 3349 culorum
2186 3296 2530 3361 Athanasius,
2583 3301 2976 3355 Alexandrinus
3003 3305 3247 3371 antistes,
3281 3306 3472 3375 simplo

1894 3387 2161 3442 volumine
2191 3388 2459 3455 patefecit,
2491 3389 2785 3460 Evagrioin
2813 3392 3057 3448 Latinum
3089 3399 3462 3454 transferente.

1967 3476 2157 3532 Paulus
2180 3479 2358 3533 itidem
2391 3480 2616 3550 inclytus
2633 3491 2685 3535 et
2714 3483 2924 3537 Patrum
2947 3486 3347 3553 celeberrimus,
3375 3492 3463 3557 qui

1891 3583 1921 3621 a
1955 3569 2140 3635 pellaci
2171 3583 2367 3636 genero
2398 3585 2556 3625 επακ
2582 3573 2844 3636 cupidinis
2880 3576 3214 3644 phylargiriae
3243 3579 3469 3642 decepto

1890 3668 2071 3710 contra
2093 3657 2214 3725 jura
2235 3672 2437 3713 natura
2468 3661 2709 3724 proditus
2737 3673 2789 3715 et
2820 3666 3181 3731 publicatus,a
3216 3671 3470 3734 pritutevo

1896 3748 2192 3815 pubertatis
2236 3750 2481 3803 tirocinio
2511 3751 2871 3819 Memphitica:
2902 3756 3206 3811 solitudinis
3258 3760 3467 3813 deserta

1891 3849 2202 3906 penetrans,
2232 3856 2336 3908 qua
2393 3843 2622 3896 carnalis
2673 3845 2943 3911 spurcitiae
2991 3848 3345 3903 blandimenta
3386 3850 3465 3901 fa-

1892 3938 2119 3994 tescunt,
2156 3939 2211 3985 et
2252 3933 2501 3986 mundani
2552 3934 2727 3986 luctus
2756 3934 2955 4005 [Bodl.,
2990 3934 3181 4007 luxus]
3230 3940 3470 3993 oblecta—

1888 4031 2067 4073 mcnta
2112 4022 2418 4085 vilescunt,
2470 4023 2765 4078 horrendos
2810 4026 3106 4079 helluarum
3152 4029 3378 4082 barritus
3410 4039 3466 4083 et

1892 4112 2223 4165 truculentos
2253 4112 2463 4164 leonum
2494 4113 2756 4176 fremitus,
2789 4114 3026 4168 ardentis
3054 4115 3174 4170 fidei
3220 4116 3465 4172 defensa-

1888 4203 2009 4256 culo
2036 4202 2230 4266 fretus,
2269 4204 2560 4271 intrepidus
2589 4215 3000 4273 contempserat,
3056 4220 3275 4261 consula
3329 4210 3463 4263 ditii-

1889 4301 2033 4345 taxat
2083 4294 2378 4363 palmarum
2411 4296 2602 4361 plecta,
2631 4305 2685 4348 et
2712 4310 2807 4363 pro
2836 4297 2976 4349 dulci
3021 4298 3352 4368 daetylorutu
3381 4317 3462 4352 sa-

1887 4382 2008 4453 gina
2030 4383 2324 4452 squalidum
2362 4394 2669 4438 sustentans
2711 4388 3107 4456 corpusculum,
3143 4402 3345 4444 natura:
3370 4392 3464 4445 deo

1889 4472 2053 4527 bitum
2083 4474 2265 4539 solvit,
2299 4488 2474 4530 nonne
2499 4485 2715 4543 propter
2734 4477 2971 4530 florentis
3005 4476 3276 4545 pudicitia:
3303 4483 3464 4533 casti-

196 4558 449 4628 digessit,
480 4578 577 4616 nec
601 4579 703 4616 non
733 4564 857 4636 ἔργα
875 4568 937 4619 τὰ
963 4565 1269 4642 Ἔξαμὲρων,
1296 4569 1345 4624 id
1370 4581 1474 4635 est,
1499 4588 1661 4641 opera
1683 4589 1777 4629 sex
1811 4596 1865 4656 Ι)
1890 4566 2119 4620 maniam
2145 4567 2248 4620 fine
2269 4576 2420 4620 tenus
2443 4568 2792 4621 inextricabili
2821 4570 3074 4637 repagqu
3094 4582 3460 4625 conservatam

198 4651 435 4715 dierum,
492 4670 608 4724 qua:
650 4656 702 4709 in
750 4655 998 4713 Latinum
1044 4662 1296 4715 translata
1341 4663 1613 4732 leguntur,
1647 4668 1782 4723 mira

199 4742 524 4813 eloquentia:
568 4746 943 4802 disertitudiue
992 4749 1159 4805 fretus
1204 4753 1399 4819 edidit;
1456 4754 1500 4808 is
1542 4756 1781 4826 inquam,

203 4836 345 4899 quod
408 4836 724 4905 integritads
789 4841 955 4907 gratia
1027 4840 1365 4911 incorruptus
1429 4848 1784 4914 corpOraliter

204 4923 448 4981 floruerit
493 4944 556 4981 ex
607 4929 775 4996 ipsius
824 4931 999 5000 elogio
1038 4932 1401 4999 conjecturam
1432 4950 1682 5006 capesso,
1714 4940 1781 4992 ita

208 5019 579 5085 prosequentis
612 5036 626 5073 :
662 5020 726 5073 Et
776 5020 1029 5075 feminam
1065 5039 1170 5077 non
1230 5040 1499 5095 cognosco
1552 5039 1605 5081 et
1634 5029 1783 5100 virgo

206 5121 307 5159 non
341 5124 495 5173 sum;
528 5119 681 5165 vetus
712 5113 907 5181 quippe
934 5116 1270 5170 consuetudo
1321 5120 1611 5185 peritorum
1660 5136 1782 5175 esse

208 5197 372 5251 fertur
396 5203 856 5270 eoncionatorum,
876 5207 961 5272 qui
987 5221 1080 5271 pro
1101 5209 1287 5263 rostris
1312 5211 1363 5262 in
1387 5210 1529 5263 edito
1553 5220 1779 5279 stantes,

210 5294 552 5356 popularibus
602 5296 831 5351 catervis
879 5300 1284 5367 concionantur,
1340 5311 1399 5357 ut
1452 5304 1501 5355 in
1553 5304 1780 5359 diversa:

208 5386 477 5439 concionis
504 5402 676 5440 cuneo
724 5398 773 5439 ct
802 5387 1004 5455 dispari
1035 5404 1187 5454 sexu,
1220 5408 1317 5445 ceu
1350 5393 1559 5461 propria
1595 5395 1664 5446 ita
1697 5396 1778 5447 itt-

209 5478 412 5530 terdum
471 5478 641 5532 aliena
705 5479 1066 5535 fruniscantur
1125 5498 1352 5551 persona
1419 5483 1621 5557 [Bodl.,
1673 5486 1782 5539 fru-

210 5564 468 5623 riscmtur
542 5570 835 5642 personat],
903 5581 1061 5639 atque
1139 5575 1380 5627 attonitis
1454 5576 1779 5631 auditoribus

212 5652 507 5727 ignarisque
558 5661 1006 5715 auscultatoribns
1054 5677 1247 5715 arcana
1300 5666 1492 5718 mentis
1543 5666 1776 5731 ipsorum

212 5747 572 5812 rcclttdentcs,
624 5761 675 5803 ct
728 5753 968 5807 abstrusa
1019 5756 1429 5822 pra'cmdinrunt
1481 5768 1777 5811 tcset‘atttcs

220 5833 434 5897 facundi
478 5846 741 5899 sctmonis
789 5846 933 5901 clave
983 5849 1313 5915 pati-faiiant.
1355 5850 1460 5903 "0c
1492 5866 1620 5919 e-gn
1648 5866 1780 5902 con—

1888 4657 1967 4710 bis
1990 4659 2134 4709 senis
2161 4666 2457 4725 temporum
2489 4658 2690 4727 lustris,
2724 4660 2775 4712 id
2826 4669 2931 4727 est,
2963 4660 3130 4715 vicies
3169 4672 3318 4716 terna
3369 4682 3466 4716 an-

1886 4763 2075 4802 norum
2128 4749 2525 4818 intercapedine
2563 4749 2858 4805 buccellatn
2892 4754 3143 4806 crustula:
3194 4754 3461 4822 semi-ple-

1886 4854 2048 4901 nam,
2095 4855 2254 4909 quam
2312 4842 2566 4911 penuiger
2603 4857 2810 4910 prrpes
2858 4843 3139 4898 indefessis
3194 4844 3464 4899 famulati-

1884 4931 1982 4985 bus
2012 4941 2065 4986 et
2114 4933 2406 5001 reciprocis
2437 4933 2702 4987 volatibus
2731 4933 2914 4989 hiulco
2945 4937 3241 4992 advexerat
3263 4949 3463 5003 rostro,

1884 5038 2051 5091 usque
2076 5024 2399 5091 decrepitam
2428 5025 2550 5078 vitte
2571 5035 2841 5080 senectam
2883 5028 3250 5083 inexhaustam
3278 5041 3465 5099 gratu-

1883 5115 2137 5170 labundus
2164 5129 2385 5182 accepto
2415 5114 2557 5172 ferre
2583 5119 2911 5185 promeruit?

1956 5206 2142 5261 XXIX.
2180 5207 2413 5260 llilarion
2451 5209 2852 5274 opinatissimus
2892 5210 3189 5267 Palmstina:
3222 5214 3461 5267 solitudi-

1879 5297 1962 5347 Itis
2000 5297 2176 5349 accola
2205 5336 2220 5361 ,
2276 5297 2505 5352 ethnicis
2548 5300 2857 5366 parentibus
2917 5300 3182 5354 idolorum
3229 5304 3453 5357 culturm

1882 5388 2071 5445 deditis
2100 5389 2380 5452 oriundus,
2410 5406 2551 5454 rosa,
2580 5399 2641 5444 ut
2663 5392 2879 5457 dicitur,
2912 5393 3203 5446 rubicunda
3242 5394 3309 5447 de
3352 5396 3460 5461 spi-

1884 5486 2015 5533 netis
2044 5481 2200 5547 vulgo
2231 5483 2570 5535 nascentibus
2605 5483 2820 5547 florens,
2878 5499 2938 5537 ea
2990 5494 3306 5550 tempestate
3354 5501 3459 5554 qua

1883 5571 2168 5638 prmdictus
2190 5572 2450 5626 Antonius
2479 5590 2572 5639 per
2612 5573 2901 5644 Aigyptum
2946 5576 3141 5630 celebri
3174 5576 3309 5629 fama
3342 5578 3459 5629 vul-

1879 5664 2100 5732 gabatur
2153 5665 2383 5728 claruit,
2437 5666 2585 5733 cujus
2632 5669 2791 5719 vitam
2844 5668 3201 5738 Hieronymus
3229 5668 3462 5723 cmlestis

1882 5756 2221 5809 bibliotheca:
2271 5757 2512 5825 egregius
2559 5757 2731 5809 cultor
2763 5758 3241 5828 universorumque
3295 5758 3457 5811 inte:-

1887 5859 2089 5915 pt‘ttlttnl
2125 5851 2593 5915 pr:r.~tanli5sitnus
2624 5851 2783 5902 tantis
2838 5851 3149 5917 opinionum
3185 5864 3458 5903 rumuscu-
