4214 6572
760 450 858 503 ΕΠ
1574 444 1630 497 S.
1669 440 2013 496 ALDlllll..\ll
2054 438 2332 493 UPERUM
2377 436 2550 490 PARS
2594 436 2653 489 ll.
2696 467 2761 475 ——
2801 435 3226 491 TRACTATUS.
3908 440 3982 492 l'ZS

763 565 826 614 lis
853 560 1080 624 extollit,
1118 568 1175 613 ut
1202 559 1487 611 Homerum
1536 570 1748 623 quoque
1772 555 1814 607 si
1848 553 1912 604 ab
1948 550 2129 603 inferis
2155 564 2330 602 emer-
2367 566 2412 619 Α
2445 548 2656 601 videndi
2692 550 2961 613 mulieres,
2998 560 3050 603 et
3099 551 3361 619 prmcipue
3390 566 3453 606 ex
3482 568 3588 621 quo
3621 555 3670 606 in
3700 554 3835 607 illius
3860 557 3978 620 rupis

760 662 909 719 geret
938 651 1021 704 vel
1054 650 1287 703 invidere
1337 648 1577 700 materia:
1636 648 1793 710 dicat,
1831 645 1909 698 vel
1966 642 2336 703 succumbere,
2450 656 2507 691 se
2538 640 2866 692 monasterio
2889 639 3262 709 conclusisset,
3297 642 3496 696 idcirco
3524 659 3619 709 pro
3646 646 3847 711 adepta:
3874 646 3980 699 inte-

761 743 896 810 qui,
950 743 1020 794 ob
1074 740 1431 809 integritatem
1494 738 1823 792 castimonia:
1875 732 2334 793 COIIs€r\'8lltlﬂlll,
2442 729 2950 796 gritatischlamidc,
2979 746 3136 797 quam
3162 730 3414 801 angelica:
3440 734 3683 800 puritatis
3706 734 3982 788 liniatnento

762 836 1067 888 mortalium
1098 832 1448 886 contubernia
1503 830 1800 890 declinans,
1844 827 2014 894 primo
2046 822 2339 889 pubertatis
2444 820 2584 870 velut
2613 818 2899 872 domestica
2930 821 3212 875 sodalitate
3246 822 3536 875 asciscebat
3561 821 3769 893 [Bodl.,
3804 840 3975 890 qua...

769 940 1009 995 tempore
1054 924 1353 995 squalentis
1402 922 1569 977 eremi
1623 919 1921 973 vastitatem
1979 917 2337 974 lustraturus,
2442 908 2896 979 adsciscebatnr],
2930 913 3098 963 lntnra
3150 911 3473 980 prophetica:
3517 913 3856 966 divinationis
3881 930 3979 966 ora-

768 1018 913 1086 Prius
953 1031 1087 1084 pene
1127 1012 1590 1081 contemplativa".
1624 1025 1780 1078 quam
1812 1008 2122 1076 practicam,
2153 1013 2338 1057 contra
2441 1000 2555 1053 cula
2581 1016 2699 1067 qua:
2722 1001 2954 1069 reliquos
2988 1001 3236 1056 latuerint
3259 1003 3511 1057 mortales
3539 1019 3777 1074 praesago
3793 1005 3979 1059 afﬂatus

766 1120 942 1160 rerum
1001 1116 1282 1169 naturam,
1336 1104 1482 1158 rudis
1552 1104 1817 1155 habitator
1868 1107 2110 1151 exercuit
2156 1096 2336 1156 vitam,
2443 1092 2630 1159 Spiritu
2655 1102 2910 1160 expertus
2944 1104 3044 1146 est.

768 1200 1018 1254 lascivam
1077 1202 1248 1252 aetatis
1305 1198 1650 1264 petulantiam
1725 1192 1965 1245 famelica
2027 1189 2340 1258 frugalitatis
2516 1182 2681 1235 ΧΧΧ.
2710 1183 2817 1237 Nec
2851 1186 3271 1251 praetereundum
3299 1189 3529 1242 arbitror
3549 1189 3714 1243 beatae
3741 1191 3983 1244 memoria:

769 1289 1094 1357 part-inionio
1119 1289 1410 1343 crudeliter
1435 1286 1720 1352 castigans.
1747 1282 1856 1352 Ego
1881 1292 1951 1346 te,
1985 1281 2172 1347 inquit,
2205 1275 2338 1330 asel-

2322 1305 2338 1315 -
2446 1274 2817 1335 Bent-dirtunt,
2853 1292 3011 1344 quem
3061 1279 3128 1330 ab
3177 1280 3303 1347 ipsis
3352 1282 3589 1335 infantia:
3639 1284 3905 1336 cunabulis
3929 1286 3980 1335 ita

771 1382 876 1435 lum
908 1383 1115 1445 faciam,
1153 1392 1208 1434 nt
1257 1395 1359 1433 non
1391 1380 1677 1440 calcitres;
1729 1391 1832 1427 non
1868 1385 1917 1427 te
1950 1374 2148 1425 hordeo
2179 1370 2339 1432 alam,
2454 1366 2780 1417 fortunatum
2813 1368 3050 1419 vocabuli
3078 1371 3391 1440 prmsagium
3422 1373 3689 1440 pascebat,
3716 1386 3772 1428 ut
3804 1378 3983 1444 penita:

769 1475 861 1525 sed
896 1476 1057 1541 paleis
1087 1484 1139 1527 et
1182 1472 1322 1525 fame
1351 1470 1649 1523 coniiciunt.
1684 1469 2015 1533 QUapropter
2050 1460 2343 1514 innumeris
2446 1454 2598 1506 aliter
2622 1454 2671 1506 in
2709 1458 2981 1522 proposito
3006 1458 3197 1512 divium
3228 1462 3507 1531 religionis
3543 1466 3721 1520 vivere
3747 1468 3983 1534 nequiret,

772 1564 1147 1616 miraculorum
1184 1561 1437 1629 prodigiis
1486 1572 1804 1617 coru~cans,
1838 1552 2073 1621 antiquis
2105 1551 2340 1617 aaqnipa-
2449 1560 2604 1613 quam
2667 1547 2894 1614 propria:
2942 1552 3316 1616 appellationis
3370 1555 3602 1622 dignitas
3656 1567 3711 1610 et
3780 1558 3982 1610 cmlcsbs

773 1655 989 1706 rabatur
1010 1653 1350 1719 patriarchis;
1374 1649 1634 1715 siquidem
1659 1646 1982 1699 horrendum
2006 1657 2345 1711 squamtuoso

772 1759 996 1809 Corpore
1027 1744 1333 1802 draciinem,
1365 1741 1514 1806 juxta
1552 1739 1876 1806 Epidaurum
1930 1735 2199 1788 Dalmatia:
2234 1747 2348 1783 niu-

774 1834 1048 1903 niripinm,
1107 1848 1263 1899 quem
1319 1832 1470 1884 boatu
1522 1838 1733 1889 vocant,
1785 1829 1851 1878 ab
1901 1839 1965 1877 eo
2011 1824 2131 1892 quia
2190 1830 2348 1874 tanta:

2451 1639 2673 1710 εὐλογίας
2707 1652 3055 1707 praerogativa
3087 1646 3433 1710 permitteret.
3471 1646 3598 1699 Nam
3640 1664 3756 1702 cum
3786 1655 3984 1716 gratuita

2450 1745 2697 1796 superna:
2726 1731 3059 1785 liberalitatis
3104 1739 3469 1787 munificentia
3501 1749 3703 1790 mactus
3736 1756 3861 1805 puer
3897 1744 3986 1808 pul-

2453 1819 2696 1886 lcsceret,
2729 1831 2783 1875 et
2812 1824 3061 1876 secundis
3091 1828 3396 1878 meritorum
3436 1829 3772 1882 sucizessibns
3803 1847 3889 1898 per
3915 1848 3989 1880 au-

774 1927 1093 1980 in'ormitatis
1123 1927 1316 1977 existat
1351 1932 1405 1974 ut
1439 1924 1597 1974 boves
1622 1917 1895 1971 virulentis
1920 1914 2345 1968 mandibnlarum
2380 1928 2423 1987 Β
2450 1920 2663 1977 gustum
2711 1912 2983 1976 Hesperia:
3030 1929 3251 1981 regnum
3305 1916 3409 1971 late
3448 1919 3848 1983 crebresceret,
3877 1921 3991 1973 haud

774 2020 1021 2071 dentibus
1052 2016 1346 2076 trucidatis,
1373 2014 1554 2081 gulosa
1588 2011 1790 2065 ventris
1822 2008 2052 2076 ingluvie
2083 2004 2347 2058 veraciter

776 2110 968 2176 glutire
998 2108 1190 2171 soleat,
1217 2117 1271 2160 ct
1294 2121 1402 2159 non
1433 2106 1604 2159 solum
1636 2108 1959 2155 armenta'et
1990 2096 2347 2166 pecudes,sed

776 2200 1034 2266 agricolas
1081 2212 1287 2265 quoque
1337 2206 1496 2263 atque
1546 2194 1802 2246 bubulcus
1831 2199 1884 2244 et
1927 2191 2173 2241 subulcos
2198 2186 2260 2238 ad
2293 2200 2351 2237 se

779 2299 973 2341 tractos
1003 2287 1051 2339 vi
1082 2288 1300 2353 Spiritus
1330 2283 1611 2337 absorbcat
1647 2282 1716 2349 (ο
1743 2280 1951 2346 superi,
1998 2278 2152 2329 talem
2198 2274 2350 2328 terris

781 2380 1007 2430 avertite
1034 2376 1288 2445 gypsam'.
1322 2374 1339 2442 )
1398 2373 1561 2425 armis
1590 2370 1887 2423 orationum
1934 2366 2207 2421 exstinxit.
2242 2363 2353 2416 Hoc

782 2468 940 2520 modo
973 2482 985 2516 :
1019 2479 1200 2533 pyram
1244 2474 1391 2515 strue
1444 2462 1685 2529 stipitum
1731 2460 1783 2511 in
1822 2458 1963 2510 edito
1992 2464 2351 2509 constructam

780 2566 832 2607 et
862 2553 1256 2607 ﬂammantibus
1288 2550 1542 2603 scindulis
1567 2562 1875 2600 succensam
1908 2544 2180 2611 praefatum
2205 2542 2353 2594 mila:

783 2642 1164 2712 magnitudinis
1194 2642 1494 2695 basiliscum
1517 2678 1531 2701 ,
1563 2640 1719 2706 vulgo
1746 2644 2052 2704 spectante,
2098 2634 2353 2687 scandere

786 2737 1032 2788 terrificae
1057 2734 1310 2803 jussiOnis
1342 2731 1566 2797 imperio
1595 2730 1947 2796 compellens,
1987 2724 2353 2794 squamigcros

781 2837 1046 2878 cosmruin
1079 2830 1254 2876 crates
1290 2821 1622 2889 rigidamque
1649 2820 1817 2887 spinae
1861 2827 2199 2870 curvaturam
2235 2829 2358 2879 pru-

781 2916 863 2969 nis
909 2914 1257 2983 coqueniihus
1299 2913 1555 2966 extorruit
1583 2950 1597 2975 ,
1654 2921 1707 2964 et
1751 2910 2059 2962 assantibus
2109 2905 2352 2959 titionum

779 3006 952 3073 globis
1006 3004 1294 3058 crudeliter
1343 3003 1703 3065 comburens,
1756 3000 1967 3068 plebem
2015 3012 2044 3050 a
2095 2994 2353 3051 lethiferis

784 3095 967 3147 bestia:
987 3093 1197 3147 ﬂatibus
1212 3092 1425 3159 eripuit.
1444 3090 1551 3145 Nec
1573 3105 1678 3143 non
1695 3090 1853 3144 etiam
1886 3088 2138 3143 ferventis
2159 3088 2354 3141 Oceani

782 3185 967 3237 ﬂustra
991 3193 1045 3238 et
1072 3182 1367 3252 spumantis
1390 3179 1679 3235 cataclismi
1707 3181 1904 3234 cmrnla
1923 3219 1937 3242 ,
1963 3194 2083 3231 cum
2112 3177 2354 3247 proprios

784 3276 1163 3344 egrederentur
1213 3273 1505 3336 terminos,
1561 3282 1614 3325 et
1665 3271 1816 3338 quasi
1851 3269 2051 3323 divina:
2082 3269 2355 3335 potestatis

782 3380 1009 3419 censura
1038 3364 1221 3418 diluvii
1270 3364 1624 3432 irruptionem
1670 3361 1986 3426 minaretur,
2038 3372 2134 3412 seu
2166 3359 2219 3412 in
2252 3373 2357 3411 an-

786 3458 988 3525 tiquum
1019 3456 1183 3511 chaos
1208 3455 1387 3508 omnia
1416 3453 1591 3507 redire
1617 3460 1957 3520 cogerentur,
1996 3448 2194 3503 accola:
2224 3447 2357 3515 Epi-

787 3545 1051 3599 dauritaui
1106 3544 1355 3599 eumdem
1398 3544 1489 3598 Dei
1540 3543 1795 3596 famulum
1828 3551 2011 3595 contra
2066 3539 2359 3594 frementes

791 3635 984 3688 ﬂuctus
1012 3644 1067 3688 et
1087 3634 1254 3687 salsas
1278 3633 1543 3702 gorgitutn
1571 3630 1759 3699 moles,
1800 3632 2074 3699 inexperto
2096 3628 2358 3697 compulsi

792 3740 1014 3795 terrore,
1047 3738 1443 3798 opposuerunt;
1473 3727 1561 3796 qui
1591 3741 1711 3780 cum
1742 3735 1891 3780 terna
1937 3725 2154 3793 patibuli
2185 3721 2359 3792 signa-

790 3820 909 3873 cula
931 3818 984 3873 in
1005 3819 1532 3889 glarigerissulcaret
1552 3819 1827 3871 sablonnm
1855 3816 2142 3879 littoribus,
2167 3814 2356 3868 mirum

788 3912 953 3975 dictu,
982 3913 1248 3980 quomodo
1283 3922 1594 3979 turgescens
1626 3922 1816 3977 pontus
1842 3909 1893 3961 in
1920 3907 2190 3961 cumulum
2242 3920 2360 3960 cre-

792 4007 929 4057 verit
948 4012 1002 4058 et
1025 4004 1078 4057 in
1103 4013 1297 4071 quanta
1323 4001 1662 4072 proceritate,
1689 4011 1746 4055 ut
1767 4014 1949 4055 murus
1974 3998 2209 4069 glacialis
2236 4009 2359 4051 ante

789 4107 913 4145 cum
967 4095 1194 4146 steterit.
1226 4092 1270 4146 Ο
1314 4104 1511 4159 quanta
1541 4098 1624 4144 est
1669 4090 1937 4158 pudicitia:
1984 4090 2191 4155 virtus,
2244 4103 2361 4155 qua:

791 4182 1098 4235 bacchantis
1147 4181 1335 4235 bellua:
1367 4181 1565 4235 rabiem
1620 4180 1913 4233 humillima
1958 4194 2115 4248 prece
2146 4193 2362 4244 conipeo

792 4273 929 4325 scuit
952 4282 1005 4326 et
1031 4280 1319 4326 tumentem
1345 4272 1572 4341 aequoris
1597 4270 1853 4323 insaniam
1878 4271 2076 4324 indulta
2106 4278 2363 4337 potestate

797 4363 1139 4431 compressit,
1174 4364 1409 4417 Danielis
1459 4364 1729 4432 propheta:
1783 4361 1978 4417 factum
2031 4363 2365 4429 mquiparans

794 4453 850 4507 in
882 4453 1139 4518 dracone,
1170 4454 1532 4523 legislatorem
1557 4453 1814 4506 munians
1856 4454 1906 4506 in
1930 4468 2166 4521 aequore.
2198 4451 2363 4507 Joan-

795 4562 918 4602 nem
964 4562 1089 4601 vero
1120 4546 1360 4601 Nilotica:
1386 4546 1688 4600 solitudinis
1717 4546 2018 4613 eremitam,
2048 4546 2158 4614 qui,
2192 4545 2232 4598 Τ
2241 4555 2367 4598 neo-

2454 1999 2647 2053 frustra
2681 2015 2800 2054 cum
2854 2002 3114 2057 advocato
3159 2014 3211 2058 et
3259 2004 3620 2073 Itedeinptore
3675 2020 3857 2061 nostro
3886 2009 3990 2063 felix

2452 2094 2697 2147 vocabuli
2751 2095 3090 2164 privilegium
3141 2098 3496 2165 participavit.
3531 2102 3603 2155 De
3645 2118 3750 2169 quo
3783 2104 3992 2155 lmtantcs

2453 2184 2739 2247 evangelici
2795 2197 3026 2236 eonsona
3087 2186 3216 2237 vicis
3262 2184 3467 2256 [ΗΜΛ.
3524 2188 3690 2259 vocis]
3744 2190 3991 2242 harmonia

2455 2272 2739 2340 psallentes
2781 2273 3118 2326 COIICtil'tliler
3160 2278 3471 2331 cecinerunt
3517 2294 3530 2331 :
3576 2278 3877 2333 Benedictus
3924 2284 3993 2348 qui

2454 2365 2583 2416 venit
2612 2366 2661 2417 in
2707 2382 2907 2420 nomme
2958 2366 3185 2420 Domini.
3235 2370 3397 2439 Cujus
3426 2371 3500 2424 rei
3551 2372 3785 2439 regulam
3837 2385 3991 2426 nostra

2455 2472 2664 2525 quoque
2695 2459 3055 2522 mediocritas,
3101 2461 3409 2516 antlientica
3436 2474 3670 2517 veterum
3698 2466 3992 2518 auctoritate

2456 2552 2702 2612 subnixa,
2727 2550 2779 2603 in
2824 2564 3162 2605 sacrosancta
3197 2554 3489 2620 palmarum
3519 2556 3855 2610 Soletnnitate
3880 2557 3993 2610 binis

2458 2638 2726 2692 classibus
2747 2654 2942 2693 canora
2959 2656 3090 2695 voce
3107 2656 3455 2710 concrepans,
3472 2656 3523 2697 et
3546 2646 3776 2714 geminis
3795 2660 3995 2698 concen-

2460 2728 2598 2783 tibus
2620 2731 2830 2784 Osanna
2875 2734 3190 2800 persultans,
3222 2748 3343 2788 cum
3386 2733 3641 2804 jucunda:
3681 2737 3991 2804 jubilatioms

2460 2822 2692 2876 tnelodia
2736 2825 3096 2880 concelebrat.

2529 2914 2693 2981 Igitur
2723 2916 2999 2981 prmfatum
3045 2915 3239 2970 Christi
3274 2918 3501 2974 tironem
3525 2961 3541 2986 ,
3581 2930 3803 2991 propter
3858 2922 3997 2976 incor-

2459 3017 2612 3072 rupta
2641 3015 2693 3057 et
2716 3002 2917 3074 jugiter
2964 3007 3235 3060 stellantia
3279 3008 3715 3065 inmarcescibilis
3757 3010 3997 3078 pudicitia:

2460 3108 2601 3150 serta
2628 3107 2827 3151 sancta:
2869 3099 3141 3153 Trinitatis
3176 3102 3334 3153 tutela
3368 3112 3684 3170 protectum,
3717 3103 3996 3172 prophetica

2462 3188 2609 3254 signa
2639 3188 2993 3257 sequebantur
3022 3199 3315 3260 etsuperna
3344 3193 3593 3247 miracula
3622 3196 3835 3249 cmlitus
3858 3192 3999 3248 cotui~

2383 3275 2427 3335 C
2462 3279 2727 3344 labantur,
2746 3281 3006 3349 siquidem
3034 3293 3151 3351 post
3180 3286 3353 3339 diruta
3383 3286 3788 3342 simulacrorum
3832 3286 3999 3342 eaeella

2460 3378 2514 3424 et
2534 3370 2821 3439 dissipatas
2872 3372 3112 3429 fanatica:
3143 3377 3455 3444 gentilitatis
3508 3381 3873 3441 cteremonias,
3901 3394 3996 3447 qua:

2462 3463 2621 3516 vitam
2651 3464 2890 3518 veritatis
2919 3478 3186 3533 expertem
3228 3465 3337 3522 fato
3384 3465 3583 3542 [Bodl.,
3626 3468 3760 3541 fatu]
3803 3470 3998 3525 fortuna:

2460 3564 2511 3607 et
2542 3556 2721 3621 genesi
2752 3555 3034 3624 gubernari
3064 3555 3261 3628 [Badl.,
3304 3557 3618 3630 gubernare]
3645 3560 3799 3628 juxta
3831 3562 3999 3613 matbe-

2462 3646 2775 3699 maticorum
2806 3646 3270 3702 constellationem
3318 3650 3624 3715 arbitratur,
3657 3650 3868 3706 bissena
3894 3664 3999 3704 cono

2460 3738 2722 3789 struxisse
2772 3735 3019 3790 etenohia
3071 3736 3363 3800 scribitur,
3423 3738 3475 3792 in
3537 3740 3733 3807 quibus
3784 3739 3999 3807 opulenta

2463 3836 2662 3879 sancite
2718 3826 3146 3881 conversationis
3193 3828 3340 3883 lucra
3380 3838 3434 3884 et
3480 3830 3697 3899 copiosa
3738 3832 4000 3886 animarum

2461 3919 2818 3972 emolumenta
2860 3918 3177 3972 orthodoxis
3207 3918 3540 3989 dogmatibus
3571 3922 3805 3976 ubertim
3846 3922 4000 3989 adqui-

2462 4006 2561 4060 sita
2590 4005 2799 4059 (Shristo
2821 4016 3203 4075 provenerunt,
3234 4022 3351 4077 qua:
3381 4008 3665 4063 dominica:
3695 4026 3892 4079 gnarus
3910 4010 3999 4064 cul-

2466 4106 2547 4148 tor
2586 4098 2756 4149 vinea:
2784 4098 2925 4149 velut
2975 4106 3396 4153 matorescentes
3444 4101 3717 4166 palmitum
3751 4102 3922 4157 botros
3952 4118 3998 4154 ac

2466 4185 2790 4239 rubicundus
2820 4198 3213 4240 sarmentorum
3256 4202 3494 4241 racemos
3536 4192 3844 4261 evangelica
3891 4190 3999 4243 falce

2464 4275 2764 4341 succidens,
2797 4287 2850 4330 et
2880 4275 3058 4348 [Βοάι.
3092 4293 3196 4331 om.
3249 4276 3322 4348 et]
3371 4277 3580 4332 refertis
3630 4282 3847 4335 fiscellis
3884 4295 4004 4332 onus-

2467 4368 2642 4435 tisque
2691 4366 2942 4420 corbibus
2981 4369 3049 4420 ad
3096 4366 3313 4434 praelutn
3362 4369 3641 4422 calcandos
3668 4381 3729 4424 et
3785 4370 4000 4425 Ecclesia:

2468 4460 2819 4513 torcularibus
2867 4457 3182 4526 regulariter
3230 4460 3611 4527 exprimendos
3667 4462 3918 4526 advexit,
3962 4470 4003 4512 ut

2471 4549 2768 4603 merulenta
2798 4549 3023 4603 defecati
3059 4550 3288 4603 nectaris
3340 4549 3544 4604 defruta
3597 4552 3874 4618 apathecis
3921 4565 4004 4604 cc:-

798 4638 953 4691 dosio
982 4639 1164 4692 mundi
1194 4639 1557 4691 monarcbiam
1605 4637 1938 4704 gubernante
1963 4675 1979 4697 .
2019 4635 2362 4703 quaterdenis
2396 4629 2443 4690 Β
2474 4638 2692 4693 lestibus
2732 4638 3064 4693 recondenda
3111 4648 3163 4693 et
3218 4639 3471 4709 angelicis
3513 4643 3847 4709 cauponibus
3891 4656 4006 4695 com-

796 4743 1059 4782 annorum
1076 4729 1357 4784 circulisin:
1377 4730 1621 4797 practica:
1644 4730 2062 4783 conversationis
2085 4729 2262 4782 studio
2283 4729 2366 4782 de-

795 4820 997 4873 sudans
1016 4821 1195 4888 (quam
1220 4819 1423 4873 Martha
1447 4817 1630 4872 Lazari
1646 4834 1895 4887 germana
1913 4818 2145 4871 votivum
2162 4818 2359 4871 Christi

797 4907 1247 4979 [Bodl.,Christo]
1264 4910 1608 4961 humanitatis
1625 4909 1937 4976 obsequium
1968 4911 2211 4977 priebens
2234 4924 2363 4978 pra:-

802 5002 1215 5070 tiguratjmirum
1235 5000 1534 5055 devotionis
1562 5000 1824 5054 fervorem
1846 5002 2115 5070 exegit,ac
2145 5002 2361 5057 demum

796 5095 1077 5161 quinquies
1101 5092 1338 5147 bilustris
1382 5102 1677 5161 temporum
1709 5094 1919 5147 circulis
1942 5094 1993 5147 in
2026 5104 2231 5148 remoto
2261 5096 2358 5150 de-

797 5186 1047 5240 litescens
1080 5186 1314 5254 tugurio,
1349 5184 1636 5237 tbeoricam
1676 5186 2075 5241 anachoreseos
2106 5188 2361 5256 transegit

794 5278 998 5341 vitam,
1045 5292 1110 5330 ex
1162 5277 1264 5330 hoc
1292 5292 1435 5344 pura:
1492 5277 1805 5344 virginitatis
1863 5292 2056 5331 munus
2102 5279 2360 5332 illibatum

800 5384 968 5435 usque
1015 5374 1425 5439 nonagenariam
1474 5369 1758 5437 decrcpitm
1790 5373 2068 5425 vetustatis
2095 5385 2361 5425 scneCIam

797 5461 961 5529 liquet
993 5462 1319 5525 servavisse.
1359 5463 1497 5530 quod
1556 5463 1867 5527 cbiliarcho,
1901 5465 1950 5516 id
2002 5472 2117 5527 est,
2153 5464 2364 5517 tribuno

799 5551 1025 5604 militum
1061 5552 1375 5619 importunis
1407 5553 1651 5620 precibus
1690 5555 1756 5607 de
1785 5552 2023 5621 conjugis
2068 5554 2366 5609 incommo-

801 5639 965 5692 ditate
1010 5642 1319 5710 suppliciter
1373 5644 1608 5696 consulta
1645 5642 1904 5710 ﬂagitanti
1954 5652 2009 5696 ut
2046 5660 2105 5698 se
2160 5642 2364 5715 [Bodl.,

796 5728 1052 5799 scillam]
1108 5731 1441 5785 invisendutn
1491 5734 1638 5787 adire
1702 5746 2010 5801 pateretur,
2069 5736 2366 5790 intentione

798 5819 962 5887 rigida
994 5823 1329 5889 respondisse
1358 5826 1545 5887 fertur,
1579 5825 1680 5878 s.bi
1715 5842 1981 5895 tamquam
2014 5828 2177 5882 moris
2201 5826 2364 5881 fuisse

2475 4728 2731 4783 mittenda
2774 4728 2999 4781 feliciter
3049 4727 3317 4793 inferret,
3374 4740 3634 4797 quatenus
3684 4744 4005 4800 supernorum

2472 4826 2711 4880 Convivia
2760 4822 3128 4891 hujuscemodi
3181 4825 3495 4878 muneribus
3540 4824 3610 4878 de
3641 4833 3860 4881 terreno
3904 4840 4008 4876 nun-

2470 4917 2713 4970 dinarum
2775 4921 3015 4970 mercatu
3072 4914 3250 4968 allatis
3317 4913 3707 4983 gratulabunda
3779 4914 4006 4985 glorifica-

2471 5018 2673 5061 rentur.

2544 5094 2735 5150 XXXI.
2785 5093 2970 5162 Magna
3024 5101 3107 5147 est
3153 5091 3311 5161 igitur
3358 5090 3599 5161 puritatis
3653 5094 4005 5162 przerogativa.

2469 5200 2626 5256 quam
2670 5184 2759 5253 qui
2806 5186 3056 5237 amittere
3097 5198 3190 5250 per
3221 5182 3325 5235 vim
3356 5182 3715 5250 compellitur,
3749 5184 3793 5237 si
3843 5184 3906 5235 ob
3932 5182 4007 5231 huc

2475 5278 2765 5330 humanum
2812 5288 3007 5329 exosus
3037 5273 3368 5328 consortium
3415 5274 3690 5326 communi
3721 5274 3825 5327 vita
3852 5282 4006 5340 Sponte

2469 5366 2721 5430 caruerit,
2746 5364 2882 5435 apud
2914 5378 3072 5419 chtv
3100 5364 3264 5417 millia
3309 5363 3562 5433 virginale
3594 5378 3812 5420 carmen
3845 5377 4007 5418 canen-

2476 5463 2545 5513 tia
2600 5460 2650 5511 in
2702 5458 2909 5513 Ctelesti
2958 5455 3310 5513 contubernio
3354 5456 3712 5526 gratulabitur
3756 5458 4004 5526 glorioms.

2471 5549 2622 5616 Quod
2656 5549 2919 5603 Eusebius
2961 5545 3266 5602 Graecorum
3319 5546 3783 5618 historiograpbus
3812 5548 4005 5618 virgines

2472 5645 2581 5699 Deo
2610 5645 2827 5698 devotas
2858 5642 3047 5697 fecisse
3088 5650 3331 5702 testatur,
3355 5655 3476 5709 qua:
3507 5655 3564 5693 se
3595 5655 3692 5709 pro
3725 5637 4007 5710 integritatis

2472 5735 2720 5805 pudicitia
2746 5732 3109 5789 conservanda
3139 5732 3314 5799 rapaci
3345 5731 3568 5801 gurgitis
3595 5732 3751 5786 alveo
3783 5749 3873 5802 per
3896 5747 4002 5799 pra:-

2471 5843 2594 5898 ceps
2628 5828 3018 5887 inmerserant;
3054 5824 3192 5879 unde
3238 5824 3449 5895 quidam
3500 5823 3719 5879 Patrum
3765 5842 3779 5878 :
3826 5816 4007 5889 Propria

4008 63 4108 93 “-Ἵ
