4214 6542
185 405 282 457 1Ξ9

1321 400 1406 454 DE
1448 399 1790 455 LAUDlUUS
1831 397 2310 453 VlllGlNlTATIS.

3363 410 3463 465 150

181 521 390 593 (ιιιιιυῙῑ)
423 534 580 572 manu
613 518 786 586 perire
819 531 922 572 non
957 516 1102 578 licet,
1136 516 1342 585 absque
1374 532 1440 570 eo
1475 519 1560 569 ubi
1595 517 1755 569 casti-
1790 519 1835 573 Α
1869 514 2241 580 prrerugativa,
2294 529 2394 582 qua
2439 514 2821 568 catholicorum
2860 517 3039 569 laudes
3081 520 3460 590 crebrescunt,

181 629 256 668 tus
286 613 636 682 periclitatur.
664 612 706 662 0
740 609 1038 663 mirandum
1075 610 1347 677 negotium
1392 621 1445 664 et
1491 626 1768 676 propemo-

177 710 300 761 dum
346 704 718 773 investigabile
749 704 1026 756 decretum
1084 705 1295 755 czeteris
1327 703 1622 756 facinorum
1673 703 1769 755 lla-

177 801 340 869 gitiis,
371 814 488 867 qnze
521 794 700 848 tuuudi
729 804 924 846 statum
954 793 1248 862 lugubriter
1271 794 1614 853 conturbant,
1646 808 1766 845 cum

178 895 443 961 qtliSpiam
473 892 759 958 mancipari
786 889 984 942 invitus
1010 888 1242 958 cogitur,
1275 897 1355 951 et,
1392 899 1573 956 spreto
1609 887 1767 939 liber-

181 987 302 1039 tatis
320 985 565 1046 arbitrio,
593 992 797 1036 reatum
822 981 1046 1034 sceleris
1073 988 1383 1047 perpetrare
1409 980 1764 1046 compellitur,

176 1085 217 1133 si
251 1082 350 1134 sub
377 1087 635 1147 praatextu
662 1077 886 1132 cavendi
916 1090 1107 1130 noxam
1140 1083 1193 1128 et
1215 1073 1521 1128 declinandi
1548 1074 1766 1140 delicta,

177 1176 417 1244 quolibet
468 1173 618 1228 exitii
650 1187 852 1241 genere
885 1171 989 1223 vim
1023 1172 1146 1222 vita:
1182 1167 1470 1222 crude'iter
1503 1169 1765 1229 intulerit,

177 1278 467 1320 extranens
490 1267 558 1318 ob
595 1268 692 1318 hoc
721 1263 789 1316 ab
810 1261 1068 1316 Ecclesia:
1100 1263 1358 1315 societate
1391 1263 1528 1315 inter
1563 1261 1769 1314 biotha-

180 1369 330 1413 natos
381 1359 733 1427 reputabitur.
789 1356 904 1423 Qua
956 1355 1024 1409 de
1056 1371 1114 1409 re
1167 1355 1362 1422 conjici
1396 1355 1570 1418 datur,
1606 1369 1766 1420 quam

181 1451 413 1519 pretiosa
456 1451 523 1503 sit
551 1448 798 1513 superuis
831 1446 1191 1514 municipibus
1235 1445 1505 1512 pudicitia“.
1540 1459 1769 1514 genero-

180 1545 333 1607 sitas,
367 1558 524 1610 quam
558 1556 655 1595 nec
684 1540 813 1593 illud
848 1539 1065 1591 abolere
1094 1548 1146 1591 et
1193 1538 1504 1591 oblitterare
1530 1538 1768 1605 quolibet

179 1650 334 1708 pacto
366 1648 536 1707 potest
569 1636 706 1706 qttod
760 1635 1116 1702 perfectorem
1149 1632 1338 1687 merita
1375 1632 1675 1689 ludilicare.
1714 1641 1767 1684 ct

179 1740 367 1781 cuneta
403 1729 657 1778 virtutum
698 1740 893 1792 genera
941 1738 1203 1776 evacuare
1237 1723 1396 1787 valet,
1444 1723 1582 1775 unde
1635 1723 1767 1776 Mal-

181 1820 314 1874 chus
372 1835 490 1874 cum
553 1827 787 1886 paterna:
833 1814 1136 1869 severitatis
1183 1813 1470 1878 violentia,
1503 1814 1768 1882 simulque

1874 605 2086 670 obliquo
2123 606 2303 658 livoris
2351 606 2465 658 zelo
2507 608 2848 660 succenditur
2873 649 2887 671 ,
2936 618 2993 659 ut
3040 617 3214 662 tamen
3245 610 3422 683 [Βυάι.
3447 656 3460 675 .

1873 698 2000 766 tam]
2036 697 2328 753 favorabile
2363 700 2455 752 viri
2509 698 2602 752 Dei
2653 705 2973 766 praeconium
3020 701 3166 754 falsis
3197 708 3460 771 suspicio-

1873 801 1997 838 num
2047 789 2372 854 argumentis
2420 789 2806 842 mutabundunt
2846 792 3090 844 elideret.
3141 792 3268 843 Nam
3319 807 3462 846 strn-

1875 879 2024 944 phosi
2058 877 2387 933 fallaciarqu
2420 881 2770 934 fabricatores
2810 885 2937 935 satis
2970 885 3283 947 probrosum
3322 888 3458 941 fuci-

1873 983 1971 1021 uus
2000 979 2054 1022 et
2088 970 2378 1023 inauditum
2423 973 2623 1027 crimen
2672 973 2931 1026 adversus
2961 990 3080 1026 eum
3126 979 3174 1028 in
3208 979 3460 1031 cathedia

1873 1061 2188 1126 pesuleutize
2229 1063 2480 1116 sedentes
2524 1065 2573 1117 in
2617 1066 2846 1119 concilio
2881 1066 2979 1119 sub
3022 1069 3190 1122 tribus
3237 1073 3463 1124 testibus

1873 1150 2131 1205 fallaciter
2159 1154 2556 1221 perjurantibus
2579 1159 2923 1223 concinnant,
2953 1169 3008 1212 ut
3040 1159 3316 1214 Psalmista
3342 1165 3458 1215 chi-

1873 1244 2228 1312 rograpbatur
2271 1265 2280 1299 :
2336 1249 2740 1302 lusurrexcrunt
2781 1253 2831 1302 in
2879 1269 2955 1304 mc
2996 1264 3146 1306 testes
3190 1255 3385 1322 iniqui,
3422 1271 3465 1309 et

1873 1339 2086 1390 mentita
2127 1351 2199 1392 est
2231 1342 2474 1407 iniquitas
2515 1345 2629 1397 sibi.
2674 1345 2911 1410 Quorum
2969 1363 3101 1400 unus
3148 1350 3215 1402 ita
3260 1366 3324 1403 ne
3359 1353 3468 1405 late

1874 1431 2167 1498 crepitante
2219 1442 2513 1487 terreretur
2569 1438 2826 1491 veraciter
2879 1454 2938 1492 se
2999 1439 3094 1492 fari
3147 1443 3457 1495 testabatur.

1874 1522 2023 1575 Alius
2045 1524 2111 1574 ita
2132 1539 2197 1577 ne
2229 1524 2487 1577 virulenta
2523 1527 2682 1594 regia:
2714 1529 2875 1593 pestis
2904 1529 3340 1583 incommoditate
3367 1548 3458 1597 po-

1875 1617 2169 1681 pularetur.
2198 1618 2408 1670 Tertius
2440 1635 2504 1672 ue
2530 1620 2594 1672 ita
2619 1621 2859 1688 gemellis
2881 1622 3157 1675 oculorum
3189 1624 3460 1677 obtutibus

1875 1707 2172 1760 orbaretur.
2223 1708 2294 1758 lta
2353 1707 2631 1762 Narcissus
2681 1711 2790 1763 Deo
2838 1713 3074 1766 conlisus
3127 1729 3457 1784 nequaquam

1874 1798 2282 1864 apologeticam,
2320 1808 2376 1852 ut
2404 1811 2584 1854 sontes
2616 1811 2667 1854 et
2701 1804 2939 1856 insontes
2970 1807 3163 1870 solent,
3194 1809 3468 1863 defensio-

181 1925 422 1967 materna
469 1911 755 1982 gravitate,
788 1908 878 1976 qui
913 1921 1036 1960 succ
1077 1921 1244 1960 ssuraa
1288 1905 1590 1973 pOSteritati
1640 1920 1766 1958 con-

1882 1905 1996 1941 nem
2027 1893 2212 1957 exquir
2241 1903 2288 1952 t,
2333 1893 2425 1945 sed
2466 1893 2782 1960 pentiftcalis
2821 1897 3091 1950 cathedra:
3130 1901 3332 1966 apicem
3368 1903 3465 1955 hac

178 2007 444 2066 solebant,
480 2003 547 2055 ad
580 2001 797 2054 carnale
824 2013 1157 2053 consonum
1204 2007 1513 2066 cogeretur,
1549 1999 1772 2050 castita-

179 2097 246 2148 tis
277 2097 499 2148 obteutu
523 2103 575 2148 et
597 2092 746 2161 regni
769 2090 1006 2145 cmlestis
1028 2104 1186 2142 causa
1210 2099 1560 2142 contemnere
1587 2090 1772 2142 decre-

179 2192 274 2249 vit,
307 2185 400 2239 sed
429 2199 572 2246 eum,
617 2184 683 2236 ob
713 2192 954 2250 cognata:
986 2180 1397 2248 propinquitatis
1434 2194 1644 2240 curam,
1681 2193 1770 2230 ac-

179 2287 335 2346 cepto
380 2274 811 2331 conversationis
873 2273 1106 2337 fervore,
1137 2272 1394 2340 paulatim
1449 2279 1769 2337 tepescerct,

181 2383 234 2423 et
272 2368 476 2424 torrido
507 2367 821 2422 coenobialis
847 2367 969 2419 vita:
1001 2366 1176 2431 rigore
1206 2366 1466 2417 instructu
1499 2360 1770 2429 strophusi

182 2461 352 2514 hostis
375 2459 712 2512 discessurus
752 2455 953 2509 sensim
999 2454 1398 2523 refrigesceret,
1431 2468 1459 2504 a
1489 2452 1774 2504 Saracenis

182 2552 531 2622 przedonibus
566 2557 622 2603 et
652 2549 934 2602 lsmaelitis
981 2546 1379 2615 grassatoribus
1432 2545 1592 2599 obvia
1624 2557 1770 2610 qure-

185 2657 291 2707 que
339 2639 595 2692 atrociter
627 2635 963 2690 vastantibus
1012 2644 1221 2702 captus,
1269 2645 1324 2687 ut
1354 2634 1563 2687 servilis
1610 2647 1774 2685 verna

184 2731 433 2784 famulari
465 2731 709 2796 jubetur,
741 2731 885 2790 iusto
915 2726 1070 2780 valde
1111 2724 1347 2794 judicio,
1396 2734 1454 2777 ut
1484 2724 1572 2789 qui
1607 2725 1773 2776 inter-

185 2827 388 2878 dictum
417 2823 697 2890 repetebat
729 2819 1138 2889 postliminium,
1164 2817 1391 2871 serviret
1417 2825 1474 2869 ut
1497 2816 1602 2870 vile
1626 2831 1776 2868 mau-

184 2922 417 2985 cipium;
468 2928 728 2987 quatenus
779 2917 866 2983 qui
925 2913 1333 2968 Sodomitauum
1391 2908 1667 2978 pereuntis
1699 2911 1776 2963 fe-

188 3013 348 3066 mina:
405 3007 746 3077 dispendium
803 3005 1025 3060 minime
1079 3005 1502 3072 pertimesceret,
1553 3000 1777 3069 prolixa:

184 3102 463 3156 servitutis
508 3101 891 3153 detrimentum
924 3105 978 3152 et
1033 3094 1263 3149 inviSum
1297 3093 1412 3146 beri
1456 3090 1774 3144 famulatum

185 3197 445 3249 atrociter
475 3193 737 3252 sentiret;
773 3201 825 3244 et
851 3189 975 3243 dum
1006 3188 1171 3241 aratri
1203 3187 1392 3239 stivam
1419 3193 1541 3253 post
1572 3194 1776 3251 tergum

1876 1982 2160 2036 occasione
2185 1987 2391 2036 inventa
2424 1985 2749 2055 relinquens,
2783 1988 3083 2042 abstrusam
3109 1992 3275 2044 eremi
3303 1995 3462 2046 vasti-

1877 2080 2039 2125 tatem
2082 2076 2270 2141 petiit,
2318 2086 2371 2128 et
2419 2075 2602 2129 frivola
2649 2080 2959 2132 a-mulorum
2995 2083 3420 2137 machinamenta
3451 2126 3464 2146 ,

1878 2166 2330 2233 concinnatasque
2378 2168 2636 2222 factiones
2698 2168 2906 2236 fugiens
2959 2172 3238 2226 delite~cit.
3297 2176 3464 2229 Porro

1880 2256 2112 2320 pellaces
2157 2261 2368 2309 testLuni
2424 2273 2677 2324 personas
2703 2300 2718 2324 ,
2762 2275 2879 2328 qua:
2913 2263 3251 2329 presbyteros
3282 2280 3467 2319 contra

1878 2345 2178 2400 Susannant
2228 2351 2570 2402 mussitantes
2617 2351 3046 2418 a-mulabautur,
3101 2356 3261 2408 ultrix
3303 2358 3464 2409 divini

1879 2447 2185 2504 potentatus
2211 2455 2435 2492 censura
2470 2442 2673 2492 eisdem
2698 2443 2937 2496 cladibus
2967 2445 3159 2511 quibus
3189 2441 3484 2514 perjnrauQ

1880 2539 1958 2580 tes
2003 2544 2062 2580 se
2110 2529 2432 2584 devoverant
2485 2530 2704 2602 ιΒυίΙΙη
2759 2533 3126 2606 devotabaut]
3177 2540 3468 2593 crudeliter

1883 2622 2170 2688 percussit.
2205 2623 2439 2688 Quorum
2479 2627 2675 2689 prinius
2705 2641 2824 2679 cum
2857 2627 2999 2680 omni
3041 2631 3352 2684 domestica:
3384 2648 3470 2684 s---

1878 2712 2111 2766 dalitatis
2159 2714 2400 2766 clientela
2447 2728 2496 2768 et
2543 2717 2851 2785 propinqua}
2900 2721 3308 2773 necessitudinis
3341 2739 3468 2776 cnuo

1882 2806 2161 2858 tribulibus
2191 2807 2239 2856 iu
2281 2808 2476 2872 proprii
2519 2807 2751 2859 dttlll‘lllS
2798 2809 2965 2877 tigillo
3001 2813 3277 2863 ultricibus
3317 2817 3468 2866 llam-

1881 2909 2086 2948 marum
2122 2896 2292 2964 globis
2333 2897 2690 2961 conﬂagrasse
2731 2909 3079 2953 memoratur.
3124 2904 3402 2956 Secundus
3442 2922 3470 2956 a

1881 2985 2105 3052 triplicis
2133 2988 2438 3039 summitde
2469 2987 2681 3040 cerebri
2713 2989 2888 3053 planta
2921 2999 3075 3042 tenus
3106 2995 3294 3047 morho
3325 2997 3471 3062 regio

1883 3083 2191 3144 turgescens
2218 3115 2232 3138 ,
2277 3086 2331 3128 ut
2374 3076 2570 3128 dudum
2614 3079 2838 3130 demens
2875 3088 2928 3131 et
2960 3081 3237 3148 itnpttdens
3276 3098 3470 3150 procax

1887 3167 2313 3233 imprecabatur,
2371 3168 2590 3220 fetidum
2639 3169 2907 3222 exhalavit
2949 3174 3294 3240 spiraculum.
3341 3177 3475 3230 Ter-

186 3287 483 3354 respiciens
534 3284 869 3353 negligenter
892 3289 1122 3350 regeret.
1160 3278 1329 3346 ruptis
1359 3276 1630 3330 sulcorum
1664 3274 1776 3345 gle-
1806 3255 1854 3320 C
1884 3257 2007 3323 tius,
2058 3256 2321 3311 infelicem
2377 3259 2639 3312 sodalium
2691 3259 2956 3314 fortunam
3006 3265 3471 3331 animadvertetis,

186 3381 348 3440 bulis,
377 3378 625 3448 iugerum
683 3391 810 3429 occa
847 3372 1125 3442 nugacitet‘
1179 3370 1497 3437 deperiret,
1546 3381 1776 3435 cumque

188 3473 242 3525 ib
266 3472 388 3525 dem
419 3479 611 3533 Optata:
641 3465 902 3521 castitatis
936 3463 1235 3532 insignibus
1283 3476 1403 3530 qua:
1453 3460 1503 3512 in
1556 3457 1777 3529 genitali

188 3567 303 3618 solo
333 3569 642 3616 servaverat
669 3573 852 3614 carere
894 3557 1076 3611 stricta
1126 3555 1388 3608 machaera
1429 3563 1775 3619 extorquere-

189 3665 317 3714 tur,
368 3652 558 3706 maluit
613 3663 874 3702 mucrone
930 3645 1265 3699 transfossus
1321 3642 1617 3696 crudeliter
1681 3656 1776 3694 oc-

187 3745 465 3804 cumbere,
495 3756 652 3809 quam
686 3739 956 3807 pudicitiae
983 3737 1104 3805 jura
1133 3734 1466 3805 profanando
1490 3735 1655 3786 vitam
1685 3733 1779 3784 de-

190 3835 432 3897 fenderc,
466 3845 802 3900 nequaquam
832 3829 1023 3882 animae
1051 3828 1346 3896 periculum
1372 3825 1777 3894 pertimeso-ns,

188 3928 232 3980 si
267 3929 491 3992 integra:
516 3921 837 3991 virginitatis
879 3931 1046 3975 status
1080 3917 1338 3973 effusione
1368 3917 1642 3986 sanguinis
1668 3930 1780 3968 ser-

186 4026 428 4071 Varetttr.

264 4108 481 4163 XXXII.
506 4107 767 4160 Prrcterea
791 4103 962 4161 beatae
993 4102 1263 4156 memoriae
1289 4099 1598 4158 Narcissum
1625 4137 1641 4163 ,
1675 4109 1778 4152 tam

187 4201 468 4272 virginalis
493 4197 759 4266 pudicitia:
779 4195 1053 4264 privilegio
1087 4193 1395 4262 praeditum,
1423 4205 1580 4261 quam
1608 4190 1782 4258 ponti-

187 4295 357 4348 ficalis
389 4292 570 4345 infulae
610 4288 928 4343 auctoritate
954 4287 1285 4349 decoratum,
1310 4285 1409 4337 sub
1439 4284 1634 4336 silentii
1665 4282 1784 4335 lati-

186 4387 314 4440 bulo
345 4384 669 4438 delitescere
698 4396 804 4434 non
831 4379 994 4433 feram
1018 4419 1032 4442 ,
1067 4377 1219 4442 cujus
1240 4378 1344 4430 vita
1374 4374 1508 4429 adeo
1531 4373 1696 4442 signis
1729 4382 1783 4427 et

187 4475 574 4530 miraculorum
597 4470 854 4543 prodigiis
878 4469 1288 4525 coruscantibus
1312 4467 1523 4539 claruit,
1555 4476 1631 4530 ut,
1655 4481 1783 4519 con-

188 4578 264 4620 tra
303 4580 484 4622 rerum
506 4572 773 4625 naturam,
795 4560 1045 4631 liquentis
1075 4559 1326 4615 elementi
1349 4558 1658 4625 qualitatem
1684 4557 1781 4610 soli

1879 3365 2039 3404 omne
2067 3353 2367 3404 couciunati
2409 3352 2659 3405 facinoris
2702 3354 2970 3420 pineulunr
3003 3370 3120 3409 sera
3161 3361 3474 3424 pmnitcutia

1880 3441 2090 3495 cunctis
2113 3443 2535 3496 auscultantibus
2560 3444 2612 3496 in
2643 3447 2922 3513 propatulo
2953 3447 3204 3515 patefecit
3236 3492 3248 3512 ,
3284 3456 3474 3505 tantis-

1880 3547 1984 3598 que
2019 3533 2371 3586 lamentorum
2405 3533 2722 3600 singultibus
2750 3545 2802 3588 et
2844 3546 2949 3589 tam
2985 3539 3216 3591 rancidis
3251 3541 3467 3594 fletumu

1880 3625 2157 3691 questibus
2223 3625 2670 3694 lacryinab-mdus
2727 3627 3020 3694 lugubriter
3070 3629 3254 3692 ﬂevit,
3309 3633 3480 3688 donec

1879 3713 2117 3784 gemellis
2149 3716 2468 3784 pu‘pillarum
2506 3717 2793 3770 luminibus
2826 3716 3064 3772 funditus
3097 3719 3432 3778 fraudaretur
3458 3767 3472 3786 ,

1880 3807 2021 3860 unde
2057 3818 2271 3860 cautum
2312 3819 2395 3862 est
2425 3825 2438 3858 :
2477 3807 2607 3860 Mihi
2646 3810 2921 3862 vindictam
2956 3819 3001 3862 et
3030 3827 3120 3882 ego
3150 3815 3473 3882 retribuam,

1883 3899 2006 3951 dicit
2037 3898 2306 3952 Dominus.

1953 3991 2089 4054 Quid
2134 3990 2360 4043 referam
2410 4002 2610 4045 sancta:
2655 3992 3048 4046 recordationis
3092 3995 3469 4063 Athanasium,

1883 4082 2034 4149 cujus
2065 4081 2385 4151 rumigerula
2419 4082 2736 4135 meritorum
2762 4083 2928 4151 gloria
2962 4093 3014 4137 et
3037 4084 3298 4154 ﬂorigeraa
3326 4092 3480 4157 pudi-

1885 4173 2028 4225 citia“:
2059 4172 2325 4239 praeconia
2368 4185 2670 4240 quanquam
2717 4172 3018 4240 specialiter
3058 4177 3195 4243 apud
3238 4180 3472 4233 Alexan-

1884 4266 2053 4318 driam
2106 4274 2159 4318 et
2197 4263 2486 4334 Egyptum
2531 4266 2906 4330 clarescerent,
2955 4282 3049 4332 per
3093 4269 3251 4323 totius
3297 4281 3478 4328 tamen

1885 4359 2068 4413 mundi
2096 4361 2341 4414 cardines
2366 4403 2380 4425 ,
2412 4357 2496 4412 ubi
2530 4359 2663 4413 fides
2691 4359 2953 4414 catholica
2980 4361 3266 4418 frttctiferis
3291 4369 3479 4432 palmi-

1887 4452 2027 4505 tibus
2060 4452 2389 4516 frondescit,
2422 4451 2576 4522 longe
2607 4453 2817 4520 lateque
2843 4455 3142 4521 percrebuit
3169 4501 3180 4516 .
3215 4458 3365 4527 cujus
3397 4462 3478 4514 al-

1892 4555 1975 4598 tor
2001 4555 2052 4598 et
2086 4545 2404 4615 dogmatista
2430 4545 2614 4597 beatus
2646 4545 2951 4599 Alexander
2981 4546 3319 4603 Alexandria:
3350 4567 3481 4618 pon-

186 4661 297 4713 Deo
332 4655 665 4720 mutabilem,
694 4655 996 4709 orationum
1029 4663 1293 4706 armatura
1328 4651 1494 4705 fretus
1516 4691 1530 4711 ,
1562 4651 1611 4705 in
1643 4651 1783 4705 aliud
1817 4627 1866 4686 D
1895 4635 2016 4690 tifex
2043 4675 2058 4700 ,
2109 4637 2176 4688 ab
2223 4636 2337 4703 ipsa.
2373 4635 2760 4689 cunabulorum
2815 4636 3170 4693 teneritudine
3214 4643 3483 4700 exstitisse

185 4767 357 4820 genus
383 4754 758 4810 converteret,
793 4743 1054 4812 siquidem
1090 4743 1140 4796 in
1178 4741 1371 4810 vigiliis
1401 4740 1740 4810 paschaiibus
1765 4781 1785 4810 ,

186 4841 408 4910 quando
438 4837 730 4907 reciprocis
761 4850 1029 4889 annorum
1058 4833 1338 4889 curriculis
1377 4833 1653 4887 Anastasis
1679 4833 1786 4887 do-

188 4935 387 4989 minica
403 4932 571 4986 solita:
586 4930 940 4984 solemnitatis
954 4928 1185 4994 tripudio
1202 4927 1784 4993 celebrabatur,fortui-

188 5039 242 5081 to
277 5027 510 5095 contigit
537 5034 594 5079 ut
623 5023 833 5094 lychnis
859 5031 912 5076 et
941 5020 1275 5090 lampadibus
1304 5019 1547 5074 ecclesiae
1575 5021 1784 5091 pinguis

189 5121 291 5172 olei
328 5119 509 5185 liquor
539 5124 869 5185 opportunus
909 5112 1190 5167 defuisset.
1224 5111 1358 5167 Tum
1391 5114 1471 5166 vir
1499 5111 1609 5167 Deo
1631 5113 1784 5168 dedi-

190 5222 271 5263 tus
297 5209 529 5276 l'quidas
558 5208 782 5261 fontium
803 5206 1049 5277 lymphas
1075 5207 1385 5260 exorcizans
1408 5214 1463 5261 et
1488 5220 1657 5261 sacra:
1686 5206 1783 5261 be-

191 5300 512 5354 nedirtioois
530 5299 770 5352 ubertate
790 5297 1384 5365 fecundans,stupendo
1420 5297 1628 5351 virtutis
1664 5313 1785 5368 spe-

191 5396 404 5446 ctaculo
434 5391 780 5459 pinguescere
809 5389 953 5453 fecit,
972 5389 1041 5443 ita
1065 5388 1323 5443 duntaxat
1353 5399 1408 5443 ut
1436 5389 1576 5444 latex
1605 5388 1786 5445 lucer-

192 5502 383 5540 narum
437 5485 778 5540 cicindilibus
824 5483 1071 5551 infusus,
1119 5484 1168 5539 in
1223 5483 1327 5538 olei
1378 5483 1785 5541 crassitudinem

193 5578 483 5642 perniciter
507 5586 828 5643 verteretur,
857 5586 910 5631 et
927 5592 1158 5648 papyrus
1183 5577 1232 5631 iu
1260 5586 1447 5632 centro
1468 5577 1670 5646 positus
1698 5595 1788 5634 ve-

196 5669 270 5720 tut
289 5669 460 5721 fomes
487 5665 668 5719 arvina
692 5667 771 5720 vel
804 5681 931 5720 sevo
957 5664 1156 5738 [Bodl.,
1182 5666 1451 5732 assungia,
1481 5683 1573 5730 pro
1600 5682 1711 5722 arv.
1733 5683 1784 5722 v.

192 5755 342 5827 ξυνα]
379 5753 710 5809 madefactus
738 5755 897 5811 solito
919 5755 1115 5812 clarius
1141 5757 1452 5812 lucesceret.
1473 5757 1666 5812 Verum
1693 5773 1789 5811 an-

196 5852 374 5918 \eqztts
406 5847 625 5903 humani
667 5851 879 5916 generis
914 5860 1183 5919 grassator
1206 5890 1219 5914 ,
1264 5864 1359 5917 pro
1388 5859 1527 5904 tanta
1558 5851 1786 5904 rumoris

1895 4735 2266 4790 memoratur,
2319 4741 2424 4780 tam
2479 4726 2808 4780 notariorum
2865 4728 3252 4797 characteres,
3320 4751 3480 4803 quam

1892 4821 2360 4888 grammaticorum
2409 4818 2688 4886 periodos,
2733 4819 2853 4872 colo
2891 4829 2946 4872 et
2983 4833 3248 4877 commate
3285 4839 3480 4894 seque-

1892 4917 2098 4970 stratim
2126 4913 2406 4968 distinctas
2437 4911 2723 4966 ati’abiliter
2757 4913 3088 4979 inStruendo,
3111 4919 3200 4984 qui
3231 4918 3482 4976 videlicet

1894 5009 2197 5064 Alexander
2225 5019 2503 5076 postquam
2536 5006 2622 5060 ilia
2655 5006 2765 5060 Arii
2810 5007 3138 5062 schismatici
3180 5009 3230 5061 in
3263 5011 3478 5066 abstru-

1893 5119 2010 5158 Sum
2034 5102 2239 5155 latrinm
2261 5100 2564 5156 cuniculum
2593 5101 2817 5166 turpiter
2838 5098 3192 5165 deﬂuxerant,
3222 5102 3479 5158 Ecclesiae

1897 5193 2202 5261 triumphali
2251 5205 2450 5260 "'0me
2498 5193 2851 5255 subliiuatur;
2904 5191 2998 5246 sed
3040 5195 3165 5262 quid
3209 5200 3398 5252 mirum
3433 5202 3478 5256 si

1898 5288 2215 5342 Athanasius
2244 5287 2294 5339 in
2325 5300 2535 5338 summo
2560 5284 2816 5352 graduum
2850 5284 3056 5351 fastigio
3087 5287 3260 5340 divina
3289 5291 3480 5344 chari-

1900 5388 2127 5433 smatum
2176 5375 2349 5444 gratia
2395 5375 2754 5442 pollesceret,
2805 5390 2926 5426 cum
2977 5375 3135 5427 etiam
3196 5381 3478 5434 tenerrima

1900 5471 2107 5526 mtatula
2143 5467 2361 5522 infantis
2389 5481 2723 5536 nequaquam
2751 5479 2990 5534 pra-sago
3014 5465 3207 5520 indolis
3239 5470 3479 5538 prodigio

1900 5564 2149 5630 caruerit,
2183 5561 2276 5618 sed
2311 5561 2528 5632 puerilis
2572 5561 2814 5614 ludorum
2842 5560 3177 5628 gesticulatio
3206 5565 3483 5631 pontiﬁca-

1892 5663 1994 5719 lem
2026 5661 2184 5715 futuri
2212 5660 2454 5727 praesulis
2473 5659 2846 5712 auctoritatem
2880 5655 3230 5724 portenderit.
3269 5657 3477 5710 Etenim

1891 5753 2119 5824 peractis
2152 5753 2431 5806 missarum
2465 5751 2839 5815 sacramentis,
2875 5749 3215 5816 conspicatur
3250 5747 3480 5801 Alexan-

1891 5847 1986 5902 der
2027 5845 2258 5901 inveStes
2305 5858 2591 5913 puerorum
2631 5851 2876 5896 catervas
2923 5842 2971 5893 in
2999 5839 3218 5894 marinis
3244 5840 3478 5895 llllOt'ltln
