4214 6602
758 475 852 527 151

1540 469 1597 522 S.
1642 467 1990 521 Αωιιιςωιι
2035 466 2317 521 OPEItUM
2363 468 2539 523 PARS
2581 470 2644 524 II.
2687 501 2755 510 -—-
2797 471 3244 530 TRAC'I'ATL'S.

3933 485 4026 538 l33

756 591 950 657 glareis
987 586 1372 641 sacerdotalem
1410 585 1703 638 Athanasio
1743 585 2036 637 contulisse
2078 597 2339 637 revereu-
2368 585 2420 641 Α
2447 582 2827 638 tremebundus
2873 595 2929 640 et
2968 586 3193 655 pallidus
3227 590 3470 658 expavit;
3515 600 3641 646 tunc
3673 595 3736 646 ad
3772 595 4024 661 palatinas

759 685 883 736 tiam
914 724 928 746 ,
971 690 1023 734 ct
1044 680 1302 748 quosdam
1331 679 1747 732 catechumenos
1784 688 1837 732 ct
1876 685 2243 743 competentes
2273 676 2340 729 ab

756 774 942 827 eodem
976 775 1202 842 mystico
1226 770 1560 835 baptismatis
1582 768 1761 823 officio
1795 778 2137 837 regeneratos
2165 769 2339 822 exsti-

758 867 909 930 tisse,
939 864 1077 934 quod
1108 863 1322 916 scenico
1347 862 1595 917 ludorum
1611 860 1737 931 joco
1766 872 1974 929 gestum
2000 860 2229 915 decretis
2254 875 2342 929 sy-

756 956 1037 1011 nodalibus
1067 954 1211 1009 srrio
1250 955 1621 1008 confirmatum
1655 963 1757 1007 est.
1792 955 1952 1021 Igitur
1976 953 2302 1008 Athanasius
2322 992 2337 1015 ,

754 1058 875 1117 post
906 1050 1107 1101 obitum
1132 1048 1443 1114 Alexandri,
1476 1056 1687 1113 sumpto
1721 1050 1970 1102 Ecclesia:
2010 1048 2294 1116 Drmsulatu
2321 1088 2336 1111 ,

751 1149 981 1206 quantas
1028 1140 1403 1194 lttcrcticorum
1449 1139 1723 1193 machinas
1762 1148 2016 1206 expertus
2056 1140 2165 1204 sit,
2208 1147 2341 1206 quot

753 1230 1116 1285 framluleutas
1174 1231 1636 1285 schismaticornm
1701 1233 1947 1298 strOpbas
2015 1231 2335 1297 pertulerit,

749 1338 884 1394 quas
909 1325 1167 1376 adversus
1209 1323 1473 1378 insomem
1522 1322 1746 1377 subdola
1788 1326 2017 1377 factione
2052 1324 2339 1378 concinna-

751 1414 880 1468 bant
902 1455 917 1479 ,
947 1414 1189 1468 decimus
1221 1415 1610 1469 Ecclesiasticm
1644 1414 1879 1470 historia:
1907 1418 2038 1470 liber
2062 1432 2087 1468 a
2124 1414 2338 1467 Iluflino

748 1507 1069 1561 cbaraxatus
1099 1548 1113 1570 ,
1145 1507 1481 1571 astipulatur.
1516 1509 1589 1562 Ita
1625 1524 1846 1576 prorsus
1871 1549 1887 1573 ,
1930 1518 1987 1562 ut
2020 1508 2337 1561 Constantio

749 1603 1010 1668 Augusto,
1056 1601 1143 1667 qui
1190 1600 1423 1654 Orientis
1469 1599 1677 1666 imperii
1722 1613 1935 1667 sceptra
1981 1600 2333 1667 gubernabat,

749 1694 990 1746 evulsum
1018 1694 1297 1747 cadaveris
1338 1694 1588 1745 lacertum
1621 1703 1672 1745 et
1714 1694 1764 1745 itt
1809 1694 2144 1763 sarcophago
2184 1694 2333 1746 dela-

748 1794 858 1836 tntn
889 1784 1250 1849 osmnderent,
1276 1799 1435 1852 quem
1462 1786 1528 1838 ab
1561 1784 1856 1838 Athanasio
1887 1787 2104 1851 magica:
2134 1784 2338 1838 fraudis

748 1876 1113 1929 necromantia
1153 1875 1220 1929 de
1260 1876 1473 1929 Arsenii
1505 1890 1731 1943 Corpore
1770 1876 2041 1929 sublatmn
2074 1875 2334 1927 fallaciter

748 1971 1065 2023 retulerunt.
1091 1970 1430 2035 Quapropter
1460 1968 1773 2034 imperator,
1805 1966 2128 2019 commentis
2157 1965 2326 2019 brrre-
2363 1941 2407 2000 Β

748 2066 973 2117 ticorum
1006 2061 1433 2116 lenocinantibus
1465 2060 1679 2115 illectus
1709 2104 1723 2125 ,
1757 2070 1809 2113 et
1842 2058 2118 2128 probrosis
2149 2057 2336 2113 factio-

748 2154 904 2206 nibus
934 2151 1212 2220 det'eptus,
1237 2153 1290 2206 in
1314 2151 1541 2205 concilio
1569 2153 1850 2217 praesulem
1884 2150 2183 2204 inconsolte
2205 2165 2334 2203 con-

745 2246 984 2301 dcmnaii
1020 2244 1280 2313 prmcipit.
1309 2244 1506 2297 Verum
1540 2243 1795 2298 Arsenius
1817 2284 1832 2305 ,
1861 2243 1949 2311 qui
1977 2241 2246 2311 quondam
2280 2241 2330 2295 in

748 2339 954 2409 pulpito
980 2339 1191 2392 lectoris
1216 2337 1394 2391 officio
1417 2337 1755 2408 Inngebatur,
1786 2354 1998 2389 omnem
2022 2337 2329 2391 concinnati

742 2431 962 2485 sceleris
997 2444 1211 2484 scenam
1245 2430 1517 2499 prodidit,
1544 2438 1600 2484 et
1622 2444 1834 2484 sacrum
1863 2428 2133 2483 ﬂaminem
2155 2446 2184 2482 a
2222 2439 2329 2483 tam

743 2524 1019 2593 flagitiosis
1059 2522 1381 2576 facinoribus
1421 2523 1714 2575 immunem
1757 2536 1876 2574 esse
1915 2520 2236 2574 declaravit.
2287 2520 2333 2573 Ο

739 2623 971 2681 quantus
998 2612 1253 2681 quosdam
1288 2613 1487 2666 attritas
1525 2610 1717 2665 frontis
1751 2612 1920 2679 pallor
1959 2612 2028 2666 ob
2060 2602 2328 2664 detectuin

738 2706 960 2760 sceleris
1004 2714 1208 2758 reatum
1263 2703 1642 2758 tremebundos
1698 2703 1892 2773 arguit,
1944 2712 1998 2757 et
2046 2717 2078 2757 e
2115 2702 2331 2757 diverso

742 2800 1092 2869 quorumdam
1150 2798 1325 2850 vultus
1366 2811 1661 2865 purpureus
1703 2809 1958 2864 genarum
1998 2796 2159 2851 rubor
2183 2798 2331 2851 velut

738 2891 902 2943 Stibio
931 2889 1210 2958 depinxit,
1244 2904 1365 2941 cum
1416 2888 1468 2941 in
1506 2889 1734 2942 concilio
1771 2888 2040 2942 valentem
2069 2887 2324 2956 sospitem

737 2984 951 3056 [Bodl.,
1005 2993 1059 3037 et
1089 2978 1372 3051 sospitem]
1413 2982 1856 3050 specularentur,
1900 2996 2057 3050 quem
2097 2980 2325 3035 abscisis

736 3090 1022 3129 nervorum
1067 3074 1292 3127 nexibus
1335 3088 1580 3127 mancum
1626 3080 1681 3125 et
1720 3072 1954 3127 debilem
1986 3071 2320 3127 fatebantur!

737 3167 937 3220 Verum
979 3164 1349 3234 hujuscemodi
1389 3174 1573 3218 sancta
1600 3164 1823 3217 victoria
1847 3164 2103 3218 contutati
2128 3204 2143 3227 ,
2178 3161 2321 3216 aliud

735 3259 1030 3328 argumenti
1059 3272 1227 3326 genus
1258 3255 1542 3310 molietttes
1570 3258 2072 3323 comminiscuntur,
2111 3265 2168 3310 ut
2194 3270 2317 3325 pro-

2441 671 2651 726 ducitur
2680 674 2835 728 Zetas
2860 718 2875 741 ,
2907 688 2962 730 et
2993 679 3284 745 itnpcrialis
3310 680 3643 749 hippodromi
3670 688 3985 743 vestibulum
4009 736 4022 753 ,

2442 775 2708 832 quatenus
2739 782 2858 820 cum
2892 785 3015 837 rege
3044 770 3253 825 funesto
3289 775 3578 843 reciprocis
3608 779 3946 836 conflictibus
3973 796 4025 836 et

2442 852 2667 911 alternis
2695 859 2898 915 vicibus
2926 861 3206 929 diSputaus
3234 863 3586 920 altercarctur
3610 886 3625 933 ;
3667 872 3759 924 sed
3794 885 4020 929 utentem

2444 950 2555 1006 Deo
2608 952 2835 1007 dicatam
2874 970 2972 1009 nec
3016 956 3280 1011 minarum
3332 959 3580 1015 ferocitas
3624 962 3893 1033 rcII:-ctit,
3931 985 4024 1021 nec

2445 1044 2931 1102 blandimentorum
2966 1050 3155 1105 lenitas
3181 1052 3471 1120 demulcet,
3508 1065 3563 1108 ut
3592 1072 3619 1109 a
3650 1058 3931 1112 catholica:
3959 1061 4020 1115 ti»

2442 1135 2524 1190 dei
2565 1138 2951 1207 perpendicqu
2996 1142 3060 1195 ad
3104 1151 3270 1197 tortas
3312 1146 3718 1201 simulacrorum
3768 1165 4023 1206 caeremo-

2442 1231 2557 1285 nias
2589 1247 2913 1301 vergeretnr,
2946 1250 3068 1288 mox
3100 1236 3395 1301 imperante
3424 1242 3691 1305 Augusto,
3729 1245 3795 1298 ad
3819 1247 4020 1299 calum-

2442 1325 2581 1376 niam
2627 1327 2893 1385 pontiﬁcis
2933 1337 2987 1381 et
3029 1328 3303 1384 infamiam
3333 1333 3463 1386 cleri
3488 1375 3501 1394 ,
3539 1334 3688 1387 boias
3728 1337 3779 1389 in
3811 1340 4023 1392 eolloet

2442 1420 2729 1485 compedes
2754 1420 2805 1472 in
2832 1423 3074 1475 cruribus
3097 1432 3335 1477 nectunt.
3364 1426 3581 1492 Iusupr-r
3606 1430 3884 1497 exquisitis
3916 1448 4021 1499 par!-

2443 1522 2629 1561 narnm
2660 1512 3123 1577 machinamentis,
3157 1517 3547 1571 sacratissimus
3579 1520 3804 1575 viventis
3835 1524 4020 1577 ltustie

2441 1610 2587 1655 artus
2633 1602 2829 1657 acriter
2866 1606 3201 1669 dilacerant,
3244 1622 3344 1660 nec
3385 1625 3487 1660 non
3519 1620 3571 1663 et
3602 1621 3708 1665 tres
3739 1629 4020 1678 germanos

2443 1695 2715 1760 puerulos,
2746 1712 2879 1763 quos
2912 1698 3137 1766 Babylas
3163 1699 3261 1751 Sub
3290 1700 3586 1766 discipl‘nm
3610 1704 3917 1771 pmdagogio
3945 1723 4023 1761 re-

2441 1787 2698 1851 gulariter
2722 1790 3062 1841 iustrucndos
3090 1803 3388 1857 acceperat,
3424 1794 3487 1845 ad
3520 1798 3659 1859 regis
3683 1802 4019 1862 prmseutiam

2441 1879 2598 1933 simul
2637 1882 3012 1943 intioducunt,
3066 1899 3198 1950 quos
3233 1885 3519 1951 imperator
3560 1889 3689 1941 mira
3732 1892 3853 1945 fidei
3899 1908 4022 1945 ron~

2438 1972 2632 2024 stantia
2665 1973 2899 2026 munitos
2926 2015 2942 2036 ,
2989 1990 3108 2026 cum
3149 1976 3435 2028 verborum
3476 1981 3802 2041 argumentis
3846 1981 4023 2035 falli-re

2439 2062 2702 2131 nequiret,
2738 2063 2974 2117 cruentis
3004 2066 3279 2119 verberum
3310 2068 3502 2122 ictibus
3532 2075 3789 2136 vapulare
3821 2088 4020 2138 prmce-

2440 2155 2532 2223 pit.
2587 2154 2823 2209 Cernens
2866 2168 3042 2210 autem
3096 2159 3407 2213 furibundus
3467 2164 3716 2231 princeps
3771 2166 4016 2219 invictam

2439 2246 2777 2313 parvulorum
2807 2251 3161 2302 constantiam
3188 2290 3203 2314 ,
3250 2264 3627 2316 percunctatur
3660 2261 4016 2313 venerandum

2437 2338 2718 2400 praesulem
2745 2346 2917 2388 ntrtnu
2947 2338 3036 2390 filii
3061 2339 3140 2391 sui
3164 2346 3424 2395 veraciter
3452 2353 3655 2410 essent,
3683 2347 3771 2413 qui
3797 2362 4017 2415 respon-

2434 2424 2578 2479 disse
2611 2427 2840 2494 legitur:
2876 2427 2994 2481 Filii
3035 2430 3137 2482 nn-i
3165 2446 3288 2484 vere
3325 2442 3450 2485 sunt
3487 2438 3780 2489 secundum
3816 2436 4013 2503 Deum,

2435 2522 2714 2575 mulcrem
2739 2536 2915 2576 autem
2942 2539 3119 2577 coram
3154 2525 3261 2578 Deo
3284 2541 3402 2580 meo
3425 2543 3531 2579 non
3555 2532 3801 2598 cognovi,
3827 2546 3894 2585 ex
3916 2548 4019 2601 qua

2436 2622 2592 2666 natus
2621 2630 2762 2668 sum.
2791 2616 2924 2668 'fum
2957 2632 3175 2670 sanctus
3219 2618 3444 2688 Babylas
3477 2618 3772 2674 decollandi
3797 2626 4016 2677 sortitus

2434 2706 2777 2769 sententiam,
2811 2720 2930 2758 cum
2960 2706 3128 2759 tribus
3154 2706 3383 2761 alumnis
3412 2712 3585 2778 capite
3617 2721 3894 2766 truncatur
3916 2756 3928 2776 ,
3957 2727 4013 2768 et

2433 2794 2612 2847 rubris
2642 2811 2895 2847 venarum
2931 2798 3115 2850 rivulis
3141 2808 3403 2852 sacratur.

2508 2886 2747 2941 XXXIV.
2790 2888 2894 2945 Sed
2924 2899 2976 2943 et
3004 2905 3183 2957 Opera:
3216 2891 3443 2957 pretium
3474 2905 3597 2945 reor
3626 2901 3682 2946 ut
3720 2895 4013 2950 celeberri-

2440 2995 2557 3032 mos
2598 2982 2858 3048 spiritalis
2899 2983 3102 3035 ntilitizc
3133 2983 3449 3047 bellatores,
3478 2992 3533 3037 ct
3568 2984 3802 3039 cmlestis
3844 2988 4015 3040 medi-

2430 3070 2567 3124 cina:
2605 3074 2904 3127 archiatros
2938 3075 3187 3128 Cosmant
3232 3084 3284 3128 et
3325 3074 3639 3128 Damianum
3681 3093 4013 3149 nequaquam

2429 3163 2496 3216 ab
2548 3164 2802 3219 historica
2854 3168 3119 3235 virginum
3170 3168 3429 3223 relatione
3470 3169 3822 3235 dirimentes,
3873 3175 4015 3226 velut

2431 3254 2677 3327 indignos
2724 3268 3041 3311 creterorutn
3085 3260 3362 3313 consortio
3403 3270 3836 3329 sequestretnus,
3880 3281 4014 3329 quos

734 3358 896 3403 strata
930 3346 1120 3419 [Βυάι.
1147 3387 1163 3411 ,
1197 3343 1518 3418 prostituta]
1552 3346 1729 3413 pellex
1759 3346 1930 3400 virum
1958 3347 2317 3400 castissimum
2348 3312 2398 3377 α
2432 3347 2481 3399 in
2515 3361 2750 3413 superno
2792 3347 3179 3419 Hierosolytnm
3210 3349 3535 3417 municipale
3569 3350 4010 3417 prwdestinatos,

733 3442 1011 3513 prostibuli
1038 3451 1245 3505 stupro,
1275 3456 1381 3509 quo
1407 3441 1622 3509 penitus
1650 3454 1680 3491 a
1705 3439 1981 3506 pubertate
2005 3437 2321 3503 incorrupto

735 3549 966 3602 corpore
997 3530 1193 3597 caruit,
1224 3530 1540 3585 insimulare
1571 3529 1871 3597 procaciter
1898 3528 2320 3595 macltiuaretur;

732 3641 851 3696 qua:
876 3642 996 3680 cum
1025 3628 1333 3678 universum
1358 3625 1503 3677 falsae
1529 3621 1861 3692 garrulitatis
1888 3621 2150 3676 incestum
2177 3622 2323 3675 velut

732 3720 950 3773 fetidam
984 3717 1353 3771 melaucltolia:
1380 3729 1632 3768 nauseam
1656 3713 1722 3769 de
1754 3715 2055 3769 recessibus
2082 3715 2198 3768 falsi
2232 3730 2325 3783 pe-

732 3811 899 3864 ctoris
925 3807 1248 3861 evoniuisset
1273 3847 1287 3869 ,
1327 3806 1504 3859 statim
1544 3821 1637 3874 per
1666 3805 2008 3860 Timotheum
2040 3808 2322 3877 presbyte-

735 3915 850 3955 rum
875 3938 896 3966 ,
940 3914 1095 3969 quem
1132 3897 1374 3952 nefandis
1403 3897 1647 3950 ulnarum
1674 3897 1888 3967 gremiis
1920 3913 2113 3963 procax
2153 3897 2322 3952 obun-

733 3992 890 4045 Cnbal
911 3990 1236 4059 apologetica
1264 3989 1550 4042 verborum
1581 3990 1823 4053 veritate,
1855 4004 1916 4041 ac
1943 3989 1987 4042 si
2020 3991 2121 4042 lixa
2148 3988 2319 4057 pelta-

732 4100 851 4139 rnnt
885 4082 1150 4136 testudine
1176 4123 1188 4142 ,
1221 4080 1543 4134 defenditur.
1581 4080 1959 4134 Verumtamen
2007 4082 2321 4135 aemulorum

728 4174 960 4229 vesania:
989 4173 1186 4228 cedens
1207 4215 1220 4236 ,
1263 4170 1352 4239 qui
1382 4180 1570 4225 centra
1602 4171 1770 4223 virum
1801 4171 1890 4226 Dei
1921 4173 2162 4227 zelantes
2194 4190 2324 4225 ran-

730 4269 847 4320 cida
892 4265 1072 4320 livoris
1123 4263 1319 4317 invidia
1373 4260 1796 4331 torquebantur,
1858 4262 2110 4332 profugus
2162 4262 2320 4331 longe

732 4360 1106 4429 proficiscens,
1129 4356 1344 4412 exsulat
1368 4396 1382 4419 ,
1414 4356 1546 4409 adeo
1579 4366 1634 4407 ut
1661 4370 1755 4410 sex
1779 4369 2043 4409 annorum
2079 4358 2316 4410 interca-

728 4452 925 4521 pedine
968 4451 1018 4502 in
1065 4447 1210 4502 arida
1258 4452 1502 4501 cisternas
1534 4447 1734 4501 latebra
1766 4447 2084 4503 delitescens
2120 4464 2320 4518 nequa-

727 4558 883 4610 quam
907 4540 1126 4607 litupido
1157 4540 1288 4593 solis
1311 4537 1459 4591 radio
1485 4538 1764 4603 potiretur,
1788 4536 1882 4591 sed
1914 4552 2063 4591 mens
2090 4538 2200 4591 Deo
2222 4539 2317 4591 de-

2428 3447 2476 3491 et
2510 3439 2745 3491 mtbralis
2773 3438 3088 3492 litteratura:
3118 3440 3239 3492 albo
3269 3438 3565 3506 descriptos
3595 3456 3717 3494 cum
3749 3445 4015 3509 praedictis

2428 3531 2972 3599 connnanipularibus
3001 3531 3336 3585 hetabundos
3377 3531 3490 3584 fore
3533 3532 3848 3587 fiducialitcr
3881 3550 4012 3588 con-

2428 3619 2660 3674 ﬁdimus.
2711 3620 3066 3686 Temporibus
3119 3636 3348 3690 namque
3397 3622 3705 3676 Dioeletiaui
3746 3632 3801 3676 ct
3846 3624 4010 3679 Maxi-

2428 3712 2618 3776 miani,
2646 3713 2947 3783 olympiade
2992 3712 3357 3768 ducentesima
3389 3716 3717 3781 Sexagesima
3751 3720 4009 3785 septima,

2426 3820 2546 3858 cum
2575 3805 2765 3859 edictis
2792 3805 3102 3859 crudelibus
3129 3805 3409 3860 catholica:
3438 3805 3559 3858 fidei
3587 3807 3849 3870 cultores,
3877 3826 4007 3875 quo:

2426 3898 2774 3953 Christicolas
2813 3911 2862 3951 et
2897 3898 3191 3953 crucieolas
3236 3898 3636 3965 nuncupabant,
3687 3899 3753 3952 ad
3804 3900 3986 3953 thuriti

2426 3990 2653 4045 caudum
2707 3990 3027 4043 statunculis
3065 3988 3402 4043 etlmicorum
3442 3999 3779 4055 cogerentur,
3825 3992 4010 4045 nolen-

2429 4090 2511 4135 tes
2550 4090 2729 4134 autem
2773 4090 3077 4147 apostatare
3099 4121 3114 4145 ,
3147 4077 3199 4132 id
3231 4087 3351 4143 est,
3385 4079 3451 4131 ad
3479 4083 3763 4147 apostasia:
3806 4083 4009 4134 voluta-

2425 4175 2581 4226 brum
2611 4172 2840 4239 reverti,
2873 4170 3156 4239 capitalem
3198 4169 3457 4238 compulsi
3499 4182 3621 4224 sunt
3657 4171 3841 4226 subire
3876 4188 4008 4225 seno

2426 4267 2664 4329 tentiam,
2691 4279 2791 4332 qua
2822 4271 3142 4333 tempestate
3171 4262 3457 4329 praedictos
3479 4263 3680 4316 Christi
3713 4262 4007 4317 tirunculus

2424 4356 2671 4425 religiosa
2699 4355 2929 4426 genitrix
2955 4353 3216 4423 gemellos
3244 4354 3399 4406 enixa
3425 4360 3535 4418 est,
3563 4353 3651 4422 qui
3682 4354 4005 4421 pedetentim

2425 4448 2479 4501 in
2528 4443 2823 4515 pubertatis
2864 4442 3155 4514 primordio
3186 4444 3553 4497 instrumentis
3603 4444 4004 4499 medicinalibus

2424 4540 2648 4603 itubuti,
2684 4548 2793 4591 tam
2838 4535 3171 4590 valetudines
3212 4536 3661 4603 hydropicorum,
3703 4545 3756 4589 et
3800 4540 4004 4590 melan-

726 4634 836 4688 dita
868 4643 985 4687 cote
1029 4632 1212 4684 durior
1236 4672 1251 4695 ,
1295 4631 1438 4683 ferto
1480 4630 1699 4693 fortior,
1732 4630 2013 4684 adamante
2053 4629 2185 4699 rigid
2209 4646 2270 4686 or
2298 4672 2313 4696 ,
2350 4670 2394 4728 Β
2420 4629 2625 4685 cltolias
2656 4630 2920 4683 viscerum
2941 4667 2957 4692 ,
3000 4640 3162 4696 quam
3204 4625 3671 4680 incommoditates
3704 4629 4003 4681 animarum

724 4745 913 4783 omnes
952 4726 1308 4783 calamitatuni
1355 4727 1733 4779 insectationes
1762 4766 1775 4787 ,
1817 4738 1948 4791 quas
1983 4724 2311 4780 clandestina

725 4823 1005 4877 lividorum
1058 4820 1381 4888 conspiratio
1441 4818 1707 4872 hostiliter
1769 4818 2076 4887 irrogabat,
2132 4814 2311 4871 inﬂexi

725 4916 903 4971 cot'dis
927 4913 1223 4969 constantia
1253 4912 1622 4981 anptanimiter
1654 4910 1979 4980 perferebat.

796 5007 1038 5063 XXXIII.
1072 5005 1210 5073 Quid
1241 5006 1449 5059 beatum
1483 5004 1733 5073 Babylam
1762 5005 1947 5072 loquar
1968 5043 1985 5069 ,
2016 5004 2104 5072 qui
2130 5001 2306 5056 domi-

724 5106 826 5157 nici
862 5106 1037 5171 gregis
1068 5102 1327 5156 excubias
1366 5112 1420 5154 et
1460 5100 1709 5155 mandras
1754 5097 2009 5154 Ecclesia:
2051 5098 2308 5151 adversus

724 5198 1079 5251 truculentam
1115 5207 1461 5266 tyranne-rum
1507 5194 1706 5247 rabiem
1746 5235 1757 5256 ,
1790 5194 1935 5247 velut
1965 5204 2146 5245 contra
2181 5192 2308 5246 feri-

726 5305 847 5340 nam
873 5289 1111 5355 luportnn
1140 5284 1495 5348 ferocitatem,
1530 5302 1634 5339 non
1667 5300 1816 5339 more
1846 5286 2185 5352 mercenarii,
2214 5285 2307 5339 sed

722 5381 938 5433 solertia
972 5377 1225 5447 pastorali
1250 5378 1515 5443 tuebatur,
1547 5392 1668 5430 cum
1701 5386 1843 5431 esset
1869 5378 2065 5431 summi
2094 5378 2306 5445 pontifi-

721 5485 872 5527 catus
901 5471 1065 5526 infnla
1093 5468 1364 5539 prteditus.
1400 5469 1781 5527 Numerianum
1815 5473 2108 5539 Augustum
2146 5470 2312 5523 inter—

724 5565 984 5619 fectorum
1008 5577 1197 5617 cruore
1219 5560 1638 5616 contaminatum
1666 5602 1681 5627 ,
1717 5579 1821 5616 non
1853 5564 2095 5631 permisit
2118 5558 2306 5617 basili-

727 5674 803 5709 ca:
826 5654 1116 5709 sacrarium
1169 5651 1415 5707 intrando
1457 5652 1674 5722 pollutis
1710 5654 1937 5724 pedibus
1982 5653 2305 5725 profanare,

726 5750 818 5802 sed
844 5749 1118 5803 acerrima:
1146 5745 1503 5815 castigationis
1525 5760 1771 5811 censura,
1809 5761 1837 5799 a
1860 5746 2028 5800 sacris
2055 5739 2308 5801 Ecclesiae

746 5840 1018 5895 liminibus
1061 5840 1251 5893 funeSti
1302 5838 1440 5907 regis
1483 5839 1755 5893 introitum
1806 5838 2061 5903 arcebat,
2110 5854 2309 5907 nequa-

726 5948 880 6003 quam
913 5932 1101 5987 dan-na
1136 5948 1310 5987 rerum
1356 5931 1649 5987 formidans
1690 5932 1769 5988 vel
1813 5931 1933 5986 vitm
1966 5931 2304 6002 diSpcndiutn

2423 4733 2517 4790 per
2570 4720 2793 4775 caeleste
2842 4720 3172 4787 cataplasma
3223 4717 3505 4771 curabant.
3560 4715 3741 4768 Visum
3796 4718 4002 4771 scilicet

2422 4816 2610 4877 c.t.-cis,
2664 4823 2715 4868 et
2778 4813 3041 4879 malagma
3097 4808 3548 4878 tnouopbtltalmis
3603 4807 3999 4878 impertienda,

2418 4907 2582 4962 mutis
2640 4904 3019 4960 taciturnitatis
3073 4904 3282 4955 valvam
3335 4899 3659 4964 reseranda,
3712 4902 3997 4953 surdorum

2414 5000 2633 5057 auribus
2691 4997 2996 5051 bariuouiis
3050 5010 3228 5050 rerum
3285 4993 3665 5055 resturando,
3724 4992 3895 5047 balbis
3950 5005 3996 5045 ct

2414 5094 2593 5149 blrsis
2641 5091 3018 5147 rectitudinem
3061 5088 3289 5155 lnquelze
3330 5086 3631 5154 largiendo,
3667 5086 3893 5140 claudos
3945 5099 3998 5139 et

2417 5204 2637 5243 mancos
2680 5184 3031 5241 ineuinmitati
3074 5182 3313 5251 pristina:
3352 5178 3683 5233 restituendo
3711 5219 3726 5239 ,
3769 5194 3997 5248 euerge-

2416 5294 2602 5333 tncuos
2634 5288 2687 5331 et
2717 5275 3097 5330 scotomaticos
3128 5271 3439 5325 meritorum
3478 5269 3643 5336 gratia
3689 5267 3993 5320 refocillan-

2415 5372 2519 5433 do,
2553 5370 2698 5437 ipsos
2726 5368 2886 5419 etiam
2919 5365 3146 5417 fortunat
3173 5361 3388 5415 casibus
3421 5371 3704 5427 oppressos
3730 5358 3798 5411 ad
3836 5372 3995 5424 snpe-

2418 5479 2506 5517 I'OS
2548 5460 2873 5515 revocando.
2911 5458 3285 5511 Veruttttatneu
3330 5452 3691 5522 hujuscemodi
3732 5451 3991 5505 virtutum

2416 5553 2777 5611 numilicentla
2820 5551 3061 5620 prrediti,
3100 5565 3204 5603 non
3250 5545 3589 5615 pbilargyria:
3627 5546 3988 5607 commercio.

2412 5652 2505 5706 sed
2538 5650 2759 5719 gratuita
2790 5644 3108 5701 liberalitate
3137 5651 3370 5712 optatam
3403 5639 3794 5709 :cgwtantibus
3822 5638 3993 5707 sospi-

2414 5756 2578 5799 tatem
2606 5742 2949 5796 contulerunt
2978 5736 3283 5806 cvangelico
3309 5732 3700 5788 concordantcs
3726 5733 3948 5786 oraculo
3980 5752 3990 5783 :

2416 5836 2591 5890 Gratis
2632 5832 2899 5901 accepistis
2924 5870 2941 5894 ,
2987 5830 3144 5900 gratis
3188 5829 3323 5880 date.
3366 5826 3571 5878 Interea
3614 5823 3992 5892 prmdctorum

2420 5938 2733 5998 tempeState
2764 5935 3164 5995 [‘UI‘SCCUIOI'IIIII
3192 5960 3207 5988 ,
3241 5935 3359 5974 cum
3391 5919 3559 5973 sancti
3602 5926 3868 5988 martyres
3892 5958 3909 5984 ,
3942 5926 3995 5970 ut
