4214 6532
215 405 313 453 im

1346 400 1428 450 illi
1470 398 1810 451 1,.ιιύιιιυδ
1859 398 2335 454 κἰιιαιλιίιιγιδ.

3378 412 3475 463 134

213 531 338 565 oves
373 514 660 564 necisimiis
689 512 922 563 cruentis
955 513 1263 561 carnificum
1301 511 1645 560 mucronibus
1681 525 1789 561 ina-
1822 527 1867 579 Α
1898 514 2186 575 supplicio,
2222 515 2312 564 sed
2346 514 2828 568 blanduneutmum
2864 520 3159 582 lenocinio,
3196 537 3373 576 natum
3405 531 3468 578 ad

212 617 510 666 tiarentur,
563 617 612 655 et
667 621 996 670 nequaquam
1049 606 1376 655 consternati
1434 605 1790 656 Iicclesiarunt

213 699 462 757 athletze,
499 697 638 747 \‘elut
683 698 730 746 itt
773 704 1061 747 scamttiale
1106 696 1455 760 pali-stratum
1482 735 1494 752 ,
1529 695 1793 744 luctamu-

216 797 320 848 tnr,
357 787 570 852 quantis
601 797 652 837 et
697 785 942 852 qualibus
993 785 1196 848 pra-lati
1241 785 1611 842 coitlcssitrcs,
1658 785 1791 836 Lisia

217 896 313 943 pro
347 879 594 931 tribunali
627 879 848 930 sedente
871 918 883 936 ,
927 879 1309 945 suppliciorum
1355 877 1794 927 nnichinainentis

217 981 610 1036 torquerentur,
643 969 760 1035 quis
791 970 988 1021 iel'erre
1018 967 1288 1019 snl'tieiat?
1321 967 1589 1033 Siquidem
1623 965 1795 1033 ligatis

218 1060 465 1117 laceitis.
499 1070 551 1110 et
583 1061 839 1111 connexis
870 1073 1112 1110 surarum
1147 1058 1370 1108 artubus
1393 1098 1404 1115 ,
1442 1073 1490 1106 ιιι
1535 1057 1796 1125 profunda

219 1151 391 1216 pt'litgi
427 1150 606 1199 llnstra
640 1149 947 1210 demersos,
994 1148 1084 1198 sed
1126 1149 1363 1214 angeliCo
1411 1146 1567 1198 fultos
1609 1147 1798 1198 suifra-

215 1239 333 1302 ιλιι),
390 1235 548 1288 etfera
602 1239 852 1288 fluctuum
897 1234 1148 1288 feroeitas
1189 1237 1498 1301 contingere
1551 1249 1655 1285 non
1704 1248 1797 1284 au-

213 1330 348 1376 deus
374 1367 387 1387 ,
427 1329 620 1377 illaesos
655 1325 922 1376 littoribus
955 1325 1201 1375 restituit.
1243 1323 1438 1375 lini-sus
1472 1322 1796 1374 truculentus

220 1431 314 1482 pia
337 1431 453 1474 ses,
520 1425 621 1465 tam
680 1418 825 1466 claro
889 1426 1190 1467 sanctorum
1248 1413 1474 1465 tironum
1531 1411 1796 1479 triumpho

215 1506 490 1583 t'tttifttstts'
517 1517 569 1558 et
611 1512 950 1566 euntntultis,
994 1505 1210 1555 eosdem
1265 1504 1314 1555 in
1364 1505 1630 1555 clibantim
1687 1506 1796 1568 llu-

215 1598 352 1647 rimo
452 1603 849 1646 sarmentorum
885 1596 1066 1646 fomite
1096 1609 1443 1657 succensiim,
1477 1604 1530 1646 et
1571 1595 1793 1647 tll\'t‘l'S'S

214 1689 457 1754 stipitum
495 1687 768 1739 titionibus
798 1690 1184 1752 crepitantem,
1223 1687 1443 1738 trnciter
1478 1687 1616 1736 trudi
1663 1701 1792 1749 pra:-

215 1782 378 1847 cepit.
423 1784 520 1832 Ast
560 1781 675 1831 illos
718 1779 859 1831 velut
898 1779 1286 1842 salamaudras,
1318 1791 1450 1842 quas
1482 1777 1793 1826 naturaliter

1896 617 2019 652 suos
2045 603 2219 653 libitus
2245 609 2459 656 flectere
2485 604 2686 671 nititur,
2731 610 2981 660 auferens
3023 613 3167 664 illiitii
3213 617 3276 666 de
3319 632 3472 682 ergi-

1897 694 2366 759 stultisqnalente.
2416 697 2695 749 tlitiSCl‘lCiS
2743 710 2794 751 et
2841 703 3179 770 bombycinis
3232 707 3469 760 indutum

1898 791 2134 840 vestibus
2170 791 2311 842 misit
2343 793 2390 842 in
2425 793 2751 857 triclinium,
2786 795 2866 846 tibi
2901 801 3277 864 ptilt-herrimzi-
3313 808 3469 873 virgi-

1899 895 1990 931 nes
2039 882 2285 946 pretiosis
2333 895 2560 949 eoniptm
2611 886 2919 954 cycladibus
2966 892 3225 943 delicatas
3275 895 3470 946 detrnti

1897 970 2117 1023 delicias
2162 983 2213 1024 et
2259 987 2569 1042 sumptuosa
2621 980 2940 1031 ferculorum
2986 986 3226 1038 convivia
3270 1007 3471 1053 pra-pa-

1901 1071 2079 1113 rarent
2104 1104 2115 1124 ,
2151 1065 2436 1118 ell'icnatns
2471 1069 2660 1119 la-titiie
2694 1072 3016 1134 cachinnos,
3052 1087 3100 1124 et
3139 1077 3352 1141 jocosos
3395 1082 3472 1130 lu-

1899 1152 2088 1205 dorum
2142 1160 2416 1222 amplexus
2459 1160 2782 1222 miscentes,
2829 1173 2881 1212 ut
2927 1165 2975 1214 in
3024 1166 3216 1218 talibus
3265 1171 3470 1221 blandi-

1902 1246 2094 1297 mentis
2128 1247 2292 1299 lerica
2337 1249 2544 1316 jlt\'CtttS
2593 1256 2883 1318 pf‘il‘Ctll‘tllil
2929 1257 3322 1311 tnolesccrcnt.
3368 1263 3470 1314 Sed

1900 1338 1977 1387 vir
2026 1339 2130 1389 Deo
2178 1341 2392 1392 deditus
2441 1360 2537 1395 nec
2587 1348 2753 1396 mulsa
2799 1353 3074 1413 epularum
3110 1356 3289 1419 sagina
3319 1372 3475 1421 snpeo

1901 1437 2068 1489 ratur,
2122 1445 2217 1480 nec
2270 1434 2500 1483 tortuosa
2547 1437 2805 1500 virginum
2850 1450 3123 1494 ventiState
3155 1459 3181 1493 a
3218 1451 3473 1513 propositi

1903 1526 2075 1586 iigoie
2126 1526 2438 1588 l't‘liCi'lilllr,
2487 1529 2578 1579 st-d
2629 1532 2802 1581 mollia
2853 1535 3150 1598 puellarum
3197 1539 3382 1602 labra,
3419 1552 3476 1593 ut

1901 1613 2082 1662 nociva
2127 1616 2431 1680 viperarum
2479 1633 2679 1671 venena
2724 1624 2996 1688 declinat,
3048 1628 3190 1690 parvi
3241 1631 3476 1694 puniens

1899 1706 2222 1768 epithalamii
2265 1709 2529 1773 elogium,
2568 1712 2618 1762 in
2648 1729 2753 1778 quo
2787 1727 2997 1767 (‘anttim
3031 1728 3152 1771 est:

2146 1795 2320 1842 Medea
2349 1809 2456 1844 tunc
2482 1813 2635 1846 roseis
2660 1802 2932 1849 increscunt
2961 1805 3084 1853 labia
3111 1809 3255 1854 labris

215 1882 485 1924 torrentes
517 1886 799 1938 prunarum
831 1870 971 1936 globi
1005 1883 1185 1920 assare
1217 1867 1295 1918 vel
1328 1876 1558 1918 cremale
1589 1865 1785 1933 |llodt.,
1827 1878 1866 1934 Β
1903 1875 2100 1928 Deinde
2144 1878 2359 1944 quidam
2403 1880 2469 1931 de
2509 1884 2897 1936 eontrihuhbus
2947 1885 3223 1939 hortantur
3271 1903 3472 1956 patrem

210 1960 488 2030 cremare]
533 1969 837 2026 nequeunt,
879 1974 1210 2025 nequaquam
1277 1957 1549 2023 ﬂagrantis
1601 1957 1795 2008 camini

213 2052 467 2105 incendia
507 2051 918 2104 conibnsseruut
952 2068 962 2101 :
1007 2051 1128 2102 exin
1179 2049 1348 2102 eculei
1404 2059 1669 2099 tormento
1710 2064 1795 2099 ve-

216 2149 406 2206 xatos,
459 2151 511 2195 et
550 2141 724 2210 gabuli
768 2141 1002 2209 patibulo
1041 2153 1366 2204 ειιειιεηεοε,
1415 2139 1632 2204 insuper
1670 2139 1797 2189 diris

218 2236 536 2301 sagittarum
580 2234 772 2286 ictibus
803 2233 1058 2295 obrutos,
1101 2230 1399 2297 angelicum
1440 2230 1667 2296 protexit
1709 2245 1797 2297 pa-

212 2326 521 2377 trocinium.
579 2325 656 2376 Ad
711 2327 952 2375 ultimum
1004 2322 1304 2375 decollandi
1354 2321 1528 2372 sortiti
1580 2331 1794 2373 senten-

217 2421 342 2471 tiam
373 2459 385 2480 ,
419 2434 537 2469 cum
576 2417 746 2482 palma
780 2417 1097 2484 virginitatis
1140 2424 1194 2468 et
1242 2415 1514 2480 triumpho
1555 2413 1792 2480 martyrii

213 2517 586 2582 agonizai‘mtt.

291 2609 507 2663 XXXV.
543 2599 994 2662 Nec-meminisse
1023 2606 1199 2674 pigeat
1226 2604 1405 2672 inclyti
1436 2602 1618 2655 militis
1646 2601 1797 2652 Chri-

215 2703 284 2756 sti
330 2701 650 2769 Chrysanti,
697 2715 854 2766 quem
900 2709 1047 2765 pater
1094 2699 1160 2751 ab
1199 2697 1515 2751 Alcsaudria
1561 2697 1795 2760 proficis-

211 2807 344 2845 cens
380 2792 561 2844 Roma:
591 2788 1042 2857 Sl'nmosophistis
1094 2796 1147 2840 et
1188 2787 1489 2840 rhetoribus
1548 2785 1795 2836 traditum

208 2885 422 2937 cunctis
472 2882 776 2936 liberalibus
821 2882 1116 2934 litterarum
1166 2877 1352 2930 studiis
1398 2876 1596 2928 erudiri
1650 2873 1794 2927 fecit.

220 2979 351 3030 Liat
393 2977 570 3037 enim,
621 2985 677 3026 ut
708 2973 890 3035 fertur,
939 2982 1044 3024 tam
1086 2969 1323 3022 ardentis
1363 2970 1586 3036 ingenii,
1629 2977 1681 3019 et
1710 2983 1796 3019 ca-

213 3070 362 3136 pacis
395 3066 662 3119 memoria:
683 3105 696 3126 ,
731 3074 786 3116 ut
816 3062 1067 3130 quidquid
1103 3060 1387 3113 betitando
1430 3067 1481 3111 et
1513 3057 1797 3110 scrutando

210 3159 426 3211 enixius
458 3158 762 3218 rimaretur,
792 3155 931 3206 velut
952 3155 1095 3204 visco
1120 3149 1430 3219 glutinatum
1460 3162 1795 3215 pra-propere

210 3251 264 3302 in
300 3247 608 3317 praecordiis
644 3245 935 3314 puerilibus
967 3246 1316 3306 lentesceret,
1360 3249 1412 3294 et
1455 3239 1594 3292 intra
1642 3255 1795 3307 saga-

208 3340 290 3392 cis
343 3337 504 3389 auimi
548 3334 800 3388 c0nclave
847 3333 1141 3387 radicatam
1199 3331 1544 3383 incresceret.
1608 3328 1792 3396 Igitur,

211 3426 601 3480 consummatis
651 3426 1117 3494 grammaticorum
1173 3421 1404 3484 studiis,
1454 3429 1506 3472 et
1560 3421 1795 3486 philoso-

208 3523 440 3586 phorum
488 3514 814 3582 disciplinis,
855 3531 973 3583 qua:
1017 3530 1086 3567 vii
1129 3513 1414 3580 speciebus
1446 3511 1792 3575 dirimuntur,

208 3609 260 3660 id
292 3618 405 3669 est,
435 3607 782 3674 granunatica
811 3646 825 3666 ,
859 3608 1043 3657 rhetor
1069 3619 1127 3657 ea
1149 3643 1161 3666 ,
1194 3600 1472 3655 dialectica
1494 3639 1508 3662 ,
1538 3601 1790 3652 aritlnne-

210 3697 347 3757 tica,
394 3695 592 3746 musica
616 3734 629 3756 ,
674 3693 995 3762 geometrica
1021 3732 1033 3754 ,
1080 3692 1404 3743 astronomia
1431 3727 1444 3751 ,
1492 3688 1603 3758 [ΑΙ.
1627 3729 1640 3751 ,
1677 3704 1750 3738 ar.
1779 3728 1792 3749 ,

209 3801 392 3855 geom.
414 3824 428 3847 ,
463 3800 625 3846 mus.,
656 3793 883 3847 astron.,
918 3783 1128 3844 astrol.,
1162 3782 1360 3842 mech.,
1393 3774 1637 3844 niedic.,]
1671 3792 1789 3828 cuin

211 3884 277 3930 ad
344 3877 742 3930 saeratissimos
815 3874 1219 3941 Evangeliorum
1284 3874 1459 3939 apices
1518 3871 1789 3931 venisset,

206 3967 536 4037 quantocius
565 3979 758 4020 cuneta
794 3967 1096 4020 Stoicorum
1143 3971 1452 4030 argumenta
1496 3972 1548 4015 et
1588 3962 1790 4014 Aristo-

208 4061 396 4113 telicas
413 4055 743 4122 Categorias,
768 4070 887 4123 qua:
908 4070 935 4106 χ
958 4053 1489 4120 ριωιιιοιιηιειιιοιυιιι
1509 4049 1790 4119 generibus

206 4155 636 4220 distinguuntur,
651 4150 793 4201 dicto
807 4148 964 4200 citius
982 4143 1426 4214 dispexitiBodl.,
1441 4139 1790 4210 despexerit],

206 4245 335 4296 dum
370 4241 602 4294 solerter
630 4239 1084 4292 animadverteret
1110 4244 1365 4304 quantum
1395 4234 1630 4288 cmlestis
1674 4231 1794 4299 phi-

208 4330 474 4399 losophia:
533 4329 724 4397 dogma
782 4327 964 4380 mundi
1020 4325 1328 4391 disciplinas
1383 4332 1438 4375 ct
1491 4321 1791 4374 mortalium

210 4431 517 4477 (‘Otltllleltla
562 4429 884 4488 praestaret;
928 4432 1156 4486 cumque
1203 4415 1565 4484 regenerantis
1607 4412 1793 4480 gratia:

207 4518 372 4568 vulva
409 4522 700 4580 conceptus
723 4551 738 4578 ,
767 4520 820 4564 et
855 4510 1037 4562 fetosis
1073 4505 1364 4574 baptisterii
1399 4504 1651 4572 partubus
1682 4504 1793 4555 edi-

209 4621 293 4660 tus
352 4609 406 4660 in
453 4604 770 4658 venerandis
829 4602 1085 4655 Ecclesia:
1138 4599 1423 4654 cunabulis
1476 4597 1790 4660 nutriretur,

208 4699 487 4764 extemplo
516 4705 633 4764 post
664 4695 959 4748 rudimenta
992 4691 1142 4753 fidei,
1175 4689 1471 4756 neophytus
1503 4687 1794 4751 discipulus

210 4789 454 4843 efficitur
497 4786 818 4854 dogmatista
863 4784 1194 4851 praecipuus,
1227 4782 1351 4832 dum
1395 4777 1667 4830 Christum
1703 4777 1792 4830 Dei

215 4882 293 4935 Fit
324 4897 413 4931 tun
448 4893 782 4944 nequaquam
818 4874 1140 4942 perfidorum
1171 4871 1480 4925 discrimina
1516 4874 1797 4938 pertimes-

214 4987 346 5027 cens
397 4971 608 5024 cunctis
658 4967 866 5036 publica
915 4981 1043 5020 voce
1092 4965 1349 5034 propalat.
1399 4963 1550 5029 Quod
1590 4964 1796 5032 genitor

213 5064 460 5116 al'tiuiuni
496 5072 549 5114 et
595 5058 1057 5112 contubernalium
1101 5057 1361 5110 relatione
1393 5055 1478 5108 tibi
1514 5056 1792 5123 comperit,

211 5159 464 5214 eumdem
513 5156 675 5208 tilium
723 5164 908 5208 contra
949 5153 1067 5221 jura
1117 5162 1319 5205 natura:
1353 5151 1589 5204 latibulis
1618 5165 1801 5204 carce-

215 5248 422 5301 ialibus
473 5244 829 5307 ai'ctaudum,
885 5254 938 5296 et
991 5241 1145 5294 famis
1194 5241 1369 5294 inedia
1421 5242 1798 5295 macerandum

215 5341 459 5394 includit.
513 5337 759 5406 Alioquin
805 5347 859 5390 et
907 5335 1351 5405 proscriptionem
1400 5351 1576 5390 rerum
1626 5347 1678 5390 et
1710 5351 1804 5405 pa-

217 5432 462 5486 trimonii
516 5431 781 5497 jacturam
838 5428 1051 5496 insuper
1109 5438 1163 5482 et
1214 5428 1443 5496 capitale
1505 5427 1794 5481 discrimen

219 5521 579 5594 perhmrescit
600 5562 615 5587 ,
653 5537 717 5575 ne
745 5521 812 5575 ab
844 5521 1255 5589 imperatoribus
1287 5522 1522 5589 locuples
1549 5537 1797 5590 gazarum

217 5614 492 5686 opulentia
523 5628 644 5666 cum
677 5614 796 5665 vitie
823 5612 1145 5666 detrimento
1177 5611 1413 5666 funditus
1439 5612 1797 5667 infisearetur.

219 5709 358 5774 Ergo
409 5720 530 5760 cum
575 5704 1027 5759 animadverteret
1075 5705 1406 5758 Christianos
1456 5707 1798 5761 acerbitatem

219 5818 496 5860 |It|3llflrlllll
558 5799 785 5853 libenter
841 5801 1042 5854 laturos
1095 5798 1203 5866 jam
1255 5814 1357 5853 non
1414 5809 1798 5852 tormentorum

1823 4565 1876 4625 D

1901 1977 1954 2018 ut
1987 1970 2125 2019 lilins
2161 1971 2366 2022 blandis
2396 1975 2644 2023 connubii
2681 1977 2901 2027 nexibus
2936 1979 3246 2042 nodarelur,
3277 1993 3327 2033 et
3360 1984 3472 2035 ille-

1901 2059 2131 2109 cebroso
2165 2063 2498 2113 matrimonii
2532 2064 2798 2115 lenocinio
2827 2065 3129 2121 vinceretur
3161 2087 3173 2133 ;
3207 2084 3470 2137 quatenus

1899 2147 2055 2198 Dat-ia
2093 2152 2237 2215 virgo
2275 2150 2500 2202 Vestalis
2550 2154 2678 2204 satis
2721 2155 2971 2219 pulchra,
3017 2168 3071 2208 et
3101 2161 3327 2222 eleganti
3363 2162 3474 2213 for—

1897 2253 2015 2302 ina,
2062 2241 2287 2304 geminis
2333 2258 2570 2308 auroque
2604 2246 2813 2297 radians
2848 2248 2909 2298 ad
2944 2248 3300 2318 Chrysantum
3353 2268 3474 2320 pru-

1896 2333 2094 2382 caciter
2131 2332 2519 2398 ingrederetur,
2560 2345 2614 2385 tit
2644 2335 2866 2388 militem
2898 2338 3096 2391 Christi
3132 2353 3233 2392 tam
3268 2346 3471 2394 urbana

1902 2423 2190 2473 verborum
2239 2423 2518 2484 facundia,
2568 2441 2725 2491 quam
2774 2429 3040 2491 plialeratzt
3082 2434 3201 2481 colli
3243 2450 3469 2499 crepun-

1897 2510 2017 2572 dia,
2073 2511 2136 2561 ad
2188 2511 2403 2563 thalami
2456 2517 2700 2578 copulant
2763 2515 3098 2570 inilinarenl.
3155 2521 3256 2572 Sed
3313 2539 3469 2574 secus

1898 2602 2059 2653 cessit
2117 2618 2272 2667 quam
2329 2605 2424 2654 rati
2477 2614 2621 2655 sunt.
2681 2607 2861 2658 Uritur
2912 2624 3139 2676 namque
3196 2610 3335 2663 inter
3383 2630 3476 2663 eos

1896 2693 2026 2744 satis
2080 2695 2284 2761 prolixa
2338 2710 2647 2748 sermonum
2698 2703 3060 2760 eonccriatio,
3107 2713 3155 2753 et
3205 2719 3473 2769 i-eeprora

1898 2786 2283 2837 sententiarum
2333 2785 2654 2852 disputatio,
2704 2803 2768 2842 eo
2813 2792 2949 2857 quod
3000 2792 3151 2844 Daria
3187 2795 3477 2848 dialecticis

1906 2875 2112 2927 artibus
2142 2873 2340 2926 imbuta
2374 2887 2424 2928 et
2452 2879 2700 2943 captiosis
2729 2882 3021 2948 syllogismi
3047 2886 3480 2938 conclusionibus

1900 2969 2158 3018 instructa
2193 2966 2357 3020 fuisse
2391 2966 2658 3020 ferebatur
2688 2986 2701 3033 ;
2733 2970 2801 3021 ita
2835 2973 3124 3033 duntaxat,
3157 2984 3210 3025 nt
3238 2973 3478 3028 disertis-

1904 3059 2027 3110 simi
2067 3071 2312 3112 oratores
2358 3068 2462 3112 tam
2509 3074 2670 3128 sagax
2713 3060 2934 3128 virginis
2968 3062 3236 3129 ingenium
3269 3069 3480 3118 alterno

1900 3150 2132 3218 experiri
2171 3150 2419 3204 Conflac‘tu
2466 3161 2796 3205 vererentur.
2839 3151 2976 3218 Quid
3026 3157 3217 3220 plura?
3266 3159 3476 3210 tandem

1851 3249 1868 3270 ‘
1904 3244 1983 3295 vir
2013 3243 2130 3295 vita:
2165 3242 2484 3296 venerabilis
2517 3258 2618 3296 non
2654 3244 2856 3296 fraudis
2886 3260 3230 3314 argumento,
3264 3252 3355 3301 sed
3391 3265 3475 3303 ra-

1903 3337 2057 3388 tionis
2087 3336 2434 3395 docnineato.
2471 3335 2520 3388 in
2555 3337 2840 3404 reciprocis
2874 3340 3210 3394 conflictibus
3242 3343 3476 3398 victoria:

1904 3426 2129 3490 palmam
2182 3427 2440 3493 adeptus,
2496 3426 2742 3478 raindem
2790 3427 2999 3481 Dariam
3046 3430 3154 3496 jam
3201 3435 3479 3488 cathnl:caa

1901 3516 2023 3568 fidei
2081 3529 2412 3570 sacrauenta
2471 3519 2779 3571 credentem
2837 3524 3173 3589 suscipiens,
3232 3526 3480 3580 simulato

1909 3607 2175 3675 bytttentl'i
2208 3608 2532 3662 commercio
2565 3610 2723 3661 simul
2764 3624 3131 3676 conversatur,
3165 3615 3335 3668 donec
3369 3617 3478 3683 ipsa

1900 3702 2127 3753 salubris
2173 3701 2373 3753 lavacri
2421 3701 2580 3755 latice
2626 3703 2898 3755 lustratur.
2937 3705 3054 3756 Mox
3089 3707 3285 3759 relictis
3316 3709 3479 3762 diale-

1899 3794 2161 3844 cticorum
2208 3793 2547 3859 disciplinis,
2600 3794 2793 3861 quibus
2833 3793 3034 3847 dudum
3087 3799 3137 3849 in
3184 3801 3480 3866 gymnasiis

1901 3879 1912 3949 [
1943 3879 2091 3932 llodl.
2123 3920 2136 3942 ,
2172 3883 2432 3948 gymnasii
2467 3880 2483 3950 ]
2536 3883 2716 3936 studio
2769 3885 3144 3952 exercebatur,
3202 3892 3477 3943 canonicis

1898 3970 2195 4035 Seripturis
2228 3981 2281 4023 ct
2313 3975 2633 4024 commentis
2666 3973 3000 4039 spiritalibus
3043 3975 3347 4041 instruitur;
3384 3996 3480 4032 nec

1899 4057 2156 4112 laterculo
2200 4060 2561 4124 dinumerari,
2598 4076 2694 4114 nec
2741 4063 2946 4116 calculo
2979 4069 3310 4132 computari,
3343 4071 3477 4121 ulla-

1901 4160 2058 4204 tenus
2091 4152 2234 4204 valet
2261 4162 2457 4218 quanta
2504 4153 2787 4205 multitudo
2831 4156 3117 4221 promiscui
3161 4173 3320 4212 sextis
3365 4160 3480 4212 illo-

1900 4256 2015 4294 rum
2054 4243 2364 4309 magisterio
2394 4256 2422 4294 a
2455 4242 2686 4296 fanatica
2720 4244 3063 4297 delubroruin
3095 4247 3478 4315 superstitione

1898 4333 1962 4384 ad
2013 4334 2168 4386 fidem
2210 4335 2526 4388 catholicam
2567 4337 2880 4390 catervatim
2927 4340 3266 4393 confluxerit.
3313 4341 3479 4410 Hujus

1900 4422 1972 4474 rei
2017 4424 2187 4489 gratia
2235 4422 2422 4475 beatus
2460 4424 2824 4491 Chrysantus,
2867 4427 3084 4493 jnbente
3122 4429 3343 4482 Claudio
3387 4432 3481 4484 tii-

1902 4512 2042 4566 buno
2069 4553 2081 4576 ,
2119 4528 2225 4565 axx
2263 4515 2522 4567 militibus
2549 4515 2762 4568 diverso
2795 4531 3071 4582 pmnarum
3102 4521 3339 4573 cruciatu
3376 4533 3483 4574 tor-

1901 4603 2144 4670 querulus
2199 4604 2454 4666 traditur,
2516 4605 2615 4656 nisi
2676 4607 3211 4675 Amphitryoniadae,
3272 4611 3320 4664 id
3375 4625 3476 4678 est,

1904 4693 2145 4747 Herculis
2201 4695 2397 4746 sacello
2453 4695 2795 4748 ethnicorum
2845 4698 2952 4750 ritu
3005 4699 3309 4755 thuriticare
3353 4719 3481 4756 con-

1903 4785 2123 4838 sentiret
2157 4801 2169 4846 ;
2207 4793 2328 4836 tunc
2362 4785 2558 4838 milites
2594 4787 2939 4852 pertinaciter
2969 4790 3320 4857 refragantein
3365 4795 3482 4845 udis

1903 4886 1958 4928 et
1998 4875 2180 4928 crudis
2227 4890 2511 4927 nervorum
2546 4877 2769 4929 nexibus
2802 4879 3094 4931 crudeliter
3128 4882 3392 4944 vinciunt,
3426 4893 3484 4936 ut

1907 4966 1957 5018 in
1990 4965 2191 5018 torrido
2237 4965 2364 5018 solis
2410 4977 2653 5020 caumate
2693 4968 2890 5019 sensim
2934 4970 3255 5024 siccantibus
3300 4973 3482 5026 nervi<

1907 5073 2011 5110 v-in
2057 5058 2323 5111 Strictum
2366 5058 2509 5111 ferre
2555 5063 2830 5126 nequiret,
2879 5061 2970 5112 sed
3016 5063 3065 5114 in
3109 5075 3305 5129 puncto
3346 5076 3479 5118 terti-

1907 5152 2052 5218 poris
2099 5149 2214 5201 dira
2263 5149 2598 5202 vinculorum
2653 5151 2897 5218 ligamina
2947 5155 3154 5206 caelesti
3189 5167 3316 5208 nutu
3349 5175 3481 5211 eno-

1908 5246 2120 5294 dantur.
2175 5239 2302 5293 ltein
2359 5240 2410 5291 in
2465 5239 2656 5293 nodosi
2704 5240 2841 5308 cippi
2902 5242 3195 5296 claustrum
3247 5245 3342 5297 viri
3391 5247 3486 5301 Dei

1911 5335 2066 5388 tibias
2100 5344 2150 5388 et
2179 5348 2332 5386 suras
2363 5333 2702 5400 astringunt,
2736 5334 2915 5386 statim
2950 5334 3172 5403 rigentis
3203 5339 3344 5404 cippi
3391 5341 3486 5391 dii-

1912 5429 2060 5491 ritia,
2095 5426 2349 5480 invisibili
2383 5427 2614 5480 contrita
2651 5434 2949 5492 potestate,
2983 5425 3046 5477 ad
3081 5427 3305 5480 nihilum
3350 5433 3486 5482 redi-

1911 5523 2073 5591 gitur;
2099 5519 2191 5573 sed
2219 5519 2434 5582 milites,
2460 5517 2662 5585 magica
2696 5525 2943 5584 putantes
2968 5515 3230 5585 prmstigia
3255 5529 3484 5587 gestuin,

1912 5609 2297 5680 potentissimis
2327 5608 2474 5661 illum
2510 5606 2832 5674 perfundunt
2885 5607 2995 5660 lolii
3041 5608 3326 5668 odOiibus,
3370 5613 3488 5677 qni-

1911 5705 2007 5758 bus
2037 5702 2360 5756 arbitrantur
2389 5708 2578 5752 cuneta
2610 5696 2978 5749 Chaldieoruin
3010 5708 3062 5750 et
3095 5699 3484 5762 Iliemphanta-

1911 5813 2025 5849 rnm
2064 5795 2462 5862 phantasmata,
2496 5789 2762 5857 simulque
2794 5789 3079 5842 ariolorum
3112 5800 3160 5842 et
3195 5789 3486 5845 Marsorum
