4214 6534
815 435 916 488 153

1590 430 1646 485 S.
1689 428 2036 484 ALI)IIEL‘.\II
2075 427 2366 484 OPEIiUIl
2416 428 2592 483 PARS
2637 429 2696 481 II.
2741 458 2806 466 -——
2845 427 3283 482 TRACTATUS.

3986 428 4071 480 156

813 551 1086 606 machinas
1107 559 1446 606 evanescere,
1474 542 1565 596 sed
1592 544 1806 594 l'ctentis
1830 544 1939 596 lotii
1986 543 2390 596 lustramcntum
2423 545 2472 601 Α
2503 540 2708 591 illorum
2752 538 2916 605 stirpe
2970 537 3287 602 privaretur,
3326 535 3446 604 ipsi,
3483 544 3538 588 ut
3561 535 3634 588 ait
3662 533 3968 602 patriarcha
4003 539 4068 586 1.·-

816 642 868 694 in
903 642 1222 706 fragrantem
1273 634 1495 688 vertitur
1546 631 1904 695 ambrosiam,
1950 642 2003 684 et
2056 635 2105 686 in
2158 643 2392 684 rosatum

819 729 1050 783 nectaris
1097 732 1328 779 mutatur
1369 722 1611 776 odorem.
1646 723 1796 776 Tunc
1837 723 2084 776 buculam
2130 723 2398 790 imperant

817 822 1122 891 deglubere,
1157 827 1214 868 ut
1245 815 1478 867 recentis
1510 813 1644 866 corii
1679 811 1942 864 cruditate
1976 813 2116 863 nuda
2149 812 2396 878 martyris

822 910 1058 962 membra
1105 907 1474 970 eiugereutur,
1527 910 1789 966 quatenus
1841 899 1940 951 sub
1984 899 2396 968 ﬂagrantissimo

822 1000 951 1051 solis
990 995 1181 1049 ardore
1222 998 1273 1046 in
1319 993 1581 1045 viriditate
1623 990 1777 1043 birsm
1817 989 2040 1043 truciter
2069 998 2392 1050 torreretur;

823 1093 939 1157 seti,
971 1091 1166 1143 Christi
1194 1089 1445 1155 suﬂ‘ragio
1471 1086 1662 1148 fretus,
1683 1101 1876 1154 expers
1897 1087 2111 1152 periculi
2134 1097 2186 1138 et
2214 1101 2397 1152 sospes

825 1186 1019 1237 evasit.
1069 1183 1185 1235 Mos
1231 1180 1418 1232 ferreis
1458 1189 1768 1233 catenarum
1801 1179 2023 1231 nexibus
2052 1179 2244 1231 collum
2276 1193 2394 1231 cum

828 1283 1039 1334 lacertis
1085 1288 1138 1332 et
1179 1278 1318 1329 suris
1361 1275 1519 1327 simul
1561 1274 1942 1342 astringentes,
1971 1273 2020 1325 in
2048 1283 2215 1325 atram
2247 1288 2397 1337 erga-

825 1375 946 1429 stuli
981 1372 1236 1426 latebram
1268 1369 1588 1438 projiciunt;
1615 1366 1708 1419 sed
1743 1368 2028 1434 perniciter
2056 1365 2238 1418 stricta
2270 1366 2397 1432 liga-

822 1471 962 1520 mina
1021 1475 1080 1518 ιιι
1128 1476 1406 1530 Slttparum
1457 1459 1728 1526 putamina
1776 1470 2117 1526 rumpuntur,
2162 1467 2214 1510 el.
2256 1458 2400 1509 velut

825 1557 1204 1623 limpidissimo
1284 1551 1506 1605 laterna:
1547 1549 1741 1617 lychno
1786 1549 2063 1600 tenebrosa
2111 1547 2280 1612 caligo
2323 1549 2396 1597 fa-

824 1648 986 1699 tiscit.
1051 1644 1128 1697 Ad
1167 1641 1407 1693 ultimum
1450 1652 1568 1690 cum
1617 1635 1833 1701 virgulis
1861 1644 1913 1686 et
1945 1634 2158 1685 nodosis
2188 1633 2398 1686 vimini-

833 1738 929 1788 bus
956 1742 1173 1788 crucnta
1203 1728 1510 1783 carnificum
1540 1725 1739 1776 szcvitia
1770 1724 2088 1783 caederetur,
2117 1725 2399 1787 sceptrinm

825 1827 988 1892 virga:
1018 1864 1032 1887 ,
1076 1837 1194 1888 qum
1225 1819 1378 1886 prius
1419 1816 1621 1870 nodosa
1664 1814 1856 1867 duritia
1903 1814 2176 1881 rigebant,
2221 1816 2396 1881 p!utna

2494 629 2834 698 eryntabilem
2884 628 3203 694 deproutcus
3251 627 3666 695 querimoniam,
3730 639 3902 679 canos
3949 639 4067 678 suos

2495 737 2613 773 cum
2663 721 2845 773 dolore
2892 720 3149 771 ducentes
3173 721 3235 770 ad
3270 718 3465 771 inferos
3487 727 3684 784 optata:
3711 719 4068 785 generationis

2499 811 2797 864 haeredibus
2845 822 2899 865 et
2953 809 3141 862 futuris
3183 820 3432 877 nepotum
3487 809 3772 876 nepotibus
3834 811 4068 864 funditus

2497 900 2885 953 fraudarentur.
2935 899 3137 952 Idcirco
3169 900 3417 967 puberem
3451 899 3697 951 subnixis
3742 900 3991 965 precibus
4020 912 4064 951 et

2496 989 2739 1043 inauditis
2780 990 3257 1042 biandimentornm
3310 990 3662 1043 hortamentis
3695 988 3916 1043 ﬂectere
3941 990 4066 1040 nite-

2497 1083 2704 1144 bantur,
2763 1090 2819 1134 ιιι
2865 1083 2930 1134 ad
2986 1083 3204 1136 thalami
3238 1083 3400 1135 taedas
3430 1092 3484 1135 et
3514 1083 3720 1149 c0pulm
3741 1086 4062 1136 consortium

2499 1175 2702 1228 ferreos
2746 1173 3014 1242 juvenculi
3063 1174 3304 1238 affectus,
3355 1176 3460 1227 imo
3486 1174 3767 1227 adamante
3797 1175 4060 1234 duriores,

2498 1266 2834 1318 inclinarent.
2876 1264 2953 1316 Ad
2980 1275 3349 1333 argumentum
3380 1266 3538 1318 etiam
3563 1263 3843 1317 hortandm
3870 1270 4058 1317 suasio

2500 1358 2580 1410 nis
2605 1359 2908 1423 apostolicis
2940 1367 3160 1409 utuntur
3184 1359 3434 1420 oraculis,
3467 1359 3656 1427 quibus
3679 1359 3772 1423 ait,
3822 1356 3959 1409 Volo
3982 1361 4040 1426 j't

2498 1464 2644 1500 renes
2695 1450 2897 1509 nubere,
2954 1459 3122 1514 patres
3157 1447 3381 1512 familias
3434 1463 3561 1510 esse,
3613 1446 3746 1512 ﬁlios
3776 1463 4060 1514 procreare,

2498 1539 2696 1590 nullam
2723 1540 2900 1589 dantes
2931 1540 3243 1590 occasionem
3273 1539 3518 1606 maligno,
3550 1537 3740 1605 quibus
3761 1540 3832 1588 ita
3858 1551 4068 1600 τεενοηο

2498 1630 2641 1682 disse
2679 1629 2928 1681 scribitur
2957 1645 2968 1678 :
3014 1627 3118 1680 Nec
3151 1629 3462 1688 voluntatis,
3492 1641 3590 1679 nec
3621 1626 3791 1678 :ntatis
3818 1635 3901 1678 est
3939 1635 4062 1677 tem-

2500 1737 2620 1790 pus,
2673 1730 2729 1773 ιιι
2759 1721 2942 1773 faciam
2967 1736 3085 1788 qua:
3120 1718 3425 1772 hortamini.
3458 1718 3582 1771 Item
3612 1733 3731 1771 cum
3760 1733 4063 1784 persevera-

2502 1820 2620 1865 rent
2671 1811 3016 1879 pertinaciter
3061 1809 3111 1862 iu
3144 1809 3410 1877 precibus,
3437 1810 3510 1861 ait
3540 1825 3554 1860 :
3587 1808 3692 1861 Nec
3723 1809 4060 1876 prouiittendi

830 1888 1101 1966 madliores
1132 1921 1179 1964 et
1215 1922 1416 1981 papyro
1444 1907 1649 1959 effecta:
1675 1913 1796 1955 sunt
1828 1904 2073 1955 leviores.
2105 1904 2225 1954 Ilaec
2255 1913 2394 1954 tanta
2431 1888 2473 1945 Β
2501 1903 2630 1955 mihi
2687 1911 2770 1954 est
2819 1902 3065 1966 facultas,
3094 1918 3191 1955 nec
3219 1901 3440 1968 negandi
3471 1910 3738 1969 potestas;
3771 1901 3912 1962 quod
3944 1904 4066 1953 lior-

824 2004 1064 2074 prodigia
1116 2013 1344 2054 cernens
1387 1996 1642 2049 Claudius
1693 1995 1932 2045 tribunus
1978 1993 2272 2058 obstupuit,
2345 2002 2399 2047 ct

824 2097 986 2150 corde
1015 2101 1374 2161 ceu-punctus
1401 2105 1520 2143 cum
1553 2104 1660 2141 t.xx
1697 2088 1954 2140 militibus
1985 2098 2036 2139 ct
2067 2088 2212 2139 omni
2245 2085 2396 2139 fami-

823 2189 931 2250 lia,
973 2195 1022 2238 ct
1067 2182 1354 2237 vernacula
1405 2179 1689 2241 clientela,
1748 2192 1848 2230 una
1888 2193 2005 2230 cum
2050 2176 2298 2244 parasitis
2347 2184 2401 2228 et

830 2275 1146 2337 sodalibus,
1198 2271 1427 2326 credidit
1477 2269 1568 2321 Dei
1621 2267 1812 2320 Filium
1863 2267 2155 2318 salvantem
2208 2265 2398 2318 sa-cula

829 2367 1124 2418 Christum.
1160 2361 1225 2413 Iit
1252 2359 1430 2412 statim
1468 2371 1658 2410 omnes
1689 2355 2024 2420 baptismatis
2071 2355 2210 2406 unda
2252 2368 2401 2419 rege-

835 2455 1045 2516 nerati,
1095 2463 1391 2520 purpureas
1442 2445 1671 2515 paradisi
1713 2457 1974 2506 coronas,
2020 2442 2139 2496 fuso
2183 2445 2402 2499 feliciter

830 2557 1023 2598 cruore
1043 2581 1057 2603 ,
1092 2547 1384 2605 capessunt
1416 2554 1429 2602 ;
1462 2550 1687 2604 quorum
1735 2545 1917 2588 sancta
1948 2536 2204 2588 cadavera
2232 2535 2283 2588 in
2312 2550 2403 2588 cu-

839 2636 1016 2689 nirulo
1063 2632 1412 2686 subterraneo
1467 2629 1668 2695 pariter
1724 2625 1934 2676 humata
1987 2624 2300 2691 quit-scunt,
2352 2627 2402 2678 in

839 2738 1094 2792 Supremo
1149 2719 1392 2774 examine
1441 2724 1747 2768 surrectura
1800 2713 1852 2766 in
1901 2713 2142 2780 gloriam.
2199 2713 2288 2766 His
2337 2714 2402 2766 ad

841 2819 1039 2871 (mlum
1071 2809 1448 2881 migrantibus,
1480 2807 1791 2877 superstites
1819 2805 2144 2875 Chrysantus
2171 2815 2223 2860 et
2250 2805 2403 2859 Daria

837 2905 1130 2972 reciprocis
1179 2900 1504 2955 cruciatibus
1546 2897 1851 2965 singillatim
1900 2895 2261 2949 arctabantur.
2314 2897 2407 2950 Ille

833 2999 886 3052 in
932 2995 1260 3049 latebrosum
1306 2990 1576 3044 lautumize
1619 2986 1934 3049 latibulum,
1979 2987 2066 3040 ubi
2105 2986 2404 3040 cloacarum

833 3087 1064 3143 cuniculi
1097 3095 1315 3156 putares
1350 3091 1646 3135 stcrcorum
1693 3079 2062 3147 ingesserunt,
2091 3075 2233 3132 ferro
2273 3090 2404 3129 con-

835 3179 1052 3233 strictus
1083 3174 1332 3228 mittitur.
1377 3170 1482 3225 Sed
1517 3179 1675 3238 putor
1704 3178 1758 3221 et
1785 3168 1957 3236 caligo
1984 3166 2104 3220 luce
2132 3180 2321 3220 serena
2349 3174 2404 3220 et

840 3265 1209 3323 odoramentis
1241 3263 1488 3330 fugantur
1519 3259 1785 3314 neCtareis
1812 3275 1825 3310 :
1872 3258 1972 3311 ista
2015 3257 2080 3311 ad
2113 3256 2402 3325 prostibula
2431 3227 2478 3290 ο

835 3367 1134 3414 scortorum
1168 3362 1224 3406 et
1254 3351 1597 3406 meretricum
1629 3348 1982 3402 contubernia
2023 3345 2275 3406 truditur.
2303 3359 2408 3412 quo

839 3452 924 3505 Ico
950 3448 1017 3502 de
1047 3445 1233 3501 clatris
1274 3441 1650 3511 amphitheatri
1682 3439 1746 3492 ad
1781 3439 1996 3492 tutelam
2039 3450 2262 3492 sacrata:
2304 3439 2410 3489 vir-

837 3541 976 3609 ginis
1012 3537 1102 3590 Dei
1135 3544 1266 3588 nutu
1300 3533 1569 3600 dirigitur,
1604 3530 1728 3582 utsi
1761 3530 1880 3596 quis
1913 3529 2154 3596 petulcus
2193 3528 2412 3580 incesta-

839 3642 923 3682 tor
950 3637 1002 3680 et
1033 3626 1262 3679 lascivus
1293 3629 1562 3676 scortator
1593 3619 1942 3688 vagabundus
1989 3617 2006 3689 [
2032 3617 2219 3680 Bodl.,
2252 3633 2411 3683 vaga—

837 3713 1070 3787 bundis]
1099 3713 1349 3783 gestibus
1380 3713 1609 3778 lupanar
1639 3709 1839 3777 ingredi
1882 3707 2186 3768 maluisset,
2228 3705 2409 3760 ferinis

840 3806 1063 3861 rictibus
1091 3803 1494 3870 suggillarctur.
1525 3800 1628 3855 Sed
1661 3800 1729 3854 de
1757 3809 2006 3867 congesta
2035 3801 2288 3852 virtutum
2320 3812 2412 3852 en-

836 3901 917 3966 pi.t
969 3895 1233 3950 interdum
1287 3892 1518 3947 efﬁcitur
1565 3891 1851 3945 verborum
1903 3891 2105 3957 inopia.
2154 3889 2284 3942 Nam
2333 3890 2412 3942 in-

831 3989 978 4058 genti
1011 3984 1388 4040 miraculorum
1421 3983 1561 4036 mole
1600 3982 1806 4046 victus,
1853 3981 2127 4034 brevitatis
2157 3996 2412 4046 compen-

832 4080 923 4133 dio
971 4078 1123 4144 plura
1174 4082 1458 4142 praztereo.
1497 4070 1619 4123 Post
1671 4069 1785 4123 lucc
1837 4071 2052 4124 decreto
2102 4070 2406 4123 Numeriani

833 4169 1055 4237 Augusti
1101 4169 1297 4236 pariter
1338 4165 1391 4218 in
1435 4178 1537 4216 una
1581 4170 1763 4230 crypta
1808 4163 2210 4231 martyrizantes
2253 4178 2411 4215 occu-

841 4264 1106 4322 buerunt,
1154 4259 1205 4310 in
1243 4256 1517 4310 consortio
1560 4264 1866 4308 sanctorum
1908 4256 2064 4306 simul
2115 4255 2410 4322 percepturi

835 4353 1053 4423 praemia
1085 4349 1436 4412 meritorum,
1482 4347 1618 4399 sicut
1664 4345 1819 4398 simul
1871 4346 2154 4413 participes
2193 4346 2412 4400 exstite-

835 4449 962 4496 runt
1003 4447 1418 4492 tormentorum.

909 4529 1149 4583 XXXVI.
1185 4529 1348 4580 Porro
1380 4525 1690 4594 virginalem
1713 4525 2170 4597 Julianimartyris
2186 4527 2404 4596 gloriam

833 4623 932 4676 sub
956 4619 1286 4673 clandestino
1317 4617 1690 4670 taciturnitatis
1721 4617 1938 4670 latibulo
1959 4620 2267 4674 delitescere
2297 4635 2400 4672 non

835 4711 1026 4777 patiar,
1059 4707 1148 4772 qui
1183 4706 1507 4772 temporibus
1541 4706 1849 4759 Diocletiani
1882 4717 1934 4760 et
1965 4707 2273 4760 Maximiani
2305 4725 2401 4760 no-

833 4802 924 4854 bili
977 4798 1220 4866 prosapia
1267 4795 1526 4849 oriundus
1570 4794 1694 4858 fuit;
1737 4811 1892 4863 quem
1924 4811 2044 4850 cum
2068 4809 2319 4864 parentes
2352 4800 2402 4852 in

833 4894 1086 4962 primaevo
1132 4889 1370 4953 pueritia:
1425 4887 1724 4941 rudimento
1770 4888 2066 4953 ﬂorentem,
2101 4901 2202 4943 tam
2233 4891 2402 4944 diale-

833 4986 984 5037 ctica:
1009 4980 1135 5033 artis
1165 4990 1492 5046 compotem,
1525 4994 1678 5045 quam
1718 4979 1997 5032 rhetorica:
2033 4981 2162 5033 artis
2193 4979 2396 5052 [Bodl.,

832 5070 1338 5142 partislparticipem
1362 5067 1630 5131 fecissent,
1648 5071 1945 5138 pmdagogis
1960 5086 2167 5140 quoque
2183 5076 2398 5129 etdida-

832 5165 992 5216 scolis
1024 5161 1272 5214 traditum
1304 5161 1629 5214 multimodis
1654 5161 2089 5230 philosotihorum
2103 5169 2400 5238 disciplinis

833 5255 1166 5319 imhuissent,
1209 5262 1262 5305 et
1296 5251 1403 5320 jam
1459 5254 1508 5305 in
1560 5263 1746 5307 tenero
1779 5257 2067 5320 pubertatis
2107 5262 2405 5316 rudimento

833 5347 1070 5398 adultum
1118 5354 1366 5414 parentes
1414 5345 1922 5414 animadverterent,
1951 5367 2177 5420 eumque
2199 5366 2403 5408 amato-

833 5453 947 5489 rrm
996 5438 1270 5490 catholica:
1329 5435 1447 5490 fidei
1501 5438 1772 5506 sacrisque
1838 5441 2087 5496 Ecclesi'c
2137 5445 2405 5500 liminibus

832 5526 1221 5591 adlncreutem,
1257 5540 1465 5580 necnon
1493 5529 1758 5590 ergastula
1810 5531 2174 5587 confessornm
2215 5538 2407 5590 crebro

837 5616 1257 5680 frequentantem
1285 5619 1698 5683 comperissent,
1726 5624 2172 5686 pertimescebant
2191 5643 2408 5695 magno-

838 5719 963 5771 pere
1011 5722 1077 5759 ne
1120 5704 1318 5770 [Bodl.,
1373 5706 1450 5776 ut]
1491 5709 1533 5761 si
1581 5711 1792 5764 unicum
1821 5713 2006 5782 pignus
2033 5715 2102 5768 ob
2133 5717 2406 5786 religionis

838 5801 1236 5868 prmrogativam
1286 5809 1339 5853 et
1387 5814 1583 5855 sanctm
1613 5807 2034 5861 conversationis
2065 5809 2302 5862 habitum
2339 5811 2405 5861 ah

2501 1990 2680 2042 tamitti
2719 1990 2809 2042 Dei
2845 1990 2945 2041 mei
2980 1991 3226 2056 potestati
3251 1991 3547 2051 committo,
3571 1997 3675 2043 etc.
3701 1990 3866 2043 Unius
3891 1999 4063 2042 tatuen

2503 2081 2852 2134 hebdomadis
2876 2079 3117 2133 inducias
3143 2095 3174 2133 a
3205 2081 3512 2148 parentibus
3536 2083 3797 2150 poposcit,
3816 2093 4065 2134 utnulum

2503 2185 2748 2238 Superum:
2801 2172 3096 2236 majestatis
3145 2172 3468 2238 argumentis
3489 2172 3831 2224 evidentibus
3861 2187 4068 2238 expers-

2502 2271 2677 2322 retur;
2709 2274 2811 2328 qua
2841 2270 3051 2325 peracta
3085 2261 3500 2326 intercapedine,
3532 2275 3720 2312 somno
3754 2275 3848 2326 θοι)
3873 2268 3981 2322 tus,
4014 2273 4060 2312 et

2499 2366 2692 2418 sopore
2721 2351 3026 2417 depressus,
3061 2350 3190 2402 vidit
3218 2349 3482 2402 Christum
3506 2351 3554 2402 in
3572 2360 3813 2403 oromate
3831 2352 4062 2404 dixisse:

2505 2444 2764 2510 Exsurge,
2797 2459 2863 2495 ne
2895 2441 3080 2494 timeas
3103 2457 3199 2494 uec
3223 2442 3502 2494 suasiones
3533 2442 3840 2501 verborum,
3869 2443 3952 2494 vel
3986 2459 4072 2493 to-

2505 2535 2758 2588 luntatem
2779 2543 3055 2600 parentum
3073 2533 3757 2600 horrescas;accip-esenitn
3771 2532 4069 2600 conjugem,

2503 2639 2623 2692 qua:
2652 2632 2703 2677 te
2734 2638 2835 2674 non
2866 2623 3152 2690 polluendo
3177 2637 3204 2674 a
3238 2638 3322 2675 me
3345 2636 3576 2689 separet,
3607 2623 3699 2675 sed
3726 2639 3818 2688 per
3852 2633 3901 2676 Ie
3930 2630 4075 2688 virgo

2505 2723 2818 2784 perseveret
2875 2723 2928 2767 et
2957 2713 3095 2767 infra
3119 2714 3269 2767 multi
3297 2714 3521 2782 juvenes
3537 2726 3590 2768 et
3613 2716 3844 2782 virgines
3873 2731 3968 2782 per
3991 2731 4076 2768 ve-

2505 2812 2672 2858 stram
2720 2800 3019 2856 doctrinam
3067 2803 3146 2856 vel
3197 2804 3359 2856 vitam
3391 2805 3455 2857 ad
3487 2805 3758 2859 caelestem
3787 2808 4073 2858 ascensuri

2506 2907 2630 2952 sunt
2681 2897 2994 2950 exercitum.
3047 2895 3350 2963 Suscipitur
3381 2896 3539 2962 igitur
3568 2897 3634 2949 de
3665 2897 3899 2949 thalamo
3924 2898 4076 2950 beata

2509 2988 2659 3055 virgo
2704 2986 2943 3038 vocabuli
3000 2988 3261 3052 prtesagio
3291 2985 3560 3046 Basilissa,
3591 2987 3690 3039 hoc
3748 2998 3850 3050 est,
3893 2990 4080 3055 regina

2508 3083 2738 3134 formosa
2769 3079 2956 3133 frontis
2978 3079 3180 3147 effigie,
3205 3079 3297 3133 sed
3317 3079 3598 3133 formosior
3611 3080 3791 3133 cordis
3809 3081 4077 3133 castitate.

2511 3172 2768 3233 Venusto,
2797 3172 3034 3239 inquam,
3067 3170 3390 3223 liniamentis
3416 3172 3747 3224 membratim
3778 3174 4078 3237 corporali-

2513 3261 2632 3323 bus,
2682 3259 2776 3313 sed
2827 3259 2945 3326 plus
2995 3270 3215 3313 venusta
3269 3260 3484 3326 suatim,
3525 3261 3836 3330 cycladibus
3865 3274 4078 3328 compti

2515 3349 2902 3418 Spiritualibus.
2954 3349 2999 3402 0
3035 3359 3229 3419 quanta
3253 3358 3464 3404 caterva
3489 3351 3819 3404 credentium
3847 3354 3900 3404 in
3937 3360 4082 3405 utro-

2514 3455 2617 3509 que
2662 3455 2791 3493 sexu
2838 3439 3029 3494 fetidas
3081 3441 3374 3493 facinorum
3420 3440 3631 3496 cloacas
3676 3443 3992 3507 calcitrans,
4036 3454 4084 3494 et

2516 3531 2697 3600 putida
2751 3532 2997 3583 vitiorum
3057 3531 3334 3583 volutabra
3363 3530 3700 3595 abominatis,
3732 3532 3826 3584 illo
3860 3549 3952 3584 um
3982 3549 4084 3586 ma-

2515 3624 2740 3691 gisterio
2763 3623 2829 3674 ad
2862 3621 3020 3674 fidem
3051 3621 3365 3674 catholicam
3392 3635 3672 3684 conversa,
3703 3637 3826 3674 cum
3847 3626 4083 3692 martyrii

2515 3724 2716 3782 tropzeo
2763 3712 3095 3780 triumphans
3123 3712 3458 3781 agonizavit!
3491 3712 3759 3781 Siquidem
3792 3715 3951 3782 plura
3980 3731 4085 3768 mn-

2519 3806 2811 3858 nachorum
2839 3807 3133 3872 ergasteria
3163 3804 3212 3855 iu
3239 3803 3590 3857 celeberrimo
3606 3803 3953 3857 Alexandria:
3978 3824 4086 3857 tnu-

2517 3898 2732 3965 nicipio,
2765 3911 2882 3965 qua:
2905 3904 2987 3950 est
3013 3897 3323 3962 mettOpolis
3349 3893 3584 3966 Aﬂgypti,
3612 3897 3918 3964 opitulante
3931 3898 4082 3951 Chri-

2515 4000 2620 4053 sto,
2652 3998 3034 4049 construxere;
3055 3987 3311 4054 inquibus
3325 3987 3551 4040 militum
3585 3985 3783 4040 Christi
3812 3988 4030 4042 circiter
4059 4006 4082 4040 x

2514 4081 2704 4141 millia,
2733 4081 2833 4133 sub
2851 4079 3093 4131 districto
3107 4077 3299 4132 Iuliani
3329 4077 3585 4147 regimine
3617 4081 4016 4144 conversantia,
4038 4092 4084 4133 et

2516 4187 2852 4240 nequaquam
2881 4188 2908 4222 a
2939 4181 3138 4224 sancta:
3167 4171 3438 4238 religionis
3457 4173 3692 4235 tramite,
3721 4187 3820 4239 per
3843 4173 4082 4238 obliquos

2513 4264 2786 4316 anfractus
2840 4263 3024 4314 dextra
3095 4261 3335 4328 laevaque
3397 4261 3716 4315 declinantia
3771 4263 4082 4330 regulariter

2514 4353 2784 4405 vixerunt.
2823 4351 3068 4405 Basilissa
3099 4365 3226 4404 vero
3256 4351 3362 4404 Deo
3383 4350 3556 4404 dicata
3586 4350 3665 4404 bis
3692 4351 4080 4420 quingenteuns

2515 4450 2712 4494 sanctae
2767 4441 2957 4494 messis
3009 4440 3307 4508 manipulos
3339 4439 3653 4508 evangelica:
3678 4441 4077 4507 prmdicationis

2519 4533 2655 4586 falce
2709 4542 2933 4595 metens,
2965 4531 3016 4585 in
3045 4546 3164 4584 area
3195 4530 3409 4584 tortoris
3442 4530 3766 4584 triturandos
3797 4541 3853 4584 et
3882 4531 4079 4584 horreis

2512 4626 2815 4680 caelestibus
2866 4624 3174 4678 condendos
3213 4624 3432 4678 invexit.
3462 4624 3739 4678 Postremo
3768 4640 3894 4677 cum
3921 4623 4075 4680 effera

2513 4725 2911 4785 persecuturum
2967 4715 3142 4769 rabies
3179 4715 3230 4767 in
3265 4726 3637 4768 sacrosanctos
3671 4714 3932 4770 Ecclesia:
3961 4720 4076 4770 tiro-

2512 4821 2607 4860 nes
2659 4806 2909 4858 feralibus
2931 4804 3143 4867 edictis,
3173 4814 3226 4858 et
3249 4805 3514 4858 ferocibus
3545 4814 3937 4860 tormentorum
3963 4823 4075 4861 crn-

2511 4895 2759 4960 ciatibns,
2811 4897 3036 4949 truciter
3066 4896 3317 4964 ingruens
3345 4905 3701 4966 grassaretur,
3727 4906 3781 4950 et
3808 4899 4075 4950 catholicae

2513 4989 2633 5041 fidei
2689 4989 3141 5057 propugnaculum
3208 4988 3480 5041 szecularis
3531 4993 3831 5059 argumenti
3890 4993 4072 5045 balista

2512 5091 2817 5146 quassatum
2876 5077 3181 5144 atrocisque
3223 5077 3481 5132 machina:
3512 5080 3768 5132 arieibus
3802 5081 4073 5135 subrutam

2515 5170 2748 5221 funditus
2797 5178 3043 5222 evertere
3087 5167 3382 5233 moliretur,
3446 5170 3562 5236 quis
3594 5169 3827 5223 ubertim
3859 5182 4074 5241 augusto

2513 5262 2634 5330 styli
2689 5269 2834 5314 textu
2882 5258 3031 5314 effari
3084 5261 3255 5315 valeat
3292 5270 3487 5330 quanta
3534 5263 3671 5318 idem
3697 5263 3944 5318 Julianus
3967 5283 4073 5319 cum

2513 5355 2722 5408 caeteris
2773 5353 3313 5423 commanipularihus
3343 5361 3395 5406 et
3424 5352 3664 5421 ejusdem
3699 5357 3961 5423 propositi
3993 5372 4069 5409 so-

2513 5443 2719 5496 dalibus
2773 5443 3164 5512 martyrizandn
3194 5457 3474 5512 perpessus
3501 5453 3606 5506 est,
3642 5445 3918 5500 Marciano
3943 5463 4072 5516 prx-

2515 5537 2629 5590 t-idc
2677 5539 2726 5589 in
2776 5538 2885 5590 alto
2921 5537 3197 5592 tribunalis
3226 5538 3476 5602 culmine,
3508 5538 3589 5592 vel
3622 5539 3817 5594 theatri
3852 5543 4064 5608 pulpito,

2514 5629 2886 5694 concionante,
2931 5627 3146 5682 nodosis
3197 5627 3427 5681 fustibus
3455 5637 3511 5682 et
3530 5629 3767 5682 cruentis
3801 5633 4071 5697 mastigiis,

2519 5724 2637 5775 sine
2660 5731 2899 5789 respectu
2956 5720 3184 5791 pietatis,
3236 5721 3527 5791 ﬂagellatns
3577 5738 3605 5774 a
3651 5723 3854 5775 cultura
3889 5723 4072 5776 Christi

2516 5811 2596 5862 ﬂet
2615 5812 2654 5861 ti
2698 5811 2969 5878 nequivit;
3020 5810 3256 5878 quinitno
3287 5811 3535 5880 pupillam
3571 5811 3902 5879 percussoris
3927 5814 4075 5866 evul-
