4214 6530
211 400 312 452 13⁸1

1353 389 1436 442 DE
1480 387 1823 442 LAUDlllUS
1870 388 2353 444 VIRCINITATIR.

3401 399 3496 458 138

202 526 345 573 sum,
381 524 466 575 qtn
497 507 595 559 sibi
627 507 918 559 crudenlcr
955 504 1241 574 flagrorum
1274 502 1473 556 vibices
1502 503 1792 570 irrogabat,
1826 502 1870 558 Α
1901 504 2107 555 cruoris
2153 503 2265 556 rivo
2317 502 2561 570 petfusus
2607 505 2829 558 feliciter
2860 510 3136 574 occubuit;
3171 511 3237 563 ad
3269 527 3492 580 quorum

206 602 451 667 qtmmvis
495 610 549 652 ut
576 615 761 669 magns
795 599 998 667 patenti
1035 597 1167 649 lotio
1191 597 1613 656 hnmectaretur,
1647 595 1794 648 inco-

209 696 410 744 lumem
441 691 690 742 rcsituit.
727 689 949 753 Insuper
993 686 1249 740 nefandas
1273 687 1681 739 simulacrorum
1717 687 1797 737 ef-

208 782 362 848 ligies
413 783 694 849 plustptam
725 781 1069 848 quingentas,
1103 781 1296 847 quibus
1325 779 1608 844 pontifices
1637 779 1792 831 delu-

206 873 427 926 brorutn
461 873 711 926 libamina
744 873 959 924 litantes
991 871 1347 924 bacchantum
1380 872 1480 922 ritu
1514 870 1792 922 thurifica-

207 965 357 1027 battt,
381 967 443 1017 ad
468 965 836 1027 solttmdiruit,
861 964 1153 1031 quassavit,
1176 965 1387 1016 evertit.
1406 963 1533 1016 Item
1551 963 1794 1017 Julianus

203 1074 330 1109 cum
362 1059 645 1123 juvencnlo
679 1059 788 1111 lilio
814 1057 1058 1126 praesidis
1084 1068 1140 1110 ιιι
1161 1061 1369 1124 ephebo
1401 1058 1684 1119 hircitalin,
1705 1060 1792 1126 qui

205 1152 507 1222 nt-ophy'tus
565 1161 619 1205 et
671 1168 840 1219 nuper
891 1153 958 1204 ad
1003 1151 1160 1205 fidem
1195 1168 1486 1206 conversus
1513 1150 1705 1211 fuerat,
1740 1152 1791 1205 itt

207 1242 428 1296 fundum
472 1243 730 1311 ergastuli
778 1242 1098 1310 profundum
1156 1254 1432 1306 retrusus,
1488 1243 1576 1296 ttbi
1630 1242 1790 1295 fetida

205 1337 582 1389 danmatornm
637 1335 898 1389 cadavera
937 1337 1189 1389 diuturno
1223 1335 1793 1401 temporisinterVallo

206 1426 427 1479 horrida
483 1429 744 1481 vermium
801 1429 1048 1481 examina
1108 1427 1476 1488 ebullicbant,
1531 1427 1795 1492 squaloris

207 1534 462 1572 nauseam
513 1527 826 1585 perpetitur,
873 1519 968 1570 sed
1017 1533 1170 1570 versa
1229 1520 1345 1570 vice
1386 1520 1556 1585 pietas
1588 1519 1794 1581 divina,

207 1628 329 1677 qua:
377 1627 596 1663 suorum
645 1624 860 1678 semper
891 1610 1256 1663 reminiscitur
1284 1611 1537 1672 tttilitntn,
1581 1625 1675 1676 pro
1714 1613 1793 1662 fe-

207 1703 342 1754 tenti
393 1702 759 1768 sterquilinio,
811 1702 1062 1754 olfactum
1113 1702 1401 1753 ambrosia:
1451 1712 1505 1754 ct
1559 1702 1794 1754 nectaris

208 1794 556 1863 fragrantiatn
581 1796 812 1847 carceris
840 1795 1073 1846 illuviem
1099 1804 1153 1846 et
1182 1793 1414 1846 latebras
1441 1794 1793 1848 tolerantibus

207 1903 332 1939 cum
355 1888 472 1937 lucc
502 1885 717 1953 limpida
747 1887 1040 1937 clementer
1067 1887 1312 1937 contultt.
1344 1885 1466 1938 lltcc
1492 1896 1634 1937 tanta
1670 1903 1788 1953 pro-
1831 1890 1870 1947 Β
1902 1898 2030 1951 lenti
2060 1916 2306 1967 gaZarum
2328 1902 2618 1966 affluentia,
2640 1915 2692 1956 et
2715 1917 3008 1972 sumptuos;

207 1975 352 2041 digia
407 1975 602 2026 milites
645 1975 711 2025 ad
734 1974 987 2026 excubias
1018 1976 1385 2028 eottfcssorum
1411 1976 1651 2044 deputati
1681 1994 1800 2031 cer-

209 2078 439 2130 nentes,
514 2076 692 2132 Spreta
767 2067 1008 2119 fanatica:
1084 2070 1480 2134 superstitionis
1548 2071 1801 2134 cultura,

208 2159 633 2212 orthodoxorum
688 2159 1037 2226 phalangibus
1085 2161 1543 2227 agglonterz'mtur.
1594 2161 1800 2213 lntcrea

208 2253 449 2306 defuncti
479 2254 710 2306 cadaver
741 2254 959 2320 prolixis
998 2253 1284 2304 fasciarum
1317 2253 1636 2320 ambagibus
1667 2269 1803 2306 con-

213 2363 448 2410 nexum,
482 2349 716 2399 nandum
753 2348 802 2400 in
837 2348 1156 2416 sarco‘phagi
1202 2350 1354 2402 theca
1384 2349 1684 2413 humatum,
1711 2351 1807 2402 fla-

210 2440 420 2504 gitante
457 2438 704 2504 preside,
741 2440 868 2490 fusis
893 2440 956 2490 ad
987 2442 1165 2506 polum
1200 2443 1468 2506 precibus,
1496 2444 1802 2496 suscitavit.

211 2531 312 2594 Qui
342 2544 558 2582 onmem
594 2528 792 2582 isthinc
819 2529 976 2582 eundi
1007 2531 1320 2596 tragcediam
1345 2573 1357 2592 ,
1389 2542 1441 2583 ct
1494 2531 1642 2585 illinc
1677 2533 1805 2586 red-

213 2619 374 2672 eundi
405 2622 765 2680 clementiam,
796 2620 1035 2671 attonitis
1061 2621 1480 2687 spectatoribus,
1515 2637 1805 2689 resurgens

213 2711 283 2764 de
319 2710 502 2763 tartari
557 2709 820 2777 profundo
855 2710 1119 2776 patefecit.
1159 2711 1339 2779 Igitur,
1364 2723 1596 2778 urgente
1636 2715 1806 2779 impe-

215 2813 458 2855 ratorum
485 2800 726 2865 decreto,
761 2801 931 2853 sancti
957 2810 1223 2868 martyres
1250 2801 1302 2852 in
1326 2802 1461 2854 circi
1493 2804 1804 2868 spectaculo

217 2903 301 2948 ter
349 2893 502 2947 denis
529 2908 787 2959 cnparum
818 2892 1035 2960 gremiis
1080 2893 1444 2958 includuntur,
1473 2911 1590 2960 quae
1615 2896 1810 2949 intrin-

215 3003 374 3040 secus
424 2997 554 3039 atra:
587 2987 720 3055 picis
747 3001 943 3052 massa,
974 2996 1028 3040 et
1055 2987 1331 3041 bituminis
1357 2988 1542 3041 fomite
1565 2989 1801 3057 sulphu-

218 3079 400 3146 risque
456 3077 626 3132 fetore
680 3079 999 3144 farciuntur,
1043 3090 1099 3135 et
1139 3082 1478 3135 extrinsecus
1509 3083 1804 3151 suppositis

215 3172 532 3238 crepitantis
589 3171 703 3237 rogi
766 3169 1001 3226 torribus
1052 3184 1108 3226 et
1153 3183 1549 3227 sarmentorum
1615 3175 1805 3228 faculis

1900 595 2234 648 venerabiles
2249 597 2610 664 sarcophagos
2630 614 2746 650 cum
2763 597 2949 651 decem
2979 600 3218 668 Leprosi,
3236 619 3368 671 quos
3383 607 3492 656 dita

1897 686 2033 737 cutis
2057 687 2325 739 callesitas
2356 688 2698 755 elephantine
2729 690 2849 742 tabo
2878 694 3191 759 detttrpans.
3225 711 3326 748 non
3376 711 3497 764 par-

1901 776 2175 840 ticulatim,
2226 784 2320 833 sed
2380 781 2721 834 membratim
2778 787 3158 848 maculaverat,
3189 791 3493 850 venissent;

1899 867 2063 932 illico,
2117 869 2316 939 Iliad!“
2351 873 2492 925 illico
2529 883 2581 925 ct
2612 873 2682 944 5.]
2718 879 2967 928 secunda:
2999 880 3284 934 nativitatis
3329 881 3496 947 gratia

1901 959 1953 1010 in
1993 959 2299 1027 balillSlt'l'it)
2331 966 2625 1033 tegetterati
2660 969 2745 1036 qui
2782 969 2830 1020 ιιι
2864 971 3076 1022 sabanis
3104 983 3154 1025 ct
3177 973 3492 1027 sindonibus

1899 1053 2277 1121 bajulabantur
2305 1061 2527 1128 (egroti,
2556 1072 2866 1115 sanctorum
2917 1067 3120 1118 meritis
3163 1069 3391 1136 sospites
3433 1078 3492 1123 et

1868 1151 1871 1154 '
1899 1145 2006 1196 voti
2039 1159 2310 1212 compotes
2337 1151 2508 1205 salubt
2527 1153 2628 1206 iter
2656 1155 2972 1208 abscedunt.

1973 1255 2236 1314 XXXVII.
2282 1261 2444 1316 Amos
2477 1264 2676 1331 primus
2703 1266 2884 1319 Nitritr
2909 1269 3144 1322 famosus
3174 1271 3378 1336 accola,
3403 1274 3491 1341 qui

1899 1365 2020 1402 cum
2050 1365 2078 1402 a
2113 1352 2420 1416 parentibus
2462 1355 2656 1407 invitus
2704 1357 2766 1408 ad
2819 1360 3119 1425 nuptiarum
3172 1365 3493 1416 commercia

1898 1454 2211 1509 cogi-aretur,
2263 1452 2316 1495 et
2366 1452 2540 1497 tamen
2595 1443 2789 1499 invitus
2847 1464 3174 1518 nequaquam
3227 1453 3495 1520 pudicitiae

1902 1537 2072 1602 palata
2102 1537 2418 1601 privaretur,
2446 1538 2613 1606 magis
2645 1540 2918 1605 magisque
2941 1539 3092 1594 invisi
3119 1541 3351 1595 oblatam
3384 1559 3498 1596 ma-

1902 1625 2136 1677 trimonii
2165 1635 2386 1689 sortem,
2411 1641 2473 1679 ac
2503 1629 2547 1680 si
2591 1630 2906 1695 sqttallentis
2938 1633 3054 1684 ceni
3109 1634 3352 1701 contagia
3408 1635 3493 1688 vel

1904 1727 2223 1768 venenatum
2260 1718 2459 1783 aspidis
2491 1734 2758 1784 morsum,
2815 1722 3200 1786 refragabatur.
3239 1727 3334 1780 llic
3363 1742 3492 1795 ergo

1900 1806 2066 1858 Amos
2095 1822 2352 1872 generosa
2384 1812 2626 1876 prosapia
2671 1812 2928 1865 oriundus
2967 1815 3095 1872 fttit,
3127 1816 3216 1882 qui
3266 1821 3498 1886 pra-pol-

3015 1926 3024 1959 I
3052 1911 3350 1976 patrimOnii
3375 1928 3499 1979 optt-

1906 1991 2101 2056 lcntia,
2137 1994 2274 2059 apud
2321 1992 2613 2062 xligyptnm
2661 1998 2888 2050 celebris
2933 2000 3226 2056 habebatur
3275 2003 3495 2074 [Bod!.,

1908 2081 2286 2151 habebantur].
2315 2084 2482 2152 llnjus
2513 2101 2640 2152 ergo
2673 2101 2919 2154 parentes
2949 2094 3370 2148 θιιιιιιιιίμδὶιιιιιιιι
3411 2114 3498 2150 su-

1909 2171 2084 2223 bolem
2115 2189 2235 2225 cum
2282 2173 2542 2239 adultam,
2568 2185 2622 2228 et
2649 2177 2758 2242 jam
2812 2181 3195 2246 pubescentem
3257 2186 3310 2238 itt
3342 2192 3496 2240 annis

1901 2261 2224 2328 juvenilibus
2273 2265 2763 2332 deprehenderent,
2792 2272 2943 2337 quasi
2996 2285 3260 2328 secutura:
3317 2290 3496 2344 poste-

1907 2357 2049 2407 ritati
2104 2357 2485 2420 consulentes,
2543 2359 2608 2410 ad
2669 2365 2933 2426 nuptiales
2992 2365 3213 2419 thalami
3258 2371 3497 2437 copulas,

1911 2445 2036 2498 licet
2092 2462 2416 2514 magnopere
2471 2451 2872 2518 refragantem,
2925 2455 3152 2510 invitant
3207 2475 3224 2512 :
3272 2478 3497 2529 quorum

1909 2539 2229 2592 obstinatam
2258 2544 2711 2608 importunitatem
2758 2563 2878 2599 cum
2928 2551 3205 2605 refutando
3255 2553 3498 2610 frustrari

1910 2647 2014 2682 non
2048 2643 2247 2698 posset,
2274 2634 2521 2686 simulata
2572 2637 2896 2692 matrimonii
2949 2641 3272 2708 cohibentia,
3305 2646 3501 2699 invitus

1909 2725 2110 2777 annulo
2160 2729 2494 2780 subarratam
2545 2732 2767 2784 sortitur
2819 2734 3398 2808 virgunculam,quam
3451 2745 3500 2796 in

1911 2815 2160 2869 abstruso
2214 2816 2432 2871 thalami
2497 2820 2746 2877 cubiculo
2808 2824 3156 2882 clandestinis
3219 2833 3501 2888 verborum

1912 2904 2266 2961 hortamentis
2304 2911 2368 2962 ad
2419 2913 2687 2975 pudicitia:
2733 2919 2950 2983 pra-mia
3003 2923 3319 2988 persuadet;
3352 2927 3502 2993 cujus

1912 3000 2182 3067 prccbus,
2213 3013 2262 3054 et
2293 3003 2507 3056 monitis
2535 3005 2937 3073 obsecundans,
2965 3011 3030 3064 ad
3077 3028 3344 3069 summum
3393 3020 3502 3071 vir-

1909 3089 2145 3155 ginitatis
2198 3094 2464 3162 fastigium
2508 3098 2764 3164 anhelat;
2812 3102 2902 3168 qui
2941 3105 3142 3169 prolixa
3205 3117 3502 3177 temporum

1914 3178 2357 3248 itttchapcdine,
2407 3186 2604 3250 pariter
2657 3187 2710 3240 in
2763 3194 3076 3246 castimonia
3131 3195 3242 3251 Deo
3299 3208 3502 3254 tantum

214 3264 672 3332 conflagrantibus
704 3263 1124 3317 succenduntur.
1150 3263 1205 3317 In
1234 3273 1507 3318 tantttmut
1530 3265 1806 3318 llamman-
1838 3245 1881 3305 (ἶ
1917 3280 2052 3325 teste
2079 3273 2272 3327 vixisse
2302 3277 2568 3343 feruntur,
2595 3287 2649 3330 et
2679 3278 2730 3332 in
2759 3282 2931 3350 rigido
2980 3295 3181 3341 sanctae
3225 3303 3502 3345 conversa-

220 3355 288 3406 tis
321 3369 468 3423 pyra:
497 3355 776 3408 cacumina
809 3355 1070 3409 minacem
1098 3354 1319 3408 obelisci
1349 3355 1726 3423 proceritatem
1755 3366 1808 3410 et

219 3447 506 3499 rotundum
550 3447 775 3514 sphwraa
823 3448 1028 3515 apicem
1069 3446 1283 3515 triginta
1313 3445 1505 3500 cubitis
1535 3447 1586 3500 itt
1613 3463 1804 3502 comnn

225 3539 616 3605 pra'cellerent.
651 3538 755 3591 Sed
784 3547 960 3591 tamen
979 3538 1044 3592 de
1063 3547 1300 3591 torrente
1315 3537 1805 3604 inccndiosupcrna

220 3637 485 3695 potestate
514 3643 846 3696 compresso,
869 3629 1218 3697 triumphales
1238 3629 1355 3692 viri,
1381 3631 1525 3682 velut
1547 3631 1802 3699 obryzum

219 3722 469 3784 rutilans,
523 3728 801 3785 spectante
843 3721 972 3773 circi
1031 3729 1265 3785 Caterva,
1295 3719 1344 3772 in
1376 3721 1648 3788 publicum
1683 3737 1806 3790 pro-

216 3825 454 3864 cessere.
501 3811 634 3863 Exin
691 3811 966 3878 reciproca
1013 3815 1237 3863 tortoris
1269 3811 1483 3864 nefandi
1528 3811 1802 3877 ferocitas,

217 3915 339 3966 quae
391 3914 609 3968 semper
653 3899 921 3953 iusontmn
957 3901 1130 3968 poenis
1160 3903 1418 3970 pascitur,
1445 3911 1499 3956 et
1531 3905 1647 3957 fuso
1672 3920 1807 3958 san-

217 3991 380 4057 guine
438 3992 754 4057 saginatur,
808 3991 1028 4044 athletis
1096 4002 1149 4045 et
1207 3993 1550 4059 agonothetis
1609 3995 1804 4048 Christi

218 4089 393 4133 macta
443 4081 680 4149 martyrii
716 4082 902 4134 merita
928 4083 1234 4135 cumulavit.
1276 4083 1409 4136 Dum
1441 4085 1576 4138 liciis
1608 4088 1713 4140 olei
1739 4089 1804 4141 de

218 4170 430 4239 liquore
484 4170 736 4225 delibutis
779 4171 1068 4242 digitorum
1128 4174 1387 4227 articulos
1427 4184 1481 4229 et
1507 4177 1802 4242 palmarum

219 4262 441 4330 pollices
482 4263 853 4328 obVolvereut,
886 4266 1155 4334 simulque
1186 4266 1381 4333 pedum
1410 4268 1609 4321 alluces
1640 4272 1804 4322 truci-

216 4366 298 4408 ter
347 4357 723 4424 adnecterent,
755 4359 846 4412 sed
883 4359 1120 4411 liciorum
1142 4359 1241 4412 filis
1262 4359 1472 4412 flatntna
1488 4362 1800 4426 combustis,

214 4449 448 4501 athletas
481 4449 599 4512 Dei,
623 4449 674 4502 itt
703 4458 996 4503 scamtnate
1022 4451 1206 4504 muttdi
1231 4452 1331 4504 ritu
1359 4453 1657 4519 palmstrico
1681 4470 1807 4521 ago-

215 4541 480 4604 nizantes,
526 4555 555 4593 a
605 4538 997 4608 fumigabundis
1024 4541 1358 4596 flammarum
1392 4542 1564 4611 gltbis
1611 4545 1805 4597 immu-

216 4648 311 4685 ncs
334 4633 517 4684 divina
570 4634 731 4685 tutela
781 4635 1032 4700 protexit.
1079 4633 1273 4686 Verum
1301 4635 1399 4688 hac
1422 4636 1797 4690 confessorum
1839 4619 1880 4676 ί)

215 4724 416 4778 Christi
443 4726 666 4778 victoria
690 4726 994 4778 confutatus
1019 4727 1068 4778 in
1088 4727 1542 4795 amphitheatrmn
1560 4740 1800 4796 sanctos,

214 4819 404 4872 ferreis
433 4818 668 4873 collariis
699 4833 996 4885 eonnexos,
1022 4834 1278 4873 cruentus
1306 4822 1545 4875 carnifex
1573 4831 1805 4890 imperat

214 4912 363 4974 duci,
416 4921 678 4977 quatenus
723 4912 1004 4981 patefactis
1045 4927 1398 4967 cavernarutn
1428 4915 1714 4981 clttstcllis,
1752 4928 1803 4972 et

215 5002 414 5069 apertis
441 5002 728 5055 clatrorum
761 5004 1053 5057 obstaculis
1081 5021 1328 5058 ursorum
1359 5007 1589 5075 gingivis
1616 5025 1806 5078 carpe-

215 5104 402 5144 rentur
457 5102 510 5144 et
555 5092 768 5146 leuttum
837 5093 1060 5149 rictibus
1109 5097 1447 5152 roderentur.
1494 5101 1582 5154 Sic
1608 5103 1802 5158 stolida

218 5183 463 5250 prmsidis
496 5186 787 5252 praecordia
823 5186 1038 5256 Deoqne
1070 5187 1238 5242 invisa
1267 5207 1390 5259 spes
1413 5195 1663 5260 pascebat
1690 5197 1804 5250 ina-

219 5273 319 5340 nis,
347 5275 473 5327 dum
507 5274 786 5330 furibunda
823 5279 1053 5332 ferarum
1083 5279 1281 5346 rabies,
1308 5293 1358 5335 et
1389 5284 1573 5350 gulosa
1599 5285 1802 5339 bellua-

218 5380 332 5418 rum
367 5364 632 5434 ingluvies
663 5369 868 5422 ctelesti
915 5379 1044 5424 nutu
1071 5385 1380 5441 compressa
1403 5375 1637 5430 oblatam
1665 5394 1802 5446 pra:-

217 5460 335 5512 dam
382 5463 588 5516 lurcare
640 5479 745 5518 non
791 5467 994 5519 audens
1039 5485 1054 5520 :
1103 5467 1312 5525 hiulcas
1345 5473 1574 5527 faucium
1602 5492 1799 5547 gurgu-

218 5551 386 5608 lioues
419 5556 700 5624 Oppilavit,
728 5564 788 5611 ut
808 5568 963 5627 poeta
991 5561 1060 5616 de
1094 5566 1351 5631 propheta
1374 5568 1502 5620 dicit
1535 5585 1546 5619 :

417 5650 476 5700 Et
497 5653 714 5702 didicere
757 5659 920 5703 truces
952 5657 1159 5716 praedam
1183 5671 1383 5710 servare
1403 5659 1589 5712 leones.

221 5732 293 5786 Ad
320 5735 557 5789 ultimum
586 5735 773 5791 beatus
793 5738 1033 5793 Julianus
1054 5756 1173 5796 cum
1197 5746 1405 5799 cmteris
1427 5748 1798 5805 commilitoni-

222 5821 312 5877 bus
339 5827 514 5882 Stricta
545 5829 790 5883 machara
819 5831 1104 5888 crudeliter
1125 5850 1402 5901 percussus
1429 5848 1478 5896 et
1501 5840 1798 5899 rubicundo

497 5921 768 5986 Parant.
815 5924 1174 5991 LXXXIX.

1915 3364 2072 3418 tionis
2099 3369 2373 3434 proposito
2394 3385 2513 3422 cum
2560 3373 2812 3426 virtutum
2838 3375 3180 3431 incrementis
3205 3393 3501 3451 usquequa-

1909 3470 2013 3520 que
2064 3460 2555 3525 prosperabantur;
2610 3463 2711 3516 sub
2752 3478 2978 3531 quorum
3031 3471 3375 3537 magisterio,
3436 3473 3501 3527 ad

1908 3543 2106 3598 Chrisi
2174 3548 2332 3600 fidem
2407 3559 2460 3602 et
2525 3562 2892 3620 contemptum
2965 3559 3147 3611 mundi
3219 3576 3502 3617 numerosa

1907 3636 2184 3704 utriusqtte
2212 3655 2373 3693 sexus
2404 3652 2618 3696 caterva
2656 3644 2939 3713 conﬂuxit,
2977 3664 3209 3719 cumque
3251 3658 3503 3711 secundis

1909 3730 2220 3783 meritorum
2251 3734 2598 3789 successibus
2641 3735 2693 3790 in
2731 3740 2960 3805 practica
2996 3743 3342 3810 pollesceret,
3379 3748 3506 3803 hor-

1907 3830 2114 3873 rentem
2157 3824 2324 3877 eremi
2377 3827 2681 3881 vastitatem
2711 3831 3001 3900 adgressus
3034 3835 3328 3892 theorieam
3379 3857 3505 3896 ana-

1908 3911 2195 3966 chorereos
2232 3918 2476 3970 exercuit
2501 3921 2680 3984 vitam,
2715 3922 2935 3977 infinitis
2961 3940 2990 3978 a
3021 3941 3148 3981 vero
3194 3946 3504 3988 remunera-

1910 4010 2024 4054 tore
2059 4004 2313 4058 virtutum
2344 4009 2601 4075 prodigiis
2623 4011 2873 4066 donatur.
2898 4014 3030 4068 Nam
3061 4019 3278 4086 quidam
3310 4022 3501 4090 juven-

1908 4093 2059 4144 culus
2088 4097 2258 4149 rabidi
2307 4101 2528 4154 molossi
2581 4104 2831 4168 rietibus,
2873 4108 2925 4162 in
2973 4115 3240 4169 vesaniam
3293 4134 3500 4187 versus,

1911 4183 2129 4237 stricnts
2159 4196 2466 4242 catenarum
2498 4195 2745 4255 nexibus,
2778 4198 2842 4250 ad
2886 4214 3008 4253 eum
3037 4201 3318 4271 deductus,
3352 4183 3502 4263 actu;

1911 4281 2017 4323 tum
2052 4278 2418 4335 inettlnmitate
2453 4284 2671 4349 pristina
2719 4287 2948 4345 (leuatus
3002 4305 3105 4349 est.
3138 4296 3243 4352 Sed
3279 4315 3341 4355 ea
3373 4316 3501 4356 con-

1908 4361 2109 4461 ditione
2139 4368 2282 4432 prius
2336 4371 2671 4440 interposita,
2705 4391 2759 4432 ttt
2809 4388 3146 4451 pauperculae
3195 4391 3403 4461 direpta
3448 4405 3499 4450 et

1908 4449 2218 4520 depeculata
2277 4457 2488 4525 [Bodl.,
2520 4464 2877 4544 depeculiataj
2919 4449 3256 4534 muliercula:
3307 4449 3503 4539 redde?

1911 4555 2116 4599 rentur.
2143 4548 2211 4601 At
2237 4549 2312 4602 illi
2343 4558 2620 4621 stropham
2651 4558 2700 4611 in
2729 4561 2914 4614 abdito
2965 4579 3326 4633 perpetratam
3377 4593 3500 4641 pro-

1910 4636 2114 4703 phetica
2165 4639 2360 4696 virtute
2412 4649 2764 4713 propalatam,
2811 4667 3200 4722 cttgnosccntcs
3237 4676 3326 4728 ea,
3377 4636 3498 4735 qua:

1909 4724 2095 4781 fraude
2151 4730 2462 4801 ahegerant,
2495 4750 2690 4806 sponte
2743 4743 3047 4800 restituunt.
3101 4749 3208 4804 Sed
3261 4724 3323 4806 et
3365 4724 3496 4810 iflud

1910 4823 2134 4877 strictim
2167 4835 2219 4879 et
2259 4834 2565 4885 summatim
2614 4841 3146 4896 commemorandum
3195 4847 3338 4912 quod
3390 4849 3498 4904 duo

1910 4914 2123 4982 quidam
2152 4919 2357 4973 dolium
2385 4937 2442 4975 se
2472 4923 2588 4978 viro
2621 4925 2710 4978 Dei
2760 4929 3033 4986 delaturos
3068 4937 3493 5005 spopOuderuut,

1909 5019 1940 5059 e
1998 5008 2192 5074 quibs
2235 5011 2401 5076 alter,
2427 5014 2552 5068 dtnn
2587 5018 2819 5085 pollicita
2879 5021 3173 5091 fefellisset,
3207 5027 3491 5088 abeuntem

1909 5099 2120 5168 gibbum
2144 5104 2321 5158 amisit
2349 5109 2614 5163 camelunt
2666 5129 2678 5163 :
2727 5113 2863 5166 altus
2895 5120 3157 5182 promissa
3186 5127 3486 5192 eontpletts,

1907 5191 2072 5243 asello
2101 5195 2299 5270 sOSpite
2330 5197 2640 5263 perfruitur.
2692 5202 2899 5268 Quanta
2930 5224 3058 5263 vero
3106 5212 3176 5264 sit
3223 5191 3490 5280 pudicitia:

1908 5283 2095 5344 virtus,
2128 5301 2191 5340 ex
2224 5290 2323 5343 hoc
2350 5292 2685 5349 manifestius
2715 5297 2958 5367 liqut-bit,
2979 5304 3120 5370 quod
3149 5304 3226 5358 vir
3248 5305 3342 5361 Dei
3366 5308 3493 5364 dum

1906 5376 2127 5434 Nilotica
2152 5383 2379 5452 gurgitis
2409 5385 2606 5441 ﬂuenta
2655 5393 2882 5445 transire
2929 5403 3216 5463 satageret,
3261 5411 3314 5454 et
3364 5415 3492 5471 spo-

1905 5469 2035 5525 liare
2056 5486 2116 5525 se
2146 5481 2341 5529 meiote
2363 5488 2418 5531 et
2449 5479 2690 5533 amiculis
2711 5482 3074 5549 erubesceret,
3090 5502 3156 5541 ne
3185 5469 3486 5556 pudibunda

1905 5564 2147 5632 corporis
2180 5567 2389 5622 auditas
2418 5579 2470 5622 et
2501 5570 2755 5627 indecens
2777 5575 3082 5631 obscenitas
3113 5591 3287 5632 castos
3315 5581 3487 5636 offen-

1905 5654 2056 5710 deret
2076 5658 2318 5723 obtutus,
2344 5662 2614 5728 extemplo
2656 5664 2705 5716 iu
2738 5664 3044 5720 citeriorem
3103 5669 3238 5723 alvei
3289 5675 3487 5740 mat-gi-

1907 5763 2028 5803 uom
2051 5748 2234 5804 divina
2259 5749 2449 5806 virtute
2480 5755 2764 5809 translatus
2789 5757 3010 5824 legitur;
3058 5769 3110 5815 et
3154 5779 3220 5816 ne
3267 5763 3368 5817 hoc
3396 5767 3482 5817 iu-

1905 5844 2162 5902 credibile
2197 5844 2472 5918 videatur,
2507 5860 2775 5907 memento
2804 5855 3028 5922 qua'iter
3057 5855 3274 5912 Ababuc
3324 5857 3484 5913 disci-

3002 5947 3039 6010 5
