4214 6532
770 406 869 460 ςῆρ

1553 401 1606 454 5.
1650 399 1994 456 ALDIIELMI
2035 399 2315 456 OPEIIUM
2362 399 2537 455 PARS
2581 401 2641 454 ll.
2683 431 2753 442 —
2795 406 3228 468 TRACTATUS.

3953 425 4047 480 HO

770 524 847 572 fer
876 530 1168 572 messorum
1200 513 1395 568 fercula
1427 528 1456 567 c
1487 513 1671 567 .Iutlma
1700 513 1764 566 ad
1788 513 2069 568 Chaldmos
2100 514 2342 581 angelico
2378 514 2417 570 Α
2454 528 2674 582 usquam
2708 527 2796 571 aut
2828 519 3080 577 aliorsum
3111 525 3335 580 ulterius
3364 529 3611 598 progredi
3646 531 3911 587 valentes.
3944 535 4041 590 Sed

772 615 936 664 frctus
966 609 1166 670 officio,
1199 608 1249 660 in
1277 615 1470 673 puncto
1508 607 1765 671 temporis
1808 606 2094 675 perniciter
2142 606 2346 660 detule-

770 714 859 766 rit,
887 714 938 756 et
971 703 1022 756 in
1057 704 1266 754 leonum
1305 702 1418 751 lacu
1450 697 1750 752 rudentium
1783 715 1872 767 per
1899 709 2040 750 tanta
2086 708 2346 753 terraruru

771 797 1064 860 intervalla,
1086 791 1381 846 famelicum
1417 791 1510 846 Dei
1546 793 1856 860 prophetam
1888 791 2089 846 affatim
2119 792 2345 862 paverit,

766 900 822 946 et
853 888 1079 944 ubertim
1109 885 1454 955 saginaverit.
1490 884 1656 953 Ilujus
1687 885 1864 952 itaque
1897 888 2058 938 Amos
2102 887 2346 953 spiritum

769 981 1032 1038 Antonius
1080 981 1326 1042 cremita,
1369 993 1490 1031 eum
1537 976 1769 1032 carnalis
1813 976 2066 1046 ergastuli
2120 977 2348 1032 vinculis

767 1075 1120 1139 enodaretur,
1155 1087 1183 1125 a
1231 1068 1467 1126 ctelestis
1513 1068 1720 1122 militia:
1769 1069 2040 1138 manipulo
2091 1069 2348 1123 astriferis

769 1170 954 1226 inferri
982 1170 1238 1223 cmlorum
1271 1161 1569 1232 agminibus
1591 1164 1886 1232 conspexit.

838 1260 1123 1316 XXXVIII.
1177 1259 1444 1328 'I‘empore
1489 1255 1851 1311 scelestissimi
1899 1253 2118 1320 Juliani,
2165 1253 2252 1323 qui
2282 1253 2348 1307 ab

765 1353 1128 1411 ecclesiastico
1151 1354 1436 1408 clericatus
1468 1353 1632 1423 gradu
1682 1347 1986 1413 discedens,
2020 1357 2073 1402 et
2120 1361 2148 1400 a
2204 1355 2345 1401 recto

768 1447 1036 1517 religionis
1061 1448 1274 1502 tramite
1315 1446 1630 1502 errabundis
1657 1444 1986 1498 anfractibus
2017 1441 2344 1502 cxorbitans.

769 1543 872 1596 iitu
899 1540 1177 1611 gentilium
1207 1540 1496 1609 lugubriter
1519 1550 1766 1606 aposmrc
1797 1534 1996 1604 l_Bodl.,
2020 1529 2344 1602 apostatare]

766 1642 1021 1701 cmperat,
1057 1632 1151 1684 fuit
1174 1631 1386 1698 quidam
1413 1631 1552 1696 apud
1588 1626 1914 1682 Thebaidam
1959 1624 2082 1677 vitae
2127 1637 2350 1677 venera-

767 1723 919 1789 bilis,
954 1723 1264 1790 Apollonius
1323 1720 1570 1782 nomine,
1603 1718 1691 1787 qui
1749 1733 1891 1770 anno
1944 1715 2116 1769 a-tatis
2165 1715 2349 1783 quinto

767 1815 976 1869 decimo
1003 1825 1163 1868 vasue
1195 1812 1500 1867 solitudinis
1531 1818 1735 1864 secreta
1781 1817 2064 1874 penetrans
2109 1815 2161 1858 et
2203 1819 2344 1857 tuor-

2456 621 2574 660 cum
2598 611 2986 679 comperissent
3013 628 3123 672 rem
3168 632 3261 685 per
3302 621 3476 675 virum
3527 620 3620 676 Dei
3663 634 3897 691 gestam,
3924 626 4037 681 ilicu

2455 699 2630 751 missis
2652 699 2917 768 legatariis
2933 705 3351 773 spoponderunt,
3378 710 3421 763 si
3446 711 3522 765 eis
3553 711 3777 765 facultas
3807 716 4029 772 abeundi

2453 787 2690 854 daretur,
2720 792 2966 848 omnibus
2995 797 3187 864 spretis
3215 803 3655 856 caeremoniarum
3687 806 3952 869 culturis,
3984 825 4036 862 se

2455 880 2613 932 fidem
2667 881 2984 936 catholicam
3043 885 3365 950 credituros,
3399 896 3452 941 et
3483 890 3730 944 frivolam
3765 891 4037 944 simulacri

2455 968 2684 1039 effigiem
2714 970 2763 1023 in
2797 968 2964 1026 frusta
2995 972 3278 1041 fracturos,
3310 988 3400 1031 aut
3432 979 3483 1032 in
3512 977 3750 1034 favillam
3779 990 3873 1034 aut
3895 982 4037 1036 ciue-

2457 1075 2572 1114 rem
2615 1071 2967 1126 crematuros,
3021 1066 3160 1132 quod
3203 1067 3271 1121 ita
3304 1079 3510 1137 gestum
3564 1085 3749 1125 rerqu
3795 1073 4036 1141 probavit

2459 1163 2703 1208 eventus.
2757 1154 2845 1210 Lis
2878 1155 3167 1224 aliquando
3214 1163 3598 1230 propemodum
3653 1160 3785 1216 satis
3817 1175 4033 1218 cruenta

2456 1245 2597 1300 inter
2624 1248 2728 1301 duo
2752 1246 3011 1316 populosa
3037 1248 3370 1305 credentium
3394 1251 3865 1307 etincredulornm
3896 1268 4034 1322 prae-

2447 1337 2532 1390 dia
2559 1339 2845 1406 gerebatur
2873 1357 2880 1391 :
2910 1340 3128 1396 fortuito
3151 1355 3277 1396 casu
3330 1344 3568 1413 contigit,
3596 1355 3652 1398 ut
3677 1347 3930 1413 prtefalus
3961 1345 4035 1399 vir

2451 1428 2541 1482 Dei
2570 1442 2804 1484 armatas
2833 1433 3096 1500 peltarum
3123 1435 3394 1489 testudine
3424 1435 3796 1505 catervasjam
3819 1438 4033 1507 jamque

2453 1520 2655 1574 strictis
2684 1523 3032 1577 mucronibus
3081 1524 3384 1580 alternatim
3416 1541 3473 1581 se
3498 1525 3838 1596 jugulaturas
3868 1527 4033 1581 offert-

2450 1611 2639 1674 disset,
2673 1610 2764 1681 qui
2795 1627 2915 1665 cum
2947 1615 3125 1668 verbis
3159 1617 3391 1683 pacificis
3441 1617 3720 1672 confusam
3754 1619 4032 1688 utriusque

2453 1703 2593 1770 vulgi
2626 1703 2950 1760 simultatem
3004 1721 3328 1776 magnopere
3376 1710 3620 1779 mitigare
3676 1713 3948 1765 niteretur
3984 1721 4034 1766 et

2445 1807 2688 1852 exortam
2719 1800 2946 1856 furentis
2973 1803 3131 1856 cunei
3153 1803 3526 1858 crudelitatem
3556 1806 3753 1862 sedare
3781 1816 4028 1871 tentaret,

769 1907 950 1960 talium
1001 1906 1343 1959 contubernia
1399 1901 1791 1967 subterfugiens
1841 1895 2117 1950 delituisse
2175 1895 2340 1947 fertur
2373 1870 2659 1958 Bquidam
2693 1894 2979 1949 bellicosus
3033 1896 3297 1964 incentor,
3330 1909 3383 1952 et
3432 1898 3607 1953 fautor
3636 1902 3953 1955 certaminis
3975 1870 4034 1956 ac

764 1996 904 2050 haud
931 1995 1110 2062 procul
1141 2009 1168 2046 a
1193 1994 1480 2048 veterritno
1510 1990 1754 2053 delubro,
1790 1989 1840 2041 in
1872 2003 1976 2057 quo
2002 1987 2345 2055 .Iledeniptor

763 2096 942 2140 uoster
967 2085 1258 2153 ingressus,
1284 2099 1438 2153 quem
1473 2080 1698 2135 nefanda
1733 2077 1995 2148 Antipatri
2029 2078 2206 2145 proles
2253 2079 2344 2129 in-

765 2180 1092 2240 sectabatur,
1122 2191 1309 2231 onmes
1333 2175 1737 2229 simulacrorum
1769 2173 2048 2227 toraciclas
2077 2171 2141 2224 ad
2173 2170 2342 2225 solum

760 2285 986 2324 cernuas
1026 2269 1212 2336 diruit,
1244 2269 1532 2321 secundum
1565 2280 1859 2335 prmsagum
1920 2265 2093 2318 Esaia:
2159 2264 2344 2316 vatici-

762 2362 905 2412 nium
940 2377 951 2410 :
989 2357 1117 2411 Ecce
1158 2358 1407 2411 Dominus
1465 2358 1598 2410 sedet
1658 2372 1808 2424 super
1855 2356 2036 2407 nubem
2083 2356 2265 2415 levem,
2297 2363 2342 2405 et

761 2452 914 2502 reuiet
969 2452 1020 2501 in
1076 2449 1396 2520 ﬂigyptum,
1457 2457 1501 2502 et
1555 2448 1998 2502 commovtbuntur
2043 2448 2343 2514 mannfacta

764 2537 1125 2608 zEgyp:iornm
1159 2555 1186 2590 (ι
1219 2541 1348 2608 facie
1387 2541 1517 2607 ejus,
1543 2549 1587 2590 et
1617 2539 1797 2590 cadent
1824 2539 1874 2590 in
1908 2547 2116 2590 terram.
2167 2537 2343 2591 Nubes

763 2631 933 2700 inquit
984 2631 1143 2692 levis,
1176 2627 1529 2682 eastissitnutn
1587 2628 1840 2682 videlicet
1893 2626 2071 2681 Marie
2119 2626 2341 2696 virginis

759 2724 1044 2792 gremium,
1079 2724 1325 2776 humana:
1369 2720 1729 2789 corruptionis
1770 2718 2061 2787 spurcitiis,
2096 2725 2150 2770 et
2204 2717 2339 2771 virili

759 2816 1040 2882 cutnplexu
1064 2827 1275 2879 carens,
1303 2813 1622 2880 prmfigurat.
1670 2810 1907 2878 Denique
1952 2807 2208 2876 prmfatus
2250 2808 2345 2872 Γοὶ

760 2907 988 2960 famulus
1017 2904 1225 2960 octonis
1279 2913 1579 2970 temporum
1623 2901 1825 2964 lustris,
1857 2899 1956 2955 hoc
1999 2909 2102 2964 est,
2131 2909 2342 2968 quater-

757 2998 912 3052 tleuis
945 3009 1204 3049 annorum
1236 2993 1520 3049 curriculis
1552 2992 1828 3046 horrorem
1858 2991 2056 3045 deserti
2098 3006 2200 3044 non
2233 2989 2337 3042 Ias-

759 3090 1035 3152 sabundis,
1066 3088 1158 3141 sed
1187 3084 1471 3141 indefessis
1501 3084 1706 3138 viribus
1738 3084 1994 3144 tolerans,
2023 3082 2340 3152 quingento—

759 3200 874 3238 rutn
897 3182 1109 3237 circiter
1139 3179 1522 3234 monachorum
1575 3176 1994 3230 archimandrita
2051 3183 2107 3229 et
2163 3183 2340 3228 rector

757 3279 1066 3341 exstiterat,
1120 3275 1210 3344 qui
1266 3273 1335 3327 ob
1385 3272 1695 3342 praeclaram
1750 3268 2070 3337 virginitatis
2121 3269 2341 3338 gloriam

758 3368 944 3422 multis
995 3364 1371 3420 miraculorum
1417 3361 1583 3432 signis
1639 3370 1693 3415 et
1751 3360 2007 3428 prodigiis
2056 3374 2344 3414 coruscans

757 3465 961 3519 centies
983 3460 1212 3524 diurnis,
1238 3470 1290 3513 et
1319 3459 1542 3512 totidem
1575 3455 1852 3509 nocturnis
1883 3458 2134 3508 horarum
2161 3455 2346 3522 spatiis

763 3556 928 3608 Ileunt
959 3550 1328 3618 interpellans,
1362 3562 1528 3617 genua
1556 3560 1720 3601 curvo
1753 3546 1949 3615 poplite
1974 3546 2192 3600 flexisse
2215 3545 2346 3598 scti-

761 3647 923 3710 bitnr,
953 3644 1102 3712 cujus
1133 3642 1400 3698 eolobium
1443 3657 1562 3696 cum
1613 3638 1681 3694 de
1725 3649 1931 3708 stuppa:
1976 3639 2226 3705 stamine,
2259 3640 2341 3693 vel

761 3736 938 3806 potius
965 3735 1254 3804 putamine,
1279 3734 1397 3788 sine
1428 3733 1771 3802 pompulenta
1818 3731 2219 3800 pannicularum
2252 3745 2341 3783 va-

719 3847 730 3858 ~
761 3829 952 3883 rietate
975 3825 1266 3889 ordiretur,
1293 3823 1536 3878 sindonis
1568 3825 1780 3892 peplum
1813 3837 1876 3876 ex
1925 3822 2076 3876 tereti
2127 3822 2337 3875 Illorum

759 3919 999 3986 glomere
1031 3917 1256 3984 fusoque
1280 3927 1461 3970 netum
1494 3915 1657 3968 radiis
1685 3913 2033 3968 stridentibus
2055 3923 2108 3968 et
2133 3911 2342 3979 pectine

763 4013 1010 4079 pulsante
1037 4011 1350 4074 texebatur,
1382 4023 1500 4077 qute
1529 4007 1860 4076 longiuscule
1901 4006 1990 4060 illo
2021 4006 2072 4059 in
2113 4004 2340 4059 desertis

759 4103 1139 4165 delitescente,
1187 4115 1285 4170 per
1335 4109 1408 4152 tot
1461 4109 1758 4166 temporum
1813 4098 2082 4151 volumina
2131 4097 2339 4163 penitus

765 4207 1033 4260 nunquam
1058 4201 1319 4244 vetustate
1342 4190 1768 4251 extricabantur,
1786 4189 1936 4256 cujus
1958 4187 2208 4241 alimonia
2233 4187 2337 4237 imo

760 4285 1090 4354 parcitnonia
1119 4293 1228 4339 tam
1260 4281 1478 4353 frugalis
1502 4280 1665 4336 fuisse
1697 4280 1989 4342 ferebatur,
2022 4287 2077 4331 ut
2109 4275 2336 4346 potissi-

761 4393 908 4432 mum
955 4376 1213 4432 viridibus
1261 4374 1542 4429 herbarum
1595 4371 1882 4436 fasciculis,
1927 4377 1982 4424 et
2033 4369 2335 4423 recentibus

767 4474 1040 4525 hortorum
1090 4465 1383 4522 holusculis
1431 4466 1510 4519 sic
1560 4471 1886 4527 vescerctur,
1918 4461 2065 4530 quasi
2123 4459 2337 4513 condito

2444 1983 2812 2039 crudescentis
2841 1986 3061 2056 signifer
3089 1987 3280 2056 duelli,
3315 1989 3482 2046 fertur
3506 1991 3795 2046 bacchanti
3825 2003 3879 2046 et
3902 1991 4032 2046 furi-

2442 2073 2624 2130 bundo
2670 2076 2893 2145 strepitu
2935 2079 3216 2144 restitisse,
3269 2081 3454 2136 dicens
3479 2097 3536 2136 se
3565 2093 3748 2150 spreta
3785 2098 3918 2148 pace
3950 2097 4034 2136 se-

2446 2170 2659 2229 questra
2682 2161 2786 2215 leto
2811 2172 2964 2216 tenus
2987 2173 3338 2232 pugnaturum
3362 2182 3374 2229 ;
3406 2174 3530 2220 tunc
3549 2174 3797 2222 sanctus:
3817 2168 4031 2235 Optata.

2447 2249 2651 2315 inquit,
2683 2251 2775 2303 tibi
2817 2251 2998 2305 verbis
3030 2251 3236 2305 fortuna
3282 2253 3572 2324 contingat.
3628 2254 3859 2310 Ceteris
3887 2255 4026 2309 enim

2445 2337 2624 2392 violati
2655 2338 2874 2394 ftederis
2904 2340 3102 2395 clasma
3145 2343 3484 2398 concorditer
3529 2345 4028 2406 rceonciliantibus,

2445 2430 2588 2482 solus
2621 2429 2864 2484 ultricem
2913 2442 3149 2486 crucutre
3181 2433 3370 2487 mortis
3414 2434 3702 2489 vindictam
3754 2437 4029 2490 exsolves.

2447 2520 2664 2590 Insuper
2705 2522 2989 2576 nefandum
3040 2523 3266 2578 cadaver
3315 2539 3644 2595 nequaquam
3668 2566 3684 2590 ,
3717 2537 3772 2580 ut
3804 2537 4034 2582 exteros

2445 2612 2696 2666 mortales
2720 2654 2734 2679 ,
2763 2613 2996 2680 sepulcri
3045 2613 3405 2682 sarcotiliagus
3451 2626 3724 2684 receptet,
3756 2617 3855 2672 sed
3885 2619 4033 2672 volu-

2448 2719 2598 2758 crum
2630 2706 2819 2759 rostris
2861 2704 3124 2759 laceratus
3159 2713 3214 2760 et
3243 2705 3530 2761 bestiarum
3570 2707 3793 2762 rictibus
3849 2723 4033 2762 corro-

2448 2812 2560 2862 sns,
2579 2795 2848 2850 communi
2875 2797 3147 2866 sepultura
3175 2797 3404 2852 carebis.
3423 2797 3499 2850 Ita
3524 2811 3648 2851 vero
3668 2807 3895 2853 cruenta
3926 2797 4032 2854 fors

2453 2889 2632 2942 evenit
2677 2897 2734 2942 ut
2784 2888 3126 2956 prephetimis
3191 2903 3366 2944 sermo
3434 2889 3700 2957 prmdixit.
3759 2889 4030 2959 Tempore

2442 2980 2692 3047 quodam,
2726 2993 2846 3032 cum
2877 2992 3212 3033 sacrosancta
3247 2979 3508 3048 paschalis
3539 2979 3851 3034 solemnitas
3891 2983 4030 3034 intra

2445 3069 2683 3136 speleum
2713 3068 3100 3134 celebraretur,
3133 3077 3185 3124 et
3211 3068 3386 3135 plures
3431 3067 3497 3122 ad
3529 3068 3626 3122 viri
3675 3068 3768 3122 Dei
3811 3070 4029 3137 spelun-

2445 3174 2585 3225 cam,
2610 3158 2752 3211 velut
2777 3173 2996 3213 examen
3029 3158 3094 3211 ad
3123 3157 3432 3222 alvearium,
3465 3171 3560 3226 pro
3605 3155 3895 3212 festivitate
3926 3163 4031 3212 fre-

2448 3251 2748 3320 quentanda
2780 3251 3025 3304 certatim
3050 3249 3496 3319 glomerarentur,
3526 3263 3625 3318 qua
3650 3262 3866 3317 peracta
3896 3249 4028 3304 soli-

2448 3343 2856 3413 ttufrugalitatis
2883 3341 3106 3412 dapibus
3136 3341 3463 3412 saginantur,
3516 3341 3566 3396 id
3615 3350 3716 3406 est,
3768 3342 3929 3396 siccis
3976 3352 4028 3396 et

2449 3435 2689 3501 pauculis
2730 3448 2924 3502 panum
2970 3433 3257 3499 crustulis,
3287 3440 3343 3486 et
3389 3430 3500 3486 sale
3530 3432 3766 3501 aspersis
3820 3431 4024 3486 olerum

2448 3525 2740 3588 fasciculis,
2765 3533 2876 3578 tum
2907 3521 3038 3578 fusis
3059 3523 3124 3577 ad
3159 3524 3339 3593 polum
3372 3523 3618 3592 precibus
3651 3522 3741 3577 Dei
3790 3523 4024 3592 patroci-

2448 3623 2592 3674 nium
2641 3617 2872 3673 lideliter
2920 3616 3201 3686 implorat,
3233 3625 3288 3671 et
3317 3617 3460 3671 dicto
3486 3615 3645 3670 citius
3673 3630 3768 3684 pro
3819 3615 4025 3671 foribus

2445 3710 2692 3766 vestibuli
2722 3719 2896 3764 tantas
2923 3707 3238 3763 deliciarum
3285 3706 3587 3762 afﬂuentias
3637 3707 3840 3776 gerulis
3886 3722 4024 3775 quos

2446 3815 2714 3868 nunquam
2739 3808 2995 3854 noverant
3025 3797 3354 3867 gestantibus
3379 3799 3533 3852 solita
3565 3798 3757 3866 pietate
3778 3797 4022 3852 Christus

2446 3895 2707 3950 famelieis
2737 3894 2847 3947 suis
2897 3903 3006 3947 tam
3057 3892 3283 3946 ubertim
3328 3890 3572 3954 contulit,
3621 3900 3677 3944 ut
3734 3903 3902 3958 usque
3958 3890 4022 3945 ad

2445 3987 2829 4050 I’entecosteu,
2863 3981 2950 4054 qui
2979 3983 3214 4052 septenis
3246 3981 3702 4037 hebdomadarum
3734 3980 4020 4034 curriculis

2444 4079 2735 4136 calculatur
2760 4077 2896 4132 sicut
2926 4075 3171 4131 Jubileus
3197 4073 3432 4143 septenis
3475 4087 3733 4128 annorum
3785 4073 4021 4130 latercu-

2446 4171 2510 4225 lis
2539 4179 2876 4240 supputatur,
2905 4167 3162 4222 divinitus
3198 4167 3361 4220 aliata
3403 4167 3677 4234 epularum
3722 4168 3860 4237 stipe
3887 4183 4020 4236 quoe

2444 4263 2572 4318 tidie
2591 4262 2789 4317 affatim
2817 4270 3181 4329 pascerentur.
3221 4257 3372 4325 Quod
3399 4269 3574 4314 autem
3620 4259 3856 4313 cmlestis
3905 4275 4020 4313 mu-

2445 4355 2726 4409 nificentia:
2758 4351 3084 4420 stipendium
3114 4351 3309 4418 potius,
3341 4363 3497 4417 quam
3530 4349 3775 4402 humana:
3827 4349 4020 4404 libera-

2444 4445 2605 4502 litatis
2639 4444 2856 4498 senium
2899 4442 3075 4507 fuerit,
3101 4457 3166 4495 ex
3217 4442 3316 4496 hoc
3343 4441 3654 4495 certissimis
3679 4442 4018 4509 experimen-

757 4562 951 4615 culina:
987 4557 1342 4628 pulmentario
1391 4555 1679 4626 potiretur,
1707 4567 1826 4607 eum
1859 4563 2035 4605 tamen
2064 4560 2331 4604 cocturant
2367 4555 2420 4614 ι)
2447 4541 2512 4594 tis
2543 4540 2831 4608 colligitur,
2860 4537 2998 4608 quod
3032 4537 3362 4591 fructuosum
3392 4535 3616 4603 eulogia:
3643 4536 4014 4588 munusculum

759 4665 851 4709 aut
875 4664 1170 4707 assaturam
1210 4650 1579 4704 alimentorum
1614 4646 1665 4699 iu
1695 4643 2020 4698 iocularibus
2071 4657 2337 4710 prmpara-

767 4760 870 4801 tam
892 4745 969 4799 ad
994 4742 1230 4799 edulium
1265 4741 1538 4795 refutaret.
1567 4737 1664 4791 IIic
1703 4734 1985 4803 aliquando
2012 4748 2129 4788 cum
2170 4731 2340 4787 Julia-

761 4853 860 4892 nus
886 4838 973 4906 qui
1003 4833 1340 4905 tyrannidem
1389 4843 1441 4886 et
1483 4828 1805 4899 apostasiam
1853 4827 2054 4896 pariter
2087 4825 2336 4893 arripuit,

760 4945 866 4984 non
920 4929 1076 4982 modo
1119 4928 1171 4980 in
1205 4925 1437 4980 clericali
1467 4921 1631 4991 gradu
1662 4921 2002 4980 constitutos,
2028 4918 2118 4970 sed
2169 4918 2334 4971 etiam

761 5017 1072 5075 monachica
1118 5014 1450 5084 prnchsione
1497 5010 1776 5079 fungentes
1805 5007 1868 5060 ad
1903 5006 2106 5060 militiae
2157 5005 2339 5070 cingu-

764 5113 870 5163 lutn
903 5116 1136 5178 cogeret,
1170 5123 1198 5159 a
1225 5105 1538 5159 centurione
1562 5102 1611 5154 in
1637 5099 1889 5168 ergastuli
1917 5099 2196 5153 latibulum
2227 5106 2338 5149 tru-

761 5203 940 5264 ditur;
971 5199 1063 5252 sed
1095 5199 1429 5264 intempesta:
1462 5191 1633 5246 noctis
1659 5191 1944 5246 conticinio
1973 5189 2193 5258 angelus
2221 5187 2339 5240 lim-

763 5293 1039 5362 pidissimo
1063 5290 1193 5343 lueis
1209 5287 1360 5342 radio
1386 5284 1756 5353 resplendens,
1778 5281 2146 5338 tremebundis
2162 5292 2340 5335 cusw-

759 5387 918 5439 dibus
946 5384 1174 5437 claustra
1205 5380 1436 5435 carceris
1467 5392 1729 5441 reserans,
1761 5377 1932 5430 virum
1981 5375 2072 5430 Dei
2099 5375 2166 5430 de
2210 5375 2338 5428 late-

765 5479 936 5532 brosis
993 5474 1261 5528 lautumiae
1311 5470 1653 5540 squaloribus
1701 5468 1915 5536 eripuit.
1971 5465 2207 5532 Quadam
2254 5466 2341 5520 die

767 5566 1100 5636 Apollonius,
1132 5579 1250 5617 cum
1283 5564 1383 5614 iter
1405 5568 1669 5627 carperet,
1703 5558 1977 5628 gentilium
2007 5566 2208 5610 turmas
2237 5555 2338 5609 cir-

763 5671 1092 5726 cumquaque
1116 5669 1235 5707 eum
1265 5653 1549 5706 simulacro
1592 5647 1986 5704 debaccltautes
2033 5648 2335 5700 orationum

762 5750 985 5803 vinculis
1014 5748 1161 5816 quasi
1197 5745 1450 5797 rudicittts
1479 5744 1610 5794 lixas
1637 5742 1734 5793 sub
1756 5739 1878 5792 divo
1907 5748 1960 5792 et
1983 5737 2184 5792 torrido
2208 5738 2339 5792 solis

759 5853 1005 5894 tautuate
1037 5836 1332 5892 immobiles
1376 5846 1590 5886 manere
1642 5831 1795 5894 fecit,
1830 5845 1895 5884 ne
1946 5828 2163 5901 [Bodl.,
2203 5829 2336 5900 nec]

2443 4630 2638 4699 ignotis
2687 4629 2906 4681 allatum
2958 4624 3220 4693 parasitis,
3282 4635 3520 4692 tempore
3569 4633 3936 4692 pra‘postero,
3967 4625 4014 4676 id

2442 4733 2544 4785 est,
2575 4720 2802 4785 vernali,
2828 4735 2932 4772 non
2957 4718 3269 4783 autumnali,
3297 4716 3549 4771 divinitus
3587 4716 4015 4785 impendebatur.

2444 4813 2543 4869 hoc
2571 4822 2674 4877 est,
2706 4811 2840 4866 mala
2874 4812 3084 4880 punica,
3118 4824 3237 4879 qua:
3281 4819 3335 4864 et
3373 4812 3507 4863 mala
3553 4820 3768 4878 grauata
3814 4825 4015 4863 nuncu-

2442 4916 2656 4976 pantur,
2688 4921 2806 4959 cum
2840 4904 3054 4972 palmeti
3079 4901 3326 4974 dactylis,
3361 4917 3496 4970 quos
3528 4903 3760 4957 uicolaos
3798 4909 4010 4965 vocant,

2441 5000 2610 5063 favos,
2639 5011 2787 5062 uvas,
2818 5003 2874 5050 et
2924 4996 3143 5063 palatas,
3193 4993 3244 5049 id
3290 5002 3395 5055 est,
3425 4993 3720 5048 caricarum
3778 5006 4011 5054 massas,

2441 5107 2560 5148 cum
2588 5090 2892 5145 noverimus
2921 5089 3197 5141 vinearum
3223 5097 3394 5153 antes,
3425 5097 3479 5143 et
3511 5085 3782 5156 palmitum
3815 5097 4009 5153 propa-

2440 5183 2592 5252 gines
2624 5197 2746 5238 vere
2773 5182 2985 5252 quidem
3017 5180 3356 5235 frondescere
3383 5189 3430 5232 et
3467 5177 3771 5233 ﬂorescere.
3794 5174 3888 5228 sed
3914 5190 4011 5227 au-

2443 5285 2626 5330 tumno
2650 5276 2878 5329 racemis
2910 5273 3262 5342 turgentibus,
3291 5280 3346 5326 et
3393 5269 3558 5324 botris
3605 5264 4012 5321 ﬂavescentibus

2443 5368 2725 5422 mitescere
2747 5381 2809 5421 ac
2841 5377 3197 5423 maturescere
3229 5380 3242 5416 :
3275 5361 3498 5430 contigit
3545 5355 3828 5425 aliquando
3883 5355 4009 5409 dum

2441 5457 2750 5512 calamitosa
2777 5456 2944 5510 fames
2973 5460 3250 5512 atrocltate
3285 5453 3336 5506 in
3384 5447 3740 5520 promiscuum
3790 5443 4006 5511 Egypti

2443 5553 2631 5620 vulgus
2659 5551 2948 5606 crudeliter
2976 5557 3334 5620 grassaretur,
3362 5543 3542 5613 plures
3572 5539 3636 5593 ad
3665 5553 3786 5593 eum
3833 5548 4006 5589 cater-

2443 5645 2603 5696 vatim
2635 5642 2790 5710 stipis
2814 5643 2978 5711 gratia
3003 5637 3346 5695 confluxisse.
3375 5639 3469 5688 Ast
3498 5633 3583 5686 ille
3613 5641 3717 5683 tres
3744 5627 4013 5697 sportulas

2443 5734 2693 5788 crustulis
2721 5741 2775 5787 et
2801 5733 3027 5787 tortellis
3057 5726 3466 5792 reletstas,unius
3493 5722 3595 5778 dici
3622 5730 3826 5776 tantum
3849 5721 4014 5773 intar-

2445 5830 2580 5882 vallo
2621 5825 2871 5880 fratribus
2921 5824 3089 5878 victus
3141 5818 3446 5877 alimoniam
3481 5817 3818 5889 prtebituras,
3851 5810 4006 5865 fertili
