4214 6552
203 415 292 468 ιιι

1332 413 1417 467 DE
1457 409 1794 467 LAUDIBUS
1836 406 2317 464 VlliGlNlTATlﬁ.

3375 397 3470 451 lii

202 532 568 588 benedictione
598 530 889 586 fecundans
915 529 1169 584 famelicis
1200 529 1341 598 vulgi
1372 531 1580 589 turmis.
1609 525 1769 581 exhi-
1800 524 1845 580 Α
1877 522 2210 589 baptismatis
2259 525 2404 577 forte
2457 534 2671 580 renatos
2705 526 2984 580 visibiliter
3035 530 3287 598 angelicis
3331 547 3465 599 per-

203 625 333 689 buit,
360 640 477 692 qua!
506 636 730 691 quatuor
760 625 1033 677 mensibus
1063 637 1182 675 cum
1234 622 1385 689 panis
1428 619 1576 685 copia
1611 619 1777 685 plebis

202 719 431 786 inopiam
466 715 824 769 refocillantes
855 718 920 767 ab
961 714 1289 767 imminentis
1340 713 1490 765 famis
1524 710 1693 763 inedia
1726 719 1781 761 et

200 809 510 864 discrimine
557 808 879 871 defendunt;
915 808 1015 860 ltoc
1046 806 1181 859 idem
1223 807 1289 857 de
1322 804 1475 856 farris
1507 801 1677 855 simila
1728 809 1780 855 et

205 902 422 968 polline,
454 900 718 967 simulque
742 914 920 951 crassa
951 898 1054 951 olei
1103 896 1420 966 pinguedine
1447 895 1638 949 fecisse
1669 909 1779 947 me-

203 1001 460 1045 moratur.
496 991 550 1042 In
584 990 744 1057 priori
777 990 993 1057 quidem
1026 989 1287 1043 miraculo
1325 988 1536 1049 corbes,
1589 995 1640 1037 ct
1693 986 1780 1038 iis-

202 1084 368 1135 cellos
402 1082 639 1135 imitatur
686 1082 1037 1149 evangelicos.
1092 1081 1147 1133 In
1202 1080 1437 1133 secundo
1488 1077 1779 1130 lecltitlmm

206 1174 329 1236 olei,
362 1182 415 1225 et
445 1173 699 1241 pugillum
731 1172 914 1226 farina:
941 1171 1007 1226 ab
1053 1170 1199 1224 llelia
1254 1172 1508 1239 propheta
1542 1168 1781 1222 fecunda:

207 1265 598 1317 benedictionis
632 1265 871 1318 ubertate
900 1264 1126 1318 refertos
1150 1266 1459 1333 aequiparat.

280 1354 389 1407 XL.
434 1354 673 1422 Expletis
714 1354 890 1422 igitur,
949 1355 1071 1408 licet
1128 1356 1456 1418 summatim,
1502 1351 1781 1405 masculini

205 1460 365 1498 sexus
398 1447 676 1513 exemplis,
709 1448 795 1514 qui
830 1461 1164 1513 nequaquam
1212 1444 1522 1498 ntttabundo
1566 1445 1781 1513 integri-

208 1538 331 1588 tatis
376 1535 723 1587 fundamento
771 1545 933 1589 casta:
982 1536 1407 1590 conversationis
1455 1546 1781 1588 structuram

210 1628 586 1680 sustentabant
609 1670 622 1690 ,
654 1628 716 1679 ad
750 1629 975 1697 inclytus
1004 1628 1188 1682 itidem
1220 1628 1437 1681 secundi
1467 1642 1631 1681 sexus
1662 1643 1783 1695 per-

212 1736 393 1783 sonas,
459 1737 576 1789 quze
637 1721 688 1774 in
743 1732 941 1775 sancta:
998 1722 1317 1791 virginitatis
1391 1723 1786 1788 perseverantia

214 1812 494 1867 inflexibili
564 1814 761 1865 mentis
826 1814 999 1881 rigore
1064 1828 1444 1883 usquequaque
1495 1815 1790 1867 duruerunt

1881 614 1978 666 frui
2028 617 2404 685 conspectibus
2454 616 2601 681 fecit,
2652 619 2845 687 quibus
2894 619 3136 673 caelicola
3189 623 3255 675 ab
3305 627 3462 676 astris

1881 708 2175 763 destinatus
2220 712 2464 765 candidis
2496 726 2559 764 ac
2596 714 2873 779 purpureis
2904 722 3150 767 contexta
3187 727 3326 769 serta
3365 718 3461 771 flo-

1882 804 2026 858 ribus
2054 804 2275 858 obtulit:
2304 807 2460 872 Istas,
2492 804 2761 873 inquiens,
2785 821 3010 859 coronas
3038 808 3379 861 immaculato
3407 818 3463 862 ct

1881 897 2081 951 mundo
2129 912 2356 963 corpore
2387 898 2685 964 custodite,
2718 898 2837 967 quia
2869 900 2935 953 de
2965 900 3214 968 paradiso
3244 900 3337 955 Dei
3368 916 3459 954 cas

1886 988 1950 1040 ad
1987 1003 2083 1041 vos
2113 988 2286 1041 attuli.

1956 1080 2091 1133 XLI.
2135 1080 2239 1134 Sed
2273 1090 2326 1134 et
2354 1080 2742 1136 celeberrimus
2768 1082 2990 1151 virginis
3023 1083 3244 1152 Agatltze
3275 1101 3459 1138 rumor

1852 1161 1856 1164 ⁴
1882 1185 1945 1225 ea
1978 1180 2293 1239 tempestate
2337 1172 2674 1242 longiuscule
2704 1175 3052 1228 crebresceus
3074 1216 3088 1239 ,
3118 1190 3218 1243 qua
3250 1177 3458 1231 Diocle-

1887 1261 2061 1313 tianus
2128 1260 2420 1328 imperator
2484 1272 2724 1330 augusta}
2778 1265 3051 1329 potestatis
3091 1268 3458 1321 ntonarcbiam

1884 1351 2208 1419 gubernans,
2227 1352 2518 1404 truculenta
2538 1362 2921 1407 tormentorum
2952 1354 3122 1408 ediCta
3140 1356 3456 1410 orthodoxa:

1888 1445 2005 1497 fidei
2038 1445 2329 1498 cultoribus
2376 1444 2675 1511 irrogabat,
2732 1456 2893 1498 totam
2924 1446 3215 1501 Trinacria:
3246 1452 3463 1516 provitt~

1888 1538 2023 1591 ciam
2076 1539 2399 1605 penetravit,
2431 1538 2585 1605 cujus
2618 1538 2934 1606 integritatis
2968 1540 3334 1595 castimoniam
3366 1558 3464 1596 nec

1890 1632 2250 1684 membrorum
2300 1631 2535 1684 crudelis
2593 1631 2908 1684 dilaceratio
2954 1646 3319 1701 compescere,
3368 1650 3465 1688 nec

1891 1721 2138 1774 lictorum
2187 1732 2337 1775 atrox
2369 1725 2581 1775 vexatio
2611 1725 2926 1789 prmpedire,
2959 1739 3057 1778 nec
3086 1740 3208 1779 acra
3242 1727 3465 1780 testula-

1892 1828 2012 1865 rum
2049 1811 2307 1880 fragmina
2354 1813 2640 1881 infringere
2685 1814 2765 1865 vel
2812 1815 3009 1866 torrida
3058 1817 3351 1870 carbomtm
3386 1820 3465 1871 in-

210 1904 412 1974 [Bodl.,
461 1904 806 1973 duraverunt]
867 1906 1150 1958 verborum
1203 1905 1473 1973 gressibus
1523 1904 1785 1973 gratimim
1820 1882 1864 1939 Β
1895 1904 2079 1957 cendia
2134 1906 2395 1958 ullatenus
2425 1906 2637 1958 vincere
2668 1906 2945 1958 valuerunt
2976 1924 2986 1957 :
3023 1910 3151 1974 quin
3200 1914 3373 1972 potius
3411 1918 3467 1962 ut

208 1995 524 2062 Spatiantes,
557 1997 625 2046 ab
654 1996 855 2048 eisdem
891 1996 1286 2063 pulcherrimos
1331 1996 1598 2061 pudicitiae
1632 1996 1788 2048 flores

213 2088 441 2139 feliciter
495 2102 718 2154 carpere
773 2089 1185 2142 contendamus.
1252 2088 1527 2151 Quatenus
1578 2098 1789 2139 internae

213 2178 560 2231 beatitudinis
611 2194 863 2231 cui-cnam
922 2180 1013 2231 illo
1062 2178 1357 2233 clementer
1413 2178 1788 2231 adminiculum

213 2268 495 2335 patrocinii
530 2278 851 2336 prtestante,
887 2271 974 2338 qui
1008 2273 1154 2339 virgo
1183 2284 1246 2323 ex
1283 2269 1501 2339 virginis
1533 2269 1650 2322 alvo
1699 2285 1790 2322 na-

211 2360 397 2424 scitur,
428 2370 483 2413 et
513 2362 829 2429 protoplasti
881 2361 1087 2432 [Bodl.,
1118 2364 1421 2415 nasciturus
1469 2360 1634 2429 prot.]
1672 2364 1784 2429 pia-

213 2450 333 2502 cuia
365 2451 617 2519 expiavit,
652 2460 707 2504 et
744 2452 905 2505 totius
945 2452 1127 2504 mundi
1163 2462 1359 2505 statum
1392 2451 1683 2519 profligatis
1716 2460 1792 2504 te-

217 2542 503 2595 nebrarum
558 2542 891 2610 principibus
938 2542 1145 2606 beavit,
1191 2541 1542 2595 inextricabili
1590 2544 1791 2608 plectro

218 2630 536 2697 plumemus,
589 2640 641 2683 et
691 2631 1141 2697 quemadmodum
1193 2631 1397 2698 pridem
1451 2645 1515 2683 ex
1565 2640 1791 2698 utroque

218 2729 662 2773 testamentorum
705 2728 888 2771 tenore
920 2720 1225 2787 principalis
1258 2720 1386 2771 tanti
1421 2734 1583 2773 sexus
1611 2735 1791 2773 exem-

219 2816 299 2883 pla
323 2814 550 2866 casritati
572 2813 916 2882 congruentia
934 2813 1321 2880 congessimus,
1348 2812 1430 2865 eui
1456 2813 1788 2880 potissimum

221 2919 329 2972 prae
356 2905 564 2957 caeteris
587 2903 839 2955 virtutum
872 2903 1285 2956 charismatibus
1317 2901 1570 2969 virginale
1600 2917 1791 2971 prepo~

220 2995 380 3047 situm
412 2996 627 3063 superni
657 2996 789 3048 atria
833 2995 1062 3062 paradisi
1097 3004 1147 3049 et
1176 2995 1412 3049 cmlestis
1442 2996 1589 3064 regni
1634 2997 1795 3050 vesti-

220 3085 343 3140 bula
376 3086 639 3153 patefecit,
670 3086 856 3139 eodem
887 3086 1046 3139 modo
1078 3085 1127 3138 in
1160 3084 1394 3139 feminini
1421 3100 1582 3139 sexos
1612 3101 1795 3154 prosa-

224 3180 332 3248 pia,
388 3179 527 3232 sirut
572 3178 702 3231 infra
752 3179 1132 3245 extteritnentis
1177 3176 1790 3244 astipulabimur,uber-
1818 3208 1869 3271 Ο

220 3274 356 3324 rima
390 3270 657 3339 pudicitia:
704 3269 1025 3324 documenta
1071 3270 1300 3325 solerter
1347 3270 1631 3330 enucleare
1659 3272 1795 3325 nita-

220 3378 360 3417 mur.
1716 3423 1721 3427 .

294 3456 374 3508 En
406 3452 606 3525 [Bodl.,
635 3451 882 3523 Deinde],
908 3460 963 3504 ut
983 3466 1139 3519 supra
1170 3452 1469 3515 retulimus,
1505 3451 1655 3507 beata
1683 3452 1793 3507 Ma-

222 3548 325 3609 ria,
356 3548 503 3616 virgo
534 3554 805 3612 perpetua,
840 3544 1022 3597 hortus
1050 3545 1354 3610 conclusus,
1386 3546 1504 3598 fons
1534 3548 1791 3614 signatus,

223 3640 433 3707 virgula
481 3637 674 3692 radicis
710 3656 720 3689 :
750 3637 929 3706 gerula
980 3636 1146 3699 ﬂoris,
1196 3652 1384 3690 aurora
1434 3638 1583 3700 solis,
1634 3654 1795 3691 nurus

224 3730 415 3795 patris,
443 3726 679 3795 genetrix
721 3736 774 3779 et
803 3741 1051 3794 germana
1085 3725 1175 3778 filii
1206 3725 1468 3791 simulque
1511 3741 1705 3795 sponsa
1735 3742 1797 3779 ac

224 3818 351 3873 felix
382 3817 683 3882 vernacula,
713 3827 1016 3870 sanctarum
1050 3831 1235 3870 socrus
1264 3818 1581 3879 animarum,
1611 3831 1797 3885 super-

225 3925 420 3964 norum
461 3909 642 3977 regina
682 3908 909 3972 civium,
941 3908 1185 3963 columba
1230 3907 1370 3961 inter
1398 3923 1464 3960 1.x
1497 3907 1706 3978 reginas
1750 3915 1803 3961 et

228 4002 310 4057 bis
352 4000 722 4069 quadragenas
752 3998 984 4067 pellices,
1021 4006 1237 4067 propter
1266 4012 1499 4066 perenne
1546 3996 1794 4065 puritatis

230 4095 606 4163 privilegium,
657 4091 900 4145 obsidem
947 4091 1150 4153 SZBCUli,
1202 4090 1542 4143 monarcltam
1592 4088 1795 4161 [Bodl.,

226 4182 600 4253 monarchum]
650 4181 855 4247 mundi,
903 4190 1165 4235 rectorem
1213 4179 1350 4249 poli,
1403 4179 1797 4248 redemptorem

226 4276 354 4339 soli,
425 4273 748 4342 archangelo
813 4275 1213 4341 pronuntiante,
1274 4270 1551 4324 Paraeleto
1611 4271 1803 4323 obum-

228 4366 443 4427 brante,
470 4363 776 4433 praecordiis
806 4361 1242 4431 tripttdiantibus,
1273 4361 1499 4415 feliciter
1525 4364 1801 4429 suscipere

228 4457 445 4512 meruit.
480 4456 673 4509 Verum
706 4455 836 4508 mihi
867 4455 933 4508 de
972 4454 1152 4507 Maria:
1183 4463 1430 4523 perpetua
1463 4454 1794 4524 virginitate,

1891 1994 2264 2047 adamantibus
2311 1994 2563 2062 scopulus
2592 2005 2774 2047 (-Ontra
2807 1995 2949 2049 illata
3001 1998 3306 2051 carnificum
3354 2008 3467 2051 tor-

1896 2094 2077 2137 tneuta
2109 2086 2250 2140 ferro
2289 2086 2474 2138 fortior
2516 2085 2779 2149 induruit;
2824 2090 2977 2151 cujus
3019 2089 3090 2140 rei
3123 2088 3462 2151 documenta,

1895 2188 1949 2230 et
1998 2192 2101 2229 non
2159 2179 2296 2231 ficta:
2344 2178 2585 2232 veritatis
2635 2178 2826 2232 indicia
2874 2180 3088 2233 Siculus
3137 2182 3382 2249 indigena
3413 2193 3465 2236 et

1896 2268 2252 2323 Cathenensis
2283 2270 2461 2337 Oppidi
2497 2272 2771 2336 municeps
2800 2274 3142 2326 concorditer
3172 2276 3464 2342 as:ipul;ut-

1894 2371 1997 2414 tur.
2048 2360 2145 2425 Qui
2186 2375 2306 2412 cum
2351 2360 2533 2413 litltna:
2582 2361 2776 2413 montis
2829 2363 3071 2415 incendia
3120 2364 3309 2418 favillis
3363 2366 3467 2419 late

1894 2452 2311 2504 seintillantibus
2362 2451 2633 2517 bullirent,
2684 2454 3089 2523 sulpltureisqtte
3130 2456 3457 2511 flammnrttm

1893 2541 2063 2608 globis
2115 2540 2311 2595 fervida
2362 2542 2672 2595 torrentium
2705 2544 2918 2598 flumina
2971 2547 3022 2598 in
3054 2561 3291 2615 praeceps
3336 2565 3460 2603 cur-

1895 2632 2063 2685 rentia
2115 2633 2458 2700 crepitarent,
2502 2649 2708 2688 sacram
2758 2638 3069 2707 sarc0pbagi
3102 2640 3332 2694 tumbam
3363 2659 3463 2713 qua

1895 2724 2155 2790 virginale
2183 2724 2559 2790 corpusculum
2589 2724 2967 2791 claudebatur,
2995 2730 3146 2796 quasi
3187 2732 3344 2784 turris
3372 2734 3468 2785 ob-

1894 2816 2187 2882 staculum,
2232 2826 2281 2869 et
2315 2816 2452 2869 muri
2501 2820 2958 2887 propugnaculum
3006 2822 3225 2877 rttituris
3268 2824 3465 2892 ignium

1897 2907 2152 2961 imbribus
2192 2917 2578 2973 opposuerunt,
2610 2917 2666 2962 et
2715 2924 2835 2963 mox
2888 2912 3182 2968 hurrendos
3228 2913 3465 2972 focorum

1896 2996 2113 3051 ardores
2162 2996 2317 3049 obvia
2366 3012 2591 3065 quaeque
2642 3010 2997 3064 crematuros,
3049 3010 3105 3055 et
3161 3003 3470 3072 liquefactas

1897 3087 2237 3153 scopulorum
2286 3088 2566 3156 congeries
2614 3098 2891 3144 voraturos
2951 3090 3094 3145 dicto
3139 3093 3294 3149 citius
3346 3111 3466 3153 cum

1898 3179 2120 3246 virginis
2146 3177 2394 3246 suffragio
2422 3180 2716 3246 sopierant.

1972 3266 2132 3322 XLII.
2184 3267 2309 3322 Mlti
2357 3283 2567 3337 quoque
2613 3284 2793 3339 Opera:
2840 3271 3063 3339 pretium
3121 3274 3365 3341 videtur,
3414 3288 3471 3331 ut

1900 3370 2097 3415 sancta:
2129 3359 2349 3429 Agatbae
2393 3375 2636 3414 rumores
2680 3363 2995 3417 castissimte
3035 3365 3253 3435 virginis
3293 3368 3471 3422 Lucia:

1902 3452 2167 3520 praeconia
2199 3452 2606 3520 subsequantur,
2640 3468 2772 3521 quas
2805 3464 3098 3522 prazceptor
3127 3469 3181 3511 et
3226 3459 3473 3528 ptedagu-

1901 3558 1997 3611 gus
2030 3552 2212 3597 noster
2242 3540 2530 3609 Gregorius
2581 3544 2632 3595 in
2672 3559 2875 3599 canone
2899 3548 3224 3613 qu0tidiano,
3258 3553 3471 3617 quando

1902 3633 2185 3685 missarum
2240 3632 2504 3686 solemnia
2549 3632 2902 3698 celebrantur,
2951 3635 3146 3702 pariter
3192 3640 3474 3705 copulasse

1903 3724 2266 3791 cognoscitur,
2315 3724 2417 3777 hoc
2460 3724 2618 3778 modo
2659 3725 2710 3778 in
2749 3726 2990 3795 catalogo
3039 3738 3329 3799 martyrum
3379 3745 3474 3799 po-

1906 3829 2057 3878 nens,
2084 3814 2383 3880 Felicitate,
2410 3815 2711 3881 Anastasia,
2745 3818 2968 3885 Agatha,
3000 3818 3182 3885 Lucia,
3209 3831 3473 3890 quatenus

1905 3918 2237 3973 nequaquam
2272 3904 2565 3958 litterarum
2598 3905 2736 3959 serie
2766 3916 3168 3973 sequestrentur
3197 3926 3315 3978 qua:
3344 3927 3472 3966 con.

1907 3995 2086 4048 tribuli
2118 3994 2316 4063 populo
2347 3994 2486 4062 apud
2518 3994 2753 4049 Siciliam
2783 3998 2978 4063 genita:
3004 3998 3160 4053 simul
3192 4001 3243 4054 in
3274 4002 3481 4057 caelesti

1906 4086 2075 4153 gloria
2130 4083 2484 4152 gratulantur.
2520 4083 2729 4138 Etenim
2760 4086 2897 4139 sicut
2920 4084 3260 4143 Cathenense
3304 4093 3479 4144 muni-

1907 4176 2103 4243 cipium
2136 4189 2244 4243 prae
2288 4174 2499 4229 cmteris
2524 4174 2812 4229 Trinacria:
2841 4177 3064 4231 urbibus
3086 4178 3307 4247 Agathze
3338 4196 3479 4235 mar-

1910 4266 2046 4335 tyrio
2077 4265 2302 4319 feliciter
2329 4275 2639 4331 coronatur,
2674 4266 2742 4319 ita
2775 4265 3146 4323 famosissima;
3168 4269 3366 4324 Christi
3412 4272 3480 4324 ti-

1910 4356 2143 4410 runcle
2183 4355 2361 4411 Luciae
2410 4358 2755 4426 praerogativa
2787 4356 3071 4425 Syracusae
3114 4358 3362 4427 oppidum
3396 4361 3483 4414 Si-

1911 4447 2043 4500 cilire
2076 4448 2345 4515 prosperis
2372 4447 2704 4501 successibus
2733 4448 3081 4513 sublimatur;
3111 4462 3229 4517 quae
3257 4450 3480 4519 genitri-

232 4564 352 4617 qua}
385 4557 511 4601 ante
543 4547 679 4600 sacri
711 4545 981 4600 sermonis
1027 4546 1414 4613 receptaculum
1463 4546 1611 4615 virgo
1660 4548 1801 4600 favo-
1830 4552 1885 4613 Ῑ)
1913 4554 2026 4593 cem
2061 4539 2262 4607 prolixa
2293 4538 2594 4593 valetudine
2637 4537 2909 4607 fatigatam
2941 4549 2995 4593 et
3023 4540 3229 4594 meritis
3258 4542 3480 4605 Agatha:

234 4640 423 4694 rabilis
494 4638 717 4702 exsdtit,
762 4646 816 4691 et
855 4646 974 4704 post
1020 4638 1257 4691 caelestis
1288 4639 1549 4705 puerperii
1604 4653 1803 4706 praeco-

232 4734 382 4786 nium
414 4730 559 4799 virgo
586 4730 927 4784 favorabilior
957 4731 1269 4799 permansit,
1299 4733 1522 4787 sollicite
1551 4734 1801 4787 scribenti

232 4834 456 4894 repente
482 4822 547 4878 ad
573 4820 886 4880 memoriam
920 4821 1095 4893 rediit,
1137 4823 1405 4897 quomodo
1427 4823 1622 4877 Cecilia
1656 4825 1800 4893 virgo

231 4915 593 4972 sacratissima
644 4916 840 4969 indulta
886 4916 1177 4988 jugalitatis
1220 4919 1511 4984 consortia,
1556 4935 1618 4973 ac
1651 4930 1800 4987 pacta

236 5006 385 5075 proci
436 5006 705 5073 sponsalia
756 5008 976 5060 obtentu
1023 5007 1286 5062 castitatis
1336 5008 1612 5076 refu‘ans,
1662 5011 1805 5063 Velut

232 5112 426 5167 spurca
458 5097 766 5151 latrinarum
798 5110 1144 5168 purgamenta
1173 5100 1417 5154 laudabili
1449 5100 1665 5169 spiritus
1694 5100 1800 5156 fcr-

234 5205 363 5244 vore
394 5191 791 5257 contempserit,
824 5190 1150 5258 dispexerit,
1195 5192 1488 5259 respuerit;
1520 5208 1637 5258 qua:
1684 5194 1806 5247 licet

236 5281 487 5347 organica
538 5280 617 5331 bis
664 5279 1049 5348 quinquagenis
1096 5291 1147 5334 et
1200 5289 1280 5333 ter
1329 5281 1501 5351 quinis
1556 5297 1803 5335 sonorum

235 5369 460 5422 vocibus
489 5377 840 5434 concreparet
869 5369 1169 5432 harmonia,
1200 5384 1261 5423 ac
1287 5372 1330 5423 si
1362 5370 1630 5425 letltiferos
1668 5374 1804 5427 sire-

238 5474 431 5513 narum
476 5468 770 5511 concentus
819 5474 939 5513 cum
988 5461 1297 5528 inexpertos
1326 5478 1563 5531 quosque
1592 5465 1656 5517 ad
1688 5466 1807 5518 vitae

244 5548 478 5618 pericula
508 5548 842 5616 pellexerint,
874 5550 974 5604 sub
1002 5560 1260 5618 praetextu
1290 5552 1606 5621 integritatis
1634 5556 1808 5611 surdis

247 5641 465 5693 auribus
496 5640 847 5694 auscultabat.
889 5642 1243 5707 Quamobrem
1272 5659 1484 5711 procum
1516 5650 1806 5715 proprium,

246 5744 300 5788 et
346 5734 603 5797 fu'turum,
648 5734 691 5788 si
731 5736 1050 5805 virginitatis
1091 5735 1300 5790 fortuna
1342 5748 1629 5806 pateretur,
1679 5741 1813 5795 levi—

244 5840 383 5897 runt,
416 5840 442 5877 ιι
472 5826 839 5895 superstitiosa
867 5828 1210 5885 delubrorum
1238 5828 1443 5884 cultura
1473 5842 1811 5903 convertens,

1910 4648 1939 4685 a
1971 4636 2089 4685 rivo
2128 4631 2334 4685 cruoris
2372 4639 2610 4683 curatam
2648 4646 2766 4684 cum
2813 4631 3118 4684 alternatim
3166 4630 3475 4686 confabula-

1912 4732 2092 4774 rentur
2109 4721 2474 4790 hujuscemodi
2502 4720 2747 4789 precibus
2769 4722 3141 4790 interpellans:
3166 4722 3265 4775 Per
3288 4722 3478 4789 ipsam,

1913 4814 2119 4882 inquit,
2170 4824 2222 4868 te
2267 4813 2559 4882 deprecor,
2612 4828 2729 4880 quae
2780 4822 2830 4867 te
2878 4814 3131 4876 salvavit,
3162 4826 3230 4867 ne
3261 4822 3315 4866 ttt
3347 4813 3477 4866 mihi

1911 4922 2165 4980 sponsum
2219 4907 2481 4968 nomines,
2533 4919 2629 4957 nec
2657 4904 2723 4959 de
2754 4920 2870 4958 mea
2907 4906 3217 4973 posteritate
3248 4906 3476 4961 fructum

1914 4997 2252 5053 mortalitatis
2276 4994 2517 5061 inquiras
2538 5035 2553 5059 ,
2582 4996 2674 5047 sed
2704 4996 2882 5047 omnia
2912 5011 3030 5062 qua:
3062 4995 3187 5049 mihi
3234 4997 3379 5049 eunti
3411 4998 3479 5051 ad

1911 5093 2266 5161 corruptionis
2329 5105 2464 5145 mea:
2525 5099 2794 5142 auctorem
2846 5086 3114 5141 hominem
3166 5088 3480 5146 moriturum

1913 5200 2031 5241 eras
2056 5186 2241 5238 datura
2269 5184 2332 5237 da
2363 5185 2490 5237 mihi
2521 5178 2663 5236 eunti
2691 5179 2754 5231 ad
2784 5179 3104 5247 integritatis
3135 5195 3265 5237 mea!
3296 5195 3483 5237 aucto-

1914 5291 2029 5331 rum
2082 5273 2280 5347 [Badl.,
2339 5278 2637 5345 auctorem]
2681 5266 2964 5327 Domitium
3021 5280 3258 5326 nostrum
3297 5274 3483 5329 Jesum

1915 5367 2208 5421 Christum.
2240 5363 2406 5418 Matre
2454 5365 2610 5434 igitur
2658 5365 3059 5429 consentiente,
3092 5364 3149 5418 fit
3176 5380 3354 5420 rerum
3396 5380 3484 5420 re-

1917 5464 2129 5531 pentina
2180 5460 2494 5523 distractio,
2556 5474 2797 5513 arearum
2860 5459 3104 5514 cluSIella
3159 5470 3483 5527 reserantur,

1919 5567 2225 5608 mancorum
2260 5553 2525 5620 marsupia
2558 5552 2863 5620 replentur;
2894 5552 3167 5621 Sponsalia
3197 5562 3484 5622 erogantur

1917 5645 2227 5714 crepundia,
2268 5651 2323 5696 et
2372 5644 2489 5696 creti
2540 5650 2916 5711 comparantur
2961 5644 3221 5707 triclinia;
3255 5657 3318 5695 ac
3347 5644 3471 5698 dum

1920 5737 2132 5792 carnale
2174 5738 2426 5805 stirpatur
2455 5736 2825 5804 patrimonium
2848 5776 2861 5801 ,
2908 5736 3185 5805 spirituale
3209 5747 3489 5790 exercetur

1922 5830 2349 5886 mercimonium.
2382 5826 2577 5885 Verum
2605 5842 2699 5898 pro
2729 5826 3033 5897 hujusmcdi
3065 5826 3295 5897 negotio,
3330 5841 3486 5895 βρυτι-
