4214 6564
736 473 835 525 1ιὸ

1534 457 1589 511 s.
1635 427 1993 509 ALDllEl..\il
2026 445 2305 506 OPERUM
2354 442 2525 499 rans
2569 440 2629 497 ll.
2672 471 2742 483 —
2780 438 3210 497 TRACTATUS.

3911 447 4010 502 iii

733 604 823 643 ses
857 582 1142 642 iratundiae
1170 580 1370 633 facibus
1406 576 1785 629 inﬂammatur.
1815 572 2092 626 Pascasins
2122 564 2308 621 consul
2339 564 2385 621 A
2416 563 2625 629 apicem
2660 560 2888 615 feliciter
2918 559 3242 628 perveniret.
3291 553 3497 609 JuStina
3530 566 3659 608 vero
3694 565 3800 607 non
3834 553 4010 605 solum

737 680 993 734 uibuniva
1039 681 1298 742 potestate
1347 668 1532 731 frctus,
1568 667 1676 719 acri
1721 678 1919 733 angore
1965 660 2215 719 afficitur,
2250 670 2314 708 co

735 772 871 839 quod
920 767 1116 820 Christi
1166 760 1422 814 tiruncula
1470 800 1484 823 ,
1537 773 1634 809 nec
1677 767 1981 809 sermonum
2033 749 2315 805 severitate

735 861 1008 928 castigata,
1064 869 1162 908 nec.
1213 852 1465 906 lononum
1517 848 1687 901 fallaci
1725 844 1994 899 lenocinio
2026 842 2239 903 tradita,
2284 853 2312 890 a

737 956 904 1023 rigido
949 947 1271 1020 virginitatis
1324 942 1596 1012 proposito
1644 940 1851 1007 penitus
1901 935 2096 989 inﬂecti
2128 929 2311 995 valuit,

735 1021 980 1114 quamvis
1029 1042 1253 1097 testibus
1284 1037 1485 1108 lfmdL,
1533 1031 1789 1097 restibusl
1844 1029 2194 1083 constrictam
2244 1021 2313 1077 ad

735 1137 1050 1193 detestabile
1082 1133 1453 1204 prostibulum,
1487 1135 1540 1181 et
1592 1128 1819 1179 invisum
1849 1124 2068 1187 lupanar
2098 1125 2313 1172 scorto-

738 1248 853 1287 rum
897 1230 1107 1284 traberc
1141 1226 1221 1278 vel
1276 1224 1490 1277 trudere
1534 1221 1848 1273 niterenmr.
1896 1213 1999 1268 Sed
2047 1217 2311 1271 sanctam,

736 1327 803 1379 ab
842 1325 983 1376 omni
1037 1333 1313 1385 magorum
1362 1315 1609 1369 machina
1661 1311 1878 1363 illtesam
1925 1315 1977 1360 et
2009 1302 2310 1370 aruspicum

740 1413 1120 1482 superstitione
1149 1406 1614 1463 incontaminatam
1639 1401 1833 1455 Christi
1865 1398 2029 1452 tutela
2061 1392 2310 1464 protexit.

742 1510 1022 1562 l‘ostrcmo
1052 1500 1367 1558 furibundus
1407 1496 1588 1552 consul
1624 1490 1999 1547 ﬂauimivomis
2030 1483 2312 1539 assandam

738 1603 973 1656 turribus
1015 1596 1231 1653 tradidit
1259 1612 1270 1645 :
1303 1593 1373 1646 ita
1406 1598 1458 1644 ut
1500 1600 1629 1642 atra:
1662 1585 1793 1652 picis
1820 1580 2007 1634 oﬂulas
2035 1586 2091 1631 et
2121 1574 2313 1630 resinae

741 1697 1033 1747 fomentum
1067 1705 1183 1742 cum
1230 1683 1551 1738 scintillaute
1602 1677 1725 1731 oleo
1770 1686 2020 1741 rogorum
2072 1666 2313 1723 incendia

739 1784 1160 1838 cumularentur.
1214 1776 1319 1831 Sed
1354 1774 1468 1827 haec
1510 1769 1704 1825 divina:
1734 1765 2013 1833 potestatis
2060 1759 2317 1814 imbribus

739 1878 908 1944 sopita
957 1874 1105 1927 dicto
1154 1869 1312 1923 citius
1359 1866 1641 1918 tabucrunt
1686 1878 1695 1910 :
1744 1858 1903 1926 igitur
1952 1857 2104 1907 beata
2151 1849 2310 1903 Lucia

741 1922 908 1944 ³⁷Ἰ’“”“”
960 1922 1069 1927 VH"
1093 1922 1097 1923 ⁷
1170 1922 1173 1923 ⁷
1766 1922 1783 1926 ν

741 1969 909 2037 virgo,
944 1964 1092 2017 salvo
1122 1959 1340 2029 pudoris
1377 1952 1647 2022 signacqu
1692 1956 1745 2003 et
1776 1951 2146 1998 consummato
2192 1940 2313 1991 vitae
2352 1922 2393 1979 Β
2422 1928 2745 1993 miserescit,

1918 2036 1926 2037 ί
2254 2030 2265 2037 ⁸
2428 2036 2435 2037 κ
2470 2020 2483 2037 Ι
2514 2018 2579 2037 fn
2621 2021 2632 2037 Ι
2656 2025 2667 2037 ι

739 2056 1028 2120 curriculo,
1062 2051 1352 2121 gloriosum
1417 2040 1658 2111 martyrii
1713 2036 2044 2103 triumphum
2100 2030 2313 2091 meruit,

740 2153 863 2205 dum
899 2160 1157 2202 mucrone
1204 2140 1451 2196 confossa
1496 2135 1681 2188 maluit
1737 2141 2061 2198 purpurvum
2106 2121 2319 2190 sangui-

741 2259 862 2296 nem
910 2238 1130 2292 lundcre
1170 2248 1327 2302 quam
1377 2228 1661 2295 pretiosam
1712 2219 2023 2292 pudicitiam
2072 2214 2315 2282 perdere.

742 2337 848 2389 i‘icc
900 2345 1075 2387 tamen
1128 2334 1384 2381 cruentus
1433 2315 1668 2372 carnifex
1721 2313 2011 2365 obeuntem
2059 2305 2316 2370 virginem

739 2420 1157 2492 gratulabundus
1211 2411 1528 2480 coospcxit,
1580 2404 1672 2460 sed
1725 2411 2036 2457 catenarum
2093 2392 2319 2449 nexibus

740 2516 1067 2573 constrictus
1096 2518 1149 2564 et
1180 2508 1248 2560 ab
1274 2505 1418 2559 omni
1448 2498 1722 2555 Trinacria
1752 2505 1809 2547 ut
1838 2492 2099 2547 barbarus
2138 2484 2322 2556 przcdo

739 2618 820 2665 vel
853 2607 1084 2664 crudelis
1114 2601 1436 2667 archipirata
1481 2603 1691 2661 spretus
1723 2599 1835 2651 est;
1867 2586 1952 2653 qui
1985 2597 2104 2636 cum
2136 2579 2201 2634 ad
2235 2592 2324 2631 ur-

749 2708 869 2758 bem
898 2699 1106 2755 ltomnli
1156 2694 1338 2765 rigidis
1379 2687 1664 2744 collaribus
1707 2689 2072 2752 pra-gravatus
2102 2674 2323 2729 ducere-

747 2809 854 2861 tur,
881 2810 909 2849 a
937 2794 1174 2848 Romano
1200 2796 1389 2843 senatu
1422 2781 1700 2850 capitalem
1730 2775 1950 2830 sortitus
1980 2768 2322 2833 sententiam,

747 2886 971 2952 lugubre
1001 2881 1223 2950 pra-buit
1251 2874 1642 2945 spectaculum.

813 2975 926 3030 XLI
953 2974 989 3029 ι.
1025 2972 1262 3038 Denique
1289 2965 1494 3022 Justina
1542 2961 1759 3032 iustitia:
1790 2955 2070 3012 vernacula
2090 2995 2104 3019 ,
2145 2952 2211 3007 ab
2238 2964 2328 3005 or-

744 3066 992 3121 thodoxis
1033 3078 1135 3115 non
1166 3055 1554 3115 contemnenda
1585 3054 1767 3121 virgo,
1803 3064 1923 3103 cum
1969 3045 2327 3101 Diocletianus

744 3157 953 3227 imperii
1002 3155 1229 3222 sceptris
1277 3147 1559 3203 infeliciter
1614 3143 1961 3212 fungeretur,
1994 3146 2189 3207 quanta
2241 3132 2326 3189 vel

743 3251 918 3322 qualia
976 3246 1114 3316 apud
1171 3241 1505 3299 Antiochiam
1555 3251 1652 3306 pro
1708 3233 2012 3301 virginitate
2066 3226 2397 3322 servandac

744 3320 1048 3415 pertulerit,
1093 3337 1208 3406 quis
1239 3332 1493 3388 mediocri
1539 3326 1706 3382 fretus
1737 3322 1951 3390 ingenio
1993 3320 2243 3385 expedire
2269 3331 2325 3371 se

746 3450 904 3502 posse
931 3430 1185 3503 giorietur
1214 3426 1235 3479 ?
1268 3425 1318 3478 ni
1358 3429 1546 3477 cuncta
1578 3419 1848 3488 signorum
1880 3424 1931 3468 et
1962 3409 2324 3481 prodigiorum

746 3497 1066 3598 gestafquie
1090 3521 1389 3574 litterarmn
1426 3511 1665 3581 apicibus
1696 3511 1895 3561 incerta
1930 3504 2179 3572 leguntur
2210 3497 2329 3553 dili-

749 3591 936 3690 genter
963 3591 1231 3669 didicerit.
1264 3606 1435 3675 Quam
1470 3616 1641 3671 neque
1684 3612 1876 3667 procus
1901 3595 1968 3650 ab
2010 3591 2330 3663 integritatis

750 3728 872 3765 arce
895 3706 1203 3766 detrudere,
1246 3715 1344 3755 nec
1376 3697 1581 3763 magica
1624 3692 1987 3748 mali-ficorum
2019 3699 2332 3741 necroman-

751 3806 821 3855 tia
846 3801 1111 3855 ullatenus
1138 3794 1354 3847 vincere
1385 3786 1570 3841 valuit.
1601 3783 1706 3839 Sed
1739 3779 1915 3836 omnis
1947 3776 2331 3846 praestigiarum

749 3907 955 3952 scmna,
1004 3900 1161 3955 quam
1207 3882 1402 3937 callido
1450 3880 1818 3946 phantasmate
1870 3869 1986 3924 falsi
2043 3866 2334 3921 nebulones

750 3980 1222 4039 schematis-urunt,
1275 3980 1333 4026 ut
1376 3967 1552 4022 fumus
1579 3974 1904 4020 evanescens
1947 3955 2225 4025 disparuit,
2279 3962 2337 4009 ut

751 4093 869 4132 cera
900 4076 1201 4143 liquescens
1247 4062 1546 4126 emarcuit,
1580 4068 1636 4113 ut
1675 4058 1861 4112 umbra
1913 4053 2165 4107 fatiscens
2191 4050 2336 4104 dicto

754 4169 911 4222 citius
941 4160 1356 4219 dissolvebatur.
1398 4154 1543 4208 lianc
1592 4151 1807 4215 inquam
1858 4162 1976 4201 cum
2009 4144 2333 4215 Cyprianus,

758 4263 848 4330 qui
922 4273 1015 4327 per
1062 4253 1205 4309 idem
1254 4258 1465 4314 tempus
1506 4241 1812 4309 aruSpicum
1861 4235 2242 4291 celeberrimus
2287 4241 2340 4285 ct

756 4363 870 4424 post
900 4325 1242 4403 Zoroastren)
1293 4352 1344 4394 et
1371 4338 1640 4391 Simonem
1666 4344 1936 4399 magorum
1969 4325 2341 4397 praistantissi-

754 4462 872 4501 nius
892 4443 1050 4497 fuisse
1067 4441 1415 4495 memoratur,
1446 4426 1700 4482 adhibitis
1724 4423 1993 4479 leviatltan
2016 4419 2342 4489 argumentis

755 4536 1159 4605 stropbosisque
1209 4525 1585 4594 deceptionum
1645 4515 1956 4584 muscipnlis
2004 4512 2068 4567 ad
2125 4508 2340 4566 thalami

755 4630 1002 4699 copulam
1046 4633 1098 4678 ct
1143 4618 1389 4675 maritale
1436 4613 1765 4670 consortium
1815 4609 2031 4663 ﬂectere
2059 4606 2297 4673 nequiret

758 4725 901 4778 illico
961 4733 1054 4789 per
1100 4713 1453 4770 castissimam
1505 4706 1728 4761 .lnstina':
1776 4699 2136 4769 virginitatem
2166 4737 2182 4763 ,
2236 4709 2338 4764 qua

759 4827 948 4868 omnes
967 4821 1144 4865 rerum
1164 4801 1551 4861 contrariarum
1573 4796 1773 4871 [Badl.,
1789 4808 1935 4846 omn.
1954 4790 2340 4846 contrariarum

758 4901 1036 4974 virtututtt]
1066 4900 1339 4954 machinas
1368 4893 1733 4949 exterminans
1778 4884 2169 4946 eliminaverat,
2205 4878 2343 4932 invi:

761 5011 903 5055 ctum
933 4971 1131 5050 Christi
1163 5002 1421 5058 tropatum
1451 4994 1506 5039 et
1556 4978 1824 5036 incluctab
1850 4977 1899 5031 le
1924 4974 2194 5037 bravium,
2222 4971 2347 5026 licet

760 5103 997 5162 paganus
1035 5082 1325 5153 prudenter
1356 5074 1652 5132 intellexit:
1687 5071 1759 5124 lta
1797 5082 2045 5138 prorsus,
2097 5074 2155 5120 tit
2200 5074 2348 5118 actu-

765 5195 878 5238 tum
923 5175 1287 5235 ecclesiastico
1327 5170 1628 5227 exorcismo
1664 5164 2021 5220 catecbilatus
2068 5170 2123 5216 et
2166 5170 2348 5230 partu-

764 5272 953 5329 rientis
980 5270 1165 5340 gratia:
1205 5265 1360 5318 vulva
1393 5263 1446 5315 in
1493 5257 1807 5325 baptisterio
1856 5263 2224 5323 regeneratus,
2258 5250 2347 5304 ubi

766 5369 847 5421 bis
876 5365 991 5420 seni
1021 5362 1104 5417 vel
1145 5360 1225 5415 bis
1257 5358 1392 5413 terni
1443 5352 1637 5421 gradus
1669 5351 2021 5414 collocantur,
2060 5348 2349 5402 catholico-

767 5470 887 5509 rum
937 5452 1166 5509 canibus
1210 5447 1595 5506 ascisceretur,
1651 5449 1915 5510 quatenus
1956 5439 2041 5506 qui
2077 5450 2349 5506 magorum

711 5593 717 5599 .
773 5546 1042 5602 molimina
1080 5541 1315 5597 funditus
1336 5545 1603 5593 everteret
1633 5543 1681 5588 et
1718 5532 2024 5586 medullitus
2056 5544 2121 5582 an
2145 5528 2348 5593 itterct,

778 5656 925 5695 versa
950 5641 1066 5693 vice
1097 5647 1450 5703 supernorum
1482 5636 1811 5682 sacramenta
1832 5625 2038 5677 cmlittts
2065 5637 2353 5691 Cognosce-

777 5742 857 5783 ret
884 5742 935 5783 ct
962 5730 1270 5782 cilicii-retur
1302 5721 1598 5790 impavidus
1633 5717 1971 5787 pr'edicatur,
1996 5713 2084 5783 qui
2109 5712 2206 5768 fuit
2236 5728 2353 5782 pcr-

775 5823 922 5873 vicax
971 5818 1093 5873 fidei
1122 5818 1442 5883 rebagator.
1474 5811 1655 5876 sicque
1688 5824 1779 5875 per
1822 5814 2071 5874 scptenns
2104 5804 2355 5858 Ecc'esie

778 5910 972 5979 gradus
1002 5906 1252 5979 paulatim
1286 5902 1563 5976 proficiens
1608 5899 1670 5954 ad
1718 5911 1982 5952 summum
2012 5910 2043 5966 p
2067 5895 2349 5950 in'iﬁcatus

2417 653 2735 722 integritatis
2787 650 2953 721 gloria
3006 650 3112 705 fine
3162 659 3315 703 tenus
3363 644 3730 700 favorabiliter
3781 642 4009 712 praedita

2416 745 2738 814 permansit,
2801 742 3147 797 vertimetiam
3198 738 3264 793 ad
3304 736 3687 805 capessendam
3739 733 4010 802 passionis

2419 838 2651 903 palmam
2691 836 2976 887 adamante
3002 829 3434 886 duriordirersis
3464 835 3855 882 tormentorum
3882 837 4010 876 cru-

2414 927 2642 981 ciatibus
2685 934 2954 979 macerata
3005 936 3109 977 non
3152 921 3345 984 cessit,
3387 918 3509 988 quia
3560 916 3776 971 invicta
3807 914 4008 968 mentis

2416 1015 2727 1071 fundamina
2785 1028 3121 1084 nequaquam
3176 1010 3415 1066 arenosis
3467 1007 3756 1063 sablonum
3806 1005 4005 1075 glareis

2420 1109 2557 1162 ultro
2606 1107 2846 1174 citroque
2895 1103 3224 1160 nutabundis
3269 1097 3603 1166 subdiderat,
3656 1097 3753 1151 sed
3801 1096 4005 1150 editam

2415 1201 2547 1256 aula.-
2577 1210 2920 1264 structuram,
2952 1206 3010 1253 ut
3060 1197 3148 1252 ille
3190 1196 3407 1265 sapiens
3445 1206 3603 1263 quem
3632 1189 4006 1259 evangelicum

2415 1293 2670 1351 describit
2708 1291 3022 1356 oraculum,
3080 1286 3471 1343 robustissima:
3513 1295 3681 1354 petra:
3712 1282 4002 1351 imposuit,

2416 1399 2535 1452 quae
2560 1382 2685 1436 dum
2718 1382 2898 1436 crudis
2922 1391 3205 1433 nervorum
3237 1375 3420 1444 ﬂagris
3450 1373 3677 1428 truciter
3704 1373 4008 1427 caederetur

2421 1484 2474 1525 et
2492 1474 2697 1527 crebris
2722 1472 2914 1541 palmai
2929 1485 3014 1526 um
3032 1463 3879 1533 contunsionibusexalaparetur,
3892 1469 4009 1513 tan.

2419 1564 2539 1618 dem
2572 1563 2622 1618 in
2656 1562 2978 1632 sartagiuem
3002 1560 3230 1615 ferream
3255 1571 3385 1613 sevo
3409 1565 3462 1611 et
3486 1556 3601 1624 pice
3626 1553 4004 1620 crepitantem,

2419 1664 2476 1708 ut
2529 1653 2581 1708 in
2627 1662 2776 1707 tanto
2826 1660 3095 1707 tormento
3143 1648 3431 1703 tenerrima
3481 1646 3632 1714 virgo
3666 1652 4006 1706 terreretur,

2419 1744 2672 1800 scandere
2694 1744 2841 1814 iussa
2869 1752 2972 1798 est.
3007 1740 3113 1797 Sed
3129 1740 3373 1793 Christus
3387 1734 3676 1792 clementia
3699 1746 3798 1788 sua
3824 1731 4005 1798 solita,

2421 1851 2521 1904 qua
2562 1834 2918 1889 mediocribus
2951 1832 3237 1887 consulens
3285 1839 3338 1883 et
3380 1826 3625 1883 contritis
3650 1822 3818 1879 corde
3865 1824 4009 1877 ultro

2789 1924 3117 1980 ﬂammantis
3161 1922 3265 1977 foci
3296 1927 3614 1989 potestatem
3658 1918 4007 1982 compressit,

2420 2020 2483 2075 ad
2514 2018 2688 2092 [Bold.
2714 2061 2729 2085 ,
2763 2027 2816 2071 et
2851 2013 2939 2089 ad]
2970 2017 3217 2087 inclytam
3262 2012 3492 2068 numinis
3521 2011 3600 2065 sui
3638 2008 3867 2080 gloriam
3894 2007 4004 2061 vir-

2422 2114 2610 2183 gineos
2636 2120 2786 2166 artus
2826 2110 2895 2164 ab
2944 2106 3207 2177 ingruenti
3237 2105 3517 2174 sartaginis
3543 2103 3708 2157 exitio
3748 2109 4004 2169 potenter

2422 2205 2671 2273 protexit.
2725 2203 3003 2256 Postremo
3049 2196 3271 2253 Claudio
3322 2194 3533 2250 Caesare
3588 2196 3864 2247 ultroneos
3908 2191 4006 2245 Dei

2423 2310 2681 2369 martyres
2723 2296 2974 2365 ergastuli
3022 2291 3378 2363 squalloribus
3418 2297 3689 2346 cruciante
3727 2298 3781 2343 et
3817 2286 4010 2343 edictis

2421 2390 2725 2445 crudelibus
2748 2388 2813 2441 ad
2845 2386 3191 2442 delubrorum
3221 2382 3568 2438 caremonias
3614 2390 3839 2449 cogente
3884 2393 4009 2433 sen-

2424 2483 2641 2537 tentiam
2682 2476 3053 2534 decollationis
3091 2475 3381 2542 accipiens,
3435 2486 3540 2526 una
3588 2486 3710 2526 cum
3738 2469 4009 2540 Cypriane

2424 2587 2528 2655 non
2553 2572 2661 2641 jam
2691 2567 3051 2625 necromantia
3088 2563 3247 2629 freto,
3278 2564 3370 2619 sed
3403 2561 3707 2632 pontificatu
3741 2560 3970 2629 praedito
3989 2599 4006 2624 ,

2426 2654 2772 2721 Sacrosancto
2820 2659 3023 2734 [Bodl.,
3072 2654 3420 2726 sacrosancti]
3450 2654 3655 2711 cruoris
3701 2662 3854 2709 ostro
3881 2666 4008 2722 pur-

2424 2757 2681 2829 parescit.

2500 2844 2683 2902 XLIV.
2707 2843 2843 2913 Quid
2876 2856 3005 2897 vero
3032 2841 3242 2898 beatam
3275 2837 3564 2908 Eugeniam
3594 2835 3781 2906 loquar
3813 2847 4009 2904 peren-

2427 2939 2510 2994 nis
2542 2937 2806 3006 pudicitite
2834 2935 2992 2991 sertis
3022 2944 3330 2989 coronatam
3364 2940 3418 2985 et
3448 2928 3655 2983 ﬂorida:
3686 2926 4009 2996 virginitatis

2427 3029 2622 3085 vexillo
2644 3037 2922 3092 armatam,
2948 3040 3065 3095 qua:
3080 3038 3200 3079 cum
3224 3022 3418 3077 litteris
3440 3018 3747 3076 liberalibus
3771 3018 4007 3081 imbuta,

2430 3135 2615 3175 onmes
2646 3116 3086 3188 philosophorum
3115 3112 3459 3185 syllogismos
3487 3117 3544 3165 et
3592 3106 3804 3177 Epicuri
3831 3117 4011 3161 sectas

2432 3220 2591 3281 atque
2619 3206 2916 3263 Aristotelis
2954 3214 3288 3276 argumenta,
3320 3201 3585 3271 simulque
3614 3198 4012 3270 quinquennem

2430 3305 2729 3361 Stoicorum
2784 3297 3190 3355 taciturnitatem
3231 3296 3464 3366 perfecte
3510 3292 3666 3363 juxta
3718 3292 4017 3362 suphisma-

2431 3405 2539 3451 tum
2567 3392 2880 3460 disciplinas
2910 3390 3209 3457 didicisset,
3248 3402 3279 3441 a
3313 3385 3557 3453 Philippo
3588 3392 3736 3453 patre
3760 3380 4014 3447 interpel-

2429 3487 2557 3552 lata,
2587 3494 2640 3539 ct
2666 3498 2696 3537 a
2726 3497 2887 3553 proco
2924 3479 3199 3551 generosis
3243 3486 3364 3533 orto
3393 3475 3653 3529 natalibus
3697 3471 3763 3525 ad
3798 3473 4015 3539 nuptias

2438 3579 2625 3649 petita,
2659 3575 2727 3632 ob
2755 3574 3017 3645 potiorem
3048 3568 3375 3641 virginitatis
3420 3566 3644 3636 gloriam
3666 3602 3682 3629 ,
3727 3571 3787 3617 ut
3822 3575 4015 3630 spurca

2433 3667 2766 3739 sterquilinia
2794 3664 3025 3735 sprevit,
3054 3672 3111 3717 ut
3147 3659 3380 3731 projecta
3406 3656 3583 3730 [Βυάι.
3613 3670 3714 3708 om.
3751 3651 4012 3723 projecta]

2435 3763 2732 3831 peripserna
2762 3757 3103 3825 contempsit,
3138 3764 3196 3809 ut
3236 3751 3549 3807 cacabatum
3582 3746 3746 3802 fume
3784 3744 4019 3815 fuliginis

2435 3863 2790 3910 atramentum
2834 3849 3130 3913 exhorruit,
3159 3856 3212 3902 et
3252 3843 3318 3899 ad
3350 3853 3644 3897 maternum
3677 3844 3875 3892 sancta:
3924 3836 4019 3891 Ec-

2436 3950 2614 4004 clesias
2643 3944 2906 4015 gremium
2935 3949 3115 4012 spreto
3144 3941 3408 3995 basterna:
3431 3930 3698 3996 vehiculo,
3738 3936 3796 3984 et
3820 3927 4020 3983 relictis

2446 4040 2801 4110 parasitorum
2860 4030 3196 4102 pedisequis,
3246 4025 3470 4100 geminis
3512 4031 3715 4078 tantum
3759 4023 4019 4075 comitata

2444 4130 2768 4200 spadonibus
2797 4124 3051 4197 perrexit.
3069 4124 3250 4192 Ibique
3267 4117 3599 4188 baptismatis
3621 4122 4019 4169 sacramentum

2444 4232 2795 4294 perceptura,
2844 4233 2907 4273 ac
2949 4214 3262 4274 emnobiatis
3291 4213 3491 4268 militia:
3518 4209 3868 4281 tyrocinium,
3916 4222 4019 4263 non

2441 4315 2771 4371 muliebriter
2792 4310 3096 4380 qttmsitura,
3120 4307 3256 4361 rasis
3279 4307 3604 4359 cincinorum
3626 4300 3903 4355 criuiculis
3926 4299 4022 4353 sub

2446 4416 2662 4460 tonsura
2680 4403 2955 4457 masculini
2982 4414 3141 4455 sexus
3161 4406 3343 4453 contra
3354 4397 3471 4465 jura
3494 4403 3695 4447 natura:
3715 4402 4021 4445 sanctorum

2444 4499 2672 4554 cratibus
2720 4501 3072 4564 aggregatur,
3122 4500 3177 4546 et
3219 4489 3517 4543 militonum
3554 4482 3748 4538 (ΞΜ-ἰειί
3796 4482 4021 4536 catervis

2316 4647 2331 4672 ,
2365 4612 2413 4672 ο
2446 4591 2560 4644 sine
2589 4588 2847 4644 castitatis
2876 4582 3127 4639 cicatrice
3152 4580 3299 4635 salvo
3329 4575 3544 4647 pudoris
3571 4572 3842 4645 signaculo
3861 4573 4021 4625 ascis-

2445 4684 2603 4735 citur.
2634 4679 2801 4745 Quam
2831 4691 2950 4753 cum
2992 4672 3165 4729 omnis
3212 4670 3495 4740 parentelze
3525 4665 3607 4737 pia
3656 4664 4021 4735 propinquitas

2446 4787 2497 4830 et
2530 4770 2806 4829 familiaris
2832 4768 3090 4823 clientela:
3118 4763 3412 4819 domestica
3463 4757 3770 4814 sollicitudo
3796 4754 4022 4810 fortuitis

2445 4867 2747 4933 ademptam
2775 4863 2985 4916 casibus
3007 4856 3377 4920 arbitraretur,
3405 4863 3458 4907 et
3483 4850 3624 4905 velut
3651 4848 4019 4917 Proserpinam

2447 4962 2531 5031 (ut
2552 4969 2823 5028 poetarum
2856 4953 3106 5023 figmenta
3138 4950 3312 5005 ferunt
3349 4959 3379 4999 a
3410 4945 3632 5000 Plutone
3658 4951 3862 5011 raptam
3896 4941 4023 5008 ιιι-

2449 5051 2710 5125 crymosis
2738 5045 3058 5115 singultibus
3087 5040 3381 5111 lugubriter
3408 5037 3814 5097 lamentaretur,
3844 5033 4020 5086 statim

2449 5162 2478 5202 a
2503 5143 2806 5215 pitltonibus
2826 5148 2879 5196 et
2907 5135 3239 5205 aruspicibus
3259 5147 3389 5187 vana
3413 5128 3657 5184 falsitatis
3677 5125 4022 5182 deliramenta

2451 5236 2824 5309 garrientibus,
2856 5230 2947 5301 qui
2974 5229 3074 5283 sibi
3106 5241 3215 5297 prae
3244 5220 3451 5279 caeteris
3478 5219 3792 5275 mortalibus
3833 5219 4025 5273 frustra

2452 5308 2726 5385 latentium
2750 5338 2924 5379 rerum
2946 5319 3185 5389 peritiam
3213 5313 3559 5383 atlpluudunt,
3579 5308 3769 5365 stolida
3791 5309 4025 5363 consalu

2452 5421 2714 5495 p0poscit.
2758 5416 2954 5470 Verum
3005 5410 3109 5466 illis
3169 5406 3354 5462 frivola
3402 5402 3710 5471 scrupulum
3763 5402 4024 5454 moventia

2453 5512 2919 5584 contingentibus,
2980 5521 3099 5577 quas
3152 5500 3458 5573 prOphetica
3502 5497 3727 5551 veritate
3776 5496 4028 5548 verac‘tcr

2456 5615 2701 5663 carerent
2728 5598 2929 5677 [Bodl.,
2961 5590 3275 5664 caruerint],
3303 5592 3457 5647 solita
3486 5587 3783 5644 Salvatoris
3800 5586 4028 5639 clemen-

2459 5704 2527 5757 tia
2567 5695 2907 5765 municipiutn
2956 5693 3008 5747 in
3062 5698 3242 5744 monte
3290 5686 3515 5752 positum
3566 5690 3621 5737 et
3673 5680 3911 5735 licbnum
3941 5677 4029 5731 sub

2458 5794 2638 5849 modio
2670 5795 3062 5848 coruscantem,
3089 5784 3226 5837 clam
3252 5776 3449 5835 diutius
3473 5775 3799 5830 delitescere
3820 5785 3923 5825 non
3953 5783 4027 5836 pa-

2460 5899 2607 5955 ttur,
2639 5884 2762 5940 dum
2808 5879 3011 5953 [fiorlf.,
3062 5870 3156 5939 de]
3191 5889 3334 5930 sa‘vo
3374 5869 3584 5926 infamis
3614 5867 3901 5923 calumnia:
3948 5866 4031 5917 int-
