4214 6548
214 443 307 497 HS

1346 435 1431 488 DE
1472 430 1813 489 L.\UDlBUS
1862 430 2337 491 VlllClNlTATlS.
3390 443 3481 496 li6

210 556 451 625 properio
493 554 705 609 latentis
762 550 1031 619 pudicitia:
1084 548 1410 617 praeconium
1467 547 1787 614 propalatur.
1819 542 1869 599 Δ
1901 548 2087 601 lllt'llCl‘
2116 554 2391 617 perculsus
2421 554 2685 619 occubuit,
2722 565 2771 609 et
2806 555 2959 610 veluti
2988 556 3090 609 Οιςι
3116 575 3292 613 arcam
3322 570 3481 611 testa-

206 650 455 716 Quatnvis
491 658 674 701 auctor
705 645 1026 715 integritatis
1070 645 1327 712 virginale
1361 658 1553 695 munus
1583 642 1795 694 clancu-

210 744 269 797 lis
302 742 575 796 occultare
605 740 821 793 latebris
851 738 1196 798 deliberaret,
1228 746 1281 789 et
1318 736 1510 787 divina:
1541 734 1796 786 duntaxat

209 834 500 901 majestatis
524 832 745 894 notitire,
778 832 861 883 cui
894 828 1072 882 abdita
1104 834 1431 881 secretorum
1458 840 1650 878 arcana
1677 840 1795 889 pro-

206 927 435 987 duntur,
479 923 750 987 cognitum
803 922 917 974 fore
947 927 1231 989 satageret.
1288 918 1417 971 Nam
1450 932 1568 971 cum
1618 918 1793 971 eidem

209 1018 459 1085 Eugenire
494 1017 680 1069 falsum
727 1014 1005 1082 prostibuli
1050 1023 1293 1081 stuprum
1325 1020 1379 1065 et
1411 1012 1677 1078 lupanaris
1712 1010 1792 1063 in-

206 1110 334 1165 cesti
370 1112 631 1178 piaculum
666 1110 915 1164 Melantia
946 1108 1095 1175 virgo
1125 1106 1355 1160 nominis
1387 1108 1649 1175 praesagio
1681 1116 1793 1159 tra-

205 1204 386 1268 ducta,
418 1202 726 1256 matronalis
757 1200 1026 1268 pudicitiae
1060 1199 1385 1253 obliviscens
1408 1242 1421 1265 ,
1453 1197 1612 1266 rinam
1642 1196 1798 1249 lasci-

206 1312 285 1349 va:
325 1297 669 1350 obscenitatis
705 1296 932 1348 ludibria
987 1294 1272 1357 carnisque
1310 1291 1572 1344 incentiva
1622 1286 1797 1343 illece-

205 1388 379 1441 brosis
408 1388 638 1440 stimulis
669 1388 963 1453 agitabant,
1010 1384 1283 1450 pellaciter
1312 1383 1610 1448 impingere
1638 1380 1799 1433 moli-

207 1487 370 1543 retur,
420 1481 561 1531 velut
610 1478 807 1531 ferrato
836 1477 1183 1544 apologetica:
1234 1475 1562 1527 defensionis
1609 1475 1795 1542 clypeo

204 1570 493 1623 retundens
520 1571 819 1636 stmpliosm
847 1567 1201 1621 accusationis
1232 1567 1527 1632 catapultas
1555 1564 1621 1616 de
1653 1564 1795 1616 falsi-

202 1661 325 1713 tatis
358 1661 599 1724 pharetra
636 1662 863 1726 prolatas
910 1662 960 1711 in
1011 1660 1151 1726 ipsos
1180 1673 1207 1709 a
1237 1658 1427 1723 quibus
1474 1657 1789 1720 diriguntur,

204 1752 455 1814 retorsit;
491 1751 627 1817 quod
657 1758 833 1803 textus
883 1749 1041 1801 libelli
1075 1746 1327 1814 Eugenim
1362 1747 1579 1798 uberius
1603 1746 1795 1811 cxpltto

201 1854 314 1905 nat,
343 1843 788 1912 quemadmodum
822 1842 1109 1908 antiquitus
1137 1841 1462 1897 Susannam.
1488 1856 1605 1891 cum
1635 1838 1794 1891 fabri-

204 1944 417 1986 catores
445 1932 727 1984 falsitatmn
756 1934 927 1998 potius
951 1947 1107 1997 etiam
1134 1932 1430 1999 pre~byteri
1455 1931 1790 1995 p0pnlorutn,

200 2038 337 2091 quos
389 2024 703 2076 adulterina:
758 2023 1077 2075 titillatiouis
1116 2022 1291 2074 calcar
1342 2022 1528 2073 incesti
1573 2021 1795 2073 crimine

200 2118 543 2179 cruentabat,
578 2116 790 2169 dissona
822 2130 1131 2167 sermonum
1180 2114 1505 2179 procacitate
1540 2110 1795 2163 fallaciter

200 2208 513 2261 insimulare
560 2208 1013 2270 machinarentur,
1048 2205 1228 2259 densis
1273 2205 1513 2267 dirisque
1558 2203 1792 2269 lapidum

200 2300 461 2354 imbribus
497 2301 669 2354 obruti
699 2300 911 2353 crudele
935 2301 1119 2353 mortis
1149 2299 1509 2366 speetaculum
1544 2296 1788 2365 prmbue-

198 2404 355 2459 runt;
391 2403 447 2447 ut
486 2394 675 2447 merito
709 2392 1110 2460 Psalmographi
1139 2392 1404 2445 sententia
1436 2393 1502 2444 de
1529 2401 1793 2443 utrarum-

198 2503 304 2553 que
362 2490 631 2555 prosperis
685 2488 807 2539 vitze
865 2486 1207 2540 suciressibus
1258 2485 1605 2539 bistorialiter
1662 2499 1791 2553 qua-

199 2578 361 2633 drare
389 2588 443 2634 et
472 2594 765 2646 congruere
792 2580 1061 2643 videatur;
1084 2579 1328 2647 quamvis
1349 2580 1415 2631 de
1437 2578 1793 2644 Redemptore

195 2670 490 2723 secundum
522 2686 794 2739 auagogcn
835 2669 1122 2721 vaticinata
1154 2668 1438 2721 credatur:
1486 2668 1786 2720 [murreu-

195 2769 319 2811 runt
349 2760 400 2810 in
432 2774 511 2811 me
540 2766 685 2811 tester
715 2758 899 2827 iniqui,
930 2768 979 2810 et
1008 2758 1219 2809 mentita
1268 2765 1340 2808 est
1390 2758 1627 2825 iniquitas
1656 2758 1751 2809 sibi
1774 2773 1793 2818 ;

199 2861 253 2903 et
280 2850 430 2917 quasi
464 2865 558 2918 p'o
586 2850 685 2903 hac
716 2850 1099 2903 calumniarum
1131 2848 1455 2902 contumelia
1478 2890 1491 2912 ,
1524 2863 1682 2916 quam
1716 2849 1795 2902 itt-

197 2952 384 2996 sontes
414 2956 441 2994 a
475 2940 755 2994 fallacibus
788 2941 1037 3003 tolerant,
1087 2948 1208 3007 apta
1237 2939 1550 2993 vicissitudo
1601 2954 1780 3008 sequa-

198 3044 319 3097 tur,
372 3034 649 3087 Psalmista
699 3036 767 3089 ita
820 3034 1224 3104 promulgante:
1277 3032 1440 3088 Credo
1465 3034 1633 3088 videre
1660 3035 1789 3088 bona

193 3122 410 3177 Domini
440 3125 491 3177 in
517 3136 649 3177 terra
680 3126 975 3180 viventium.

1902 643 2087 702 menti,
2113 643 2198 694 ubi
2226 644 2365 712 virga
2399 644 2737 711 pontificalis,
2769 663 2885 715 qua:
2910 648 3244 711 fronducrat,
3274 664 3324 703 et
3350 669 3481 705 urna

1900 749 2056 787 aurea
2091 734 2291 787 cmlesti
2326 752 2545 790 munere
2577 736 2770 789 referta
2799 742 3060 809 simulque
3086 742 3277 795 tabula:
3310 743 3475 796 Duca—

1902 826 2001 893 lcgE
2032 826 2218 878 litteris
2241 827 2478 892 sulcatr,
2513 830 2950 895 recondebantur,
2980 836 3212 901 profanis
3236 836 3482 886 manibus

1898 919 2209 985 contingere
2265 933 2368 970 non
2423 932 2699 983 metuens,
2754 923 2896 975 il?ico
2946 925 3238 978 innuaturm
3296 929 3483 979 ttiOt‘liS

1900 1007 2185 1063 vindictam
2217 1009 2463 1062 exsolvit.
2495 1010 2599 1063 Sed
2630 1028 2816 1067 rursus
2838 1013 2901 1066 ad
2951 1016 3208 1081 potiorem
3243 1016 3334 1069 Dci
3364 1016 3481 1083 glo-

1900 1103 2054 1164 riam,
2085 1113 2135 1154 et
2161 1104 2504 1156 iusultatorcs
2531 1104 2809 1158 catholicte
2834 1106 2975 1168 fidei,
3000 1107 3086 1175 qui
3110 1108 3480 1174 cogitavi-runt

1899 1194 2197 1257 consilium,
2236 1198 2375 1263 quod
2408 1212 2515 1249 non
2548 1207 2830 1263 potuerunt
2859 1199 3120 1264 stabilire,
3153 1198 3325 1252 balbis
3354 1199 3479 1252 buc-

1900 1301 2079 1339 carum
2104 1286 2311 1338 labellis
2338 1289 2769 1343 obmutescerent
2806 1299 2855 1342 et
2884 1292 3131 1357 porciuus
3156 1305 3478 1360 paganorum

1898 1378 2150 1444 strepitus
2201 1387 2385 1431 contra
2420 1379 2705 1432 immunem
2754 1380 3005 1433 ECClesl‘J}
3036 1382 3329 1433 castitatem
3380 1389 3480 1433 sa"-

1900 1469 2047 1521 viens
2072 1469 2337 1535 spumosis
2368 1468 2614 1523 dentibus
2655 1471 2849 1522 acriter
2878 1472 3133 1535 grunnire
3164 1472 3444 1525 desisteret
3466 1512 3479 1534 ,

1899 1563 2144 1615 cmndem
2176 1563 2409 1614 rediviva
2456 1564 2713 1629 sospitate
2744 1564 3030 1617 subnixum
3059 1564 3126 1617 de
3171 1563 3359 1617 inferni
3391 1580 3477 1615 vu-

1902 1653 2080 1719 ragine
2126 1653 2334 1705 reduxit
2381 1654 2444 1704 ad
2498 1655 2690 1705 lumina
2736 1656 2874 1717 vitm,
2916 1663 2972 1707 et
3014 1670 3136 1708 mox
3174 1669 3330 1707 roseo
3357 1671 3481 1722 pur-

1902 1748 2047 1812 purei
2080 1748 2286 1799 cruoris
2331 1748 2525 1799 rubore
2558 1746 2792 1815 perfusa,
2838 1745 3229 1801 immaculatatn
3262 1746 3481 1815 virgini-

1902 1840 2024 1890 tatis
2080 1838 2348 1891 victimam
2380 1839 2590 1892 Christo
2631 1838 2861 1893 offerens
2910 1840 3300 1907 martyrizaxit;
3330 1839 3484 1906 cujus

1903 1926 2081 1979 tumba
2114 1927 2163 1980 in
2188 1930 2497 1982 cmmeterio
2521 1928 2691 1994 posita
2724 1928 3091 1989 graviSsimam
3120 1927 3479 1980 Constantina:

1901 2020 2122 2087 virginis
2154 2022 2532 2087 Valetudinem,
2562 2024 2712 2086 cujus
2745 2024 3065 2075 mentionem
3098 2022 3232 2075 infra
3264 2037 3482 2074 caraxa-

1902 2112 2097 2174 bimus,
2129 2113 2271 2166 velut
2298 2114 2501 2167 cmlesti
2549 2114 2899 2167 medicamine
2932 2114 3091 2167 fetam
3130 2114 3480 2168 incolumitati

1902 2205 2137 2272 pristiam
2168 2205 2419 2259 restituit.

1970 2295 2150 2349 XLVI.
2177 2295 2389 2348 Necnon
2415 2295 2572 2349 etiam
2594 2296 2850 2361 gloriosas
2876 2294 3157 2348 illustrium
3187 2296 3477 2362 puellarmu

1901 2401 2176 2454 personas,
2222 2387 2397 2439 Tecla:
2454 2395 2507 2438 et
2558 2386 2775 2438 Eulalia:
2819 2386 2883 2438 ad
2930 2386 3156 2439 formam
3209 2386 3482 2453 virginalis

1898 2482 2135 2534 materia:
2178 2488 2555 2545 c0ngruentes,
2590 2480 2863 2547 prieterire
2898 2480 3291 2533 inCommodum
3323 2481 3478 2541 duxi;

1894 2588 2119 2643 quarunt
2170 2573 2327 2627 Tecla
2376 2574 2565 2627 devota
2614 2574 2807 2627 Christi
2860 2574 3188 2641 virguncula,
3227 2590 3347 2627 cum
3389 2574 3481 2627 de-

1896 2676 2145 2735 Sponsata
2197 2667 2366 2729 primo
2416 2668 2731 2733 pubesceret
2776 2682 2890 2720 τι)νο
2918 2676 2971 2721 et
3020 2667 3180 2721 castis
3214 2667 3481 2733 pudicitia:

1898 2758 2137 2813 moribus
2165 2758 2397 2810 nondum
2429 2759 2624 2811 lavacri
2658 2758 2967 2825 baptisterio
2997 2768 3177 2811 renata
3203 2759 3480 2811 adolesce-

1895 2858 2009 2917 ret,
2043 2849 2219 2903 autlita
2252 2852 2447 2919 egregii
2477 2852 2812 2919 dogmatista:
2840 2852 3080 2905 doctrina
3107 2852 3173 2906 de
3200 2855 3481 2921 integrita-

1897 2942 1962 2995 tis
1984 2944 2125 2997 deuo
2154 2942 2485 3007 disserentis,
2517 2960 2615 2998 nec
2641 2946 2897 2999 maternis
2928 2954 3110 2999 coacta
3141 2946 3481 3002 blandimen-

1897 3036 1986 3099 tis,
2018 3049 2117 3089 nec
2148 3034 2299 3089 Proci
2330 3039 2603 3102 compulsa
2637 3037 2900 3105 precibus,
2931 3038 2997 3091 ad
3030 3038 3167 3092 thori
3198 3040 3483 3095 cautuber-

1898 3127 2006 3190 nia,
2038 3137 2089 3181 et
2134 3126 2391 3193 nuptialia
2424 3127 2651 3179 triclinia
2682 3128 3001 3193 inclinatur;
3035 3144 3151 3196 qua:
3178 3139 3302 3185 ante
3332 3131 3483 3183 thea-

271 3215 436 3270 XLV.
463 3216 565 3269 Sed
597 3215 797 3288 [Bodl.,
830 3217 933 3271 Sed
964 3216 1038 3287 et]
1070 3233 1246 3287 operae
1288 3220 1511 3286 pretium
1553 3219 1789 3286 videtur,
1830 3238 1875 3306 ο
1905 3221 2066 3273 trales
2094 3217 2631 3288 spectaculiclatbros
2646 3219 2884 3275 cruentis
2899 3222 3206 3275 carnificum
3239 3224 3483 3276 manibus

195 3316 251 3361 ut
286 3308 577 3376 gloriosum
628 3308 849 3363 illustris
894 3310 1057 3378 Agna:
1097 3310 1372 3377 exemplar
1400 3311 1623 3367 caelibes
1656 3313 1792 3367 inte-

192 3398 409 3467 gritatis
434 3398 774 3453 armulatores
814 3407 869 3453 et
899 3399 1130 3453 carnalis
1156 3401 1430 3467 spurcitia:
1454 3412 1791 3470 contempo-

192 3507 290 3547 res
339 3492 559 3548 minime
603 3494 781 3547 lateat.
812 3495 1061 3561 Quinimo
1087 3497 1323 3563 ejusdem
1358 3498 1635 3565 virginalis
1664 3513 1787 3567 pro-

195 3586 361 3653 ι)οωὶιὶ
395 3586 739 3654 participibus
761 3598 813 3642 et
834 3598 994 3642 casta:
1020 3590 1319 3643 sodalitatis
1342 3592 1679 3646 consortibus
1708 3594 1788 3646 in-

195 3684 467 3739 notescat,
496 3692 613 3742 qua:
645 3693 740 3746 pro
784 3679 1090 3748 integritate
1114 3681 1373 3734 servanda
1396 3723 1409 3746 ,
1452 3697 1663 3736 onmem
1695 3698 1788 3737 or-

194 3778 575 3822 namentorum
608 3770 737 3837 glori
760 3787 829 3823 un
866 3786 894 3823 a
928 3770 1095 3826 l'roco
1124 3771 1354 3840 prazfecti
1399 3772 1508 3826 filio
1532 3774 1786 3837 oblatam,

188 3866 462 3928 quatenus
485 3860 657 3912 oblata
688 3861 996 3927 impetraret
1019 3862 1307 3927 connubia,
1342 3874 1397 3917 ut
1420 3864 1592 3918 lurida
1622 3864 1791 3919 feten-

189 3952 264 4006 tis
316 3952 511 4005 cloacae
561 3952 839 4005 volutabra
880 3963 1230 4007 contemnens
1280 3953 1649 4023 hujuscemodi
1704 3970 1789 4009 re-

187 4057 395 4109 spousa
439 4042 733 4097 reddidisse
763 4044 930 4097 fertur
961 4061 974 4097 :
1012 4045 1232 4099 Discede
1261 4060 1290 4098 a
1323 4062 1437 4111 me,
1472 4047 1640 4101 fomes
1670 4063 1789 4116 pcc~

189 4135 326 4197 cati,
358 4137 739 4190 nutrimentum
794 4136 1064 4203 facinoris,
1101 4138 1349 4206 pabulum
1402 4140 1613 4205 mortis,
1666 4140 1785 4207 quia

184 4228 307 4295 jam
355 4225 424 4279 ab
461 4226 567 4280 alio
614 4236 853 4281 amatore
883 4237 1147 4293 praeventa
1179 4243 1319 4294 sum,
1345 4231 1432 4297 qui
1463 4245 1548 4284 me
1582 4232 1781 4285 annulo

186 4316 320 4369 tidei
373 4330 483 4369 suae
524 4317 841 4388 subarravit,
897 4318 1248 4372 circumdedit
1291 4334 1376 4373 me
1432 4324 1785 4375 vernantibus

183 4416 357 4474 atque
384 4408 788 4461 coruscantibus
816 4410 1041 4474 gemmis
1088 4406 1287 4479 [Bodl.,
1332 4413 1559 4477 gemmis
1592 4414 1789 4478 pretio-

184 4500 293 4566 sis]
325 4537 340 4561 ,
369 4497 535 4551 induit
557 4512 642 4553 me
672 4499 891 4567 cyclade
920 4514 1049 4553 auro
1079 4509 1241 4562 texta,
1274 4501 1425 4569 cujus
1451 4512 1603 4571 pater
1632 4504 1786 4559 femi-

1903 3313 2100 3380 adlata,
2134 3322 2188 3367 ut
2224 3314 2488 3382 pudicitia:
2533 3314 2753 3382 praemio
2790 3314 3085 3382 privaretur
3113 3316 3270 3371 enixe
3312 3318 3485 3371 uiten-

1897 3405 2058 3467 tibus.
2092 3405 2142 3458 iu
2173 3405 2413 3473 disrupta
2445 3414 2620 3458 tamen
2652 3407 2910 3459 castitatis
2943 3408 3253 3475 crepundia,
3278 3417 3332 3463 et
3364 3425 3482 3474 pre-

1896 3499 2085 3549 tiosam
2119 3494 2436 3563 virginitatis
2474 3497 2662 3548 stolam
2696 3496 2832 3549 inter
2870 3511 3089 3550 severos
3146 3499 3354 3551 leonum
3387 3514 3481 3552 ru-

1894 3590 2029 3659 gitus
2078 3596 2130 3643 et
2189 3588 2391 3641 feroces
2442 3588 2635 3641 ursinre
2686 3590 2992 3656 rapacitatis
3034 3590 3216 3653 rictus,
3266 3590 3481 3643 Christo

1896 3682 2246 3750 patrocinium
2270 3688 2573 3746 prmstante,
2606 3679 2959 3733 inviolabilem
2990 3682 3347 3734 conservavit.
3374 3682 3481 3735 Sed

1895 3783 1946 3827 et
1973 3774 2291 3839 erepitantes
2313 3774 2609 3828 euermium
2638 3786 2884 3838 rogotuut
2917 3781 3091 3824 turres
3116 3781 3169 3825 et
3199 3772 3484 3825 semiustas

1896 3877 2145 3930 pyrarum
2177 3861 2376 3913 faculas
2405 3859 2642 3915 ecclestis
2668 3860 2968 3914 clementiae
3014 3859 3251 3913 fontibus
3291 3861 3486 3915 restiu-

1892 3963 2004 4004 ωας
2038 3951 2323 4004 incolumis
2349 3964 2411 4002 ac
2438 3964 2625 4015 sospes
2652 3950 2879 4002 feliciter
2904 3950 3094 4003 evasit.
3130 3950 3331 4003 Eulalia
3358 3968 3485 4005 vero

1893 4042 2089 4109 duplici
2118 4042 2339 4109 praedita
2369 4042 2660 4109 triumpho,
2710 4049 2763 4094 et
2792 4043 3004 4109 gemino
3042 4054 3227 4095 ornata
3281 4052 3482 4110 U'tlpd‘ll

1892 4149 2108 4188 cursum
2160 4144 2593 4187 consummatum
2646 4144 2697 4186 et
2752 4133 2910 4186 fidem
2963 4146 3236 4188 servatura
3278 4138 3481 4188 coeli-sti

1894 4225 2203 4279 inscribitur
2249 4226 2392 4278 albo.
2439 4224 2569 4277 Nam
2622 4234 2739 4291 post
2787 4225 3127 4295 rumigerulte
3165 4226 3487 4296 virginitatis

1891 4316 2134 4383 gloriam,
2167 4331 2272 4383 qua
2299 4317 2531 4370 carnalis
2558 4317 2755 4369 cloaca:
2788 4316 3069 4383 spurcitias
3107 4317 3401 4379 exhorruit,
3434 4330 3487 4369 ct

1894 4409 2147 4473 nuptialis
2177 4408 2381 4475 copula:
2428 4408 2783 4461 contubernia
2831 4409 3053 4477 sprevit,
3084 4408 3148 4461 ad
3196 4408 3482 4477 gloriosam

1892 4501 2132 4568 martyrii
2166 4501 2391 4566 palmam
2424 4499 2649 4551 feliciter
2681 4500 2945 4565 pervenit.

184 4602 319 4641 nam
352 4589 538 4651 nescit,
584 4588 737 4657 cujus
782 4598 955 4642 mater
1009 4590 1161 4659 virgo
1191 4600 1289 4653 est,
1342 4593 1427 4645 cui
1469 4594 1639 4660 angeli
1676 4608 1789 4648 ser-
1822 4589 1869 4647 D
1967 4589 2171 4643 XLVII.
2220 4590 2385 4643 Porro
2431 4591 2762 4645 Scholastica
2813 4607 2876 4645 ac
2905 4591 3170 4645 Cltristina
3217 4591 3484 4658 simulque

184 4682 378 4745 viunt,
423 4682 573 4749 cujus
630 4682 1082 4750 pulchritudinem
1115 4686 1193 4738 sol
1234 4695 1290 4739 et
1334 4686 1455 4740 luna
1503 4690 1785 4744 mirantur.

188 4775 259 4829 Et
290 4774 413 4827 licet
445 4773 600 4842 bujus
631 4776 704 4829 rei
744 4776 911 4843 gratia
941 4775 1005 4828 ad
1042 4776 1267 4830 invisum
1300 4779 1580 4846 prostibuli
1628 4780 1783 4851 lupa-

187 4880 313 4929 nar,
350 4864 437 4918 ubi
466 4877 769 4918 scortorum
802 4866 1115 4921 detestanda
1149 4868 1455 4922 obscenitas
1487 4870 1783 4924 bacchatur

188 4955 403 5027 [Bodl.,
448 4955 830 5026 debacchatur]
879 4967 933 5011 et
976 4958 1211 5012 frontosa
1261 4960 1785 5027 mtecharumimpu-

189 5047 380 5101 dentia
429 5047 651 5115 turpiter
698 5056 1003 5115 stuprator,
1038 5050 1102 5103 ad
1153 5050 1347 5105 iulame
1376 5052 1602 5106 dedecus
1635 5066 1786 5105 nata-

190 5140 328 5192 lium
386 5140 615 5206 propriis
667 5154 824 5193 cxuta
880 5142 1119 5196 vestibus
1173 5144 1475 5199 truderetur
1526 5163 1537 5198 :
1611 5155 1784 5200 tamen

185 5246 423 5285 corusco
454 5231 698 5284 immensi
732 5232 947 5286 luminis
978 5234 1262 5302 splendore
1290 5236 1478 5288 vallata
1531 5238 1786 5306 angelicis

186 5326 387 5379 fruitur
431 5325 809 5392 conspectibus
841 5335 893 5379 et
924 5330 1094 5395 peplis
1125 5328 1352 5383 donatur
1380 5330 1663 5383 dominicis
1691 5348 1704 5383 :
1753 5348 1785 5383 ο

185 5423 393 5484 quanta
422 5424 505 5468 est
536 5415 835 5471 furibunda:
866 5417 1099 5472 libidinis
1123 5418 1395 5485 ferocitas,
1425 5431 1477 5475 et
1502 5436 1532 5474 e
1572 5422 1785 5477 diverso

189 5516 396 5577 quanta
418 5516 501 5559 est
530 5510 854 5563 reconciliati
886 5511 1103 5578 pudoris
1122 5511 1320 5580 pictas!
1348 5512 1475 5565 Nam
1506 5527 1623 5565 cum
1653 5531 1786 5581 prae-

188 5600 340 5653 fatus
368 5602 712 5653 obscenitatis
735 5610 962 5664 amator,
992 5601 1221 5656 ﬂammis
1243 5604 1545 5658 carnalibus
1564 5620 1786 5659 succcn-

190 5707 308 5756 sus,
354 5693 575 5758 lupanar
606 5707 727 5745 cum
760 5693 1033 5747 sodalibus
1080 5695 1343 5749 scelerum
1384 5696 1778 5764 aggrederetur,

193 5795 253 5835 ut
288 5784 475 5849 virgini
506 5784 885 5838 sacratissima
916 5798 1106 5853 spurca
1158 5786 1401 5840 lenocinii
1452 5787 1673 5840 ludibria
1710 5790 1784 5841 la-

198 5879 311 5931 bris
338 5877 653 5947 procacibus
683 5878 957 5948 irrogaret,
991 5880 1223 5935 t.‘0:lC‘.‘lis
1256 5882 1344 5937 ita:
1382 5898 1633 5936 mucrone
1667 5898 1781 5950 pcr-

1895 4682 2162 4737 Dorothea
2203 4683 2339 4749 apud
2373 4682 2661 4736 Ciesariam
2694 4683 2917 4736 oriunda
2950 4684 3000 4736 in
3035 4684 3304 4752 provincia
3345 4683 3482 4748 Cap-

1895 4774 2151 4841 padociaz,
2178 4775 2299 4827 licet
2330 4776 2528 4843 dispari
2564 4776 2879 4828 Siccniurum
2908 4775 3047 4827 serie
3078 4782 3481 4841 sequestrate-th

1894 4875 1997 4927 tur,
2028 4865 2139 4931 pari
2189 4873 2365 4918 tamen
2411 4864 2729 4933 integritatis
2776 4864 2906 4917 tiara
2946 4879 2975 4918 a
3006 4864 3220 4917 Christo
3249 4878 3479 4915 corona—

1891 4958 2102 5010 bantur.
2139 4958 2373 5023 Quarum
2410 4958 2577 5024 prima
2610 4957 2711 5011 sub
2750 4956 3102 5011 confessionis
3134 4955 3309 5020 titulo,
3358 4956 3481 5009 licet

1890 5060 2125 5102 cruente
2159 5049 2423 5116 passionis
2448 5051 2659 5104 occasio
2685 5050 2963 5115 defuisset,
2996 5053 3046 5103 in
3074 5050 3347 5103 consortio
3388 5063 3478 5100 ea—

1890 5145 2205 5199 tholicorurn
2252 5146 2587 5199 laudabiliter
2628 5145 2872 5213 degebat,
2900 5156 2954 5198 et
2987 5145 3037 5197 in
3071 5154 3175 5197 tam
3222 5142 3481 5209 prmcelso

1892 5238 2133 5305 puritatis
2180 5238 2388 5305 fastigio
2432 5238 2747 5303 fulmiuavit,
2779 5247 2835 5289 ut
2883 5251 3001 5290 cum
3052 5236 3239 5289 unicus
3270 5250 3479 5303 germa-

1890 5345 2008 5393 nus,
2043 5342 2201 5395 quem
2233 5327 2471 5381 subnixis
2501 5329 2743 5394 precibus
2777 5326 2931 5379 unius
2964 5326 3135 5378 noetis
3176 5325 3479 5389 intercape-

1889 5420 2063 5472 dinem
2097 5427 2399 5484 Opporttme
2447 5426 2784 5485 poposcerat,
2817 5416 3192 5482 obtemperare
3246 5416 3476 5481 pertina-

1889 5514 2019 5566 citer
2098 5510 2487 5571 reluctaretur,
2566 5510 2746 5561 statim
2814 5508 3045 5577 profusis
3121 5507 3477 5572 lacrymaruut

1890 5604 2122 5657 fontibus
2149 5602 2489 5655 Serenitatem
2524 5601 2739 5653 mthetis
2772 5600 2821 5653 in
2854 5600 3201 5663 procellarum
3238 5600 3477 5652 tttrbincs

1890 5702 2225 5749 commutans
2250 5701 2301 5745 et
2332 5702 2559 5745 tomtrna
2596 5694 2808 5759 fragore
2848 5692 3129 5745 horrisono
3158 5692 3340 5744 orbem
3373 5702 3477 5746 tri-.-

1893 5800 2120 5842 mentem
2166 5789 2416 5840 terrentia
2455 5787 2749 5848 t‘UlttjllJIfS,
2782 5786 3043 5853 simulque
3080 5786 3329 5853 igniferas
3363 5785 3475 5835 ful-

1893 5882 2091 5935 tuiutnu
2141 5888 2535 5934 ttoruscttioacs
2586 5879 2836 5939 ψώρας,
2885 5878 3071 5932 mirum
3124 5876 3318 5931 mundo
3351 5894 3474 5943 spe.
