4214 6532
767 429 864 480 Ηῗ

1587 427 1642 478 S.
1689 424 2039 478 Αιυιιεωιι
2082 423 2362 478 Oi‘ElLUM
2408 420 2582 477 PARS
2624 423 2686 476 II.
2728 453 2798 462 —
2837 422 3276 479 TRACTATL'S.

3939 428 4041 480 ηε

761 542 1020 596 ctaculum
1055 539 1326 598 exhibuit;
1360 535 1590 588 secunda
1625 547 1801 590 autem
1836 538 1886 589 in
1923 545 2124 588 tantum
2157 535 2348 589 divinae
2380 539 2428 596 Α
2456 534 2788 590 ConSIantini
2840 537 2944 590 ﬁlia
2995 538 3352 604 imperatoris,
3399 538 3486 607 qui
3537 553 3632 604 per
3663 541 3801 594 idem
3837 550 4046 605 tempus

759 633 1035 686 charitatis
1083 630 1266 683 faculis
1311 642 1556 688 accensa,
1588 630 1746 681 etiam
1776 637 2059 694 antequam
2105 627 2348 693 baptismi

761 727 1055 778 rudimenta
1081 721 1336 790 suscipert
1361 730 1398 785 ι,
1435 720 1599 774 fuisse
1626 731 1973 784 memoratur,
2001 731 2054 772 ttt
2077 721 2252 772 Statim
2286 720 2350 773 ab

759 818 1042 871 undecimo
1073 815 1244 866 tctatis
1272 827 1439 876 anno,
1473 811 1714 864 fanatica:
1746 809 1950 879 [Budl.,
1987 809 2348 879 profanat‘ca‘]

756 907 1149 975 Superstitionis
1171 902 1527 970 contemptrix
1553 911 1604 954 et
1627 915 1982 966 snpernorum
2010 903 2348 953 decretorum

756 997 945 1049 cultrix
979 994 1255 1048 evstiti~se
1288 1003 1558 1054 narretur;
1587 990 1739 1059 cujus
1771 1000 1918 1059 piter
1953 991 2000 1040 itt
2025 990 2218 1056 palafio
2241 1007 2350 1041 ma-

761 1092 912 1160 gistri
947 1091 1171 1143 militum
1203 1088 1378 1142 ofﬁcio
1408 1086 1652 1155 fungens,
1689 1100 1807 1138 cum
1833 1084 2074 1137 eamdem
2109 1086 2345 1139 sobolem

757 1197 908 1235 suam
944 1181 1250 1236 liberalibus
1281 1178 1675 1247 sephismatum
1721 1176 2014 1244 disciplinis
2064 1176 2346 1240 imbueret,

757 1288 960 1331 turrem
992 1274 1162 1328 eidem
1197 1271 1392 1326 minaci
1425 1270 1740 1339 proceritate
1783 1269 1831 1322 in
1874 1269 2018 1322 edito
2052 1279 2345 1338 porrectam

757 1378 811 1422 et
840 1368 960 1420 forti
1007 1366 1182 1419 liturae
1234 1377 1488 1431 compage
1537 1370 1900 1415 constructam
1946 1363 2116 1415 cidem
2170 1360 2342 1429 Ηίυιίί.

759 1476 866 1512 om.
901 1455 1095 1525 eidem]
1129 1456 1318 1509 erexit.
1348 1454 1400 1508 In
1422 1469 1522 1523 qua
1551 1467 1670 1506 cum
1699 1453 1775 1508 bis
1800 1453 1944 1506 senis
1974 1453 2165 1518 puellis
2196 1452 2345 1519 iuxta

760 1550 920 1602 ritum
954 1548 1482 1616 indigitamentorum
1514 1544 1768 1612 thytniam
1798 1557 1826 1595 a
1875 1543 1976 1596 diis
2007 1551 2064 1596 ut
2111 1543 2348 1597 adoleret

757 1649 810 1693 et
841 1640 1151 1693 holocausta
1185 1638 1541 1703 thuriﬁcaret,
1587 1648 1617 1687 a
1657 1645 1804 1704 patre
1835 1635 2058 1688 culturis
2105 1636 2349 1689 delubro-

760 1747 875 1782 rmn
927 1731 1106 1782 dedito
1161 1729 1462 1782 inconsulte
1511 1736 1818 1797 cogeretur;
1872 1726 1965 1780 sed
2023 1742 2140 1780 cum
2189 1742 2246 1780 se
2283 1727 2347 1780 ab

760 1822 908 1874 unica
940 1820 1044 1873 ﬁlia
1090 1821 1282 1875 merito
1311 1831 1544 1888 spretum
1583 1819 1951 1883 comperisset,
1989 1826 2040 1870 et
2066 1817 2347 1870 deanratas

2462 627 2710 695 tripartiti
2741 627 2921 679 mttndi
2953 629 3316 682 ntonarchiam
3363 632 3631 697 prosperis
3699 634 4046 685 SUCCPSaibIIS

2454 718 2782 784 gubernasse
2814 718 3160 786 dignoscitur,
3195 733 3370 773 nonne
3397 729 3615 774 cunctas
3657 723 4042 788 propemodum

2454 807 2815 862 Romanorum
2847 819 3130 876 prauorum
3178 811 3332 872 ﬁlias,
3364 825 3682 879 omnemque
3712 825 3853 879 pene
3880 827 4041 879 gene-

2452 915 2627 954 rosam
2661 901 2900 954 feminini
2933 917 3091 955 sexus
3123 901 3360 955 sobolem
3393 917 3452 954 ac
3486 904 3898 970 pulcherrimam
3942 920 4038 971 pu-

2453 993 2674 1047 bertatis
2709 993 2961 1057 indolem,
3009 993 3223 1046 famoso
3273 995 3589 1061 virginitatis
3635 1011 3854 1050 rumore
3891 1012 4038 1051 com-

2459 1095 2626 1152 perto,
2659 1085 2721 1137 ad
2749 1084 3008 1138 culturam
3041 1083 3353 1138 Christiana:
3393 1086 3661 1154 religionis
3694 1097 3747 1141 et
3778 1103 4035 1142 Coronam

2451 1176 2708 1230 castitatis
2739 1175 3009 1240 colIOquio
3041 1175 3297 1240 inritavit,
3331 1190 3576 1232 sermone
3627 1178 3813 1240 suasit,
3855 1195 4037 1234 exem-

2454 1268 2539 1336 plo
2566 1265 2873 1335 inStigatit?
2909 1266 3272 1328 Itadut.taxat,
3309 1278 3363 1320 ttt
3385 1284 3831 1338 unamquamque,
3858 1285 4036 1340 spreto

2454 1358 2668 1426 nuptiali
2706 1358 2937 1412 thalamo
2986 1368 3037 1412 et
3088 1359 3314 1411 maritali
3370 1361 3520 1413 luxus
3549 1365 3894 1428 commercio,
3925 1379 4037 1418 caa-

2454 1449 2602 1504 Icstts
2631 1449 2813 1516 Sponsi
2846 1450 3126 1517 amplexus
3155 1451 3362 1504 enixius
3392 1461 3651 1521 satagere,
3680 1461 3734 1506 et
3763 1453 3900 1507 inter
3929 1457 4037 1508 vir-

2453 1543 2601 1611 gines
2631 1542 2902 1609 sapientes
2935 1557 3052 1595 cusn
3103 1541 3336 1608 Iimp7dis
3383 1543 3708 1613 lampadibus
3749 1560 4037 1614 properare

2452 1635 2606 1686 ducta
2657 1633 2846 1686 crebro
2895 1632 3123 1700 suspiria
3176 1633 3487 1700 faterentur,
3539 1638 3676 1703 quod
3708 1637 3914 1706 plenius
3969 1640 4037 1694 de

2451 1725 2857 1779 conversatione
2930 1725 3068 1778 illius
3139 1725 3334 1792 Scripta
3393 1725 3725 1793 dogmatibus
3780 1731 4033 1797 opuscula

2453 1817 2708 1888 produnt,
2734 1817 2886 1884 cujus
2914 1815 2989 1870 rei
3021 1817 3195 1882 Attica
3227 1826 3278 1871 et
3309 1820 3541 1871 Artemia
3575 1818 3783 1872 illibata:
3813 1819 4033 1887 virgini-

757 1912 1168 1966 siutulacrorutn
1199 1911 1401 1979 efﬁgies
1449 1909 1594 1962 Jovis
1640 1908 1845 1961 scilicet
1877 1917 1929 1962 et
1968 1908 2248 1975 Apollinis,
2276 1910 2346 1960 si.
2385 1893 2424 1950 Β
2455 1918 2594 1975 tatis,
2624 1917 2885 1984 pudicitia;
2919 1915 3158 1970 ﬂorentis
3185 1955 3198 1977 ,
3232 1915 3360 1969 satis
3399 1917 3618 1970 evidens
3657 1915 4033 1970 documentum

759 2006 971 2072 mulqtte
1005 2003 1230 2057 Venetis
1283 2013 1592 2068 stuprorum
1624 2001 1912 2065 amatricis,
1959 2001 2259 2054 minutatim
2295 2001 2344 2054 in

757 2093 924 2146 frusta
966 2093 1266 2148 canit-actas
1317 2089 1941 2155 attimadverteret,illico
1988 2089 2197 2144 diversa
2240 2101 2348 2143 tor-

757 2195 1063 2238 mentorum
1096 2198 1292 2252 genera
1325 2183 1564 2235 eamdi-tn
1603 2182 1762 2233 liliatn
1811 2189 2096 2233 vexaturus
2145 2180 2345 2250 [Bodl.,

757 2273 1085 2345 vexaturas],
1112 2283 1361 2330 cruentus
1383 2271 1620 2326 carnifex
1645 2281 1700 2326 et
1722 2273 2054 2326 truculentus
2085 2273 2343 2340 parricida

760 2372 936 2438 potius
985 2383 1142 2438 quam
1191 2373 1310 2436 pius
1349 2376 1495 2435 pater
1527 2367 1820 2420 crudeliter
1857 2365 2210 2419 machinatur.
2244 2363 2346 2417 Ve—

761 2470 1056 2514 rumtamen
1091 2474 1241 2512 meus
1268 2457 1375 2510 Deo
1406 2458 1603 2521 dedita,
1635 2471 1734 2510 nec
1759 2456 1934 2509 olidos
1958 2454 2346 2524 ergasmlorum

758 2554 1036 2622 squalores
1085 2550 1368 2615 horrescit,
1413 2549 1813 2618 ηεοβςοιηιιυηι
1843 2549 1983 2601 collo
2024 2561 2345 2608 connexum,

757 2656 812 2700 et
852 2645 1073 2699 marinis
1104 2642 1395 2714 gurgitibus
1435 2642 1746 2696 immersum
1779 2639 2033 2709 pavescit,
2064 2653 2160 2692 nec
2197 2637 2348 2691 sudi-

759 2740 858 2792 bus
887 2737 1177 2791 crudeliter
1223 2735 1512 2790 tenerrima
1561 2733 1797 2787 membra
1849 2731 2176 2786 caedentibus
2216 2729 2350 2783 mol-

761 2829 932 2888 lescit,
965 2842 1061 2882 nec
1103 2827 1310 2880 venusti
1340 2825 1526 2896 capitis
1569 2823 1910 2888 deformatio,
1943 2823 2187 2891 quamvis
2218 2824 2350 2874 flava

757 2921 1008 2976 cmsaries
1039 2921 1316 2975 raderetur
1345 2927 1400 2972 et
1431 2933 1525 2986 per
1552 2917 1821 2987 publicum
1858 2915 2133 2970 decalvata
2173 2916 2352 2970 trahe-

760 3021 930 3077 retur,
959 3020 1157 3066 statum
1204 3008 1387 3064 cordis
1435 3007 1675 3062 inclinat.
1717 3007 1823 3060 Nec
1871 3006 2072 3059 torrida
2121 3003 2348 3058 fornacis

761 3104 1006 3158 incendia
1039 3101 1308 3156 Chaldaici
1342 3099 1637 3168 t-egnatoris
1669 3098 1943 3153 machinas
1970 3097 2350 3166 atquiparantia

761 3195 1059 3266 obstupuit,
1097 3211 1196 3250 nec
1222 3203 1516 3249 venenatos
1545 3192 1787 3259 aspidum
1817 3192 1981 3246 rictus
2009 3205 2145 3259 quas
2196 3190 2348 3244 Marsi

761 3286 1179 3340 incantatiooum
1211 3284 1536 3338 carminibus
1568 3282 1868 3345 irritabant,
1900 3280 2172 3350 pavefacta
2207 3281 2349 3347 puel-

765 3378 872 3430 lula
902 3374 1258 3444 pertimescit;
1295 3374 1400 3427 imo
1426 3377 1537 3427 htec
1563 3375 1740 3426 omnia
1764 3371 1976 3426 Christo
2001 3371 2348 3441 patrocinium

764 3477 1071 3535 praestante,
1099 3467 1253 3520 salvo
1276 3465 1497 3535 pudoris
1525 3466 1795 3526 thesauro,
1817 3463 2040 3517 feliciter
2061 3466 2350 3532 superavit.

764 3563 1047 3615 Postremo
1077 3559 1304 3628 geminis
1335 3557 1660 3625 spicularum
1697 3555 2007 3609 vulneribus
2036 3555 2272 3609 saucia'a
2299 3565 2353 3610 et

763 3665 1032 3718 purpureo
1079 3647 1294 3718 perfusa
1349 3661 1539 3701 cruore
1585 3660 1681 3714 pro
1725 3645 1936 3700 Christo
1969 3645 2348 3714 martyrizavit.

763 3741 995 3794 'I'ertiam
1026 3753 1159 3794 vero
1189 3753 1308 3794 cum
1339 3738 1612 3807 Sapricius
1650 3737 2071 3791 orthodoxorum
2103 3746 2354 3791 cruentus

763 3828 1002 3881 carnifex
1035 3841 1138 3881 non
1170 3827 1344 3881 solum
1374 3825 1438 3880 ad
1473 3825 1702 3894 nuptias,
1727 3825 1818 3878 sed
1846 3824 1910 3877 ad
1938 3822 2195 3878 nefandas
2220 3840 2352 3892 quo-

764 3936 869 3989 que
899 3921 1160 3975 idolorum
1204 3925 1441 3976 culturas
1466 3932 1518 3974 et
1551 3921 1757 3985 ineptas
1789 3918 2062 3986 gentilium
2093 3933 2351 3973 eteremo-

766 4016 884 4069 nias
931 4029 1122 4076 cogere
1170 4014 1434 4082 nequiret,
1466 4011 1744 4066 confestim
1778 4011 2090 4066 furibundus
2127 4021 2353 4066 catasta-

768 4121 888 4159 rum
919 4104 1289 4159 crudelitatem
1321 4102 1584 4166 exercuit,
1615 4101 1801 4155 lividas
1834 4102 2124 4170 palmarum
2155 4103 2354 4156 vibices

769 4198 1032 4260 exhibuit,
1067 4205 1328 4250 torrentes
1359 4193 1723 4262 lampadarutn
1770 4194 2010 4247 ﬂammas
2049 4194 2350 4262 applicavit.

770 4291 986 4342 Duabus
1016 4303 1226 4356 quoque
1256 4285 1489 4350 feminis,
1524 4299 1640 4354 quae
1672 4300 1840 4352 nuper
1869 4299 1896 4338 a
1939 4283 2042 4338 ﬁde
2071 4286 2353 4354 naufraga-

768 4389 974 4440 verant,
1009 4388 1117 4432 eta
1158 4376 1352 4431 Christi
1399 4375 1671 4429 consortio
1715 4385 2162 4444 apostataverant,
2209 4390 2355 4429 eam-

769 4473 890 4523 dem
927 4467 1138 4522 tradidit
1167 4466 1585 4534 depravandatn,
1610 4469 1700 4519 sed
1725 4481 1875 4519 versa
1902 4466 2016 4519 vice
2044 4467 2351 4520 earumdem

2451 2009 2738 2063 declarant.
2782 2007 3013 2074 Quarum
3047 2008 3253 2077 genitor
3276 2005 3598 2071 Gallicanos,
3621 2009 3744 2060 dum
3771 2007 4036 2062 Constan-

2453 2102 2593 2154 tiuns
2628 2101 2925 2154 Constantii
2960 2099 3098 2153 ﬁlius
3130 2101 3180 2153 in
3212 2098 3501 2164 Britannia,
3525 2114 3590 2152 ex
3615 2100 3802 2166 pellice
3836 2101 3966 2153 Hcle
4005 2114 4036 2153 a

2451 2193 2682 2259 genitus,
2713 2191 2937 2258 sceptris
2967 2189 3172 2258 imperii
3201 2190 3492 2257 potiretur:
3521 2191 3692 2242 nullus
3715 2190 3765 2242 in
3791 2189 4032 2242 Romana

2453 2282 2759 2338 mouarchia
2799 2282 3136 2350 prtestantior
3167 2280 3396 2346 exsﬁtit,
3436 2289 3489 2335 et
3517 2295 3672 2349 quem
3712 2280 3886 2336 solum
3922 2297 4034 2349 pra:

2452 2373 2696 2428 omnibus
2728 2372 3014 2426 tribunitiae
3063 2371 3340 2438 potestatis
3386 2370 3630 2438 personis
3665 2379 3718 2424 et
3751 2385 4033 2437 procerum

2455 2463 2852 2533 magistratibus
2907 2461 3276 2529 dignissimum
3328 2468 3476 2514 ratus
3523 2469 3602 2516 est
3646 2460 3726 2515 cui
3769 2459 4034 2514 Constanu

2455 2555 2617 2607 tinam
2651 2553 2814 2622 regali
2849 2553 3093 2621 prosapia
3122 2554 3351 2620 genitam
3385 2561 3601 2619 propter
3628 2551 3892 2607 secundos
3920 2553 4035 2606 bel-

2453 2647 2622 2699 lorum
2653 2653 2876 2698 eventus
2905 2649 2958 2697 et
3005 2654 3292 2711 prosperos
3332 2641 3713 2709 triumphorum
3753 2654 4034 2695 successus

2455 2735 2676 2804 nuptiali
2708 2734 2832 2788 dote
2863 2731 3190 2793 subarraret,
3213 2741 3266 2785 et
3289 2730 3352 2785 ad
3373 2731 3578 2800 copulze
3603 2732 4030 2797 contubernium,

2454 2829 2498 2882 si
2527 2843 2703 2882 rerum
2750 2827 2885 2881 ratio
2933 2835 3222 2895 pateretur,
3250 2825 3615 2893 desponsaret,
3646 2833 3793 2878 eruta
3833 2825 4029 2880 radici-

2455 2927 2537 2972 tus
2570 2933 2896 2987 paganorum
2921 2919 3128 2970 cultura
3170 2915 3237 2969 ad
3278 2915 3432 2969 ﬁdem
3460 2914 3774 2970 catholicam
3805 2930 4034 2970 conver-

2452 3020 2544 3060 sus
2573 3019 2676 3072 est,
2706 3005 2790 3073 qui
2823 3006 2969 3059 solus
2989 3019 3048 3060 ea
3083 3013 3398 3073 tempestate
3435 3003 3696 3074 Scythica:
3724 3005 3896 3074 gentis
3926 3006 4034 3059 im-

2455 3104 2656 3164 petum,
2710 3111 2829 3164 quae
2877 3109 2998 3148 cum
3044 3095 3251 3148 infinito
3299 3094 3464 3149 duelli
3505 3105 3756 3164 apparatu
3796 3110 3824 3148 a
3855 3095 4035 3150 Circio

2456 3187 2800 3256 proﬁciscens
2827 3187 3174 3241 Thraciarum
3223 3187 3526 3255 provincias
3572 3188 3838 3244 hostiliter
3866 3204 4036 3259 pepu-

2458 3278 2684 3342 labatur,
2718 3280 2952 3346 perferre
2983 3278 3218 3346 potuisse
3246 3277 3581 3333 credebatur.

2529 3388 2712 3443 XLIX.
2743 3388 2837 3442 llis
2890 3389 3050 3456 igitur
3096 3388 3328 3457 prmfatis
3375 3387 3633 3456 virginum
3663 3389 3909 3453 catervis,
3943 3405 4038 3445 ne-

2457 3494 2720 3548 quaquam
2755 3477 3056 3532 Eustochia:
3087 3487 3141 3532 et
3185 3477 3534 3532 Demetriadis
3562 3479 3816 3533 virtutum
3849 3495 4034 3533 rumu-

2456 3571 2655 3635 sculus,
2691 3569 2779 3638 qui
2831 3569 3027 3636 passim
3061 3582 3154 3635 per
3185 3568 3448 3637 Europam
3472 3569 3818 3623 crebrescens
3844 3569 4039 3622 diffun-

2456 3662 2621 3726 ditur,
2658 3676 2687 3714 a
2717 3659 2915 3712 nostris
2941 3660 3236 3713 litterarum
3267 3659 3533 3714 schedulis
3560 3673 3611 3714 et
3641 3660 3848 3727 apicum
3872 3660 4040 3726 picta-

2460 3751 2601 3804 tiolis
2631 3751 2951 3818 excipiatur,
2975 3764 3198 3818 quarum
3229 3751 3371 3818 prior
3401 3749 3704 3804 favorabilis
3728 3750 3830 3803 ﬁlia
3861 3749 4038 3804 Paula:

2457 3855 2509 3898 et
2540 3843 2707 3897 beatae
2741 3842 2965 3895 Blesillae
2997 3855 3246 3911 germana
3277 3841 3410 3895 adeo
3440 3841 3575 3909 apud
3605 3841 3905 3896 Occidentis
3937 3846 4040 3895 im-

2458 3935 2663 4002 perium
2687 3931 2867 3986 solerti
2899 3930 3154 3985 librorum
3182 3931 3393 3999 ingenio
3419 3931 3635 4000 praedita
3657 3931 3866 3996 claruit,
3895 3941 3957 3984 ut
3987 3930 4038 3985 in

2456 4025 2881 4080 Orthodoxorum
2931 4023 3289 4088 bibliothecis,
3337 4024 3426 4077 ubi
3472 4024 3810 4094 sagacissima
3853 4023 4040 4077 Iliero-

2458 4119 2602 4187 nymi
2635 4125 2935 4171 commenta
2965 4116 3278 4182 recitantur,
3310 4116 3450 4170 illius
3479 4131 3687 4186 quoque
3715 4117 3890 4185 opinio
3919 4131 4038 4172 cre-

2459 4209 2551 4263 bra
2585 4209 2834 4262 lectionis
2863 4207 3179 4261 assiduitate
3207 4205 3528 4276 divulgetur,
3562 4208 3825 4276 siquidem
3861 4210 4037 4262 sexies

2461 4310 2605 4354 terna
2634 4300 2717 4354 vel
2759 4309 2841 4353 ter
2884 4313 3009 4354 sena
3040 4299 3092 4354 in
3136 4298 3303 4354 Esaia:
3334 4299 3639 4354 vaticinium
3672 4299 3940 4354 Volumina
3971 4301 4034 4353 ad

2458 4390 2700 4444 eamdem
2749 4391 3005 4452 virginem
3055 4390 3258 4458 prolixa
3302 4405 3605 4444 sermonum
3653 4393 3792 4444 serie
3836 4391 4037 4444 deseri.

2461 4480 2680 4544 buntur,
2710 4482 2802 4535 sed
2843 4490 2898 4534 et
2942 4479 3152 4536 residua
3200 4482 3574 4536 canonicarum
3605 4483 4034 4536 commentariola

772 4562 1060 4632 probrosas
1109 4568 1468 4628 apostatarum
1498 4559 1774 4613 cicatrices
1804 4559 2146 4626 pmnitudinis
2186 4560 2354 4614 medi-
2387 4595 2437 4656 Β
2465 4569 2863 4638 Scripturarum
2894 4586 3010 4640 qua:
3033 4570 3282 4639 praefatus
3305 4572 3498 4624 diving
3525 4571 3650 4640 legis
3676 4573 3958 4640 interpres,
3985 4582 4039 4626 ει

775 4665 1020 4707 camcnto
1051 4654 1118 4706 ita
1150 4653 1434 4706 salubriter
1465 4653 1688 4716 curatit,
1722 4663 1776 4704 ut
1803 4651 1977 4704 statim
2003 4651 2187 4705 ordine
2227 4667 2358 4720 prte-

778 4760 992 4816 postcro
1041 4748 1331 4801 doctricem
1397 4746 1663 4815 propriam
1720 4745 1783 4798 ad
1837 4745 2076 4814 martyrii
2133 4745 2360 4814 palmam

775 4839 1158 4905 praecederent.
1195 4837 1390 4891 Verum
1441 4851 1561 4890 cum
1605 4837 1949 4904 egrederetur
1975 4837 2194 4890 crudele
2225 4849 2362 4903 prte-

779 4929 1014 4995 torium,
1071 4929 1372 4998 Theophilo
1443 4943 1563 4982 cum
1619 4927 1956 4987 cachinnanti
2028 4927 2365 4981 cavillatione

779 5022 1053 5089 flagitanti,
1083 5030 1140 5074 ut
1169 5021 1236 5075 de
1265 5019 1514 5090 paradiso
1543 5021 1724 5088 sponsi
1750 5017 2002 5081 caelestis,
2031 5019 2096 5072 ad
2125 5034 2283 5086 quem
2308 5033 2365 5072 se

779 5128 1067 5181 properare
1097 5113 1382 5176 fatebatur,
1418 5121 1564 5182 grata
1597 5111 1863 5166 fructuum
1895 5112 2208 5166 munuscula
2240 5113 2364 5164 mit—

781 5214 941 5271 teret,
981 5203 1122 5273 quod
1171 5218 1291 5257 cum
1335 5204 1614 5257 calumnia:
1654 5203 1931 5273 gannitttra
1981 5205 2266 5270 prolatum,
2313 5204 2366 5257 in

783 5294 1004 5346 veritate
1029 5293 1352 5363 completum
1381 5303 1482 5348 est.
1515 5293 1644 5346 Nam
1679 5291 1844 5360 pridie
1870 5305 2029 5361 quam
2073 5302 2362 5359 pateretur,

785 5395 840 5439 et
888 5387 1122 5441 cruentis
1166 5387 1512 5441 mucronibus
1565 5387 1851 5440 truncanda
1885 5387 2218 5448 subderetur,
2268 5387 2365 5442 tria

790 5477 925 5530 tuala
960 5493 1082 5530 cum
1111 5479 1392 5544 purpureis
1421 5477 1637 5531 totidem
1664 5477 1798 5530 rosis
1825 5478 1887 5530 ad
1915 5478 2159 5531 eumdem
2192 5478 2366 5533 Theo-

789 5570 989 5638 philum
1037 5571 1335 5625 destinasse
1381 5571 1716 5632 describitur,
1748 5572 1856 5638 qui,
1889 5571 2044 5636 hujus
2091 5568 2164 5623 rei
2203 5571 2368 5638 gratia

790 5663 1019 5729 propriae
1049 5660 1384 5715 occasionem
1421 5661 1605 5715 salutis
1633 5663 1876 5730 adeptus,
1900 5660 2207 5716 rubicundis
2231 5675 2371 5714 mar-

793 5752 912 5822 tyrii
941 5754 1096 5806 sertis
1122 5753 1494 5808 coronabatur.

867 5863 1094 5921 XLVIII.
1144 5863 1486 5921 Constantina
1531 5867 1883 5934 integrrrima:
1936 5865 2143 5918 virtutis
2202 5862 2366 5930 virgo,

2469 4662 2652 4715 matris
2682 4662 2899 4716 solertia
2925 4671 2980 4715 et
3016 4661 3236 4730 virginis
3267 4663 3570 4731 compulsus
3600 4663 3858 4717 industria
3882 4665 4036 4717 desu-

2465 4751 2628 4817 davit,
2663 4754 2907 4806 universa
2952 4752 3257 4820 singillatim
3288 4767 3703 4809 commemorare
3754 4766 4033 4824 pertmsunt

2465 4854 2569 4913 est,
2601 4860 2719 4915 quae
2749 4855 2944 4899 vestrae
2967 4845 3266 4914 sagacitatis
3291 4845 3678 4913 philosOpbiam
3724 4861 3818 4913 per
3850 4857 4032 4914 paten-

2467 4949 2547 4994 tes
2595 4938 2848 4991 librorum
2893 4949 3112 5004 campos
3157 4936 3500 4989 corsitantetn
3547 4947 3880 5004 nequaquam
3911 4935 4034 4990 deli-

2468 5043 2671 5088 tescere
2700 5046 2840 5097 reor,
2870 5029 2954 5084 cui
2985 5031 3145 5084 etiam
3175 5028 3589 5083 exhortatoriam
3629 5027 3694 5081 de
3728 5027 4033 5096 Virginitate

2467 5124 2725 5181 servanda
2754 5123 3031 5190 insigniter
3055 5120 3222 5176 edidit
3249 5120 3581 5187 opusculum.
3615 5117 3914 5172 Secundam
3958 5132 4033 5171 νου

2468 5235 2550 5283 ro,
2575 5217 2735 5271 nobili
2759 5214 2942 5284 stirpis
2971 5214 3213 5284 prosapia
3239 5211 3542 5275 oriundam,
3568 5211 3618 5264 in
3654 5217 3854 5263 tantum
3885 5223 4032 5278 vaga-

2470 5309 2645 5363 bnnda
2702 5322 2974 5362 rumorunt
3033 5305 3297 5374 praeconia
3349 5303 3705 5364 extollebant,
3764 5313 3822 5354 ut
3878 5301 4029 5356 etiam

2472 5400 2842 5456 transmarinis
2874 5400 3166 5452 litterarum
3190 5395 3587 5450 characteribus
3618 5393 3842 5459 imbuta,
3875 5407 4032 5461 usque

2470 5494 2535 5547 ad
2578 5505 2842 5546 summum
2870 5491 3079 5544 virtutis
3124 5489 3346 5558 pbarum
3378 5487 3628 5556 virgineis
3655 5483 3858 5557 [Bodl.,
3884 5486 4032 5553 virgi-

2474 5584 2673 5655 uitatis]
2705 5584 3016 5638 meritorum
3050 5583 3298 5651 gradibus
3343 5578 3736 5634 cooscenderit.
3768 5576 4028 5644 Siquidem

2474 5676 2741 5745 ﬂagitante
2761 5673 3000 5743 ejusdem
3026 5672 3282 5742 genitrice
3305 5671 3548 5725 volumen
3569 5667 3772 5734 prolixa
3798 5678 3850 5722 et
3873 5666 4030 5733 lepida

2474 5781 2776 5820 sermomtm
2801 5765 2937 5818 serie
2965 5765 3242 5834 digestum,
3266 5761 3330 5816 ad
3359 5763 3624 5829 praefatam
3655 5758 3852 5812 Chiisti
3879 5757 4031 5810 tit-uno

2479 5859 2667 5922 culam,
2701 5857 2830 5911 citra
2863 5863 3075 5924 pontum
3107 5851 3364 5922 dhigitur,
3393 5852 3441 5906 itt
3471 5864 3572 5918 quo
3599 5847 3896 5904 rudimenta
3929 5855 4030 5895 me
