4214 6542
225 445 323 497 L59

222 563 369 615 illius
397 567 720 611 caraxantur
755 558 822 609 ita
863 569 880 607 :

222 655 524 705 metrindem
548 652 790 719 virginem
814 647 1021 712 Christi,
1044 648 1287 715 virginem
1310 644 1545 703 nobilem,
1573 642 1813 711 virginem

221 744 454 804 divitem,
486 753 555 806 et,
590 742 726 810 quod
758 742 833 793 his
866 741 1033 804 maius
1072 751 1165 800 est,
1208 739 1390 789 ardore
1420 734 1538 801 ﬁdei
1576 734 1813 785 nobilita-

224 849 354 896 tam,
380 836 682 901 divitiasque
703 834 1001 885 calcantem.
1038 832 1099 882 Et
1127 828 1258 881 infra
1292 846 1304 881 :
1338 828 1462 893 Qua:
1487 840 1678 877 summo
1705 825 1814 876 loco

224 936 369 990 nata,
402 926 455 977 in
503 926 712 977 summis
757 924 970 991 apibus,
1023 920 1330 986 summisque
1376 918 1570 970 deliciis
1600 916 1812 977 nutrita,

224 1017 385 1068 tantis
413 1026 610 1084 tamque
632 1016 783 1067 variis
806 1018 919 1065 vita:
947 1013 1101 1079 hujus
1123 1012 1481 1063 blandimentis
1509 1010 1641 1060 velut
1672 1016 1813 1060 tena-

226 1107 445 1159 cissimis
492 1106 795 1175 quibusdam
840 1102 1059 1157 vinculis
1106 1104 1302 1155 irretita
1344 1102 1511 1155 subito
1558 1101 1811 1166 eruperit,

226 1208 509 1269 cunctaque
537 1198 690 1251 simul
723 1199 853 1251 bona
888 1197 1116 1263 carparis
1150 1197 1309 1250 animi
1342 1198 1521 1249 virtute
1570 1192 1809 1253 mutarit;

224 1301 282 1344 ct
328 1301 444 1358 post
491 1307 655 1360 pauca
698 1308 711 1343 :
766 1290 998 1343 Meminit
1038 1292 1212 1354 enim,
1257 1290 1443 1357 inquit,
1473 1304 1597 1357 quas
1638 1285 1813 1338 mundi

224 1399 371 1451 apes,
412 1386 725 1451 gloriamque
751 1386 1022 1449 respuerit,
1054 1399 1179 1449 quas
1208 1384 1419 1449 denique
1457 1380 1816 1445 contempserit

226 1476 345 1525 vitm
375 1478 636 1541 prwsentis
667 1475 945 1535 illecebras,
978 1472 1156 1541 quibus
1182 1473 1521 1537 voluptatibus
1552 1470 1815 1521 renuntia-

224 1574 373 1618 verit.
412 1566 611 1619 Rursus
657 1576 779 1619 ante
829 1567 1027 1619 calcem
1078 1566 1378 1630 voluminis,
1411 1581 1530 1617 cum
1577 1563 1811 1632 supremi

225 1658 491 1709 examinis
511 1658 816 1723 exemplum
843 1656 1636 1726 terroremquejndicantis,qui
1662 1670 1811 1721 {equa

224 1749 569 1803 discretionis
603 1751 805 1803 biTance
833 1750 1161 1818 singulorum
1211 1749 1343 1801 facta
1377 1749 1675 1813 trutinabit,
1706 1748 1811 1801 ele~

224 1852 416 1911 ganter
443 1854 761 1907 exponeret,
793 1845 859 1896 ita
885 1858 1107 1896 exorsus
1129 1853 1211 1895 cst
1243 1860 1255 1894 :
1288 1843 1477 1895 llecens
1503 1846 1692 1910 factum
1717 1850 1806 1902 est,

224 1935 363 1997 quod
393 1934 504 1997 ipsa
536 1934 721 1993 vidisti,
754 1949 865 1983 cum
891 1935 955 1982 ad
990 1934 1221 1985 stridula:
1248 1932 1471 1984 buccina:
1500 1948 1680 1984 sonum
1712 1930 1811 1984 (.‘o-
1846 1904 1887 1961 Β

221 2022 530 2085 thorumque
561 2024 848 2092 clangorem
880 2022 1081 2089 lugubri
1120 2039 1360 2089 Oppressa
1410 2024 1581 2075 metuit
1612 2021 1809 2093 [llolil.,

222 2109 382 2182 metu]
432 2113 642 2165 domina
692 2115 823 2165 orbis
860 2112 1022 2165 Roma
1064 2114 1382 2166 contremuit.
1436 2114 1497 2167 fit
1541 2114 1672 2166 infra
1709 2134 1717 2163 :
1754 2113 1814 2166 Si

221 2206 319 2268 ita,
355 2205 543 2272 inquit,
578 2207 814 2257 mortales
857 2208 1087 2258 timemus
1116 2206 1285 2259 hostes
1312 2213 1358 2258 et
1402 2210 1675 2258 humanam
1705 2222 1813 2257 ma-

222 2310 369 2359 unm,
420 2297 506 2363 qui
555 2297 797 2363 faciemus
845 2312 961 2349 cum
1003 2300 1212 2363 coeperit
1242 2298 1451 2365 clangor
1483 2306 1529 2349 ct
1570 2295 1811 2348 terribilis

222 2385 348 2438 tuba
394 2389 621 2437 intonare
665 2386 727 2438 de
766 2390 888 2438 caelo
930 2398 975 2438 et
1017 2389 1083 2438 ad
1127 2387 1273 2438 illaut
1319 2388 1615 2457 archangeli
1646 2402 1812 2438 vocem

221 2479 363 2529 omni
390 2477 599 2529 buccina
631 2479 896 2530 clariorem
928 2488 1062 2531 totus
1103 2479 1257 2532 simul
1278 2481 1521 2549 remugiet
1565 2480 1809 2545 mundus,

222 2577 343 2619 tunc
373 2577 447 2631 tu,
471 2568 735 2634 justornnt
764 2570 930 2623 choris
952 2580 996 2623 et
1029 2572 1218 2623 sanctis
1246 2572 1485 2623 cantitata
1513 2571 1808 2640 virginibus,

220 2658 275 2710 in
305 2661 481 2723 sponsi
513 2660 709 2711 obviam
731 2662 989 2724 subvolas,
1024 2674 1129 2714 etc.

296 2748 355 2802 L.
392 2749 666 2803 Gloriosus
694 2750 875 2803 itidem
909 2751 1185 2819 passiones
1218 2752 1374 2804 trium
1422 2766 1797 2819 germanorum

219 2838 460 2893 Chionite
490 2849 545 2893 et
569 2839 735 2894 lrenis
758 2852 920 2910 atque
949 2842 1166 2911 Agapae,
1188 2857 1307 2910 quae
1331 2842 1430 2895 sub
1454 2842 1809 2895 confessionis

222 2929 378 2984 titulo
424 2939 477 2982 et
506 2941 703 2983 sancta:
746 2931 1066 2999 virginitatis
1115 2932 1382 3001 prmcouio
1418 2932 1533 2999 pari
1575 2930 1806 2999 tripudio

220 3018 638 3087 triumpharunt,
700 3022 913 3075 rusticis
961 3022 1154 3077 saltem
1214 3023 1532 3077 schedarum
1563 3023 1803 3090 apicibus

217 3110 621 3174 caraxabimus,
669 3126 890 3179 quarum
921 3113 1258 3168 celebrandis
1309 3115 1612 3167 rumoribus
1644 3114 1802 3185 longe

220 3204 433 3270 lateque
464 3203 952 3268 crebrescentibus,
982 3205 1342 3259 Diocletianus
1374 3221 1436 3260 ea
1482 3215 1797 3273 tempestate

221 3297 452 3366 sceptris
499 3297 863 3365 imperialibus
908 3298 1191 3353 infeliciter
1243 3299 1488 3364 iunctus,
1525 3299 1806 3366 praedictas

218 3389 423 3444 Christi
478 3391 794 3458 pedisequas
839 3391 1090 3445 accersiri
1145 3392 1419 3461 prmcepit,
1465 3392 1658 3460 quibus
1702 3393 1806 3446 sia

215 3480 543 3534 Christianae
575 3481 854 3549 religionis
881 3482 1087 3535 cultura
1126 3492 1515 3550 apostatarent,
1535 3493 1588 3537 et
1613 3500 1638 3535 a
1661 3492 1808 3536 recto

220 3563 344 3626 fidei
377 3574 588 3625 tramite
646 3574 1037 3639 exorbitantes,
1071 3574 1313 3628 nefanda:
1348 3576 1657 3644 gentilitatis
1681 3575 1807 3629 cha-

218 3665 475 3736 rybdibus
506 3664 899 3733 naufragarcnt,
933 3667 1190 3734 palatinas
1224 3668 1499 3736 pollicetur
1528 3668 1721 3721 infulas
1753 3678 1803 3722 et

216 3758 470 3823 opulenta
512 3758 739 3826 spondet
778 3760 1115 3828 patrimonia,
1148 3763 1191 3815 si
1219 3762 1437 3814 mallent
1466 3760 1643 3833 [BodL
1675 3763 1804 3817 add.

219 3848 431 3921 mundi]
466 3849 821 3903 matrimonia.
864 3850 1124 3916 Qituzcum
1140 3854 1442 3921 opulentam
1476 3854 1655 3909 mundi
1688 3854 1805 3923 glo-

217 3941 790 3996 riametlenociuantis
807 3944 926 3996 vita:
954 3946 1226 4011 prmseutis
1256 3945 1534 3999 illecebras
1557 3961 1658 3999 nou
1696 3948 1805 4001 dis-

216 4047 351 4085 sona
367 4032 628 4085 sententia
660 4043 986 4099 recusarent,
1012 4035 1175 4101 illico,
1195 4047 1414 4105 urgente
1429 4035 1639 4090 nefandi
1658 4052 1806 4106 gras-

216 4127 414 4180 satoris
438 4124 658 4190 imperio
680 4125 892 4179 easdem
917 4135 1115 4180 sancta:
1142 4128 1392 4182 Ecclesia:
1414 4128 1731 4195 sequipedas
1750 4128 1799 4182 in

219 4218 452 4271 latebras
490 4218 755 4272 lautumiae
770 4218 869 4271 diri
888 4221 1801 4289 Iortoresdetrudunt,quibusbeata

217 4310 501 4362 Anastasio
530 4325 596 4363 ne
627 4308 890 4363 fainelica:
941 4311 1260 4378 frugalitatis
1293 4312 1620 4379 parcitnonia
1672 4312 1802 4365 defi-

219 4410 431 4459 cerent.
455 4398 721 4452 alimonia:
750 4399 1072 4467 Stipendium
1106 4411 1159 4454 et
1202 4403 1352 4468 Stipis
1383 4400 1616 4454 edulium
1650 4402 1801 4457 exhi-

218 4491 376 4555 bens,
428 4491 696 4545 lautumiae
752 4491 1022 4547 liminibus
1081 4493 1308 4547 libenter
1365 4495 1629 4547 Increscit.
1663 4494 1797 4549 Exin

1371 431 1457 486 Di".
1499 430 1845 486 LAUlillllJS
1892 429 2376 486 VIRUIVITATIS.

934 552 1269 606 Stribendnm
1301 560 1372 605 est
1409 553 1566 617 igitur
1612 552 1679 602 ad
1713 550 1809 600 De—
1842 548 1887 602 A
1919 546 2015 599 bos
2082 548 2367 617 complecu
2435 556 2703 618 tctrasquc
2771 553 3066 619 sartagii.es
3133 555 3401 617 ι›;ι››ί;ιι·οε,
3452 563 3500 610 in

3402 442 3501 498 tan

1916 639 2106 705 quibus
2153 642 2239 693 diu
2271 640 2535 706 str0pbosi
2564 640 2783 695 fautoris
2831 644 3084 696 instinctu
3116 646 3496 711 debacchatus,

1915 741 1967 782 et
1998 731 2287 784 ridiculoso
2332 731 2562 785 ludibrio
2612 730 2916 786 ludificatus
2943 734 3179 788 abscedit
3210 746 3263 789 et
3294 753 3496 806 nequa-

1917 838 2073 883 qnam
2107 822 2319 887 efl'eCIa,
2374 824 2466 877 sed
2498 822 2674 878 cliteta
2708 826 2975 879 voluntate
3006 836 3111 880 tam
3142 830 3379 896 corporis
3405 830 3497 883 ba-

1918 913 2156 968 bittuline
2202 915 2506 979 cacabalus,
2538 931 2696 983 quam
2729 916 2922 968 mentis
2966 919 3152 971 morbo
3200 921 3497 974 maeulatus

1919 1009 2212 1075 egreditur.
2246 1018 2300 1063 et
2323 1009 2464 1062 velut
2498 1008 2801 1080 Aithiopica
2830 1009 3149 1075 nigritudine
3204 1013 3436 1067 fuscatns
3466 1030 3495 1067 a

1871 1169 1874 1172 g
1919 1100 2145 1169 protiriis
2176 1103 2419 1169 parasitis
2449 1110 2501 1156 et
2557 1101 2864 1157 domesticis
2890 1103 3171 1157 clientibus
3200 1121 3301 1159 non
3330 1122 3494 1175 agno-

1916 1190 2101 1245 scitur.
2152 1192 2358 1245 Etenim
2414 1201 2522 1246 tam
2570 1192 2716 1246 furva
2775 1193 2961 1248 frontis
3002 1194 3210 1263 efﬁgies
3242 1194 3342 1248 sibi
3391 1196 3493 1249 Soli

1916 1283 2221 1351 patentibus
2261 1299 2531 1337 ocutorum
2583 1284 2805 1339 orbibus
2858 1286 3124 1340 delitescit
3177 1296 3232 1341 et
3286 1291 3494 1343 caeteris

1918 1373 2187 1428 sodalibus
2230 1390 2292 1430 ac
2343 1376 2624 1430 lictoribus
2657 1379 2904 1444 patescit,
2937 1393 3164 1445 cumque
3194 1378 3372 1446 palatii
3405 1396 3493 1434 ve-

1917 1467 2167 1521 stibulum
2264 1470 2570 1533 cacabatus,
2641 1485 2939 1535 irrumpere
2996 1470 3155 1523 enixo
3210 1473 3493 1526 conamine

1917 1562 2195 1626 niteretur,
2253 1572 2309 1614 ut
2367 1561 2675 1631 imperatori
2708 1563 2774 1617 de
2821 1563 3049 1631 irrogata
3087 1577 3374 1617 vernarum
3405 1579 3494 1617 ca-

1916 1651 2116 1703 lumnia
2142 1651 2306 1704 ﬂebili
2360 1654 2592 1721 singultu
2624 1655 3011 1721 querimoniam
3036 1653 3237 1718 ederet,
3265 1657 3349 1709 alii
3383 1658 3496 1709 len-

1916 1744 1984 1796 tis
2028 1743 2316 1797 viminibus
2356 1743 2645 1808 caedentes,
2678 1746 2767 1797 alii
2803 1747 3013 1813 palmis,
3039 1757 3091 1801 et
3120 1747 3332 1815 pugillis
3353 1748 3495 1800 cola-

1917 1836 2208 1904 pbizantes,
2242 1835 2480 1889 nonnulli
2538 1844 2595 1889 ut
2643 1844 2818 1888 atrum
2871 1836 3149 1890 nebulonis
3181 1838 3492 1904 phantasma

1916 1928 2259 1983 exsufflantes
2282 1930 2331 1981 iu
2361 1928 2547 1981 faciem
2592 1929 2777 1997 procul
2819 1929 3100 1983 eliminant
3131 1948 3141 1983 :
3178 1930 3369 1983 ductus
3397 1931 3493 1983 ita-

1915 2038 2019 2092 que
2058 2024 2125 2077 ad
2171 2024 2389 2077 domum
2440 2035 2592 2075 suam
2647 2038 2865 2075 suorum
2917 2023 3163 2077 manibus
3209 2038 3492 2077 vernarum

1921 2114 2264 2167 lamentantis
2320 2112 2589 2166 clientelie
2619 2113 2848 2180 strepitu
2883 2114 3180 2180 lugubriter
3207 2113 3491 2181 excipitur.

1916 2217 2233 2258 autumnans
2288 2203 2461 2276 [BodL
2515 2203 2815 2275 autumans]
2876 2204 3181 2270 incassum,
3252 2204 3392 2274 quod
3464 2221 3493 2259 a

1914 2296 2109 2350 (ὶιιτίειί
2161 2297 2438 2351 tirunculis
2501 2296 2707 2363 magica
2779 2292 3061 2365 prtestigia‘.
3129 2300 3497 2351 necromantia

1917 2386 2299 2449 ludificaretur,
2331 2387 2475 2439 velut
2498 2387 2765 2438 contritus
2794 2387 3017 2441 coluber
3047 2387 3239 2455 linguis
3266 2388 3497 2443 trisulcis

1915 2475 2140 2531 sibilans
2164 2519 2178 2543 ,
2212 2490 2398 2530 rursus
2422 2476 2651 2530 sublime
2676 2476 2901 2530 tribunal
2932 2478 3172 2543 scandit,
3197 2488 3255 2532 ut
3284 2489 3494 2534 sanctas

1918 2566 2147 2634 virgines
2178 2564 2406 2633 propriis
2453 2575 2641 2619 exutas
2672 2567 2980 2636 cycladibus
3027 2568 3277 2623 obscenas
3299 2570 3495 2638 cupidi-

1914 2658 2035 2709 tatis
2079 2655 2331 2723 spurcitia
2359 2670 2649 2710 succeusus
2678 2666 2731 2711 et
2762 2659 3046 2725 petu‘lantis
3077 2660 3311 2716 lasciviae
3361 2662 3495 2717 laci-

1912 2746 2012 2799 bus
2068 2745 2444 2813 inﬂammatus,
2473 2747 2759 2803 luxuriosis
2791 2752 3064 2806 obtutibus
3099 2754 3492 2822 contemplare-

1915 2845 2021 2902 tur,
2053 2836 2144 2890 sed
2177 2838 2457 2907 peplorum
2492 2838 2717 2893 amicula
2749 2842 3024 2897 sceleratis
3055 2844 3300 2897 manibus
3328 2859 3495 2898 mem-

1912 2930 2101 2984 bratim
2136 2930 2374 2985 detracta
2407 2946 2738 3000 nequaquam
2762 2946 2791 2986 a
2816 2935 3016 2987 sanctis
3035 2934 3256 2990 artubus
3274 2936 3494 3005 spoliari

1910 3022 2210 3075 valuerunt.
2265 3022 2502 3091 Denique
2536 3023 2797 3078 Dulcitius
2846 3040 3042 3091 pricses
3070 3040 3191 3081 cum
3248 3027 3495 3083 omnibus

1911 3115 2464 3168 machinamentorum
2521 3115 2767 3182 inemptis
2822 3115 3187 3181 frustraretur,
3245 3130 3300 3172 et
3339 3117 3491 3187 quid-

1912 3205 2036 3271 quid
2092 3214 2275 3259 coutra
2308 3203 2502 3258 Christi
2562 3206 2894 3275 virgunculas
2944 3207 3121 3261 moliri
3148 3209 3490 3274 deliberaret,

1914 3307 2145 3351 cassaret
2194 3296 2395 3368 [Bodl.,
2445 3296 2771 3369 cessaretur]
2826 3299 3123 3367 imperante
3166 3300 3495 3358 Diocletiano

1912 3401 2092 3441 comes
2133 3385 2396 3441 Sisinnius
2442 3388 2691 3456 przefatas
2737 3388 2831 3443 Dei
2879 3388 3103 3443 famulas
3146 3391 3275 3445 satis
3301 3393 3492 3447 crude-

1913 3488 2095 3531 scente
2154 3492 2432 3546 pinnarum
2466 3478 2746 3533 atrocitate
2807 3479 3076 3534 vexandas
3126 3481 3350 3548 accepit,
3394 3484 3491 3536 nisi

1911 3582 1954 3634 si
1977 3584 2132 3623 urcas
2177 3569 2417 3622 delubris
2448 3570 2795 3623 caeremonias
2833 3570 3145 3625 exhibentes
3173 3583 3263 3625 aut
3293 3572 3494 3638 Luper-

1912 3662 2043 3714 calia
2096 3670 2147 3715 et
2215 3662 2531 3730 Compitalia
2586 3662 2945 3726 celebrando,
3001 3662 3084 3719 vel
3141 3664 3492 3731 portumnalia

1918 3757 2355 3825 perpetrando,et
2371 3755 2753 3813 suovetaurilia
2771 3756 3117 3811 thurif‘tcando
3144 3773 3238 3811 seu
3266 3757 3492 3812 Floralia

1910 3858 1964 3903 et
1993 3848 2207 3903 nictelia
2236 3848 2458 3913 litando,
2487 3847 2770 3903 furibunda
2804 3848 3018 3902 numina
3052 3848 3490 3913 reconciliarent,

1910 3948 1963 3993 et
2010 3938 2234 3992 deorum
2286 3938 2522 3993 favorem
2568 3938 3183 4007 repropitiarent;eujns
3205 3952 3493 3992 exsecran-

1910 4029 2035 4081 dum
2095 4029 2374 4097 imperium
2420 4043 2540 4082 cum
2597 4030 2821 4096 implere
2868 4030 3217 4097 pertinaciter
3262 4028 3495 4099 refuga-

1912 4131 2117 4183 rentur,
2154 4118 2272 4172 dua:
2298 4134 2364 4173 ex
2400 4119 2505 4173 illis
2556 4119 2608 4172 in
2652 4119 2850 4172 torrida
2881 4120 3192 4188 crepitantis
3226 4136 3367 4189 pyra:
3417 4121 3493 4171 in-

1909 4210 2097 4262 cendia
2150 4219 2335 4276 trnszc,
2379 4224 2482 4263 una
2540 4211 2909 4277 pharetrarum
2961 4209 3179 4278 spiculis
3230 4210 3490 4267 sauciata.

1909 4316 2030 4355 cum
2078 4302 2395 4370 virginitatis
2423 4300 2596 4369 palma
2639 4310 2693 4357 et
2740 4301 2981 4372 martyrii
3013 4316 3208 4356 corona
3263 4302 3492 4370 paradisi

1911 4393 2128 4462 prauuia
2164 4405 2513 4460 possessum,
2547 4401 2599 4447 et
2643 4406 2762 4447 cum
2790 4407 2950 4446 cxuv
2999 4393 3231 4447 millibus
3264 4394 3494 4461 virgina-

1910 4486 2013 4539 letu
2090 4486 2377 4540 melodiam
2440 4486 2791 4540 modulatura:
2845 4488 2910 4539 ad
2966 4486 3233 4540 Christum
3293 4491 3493 4555 pariter

220 4582 490 4650 praedictae
512 4597 745 4645 sorores,
806 4583 1036 4639 Dulcitio
1078 4584 1386 4639 Diocletiani
1418 4596 1667 4651 satrapa),
1699 4586 1799 4638 nisi
1833 4598 1881 4654 ο
1912 4586 2280 4644 perrexerunt-

216 4673 642 4745 diiStbymiama
692 4672 1086 4737 thuriticarent,
1135 4674 1445 4741 torquenda:
1495 4675 1797 4729 traduntur.

217 4766 457 4830 Quarum
516 4764 802 4817 formo:am
862 4765 1038 4819 vultus
1087 4775 1440 4826 venustatem.
1494 4782 1597 4821 non
1642 4767 1803 4821 stibio

217 4857 544 4921 confectam,
595 4858 675 4911 vel
706 4856 1013 4913 calamistro
1060 4857 1216 4913 cirris
1246 4861 1607 4927 crispantibus
1653 4860 1804 4915 inde-

220 4958 393 5018 ptaut,
455 4946 548 5001 sed
590 4948 813 5016 genuina
860 4948 1242 5016 consparsione
1270 4949 1559 5015 ingenitam
1603 4967 1803 5019 praeses

220 5042 462 5111 petulcus
514 5040 904 5109 contemplans,
957 5042 1136 5097 statim
1195 5041 1472 5095 oculorum
1533 5043 1803 5099 lenocinio

220 5145 434 5203 captus,
466 5135 517 5186 in
562 5134 743 5187 luxum
792 5134 1036 5199 labescit,
1061 5143 1119 5187 ut
1144 5149 1265 5189 cera
1299 5146 1422 5190 ante
1445 5136 1606 5189 larem
1640 5136 1804 5207 lique-

221 5228 359 5290 scit;
382 5227 437 5281 in
462 5236 661 5279 tantum
691 5226 941 5281 videlicet
966 5240 1109 5281 caeco
1148 5230 1381 5296 carpitur
1412 5228 1553 5294 igne,
1580 5238 1633 5282 et
1655 5229 1802 5284 clan-

220 5316 448 5371 destinis
479 5316 834 5370 inflammatur
884 5317 1144 5380 stimulis,
1177 5326 1234 5370 Ill.
1264 5319 1598 5385 intempesta:
1629 5317 1804 5373 noctis

221 5408 512 5465 conticinio
565 5410 835 5472 cellulam,
868 5411 918 5462 in
970 5425 1073 5478 qua
1134 5410 1366 5478 prmfata:
1400 5413 1629 5481 virgines
1659 5416 1801 5483 psal-

223 5502 416 5558 modia:
446 5513 765 5556 concentum
795 5501 1166 5564 celebrabant,
1199 5504 1460 5557 violenter
1506 5503 1804 5574 irrumpere

224 5610 333 5649 non
364 5605 663 5658 vereretur,
720 5594 807 5646 ubi
856 5605 1044 5647 cuncta
1075 5594 1267 5648 culina:
1312 5596 1588 5663 suppellex
1618 5607 1673 5649 et
1707 5614 1801 5647 nu-

225 5701 438 5741 morosa
476 5701 726 5741 cocorum
761 5688 1007 5740 utensilia
1058 5687 1426 5743 servabantur.
1486 5688 1604 5743 Mox
1654 5688 1804 5743 furiis

224 5778 455 5832 vesania:
487 5789 785 5846 correptus,
821 5780 999 5847 cccpit,
1020 5780 1170 5852 quasi
1196 5780 1544 5850 lymphaticus
1570 5782 1652 5835 vel
1696 5783 1801 5835 fte-

227 5872 431 5925 ueiens
460 5868 764 5940 dctiigratos
794 5870 994 5927 lebetes
1025 5881 1072 5927 ct
1099 5871 1365 5928 l‘urviores
1397 5872 1611 5940 fuligine
1647 5888 1797 5927 caca-

1986 4667 2067 4721 Ll.
2116 4667 2377 4722 Praeterea
2429 4666 2817 4736 imperantibus
2847 4666 3097 4736 Augustis
3129 4666 3409 4722 Valeriano
3440 4678 3493 4721 et

1910 4761 2173 4828 Gallieno,
2201 4776 2320 4815 cum
2353 4760 2531 4816 fervor
2582 4761 2797 4815 torrida:
2834 4761 3220 4828 persecutionis
3249 4770 3303 4815 et
3332 4764 3490 4816 ardor

1908 4854 2240 4907 crudelitatis
2269 4854 2448 4908 acrius
2507 4852 2889 4917 iucanduisset,
2923 4860 2977 4907 et
3005 4852 3242 4908 caelestis
3288 4855 3490 4908 militia:

1912 4944 2293 5011 manipulares,
2354 4943 2442 5011 qui
2478 4959 2573 5012 pro
2605 4940 2947 4998 confessione
2981 4943 3102 4998 fidei
3155 4959 3489 5012 nequaquam

1912 5038 2382 5093 formidolosarum
2427 5053 2580 5092 more
2636 5037 2955 5091 luctatorum
2991 5038 3289 5105 palaestram
3319 5050 3492 5091 certa-

1908 5137 2067 5189 minis
2117 5136 2467 5201 horruerunt,
2517 5134 2755 5188 cruentis
2794 5132 3111 5187 carnificum
3146 5134 3490 5188 mucronibus

1908 5237 2244 5292 necarentur,
2280 5226 2399 5281 dum
2448 5242 2717 5296 germana:
2768 5224 3002 5295 virgines
3031 5224 3289 5280 vocabulo
3322 5224 3493 5279 [luiti-

1909 5336 1970 5375 na
2001 5330 2052 5374 et
2095 5318 2360 5385 Secunda,
2392 5320 2666 5389 generosis
2708 5318 2949 5373 oriunda:
2981 5317 3275 5383 natalibus,
3312 5333 3495 5385 perse-

1908 5425 2150 5467 cuturum
2181 5412 2384 5465 rabiem
2418 5411 2690 5480 paulisper
2731 5410 3062 5464 declinantes
3087 5408 3151 5462 ad
3179 5408 3489 5478 prmdiolum

1908 5521 2060 5561 suum
2113 5505 2164 5560 in
2198 5505 2409 5558 Tusciae
2438 5503 2680 5574 partibus
2706 5502 2973 5556 basterna:
3022 5500 3270 5555 whiculo
3302 5516 3493 5569 prope-

1908 5598 2121 5663 rabant,
2172 5597 2315 5649 illico
2345 5595 2557 5661 sponsis
2609 5609 2793 5647 earum
2829 5594 3175 5661 prodentibus
3231 5608 3399 5663 nuper
3426 5594 3491 5648 ad

1907 5689 2188 5758 apostasia:
2228 5687 2485 5749 cloacam,
2544 5684 2687 5738 velut
2720 5684 2935 5740 molossi
2979 5685 3042 5737 ad
3098 5685 3354 5737 vontitum
3412 5698 3489 5738 rev

1909 5783 2068 5850 lapsis
2119 5778 2411 5834 chiliarcho
2479 5793 2598 5832 cum
2651 5778 2885 5845 equestri
2952 5786 3123 5829 turma
3181 5776 3491 5843 insequente

1910 5873 2130 5929 [lautam
2181 5870 2530 5940 reducuntur,
2574 5868 2755 5939 putide
2798 5868 3150 5938 squalentium
3200 5868 3467 5939 ergastula
