4214 6550
791 445 880 496 15!

1613 443 1670 496 S.
1719 444 2068 500 Al-DllEL.‘.il
2111 443 2392 498 Ol’liRL‘M
2438 443 2611 498 PARS
2655 444 2715 499 ΙΙ.
2759 476 2827 487 -
2867 447 3300 508 TRACTATUS.

4000 455 4073 507 159

789 580 904 615 tum
952 558 1169 615 latibulo
1219 559 1607 626 mancipandaz,
1645 569 1698 612 et
1757 561 2135 613 subsannantis
2173 571 2374 628 ganna-
2403 560 2452 617 Α
2481 557 2685 626 cipatus
2717 560 2768 614 in
2801 561 3092 616 Tribulano
3116 562 3407 630 municipio
3426 562 3624 628 fuerat,
3656 565 3817 619 virus
3837 575 3893 618 et
3916 565 4067 618 flatum

788 667 916 709 turre
967 655 1251 707 ludibrium
1287 655 1495 707 laturas.
1537 653 1783 709 i'osthmc
1812 654 2022 708 Rnflina
2061 669 2179 706 cum
2212 653 2373 705 ditis-

785 749 937 800 simis
987 749 1267 801 verberum
1318 747 1515 801 ictibus
1571 763 1708 802 Cresa
1740 757 1793 802 et
1823 748 2050 801 eterulea
2084 749 2372 811 flagrorum

783 844 958 896 vibice
989 850 1261 894 cruentata
1311 840 1364 894 in
1396 853 1687 910 conspectu
1748 841 1975 896 furentis
2026 851 2254 907 satrapa:
2284 853 2373 891 va-

786 934 1014 1002 pularet,
1042 933 1288 987 Secunda
1317 943 1628 986 constanter
1649 933 1755 985 ait:
1784 933 2002 1003 Appliea
2027 931 2190 999 ignes,
2218 944 2368 992 saxa,

783 1029 1008 1096 gladios,
1051 1027 1280 1096 flagella,
1315 1027 1484 1081 fustes
1511 1035 1566 1090 et
1598 1026 1800 1096 virgas,
1832 1033 1960 1094 quot
1991 1031 2044 1076 tn
2079 1037 2263 1092 pugnas
2295 1021 2371 1073 in-

785 1117 991 1180 tuleris,
1024 1126 1102 1173 tot
1146 1132 1244 1186 ego
1266 1117 1462 1184 glorias
1492 1117 1810 1180 numerabo,
1843 1125 1969 1181 quot
2001 1125 2052 1165 tu
2087 1112 2369 1166 vio'eutias

780 1207 1123 1276 irrogaveris,
1178 1219 1253 1262 tot
1283 1223 1382 1277 ego
1413 1209 1651 1280 martyrii
1686 1217 1940 1276 computo
1973 1206 2202 1278 p'tlmas.
2245 1205 2365 1259 Mox

781 1301 1070 1355 identidem
1105 1303 1155 1355 in
1205 1303 1476 1356 latebroso
1505 1300 1739 1355 carceris
1795 1299 1979 1362 fundo,
2014 1301 2101 1367 qni
2146 1296 2369 1365 fumiga-

784 1393 975 1448 linndis
1023 1393 1236 1448 fctentis
1266 1394 1372 1447 limi
1432 1393 1690 1447 fetoribus
1721 1390 1992 1453 horrebat,
2027 1399 2226 1443 sancta:
2257 1386 2368 1440 vir-

779 1486 928 1552 gines
957 1485 1319 1551 includuntur,
1351 1485 1446 1540 sed
1479 1484 1628 1538 furva
1691 1485 1860 1554 caligo
1919 1481 2123 1536 cmlesd
2178 1481 2366 1545 splen-

781 1577 914 1630 dore
952 1577 1181 1647 fugatur,
1225 1585 1278 1631 et
1311 1578 1548 1646 putidutn
1583 1577 1816 1628 letamen
1841 1574 1985 1627 velut
2004 1567 2381 1639 tltvmiama,et

779 1663 951 1737 [ΒοάΙ.
985 1670 1149 1722 omitt.
1183 1666 1256 1738 et]
1289 1666 1437 1721 nardi
1470 1667 1638 1736 pistici
1669 1665 1956 1734 fragrantia
1975 1663 2196 1718 redolet.
2232 1662 2364 1714 linr-

782 1775 873 1811 sus
905 1759 954 1811 in
987 1760 1238 1812 ardentes
1284 1759 1611 1813 thermarum
1657 1772 1904 1828 vapores,
1940 1772 2058 1824 qua:
2091 1754 2363 1823 supposita

776 1863 1068 1914 prunarum
1102 1851 1353 1914 congerie
1393 1851 1732 1904 terrebantur
1762 1848 2132 1904 inclementer,
2171 1845 2360 1912 jactari

2478 653 2806 718 sqttarnmosi
2830 655 3079 709 draconis
3103 671 3206 710 non
3239 656 3493 723 ferentes,
3522 667 3713 724 Spreta
3737 658 3968 728 oppido,
3995 676 4064 710 va-

2475 743 2742 810 gabumlis
2800 747 3068 801 meatibus
3108 749 3306 817 passim
3347 749 3825 819 dispergerentur.
3885 753 4064 816 Quibus

2475 843 2661 886 saneta
2696 835 2950 901 Victoria,
2981 836 3026 890 si
3050 848 3492 892 converterentur
3523 839 3590 892 ad
3643 839 3846 904 Deum,
3884 841 4060 895 relictis

2474 923 2699 982 deorum
2730 931 3045 985 sratunculis
3093 941 3147 986 et
3193 932 3456 987 abdicatis
3506 932 3869 990 delubrorum
3905 937 4059 1002 luper-

2473 1018 2698 1084 cdibus,
2741 1020 2984 1074 ultronea
3028 1024 3397 1092 spoponditse
3451 1025 3716 1080 virulenta
3770 1030 4056 1096 spumantis

2476 1110 2709 1166 basilisci
2735 1115 2998 1182 spiracula
3031 1119 3210 1186 procul
3240 1118 3569 1188 pulsaturam
3619 1129 3668 1174 et
3705 1121 3900 1175 urbem
3925 1123 4055 1178 inco-

2474 1203 2704 1259 lumitati
2741 1208 2977 1275 pristinae
2998 1211 3350 1266 reddituram.
3393 1212 3525 1268 Nam
3558 1225 3786 1285 propter
3811 1228 4052 1272 venenata

2476 1295 2740 1352 horrentis
2768 1301 3005 1370 chelydri
3036 1303 3198 1355 (libra
3231 1305 3602 1359 calamitosum
3637 1309 3833 1376 vulgus
3865 1310 4052 1378 ingenti

2473 1398 2654 1458 strage
2689 1392 2994 1446 catervatim
3021 1395 3406 1461 trucidabatur,
3440 1407 3694 1467 parentes
3732 1411 4054 1467 praepostero

2471 1483 2658 1536 ordine
2691 1484 2971 1541 immatura
3007 1491 3286 1559 pignorum
3321 1491 3505 1547 funera
3558 1507 3848 1549 cernentes
3879 1495 4052 1550 ﬂebili-

2474 1573 2568 1626 bus
2613 1575 2862 1631 orbitatis
2917 1581 3196 1648 qnestibns
3244 1584 3440 1637 acriter
3489 1585 3858 1640 arctabantur.
3915 1587 4051 1642 Tunc

2472 1679 2725 1734 patronus
2756 1671 2989 1725 civitatis
3031 1674 3359 1740 generaliter
3402 1691 3468 1731 ex
3503 1691 3729 1746 persona
3764 1682 4048 1747 promiscui

2469 1771 2631 1811 sexus
2679 1773 2902 1816 cunctos
2956 1765 3142 1830 puella:
3208 1767 3440 1821 oraculis
3496 1770 3709 1822 credula
3761 1773 4048 1839 prmcordia

2472 1851 2706 1917 pandere
2741 1853 3048 1920 pollicetur,
3104 1855 3148 1907 si
3183 1857 3482 1910 truculenta
3529 1859 3696 1928 gipsa:
3739 1862 4047 1928 crudelitas,

777 1939 1128 2007 imperantur,
1162 1941 1254 1993 Sed
1290 1941 1452 1993 illzesa
1486 1940 1850 1994 membrorum
1876 1945 2157 1990 venustate
2187 1935 2358 2002 sospi-
2395 1923 2439 1981 Β
2469 1956 2586 2009 qua":
2620 1943 2916 1996 letbil‘eram
2953 1944 3270 1999 miserandis
3317 1923 3707 2003 civibus'luem
3759 1923 4047 2017 inferebat;

775 2044 856 2087 tes
901 2049 930 2088 e
979 2035 1200 2088 thermis
1245 2037 1533 2090 emersisse
1582 2035 1864 2102 leguntur;
1898 2048 2081 2086 verum
2140 2040 2361 2084 cruenta

775 2135 1035 2181 tortorum
1089 2128 1347 2182 severitas
1380 2129 1669 2196 reciprocis
1710 2127 1916 2180 vicibus
1970 2125 2125 2178 toties
2154 2125 2284 2177 elisa
2311 2133 2362 2176 et

774 2220 1050 2280 labefacta,
1107 2234 1205 2272 nec
1255 2221 1562 2284 mitescere,
1627 2233 1726 2272 nec
1777 2219 2136 2271 miserescere
2189 2216 2356 2268 novit.

770 2311 1044 2378 Siquidem
1101 2310 1326 2366 famulas
1361 2310 1453 2365 Dei
1512 2311 1743 2379 ingentis
1774 2308 1979 2379 scopuli
2035 2309 2174 2360 mole
2223 2320 2356 2360 cr-n-

773 2411 935 2449 ncxas
967 2396 1018 2450 in
1054 2398 1230 2450 medio
1259 2399 1471 2452 Tiberis
1519 2400 1673 2451 alveo
1720 2397 1835 2451 sine
1881 2394 2242 2449 miserationis
2275 2408 2358 2445 re-

774 2497 958 2557 spectu
987 2504 1230 2557 mergere
1255 2487 1438 2558 jussit,
1483 2490 1578 2543 sed
1614 2490 1872 2542 undarutn
1902 2488 2138 2558 gurgites
2169 2485 2357 2539 dantes

771 2583 993 2651 gloriam
1023 2585 1130 2638 ilco
1159 2585 1224 2638 ab
1256 2583 1561 2637 infidelibus
1601 2582 1920 2651 denegatam
1953 2591 2166 2633 sanctas
2197 2577 2356 2646 virgi-

771 2691 864 2728 nes
897 2677 1134 2744 riparum
1168 2675 1494 2746 marginibus
1545 2675 1841 2730 incolumes
1868 2674 2172 2728 rcsdtunnt.
2203 2671 2355 2726 Unde

770 2776 981 2836 satrapa
1014 2777 1156 2821 tanta
1189 2784 1366 2822 rerum
1397 2768 1638 2836 prodigia
1665 2768 2052 2835 obstupesceus
2101 2763 2356 2818 srribitur

765 2859 967 2911 dixisse
997 2875 1008 2908 :
1038 2857 1157 2911 Istas
1185 2866 1277 2910 ant
1303 2859 1509 2926 magica
1541 2870 1654 2910 arte
1686 2871 1782 2908 nos
1811 2865 2088 2926 superant,
2122 2866 2212 2908 aut
2245 2856 2352 2907 vir-

771 2947 1012 3015 ginitatis
1061 2949 1111 3001 in
1137 2951 1211 3000 eis
1235 2949 1494 3001 sanctitas
1527 2957 1732 3016 regnat.
1759 2945 2038 3000 Postremo
2069 2946 2352 3014 capitalem

776 3039 980 3114 sortita:
1009 3039 1325 3092 sen'entiam
1347 3080 1363 3105 ,
1413 3037 1670 3107 angelicis
1717 3050 1915 3091 evecta:
1941 3037 2199 3104 catervis,
2231 3050 2351 3090 cum

773 3127 966 3180 vexillo
990 3118 1312 3197 virginitatis
1346 3128 1409 3181 ad
1430 3130 1548 3182 (ξωιὶ
1573 3129 1746 3182 sidera
1783 3129 2064 3183 scandunt.

843 3218 950 3272 Lll.
984 3219 1091 3273 Nec
1122 3222 1489 3288 praetereunda
1522 3235 1716 3274 censeo
1749 3231 2053 3274 sanctarum
2089 3219 2350 3291 virginum

768 3314 1031 3368 Anatolice
1063 3325 1116 3369 et
1167 3314 1412 3367 Victoriae
1446 3313 1733 3383 praeconia,
1774 3329 1996 3384 quarum
2023 3329 2270 3369 rumores
2296 3325 2350 3369 et

769 3409 1135 3478 prodiglorum
1182 3410 1453 3478 privilegia
1520 3425 1614 3478 per
1663 3419 1802 3464 totos
1861 3408 2046 3462 mundi
2103 3409 2348 3464 cardines

772 3504 1104 3571 longiuscule
1156 3505 1538 3571 crebrescunt,
1588 3504 2052 3558 dnmscltedarum
2110 3503 2351 3572 apicibus

764 3599 980 3668 quando
1010 3607 1220 3653 rotante
1249 3599 1375 3652 anni
1408 3598 1607 3652 cireulo
1633 3596 1870 3650 natalitia
1915 3594 2223 3650 earumdem
2256 3610 2348 3650 ca-

770 3690 952 3745 tholici
985 3691 1256 3746 celebrant
1288 3691 1338 3746 in
1371 3691 1573 3760 pulpito
1615 3691 1859 3746 ecelesiae
1905 3693 2218 3744 recitantur.
2248 3689 2348 3758 lgi-

767 3792 851 3835 tur
881 3793 1137 3852 regnante
1168 3784 1354 3849 Decio,
1379 3786 1594 3852 quando
1627 3782 1884 3836 effrenata
1911 3791 2168 3841 tortorum
2205 3780 2346 3834 fero-

763 3877 897 3931 citas
960 3885 1143 3930 contra
1193 3876 1478 3930 bellatores
1523 3875 1717 3929 Christi
1776 3873 2069 3928 crudeliter
2116 3871 2345 3934 exarsit,

765 3968 1044 4036 pradictas
1071 3967 1305 4036 virgines
1357 3967 1497 4020 nulla
1536 3973 1941 4034 persecutornm
1972 3962 2170 4027 rabies,
2202 3962 2344 4015 nulla

762 4074 1036 4129 pretiorum
1083 4059 1348 4112 acerbitas
1402 4059 1468 4111 ab
1510 4058 1832 4126 integritatis
1879 4072 2004 4110 arce
2055 4055 2347 4110 detrudere

759 4153 1066 4218 valuerunt,
1098 4151 1191 4205 sed
1217 4166 1378 4205 omne
1410 4151 1789 4219 patrimonium
1822 4158 1875 4202 et
1901 4157 2343 4202 ornamentorum

757 4247 981 4315 gloriam
1043 4257 1146 4300 tam
1191 4243 1574 4298 discriminalia
1619 4244 1848 4309 capitmn
1895 4251 1949 4296 et
1999 4238 2346 4308 periscelides

756 4355 996 4405 crurum,
1044 4353 1204 4405 quam
1235 4335 1570 4391 olfactoriola
1615 4335 1765 4390 nardi
1789 4344 1843 4389 et
1869 4333 2155 4400 crepundia
2202 4331 2345 4386 eollo

758 4431 1090 4501 gemmiferis
1145 4429 1340 4482 lunulis
1386 4427 1712 4496 pendentia,
1785 4424 1851 4478 ad
1904 4424 2097 4494 stipem
2142 4423 2345 4476 man~is

760 4523 965 4594 [ΠιιίΙ.,
995 4519 1218 4591 mancis]
1247 4531 1299 4574 et
1331 4518 1709 4572 matricnlariis
1759 4517 1978 4587 prodiga
2025 4515 2344 4570 liberalitate

2469 2031 2679 2101 longius
2726 2044 3021 2089 arceretur.
3070 2035 3202 2090 Tum
3255 2051 3407 2092 sacra
3457 2039 3604 2108 virgo
3633 2043 3875 2110 angelico
3927 2043 4046 2096 fulta

2465 2127 2718 2194 suffragio
2745 2143 2864 2182 eum
2892 2129 3061 2182 turbis
3106 2131 3377 2197 populosa:
3407 2133 3641 2186 civitatis
3671 2136 3734 2186 ad
3774 2144 4045 2201 spectacu-

2465 2217 2573 2270 lum
2610 2220 2980 2287 manipulatim
3011 2219 3427 2286 confluentibus,
3463 2223 3676 2278 ducitur
3702 2223 3767 2277 ad
3799 2224 4043 2280 draconis

2460 2309 2725 2378 speleum,
2757 2323 3010 2381 crepante
3064 2313 3167 2380 jam
3199 2313 3464 2382 pullorum
3513 2317 3700 2382 plausu
3721 2325 3775 2370 et
3815 2326 4042 2373 sonante

2459 2403 2728 2472 gatlieinio
2759 2415 2810 2458 et
2839 2419 3172 2474 nequaquam
3199 2406 3562 2462 formidulosis
3587 2409 3829 2476 gestibus
3860 2409 4040 2461 tremi-

2462 2499 2658 2562 bunda,
2690 2513 2786 2551 nec
2812 2500 3140 2553 meticulosis
3173 2499 3462 2568 palloribus
3494 2502 3799 2556 nutabunda
3830 2503 4040 2557 latitan-

2461 2596 2563 2641 tem
2617 2588 2908 2656 alloquitur
2959 2589 3204 2644 heStiam.
3259 2589 3316 2644 ln
3365 2591 3612 2657 nomine,
3664 2593 3869 2662 inquit,
3913 2595 4036 2650 Jesu

2457 2679 2652 2733 Christi
2681 2679 2886 2733 Domini
2917 2681 3083 2734 nostri
3113 2682 3196 2734 exi
3233 2680 3374 2745 hinc,
3412 2681 3576 2736 draco
3605 2683 3956 2752 nequissime,
3990 2693 4038 2737 et

2457 2770 2521 2823 da
2568 2770 2822 2826 honorent
2856 2771 2982 2836 Deo,
3018 2773 3149 2826 vade
3199 2773 3286 2826 ubi
3319 2787 3422 2826 tton
3481 2773 3720 2828 habitant
3764 2775 4034 2829 homines.

2457 2861 2638 2916 Paruit
2667 2863 2827 2916 draco
2855 2863 3010 2916 dictis
3039 2874 3091 2917 et
3118 2877 3277 2918 cursu
3305 2865 3644 2933 rapidissimo
3672 2863 3878 2934 fugiens
3910 2867 4038 2921 abs-

2455 2961 2638 3008 cessit.
2695 2954 2788 3009 llla
2834 2971 2980 3020 vero,
3015 2957 3255 3024 ingressa
3285 2957 3563 3011 latibulum
3594 2959 3809 3024 bellum,
3836 2958 4037 3028 ﬂagitat

2458 3046 2708 3113 populum
2765 3042 2876 3114 jam
2920 3043 3142 3113 periculi
3199 3057 3493 3114 expertem,
3527 3058 3584 3098 ut
3615 3047 3712 3100 sibi
3742 3049 4036 3100 oratorium

2453 3134 2506 3192 in
2559 3137 2745 3189 eadem
2795 3146 2977 3205 crypta
3027 3144 3254 3199 struant,
3312 3146 3365 3190 et
3397 3136 3658 3204 puellulas
3706 3137 3768 3189 ad
3803 3140 4036 3205 patroci-

2379 3268 2427 3333 Ο
2460 3227 2603 3279 nium
2661 3226 2781 3279 vitae
2836 3227 3168 3296 impendant,
3225 3226 3416 3294 quibus
3473 3228 3698 3298 imperio
3728 3228 4036 3297 parentibus

2457 3336 2558 3376 ux
2599 3321 2922 3390 virguncula:
2964 3321 3147 3375 divino
3196 3320 3413 3377 servitio
3443 3320 3757 3391 subiugata,
3796 3336 4034 3376 consona

2457 3411 2684 3466 melodia
2743 3410 2971 3465 dulciter
3018 3409 3384 3483 hymnizantes
3427 3421 3481 3467 et
3532 3411 3856 3482 psalmorum
3903 3429 4030 3468 con-

2455 3518 2642 3562 centus
2682 3507 2918 3561 suaviter
2950 3516 3334 3575 Concrepantes
3383 3506 3622 3562 victoriae
3669 3508 3936 3576 exemplis
3984 3517 4037 3560 et

2454 3599 2669 3653 lllOnillS
2722 3601 3044 3652 Increscunt.
3128 3597 3292 3652 Ιόηο
3345 3595 3614 3665 Engenius
3671 3611 3860 3666 procus
3921 3597 4034 3665 ejus

2454 3706 2673 3748 emenso
2705 3692 2934 3746 triennio
2962 3690 3210 3760 Capitolii
3259 3688 3528 3744 ﬂasttitiem
3569 3689 3723 3744 enixa
3753 3704 3914 3758 prece
3948 3707 4036 3758 po~

2454 3783 2642 3852 poscit,
2678 3793 2731 3836 ut
2773 3783 2935 3836 missa
2979 3782 3277 3837 statuncula
3313 3781 3515 3855 [Bodl.,
3560 3781 3731 3835 niissm
3755 3791 4033 3836 statuncu-

2455 3876 2540 3950 lac]
2569 3879 2748 3933 Diana:
2769 3887 2987 3946 exigere:
3020 3877 3300 3931 Victoriam
3331 3878 3627 3946 apostatico
3679 3877 3782 3930 ritu
3823 3875 4031 3929 tburili-

2451 3983 2594 4023 care.
2665 3969 2754 4022 illa
2811 3968 3097 4022 nefandum
3151 3967 3354 4021 facinus
3383 3976 3658 4021 exsecrata
3689 3974 3741 4020 et
3790 3969 4030 4035 gerulum

2458 4061 2725 4115 simulacri
2753 4073 2939 4123 exosa,
2987 4060 3091 4112 ictu
3148 4057 3306 4126 gladii
3350 4057 3692 4111 interimitur.
3720 4056 3830 4111 Nec
3856 4067 4029 4110 tamen

2454 4161 2704 4205 cruentus
2732 4149 2969 4205 carnifex
3018 4149 3294 4202 victoriam
3345 4150 3412 4204 de
3443 4148 3670 4203 Victoria
3706 4159 3898 4203 nactus
3926 4160 4029 4212 est,

2452 4242 2544 4296 sed
2578 4256 2820 4305 mancus,
2846 4255 3004 4295 manu
3046 4241 3214 4306 arida,
3244 4249 3297 4294 et
3325 4239 3659 4309 elephantine
3689 4241 3828 4293 cutis
3867 4241 4032 4295 callo-

2450 4335 2607 4388 sitate
2651 4335 2970 4404 purulentus
3030 4343 3086 4388 et
3144 4331 3416 4387 vermibus
3462 4331 3760 4386 scaturiens
3792 4331 4031 4398 putidum

2449 4427 2720 4481 exhalavit
2762 4425 3028 4492 spiritum.
3063 4424 3306 4478 Attatnlia
3353 4438 3479 4476 vero
3501 4423 3555 4476 in
3585 4422 3829 4475 exsilium
3859 4432 4030 4483 trusa,

2449 4522 2722 4589 signorum
2753 4517 3024 4572 miraculis
3054 4516 3422 4578 rrebresccns,
3447 4511 3718 4584 praefatam
3747 4512 3953 4567 sociam
3979 4515 4028 4566 in

757 4615 1122 4671 σοιιιιιῖετυηιο
1179 4615 1296 4678 υυο
1351 4621 1647 4680 είῖιιιρετιον
1699 4627 1984 4679 linteorum
2048 4607 2340 4679 praecordia
2378 4618 2422 4678 D
2452 4615 2737 4669 virtutibus
2767 4613 3136 4682 tequiparavil.
3170 4610 3380 4665 Etenim
3407 4611 3574 4662 lilium
3605 4609 3840 4663 consulis
3871 4623 4030 4663 euer-

762 4709 1059 4762 l'urihundis
1099 4705 1330 4759 vesania:
1381 4704 1567 4757 faculis
1596 4704 1991 4758 inflammantur
2025 4721 2036 4756 :
2069 4703 2193 4755 dum
2222 4701 2338 4754 uni-

756 4799 897 4853 versi
941 4799 1247 4852 facultatum
1279 4794 1502 4857 reditus,
1532 4801 1586 4848 et
1614 4794 1826 4861 C0piosa
1875 4803 2111 4861 quaestus
2139 4790 2340 4858 stipen~

756 4891 845 4945 dia
875 4889 941 4942 ad
991 4904 1194 4958 agapen
1227 4888 1564 4956 pauperculis
1595 4885 2026 4940 mendicantibus
2067 4885 2336 4948 venirent,

756 4993 884 5036 tunc
912 4981 1183 5050 Eugenius
1214 4992 1265 5033 et
1297 4979 1570 5046 Aurelius,
1600 4980 1687 5048 qui
1728 4979 1910 5047 sponsi
1941 4992 2124 5032 earmn
2175 4975 2336 5029 futuri

760 5086 879 5127 esse
932 5072 1302 5133 credebantur,
1353 5069 1694 5123 fraudulento
1735 5069 1959 5122 consilio
2002 5077 2054 5122 et
2084 5068 2338 5122 dissimu-

758 5168 868 5220 lato
910 5166 1124 5233 negotio
1175 5164 1515 5232 imperatoris
1545 5164 1761 5230 pittacia
1819 5164 2129 5230 impetrant,
2188 5173 2244 5216 ut
2272 5162 2338 5216 ab

756 5259 890 5313 urbe
909 5258 1090 5321 ilonra,
1113 5259 1175 5311 ad
1195 5258 1402 5326 pr0pria
1440 5255 1633 5323 praedia
1657 5257 1997 5321 ducerentur,
2032 5271 2097 5307 ne
2128 5255 2262 5307 forte
2293 5251 2338 5307 si

757 5366 854 5419 pro
885 5351 1198 5404 Christianae
1221 5349 1492 5420 religionis
1513 5350 1661 5402 titulo
1682 5363 1771 5402 eas
1787 5357 2100 5401 accusantes
2129 5346 2335 5415 publica

755 5446 1155 5497 insimulatione
1203 5445 1568 5512 proltalarent,
1637 5444 2004 5511 possessiones
2049 5457 2230 5494 earum
2285 5450 2338 5493 et

759 5551 1004 5602 agrorum
1031 5535 1175 5588 fundi
1205 5535 1366 5588 fiscali
1402 5536 1519 5604 jure
1551 5534 2035 5602 proscriberentur.
2066 5532 2226 5585 Ducta
2257 5541 2339 5584 est

757 5627 936 5692 itaque
967 5628 1112 5679 beata
1157 5628 1387 5680 Victoria
1423 5642 1656 5696 pr.t~s:igu
1688 5627 1946 5680 vocabulo
1979 5640 2106 5679 vere
2137 5625 2334 5678 Christi

759 5717 980 5770 victoria
1012 5717 1428 5770 inTribulanum
1471 5719 1817 5781 territorium,
1848 5729 1902 5771 ut
1934 5717 2126 5771 ibidem
2153 5717 2333 5770 exilia-

756 5816 802 5860 τε
836 5807 988 5861 famis
1026 5810 1176 5878 cnpia
1205 5818 1258 5864 et
1293 5810 1395 5864 cibi
1446 5810 1617 5878 inopia
1669 5821 1973 5880 angeretur.
2025 5811 2095 5864 L'a
2134 5824 2333 5878 ἐωνε-

758 5909 888 5958 state
916 5904 1158 5974 contigit,
1192 5914 1246 5961 ut
1278 5906 1511 5964 universi
1541 5907 1856 5976 mancipes,
1906 5919 2129 5974 quorum
2163 5903 2327 5959 tuitui-

2443 4703 2733 4775 gnmenum
2788 4705 2971 4775 rigidis
3023 4713 3330 4757 catenarum
3379 4701 3602 4756 nexibus
3633 4699 3912 4754 astrictum
3941 4715 4032 4754 ex-

2447 4800 2600 4869 pulso
2644 4797 2963 4860 habitatore,
2995 4794 3140 4850 dicto
3189 4793 3347 4848 citius
3370 4793 3593 4847 curavit.
3645 4794 3764 4856 Quo
3807 4807 4026 4847 rumore

2444 4894 2796 4956 clarescente,
2848 4897 2903 4943 et
2950 4888 3206 4952 larvatus,
3239 4899 3292 4941 et
3336 4885 3651 4947 comitiales,
3697 4899 3760 4938 ac
3795 4897 4026 4940 caeteros

2447 4985 2866 5042 valetudinarius
2891 4982 3133 5052 pristinae
3158 4981 3371 5035 sanitati
3401 4980 3653 5034 restituit.
3678 4979 3782 5033 Sed
3811 4987 3867 5032 et
3888 4979 4025 5032 Mar-

2441 5094 2582 5145 sum,
2613 5079 2700 5146 qui
2731 5077 3028 5130 virulentos
3059 5073 3307 5128 matrices
3329 5073 3392 5126 ad
3418 5087 3582 5126 sacra:
3605 5072 3822 5141 virginis
3845 5073 4026 5126 laesio-

2441 5187 2562 5225 nem
2599 5169 3012 5225 incantationum
3052 5163 3378 5221 carminibus
3411 5164 3724 5229 irritabant,
3778 5171 3834 5217 ut
3866 5176 4025 5232 poeta

2439 5267 2555 5319 ait:

2629 5353 2849 5415 Frigidus
2874 5353 2918 5401 in
2947 5353 3095 5414 pratis
3118 5349 3350 5401 cantando
3369 5347 3603 5409 rumpitur
3627 5346 3815 5406 anguis,

2439 5440 2571 5495 diris
2604 5440 2760 5507 spiris
2790 5438 3085 5492 involutum
3122 5435 3408 5503 perniciter
3437 5431 3651 5498 eripuit.
3687 5429 3834 5484 Tunc
3867 5431 4020 5486 beata

2439 5533 2686 5589 Anatolia
2739 5548 2859 5586 cum
2915 5540 3081 5585 staret
3133 5529 3184 5582 itt
3211 5529 3452 5582 oratione
3499 5523 3696 5578 erectis
3749 5524 3812 5575 ad
3845 5524 4024 5578 sidera

2440 5628 2648 5696 palmis,
2691 5636 2744 5680 et
2774 5626 2901 5681 fusis
2931 5626 2996 5680 ad
3042 5623 3220 5694 polum
3253 5621 3516 5688 precibus,
3571 5618 3855 5688 evag‘nato
3899 5634 4027 5675 ense

2436 5722 2624 5788 capulo
2676 5731 2827 5775 tenus
2861 5734 2960 5788 per
2992 5730 3214 5786 utraque
3261 5715 3424 5769 latera
3473 5711 3662 5765 adacto
3693 5726 3812 5766 cum
3856 5713 4023 5780 virgi-

2436 5812 2617 5865 uitatis
2673 5810 2940 5883 triumpho
2975 5811 3131 5867 rubra
3165 5805 3410 5879 martyrii
3441 5816 3581 5862 serta
3617 5801 3738 5860 fuso
3768 5806 4026 5876 sanguine

2434 5916 2673 5962 ξιιιιξυτ.
