4214 6554
201 469 315 523 155

1337 448 1422 502 ne
1465 440 1806 500 LAUDIBL’S
1847 434 2329 492 VlltGl-NITATIS.
3376 433 3471 483 ,δε

282 579 408 634 l.lll.
459 578 563 631 Sed
611 575 738 645 quid
796 574 984 627 mirum
1042 570 1162 624 rudi
1219 574 1539 622 coruscante
1597 560 1786 630 gratia,
1818 557 1862 613 Α
1894 555 2137 607 cantibus
2179 568 2320 621 saepe
2349 559 2558 604 cautum
2591 559 2671 602 est
2699 556 2718 592 α·
2755 547 2872 602 Non
2903 547 3223 617 exstinguat»
3273 550 3465 601 scintil-

199 686 490 744 ιιυειίιτιειιιι
524 673 671 740 virgo
704 669 960 734 virginem
1004 673 1190 717 sancto
1235 657 1517 728 puerperio
1558 652 1788 722 peperit,

197 769 363 836 cnjus
399 765 726 833 principatus
757 775 916 828 super
948 760 1204 809 humeros
1235 767 1354 806 esse
1383 748 1712 818 perhibetur,
1747 744 1790 795 si

195 857 281 909 sic
318 854 548 909 Ecclesia
587 851 887 921 Virginibus
936 846 1218 911 redundet,
1267 843 1400 895 sicut
1426 839 1618 894 Caelum
1653 835 1794 888 side-

195 951 356 1002 ribus
410 945 739 1014 rcsplendet,
797 958 917 996 cum
975 940 1132 994 etiam
1186 936 1541 991 castissimum
1594 931 1790 996 Josepli

203 1042 406 1109 legalia
461 1051 698 1092 veterum
753 1035 1020 1088 volumina
1074 1029 1349 1084 immensis
1407 1025 1791 1093 prrrconiorum

201 1132 459 1186 laudibus
495 1127 890 1189 concelebrent,
923 1139 1079 1192 quem
1115 1123 1181 1175 ab
1207 1119 1470 1188 ingruenti
1519 1113 1793 1170 multifor-

203 1225 378 1277 mium
448 1221 805 1275 calamitatum
871 1214 1205 1274 discrimine,
1270 1225 1401 1277 quas
1463 1223 1567 1262 non
1622 1204 1792 1258 solum

207 1315 503 1368 lividorum
550 1307 874 1377 conspiratio
918 1317 1293 1375 germanorum
1353 1303 1640 1354 fraternum
1695 1312 1794 1350 ne-

203 1421 479 1475 quaquam
548 1418 707 1458 exosa
770 1400 1110 1467 parricidium
1180 1393 1477 1449 intentabat
1535 1410 1546 1446 :
1609 1405 1793 1444 verum

201 1499 372 1550 etiam
407 1498 633 1550 obscena
662 1494 889 1547 fallentis
916 1491 1146 1544 domina:
1173 1487 1354 1541 frivola
1384 1485 1791 1538 matrimonialis

205 1590 418 1663 lb’odl.,
466 1587 797 1654 malroualisl
831 1583 1093 1652 pudicitia:
1122 1581 1280 1634 oblita
1329 1576 1791 1637 machinabantur,

205 1680 466 1750 quamdiu
527 1693 672 1745 purae
731 1677 1045 1744 virginitatis
1099 1685 1280 1726 comes
1335 1679 1389 1722 et
1446 1668 1798 1721 lenocinantis

207 1773 492 1841 prostibuli
525 1778 860 1836 contemptor
886 1765 1185 1828 exstiterat,
1238 1763 1464 1814 illzcsum
1499 1759 1672 1812 divina
1710 1767 1791 1809 tu-

208 1867 319 1919 tela
377 1867 625 1933 protexit,
686 1861 1091 1927 futurorumque
1159 1854 1526 1924 prodigiorum
1584 1848 1795 1903 arcanis

1895 645 1999 696 lani
2057 642 2238 705 David,
2291 653 2464 693 tamen
2528 639 2718 691 relicto
2766 639 3082 706 virginitatis
3129 649 3266 689 statu
3319 638 3472 692 Urius

1895 741 2077 789 insons
2139 733 2477 798 interimitur,
2540 730 2788 785 Bersabzc
2849 733 3124 801 illegitimo
3182 731 3472 798 jugalitatis

1897 827 2109 880 vinculo
2161 826 2471 889 ftht-ratur,
2504 835 2555 877 et
2590 839 2686 893 pro
2738 824 2834 875 hac
2880 823 3178 876 temeritate
3208 823 3470 887 expianda

1895 918 2126 972 caelestis
2159 919 2249 970 ira:
2274 930 2530 970 mucrone
2561 915 2738 984 proles
2773 914 3117 981 primogenita
3153 913 3467 975 percutitur,

1897 1010 2020 1062 licet
2043 1010 2249 1074 inquam
2293 1018 2518 1075 uterque
2552 1005 2868 1072 patriarcha,
2896 1004 3124 1074 quandiu
3152 1019 3275 1057 aura
3305 1004 3470 1057 aethe-

1896 1115 1984 1154 rea
2023 1109 2077 1154 et
2121 1101 2262 1154 vitali
2304 1100 2521 1153 ﬂamine
2555 1108 2873 1161 vesceretur,
2919 1111 3162 1164 superna:
3207 1095 3471 1162 maiestati

1896 1193 2226 1261 gratissimus
2265 1196 2541 1247 exstiterat
2588 1190 2788 1262 [Bod!.,
2822 1188 3138 1258 exstiterit],
3184 1200 3266 1243 ast
3297 1202 3471 1242 tamen

1899 1295 2018 1354 past
2072 1284 2299 1338 carnalis
2347 1283 2675 1336 Consortium
2723 1283 2932 1351 c0pnlae
2978 1281 3182 1352 [Bodf.,
3223 1281 3475 1335 consortii

1898 1375 2188 1448 cepulam],
2240 1377 2306 1430 de
2360 1385 2585 1445 utroque
2637 1377 2842 1429 minora
2900 1376 3155 1429 virtutum
3215 1374 3476 1444 praconia

1899 1473 2267 1526 crebrescunt.

1969 1565 2196 1616 Samson
2229 1562 2319 1616 ille
2351 1561 2622 1615 Nazareus
2653 1560 2720 1613 ab
2762 1561 2872 1628 ipsa
2906 1558 3196 1627 gracillima
3239 1554 3477 1610 cunabu-

1903 1655 2074 1707 lorum
2115 1655 2325 1705 :etatula
2361 1653 2585 1705 Domino
2616 1652 2850 1719 septenis
2883 1649 3119 1704 crinibus
3147 1663 3296 1702 sacer
3325 1657 3479 1701 ante.

1904 1761 2060 1814 quam
2093 1743 2438 1798 fraudulentis
2472 1744 2652 1796 Dalilae
2691 1744 3056 1809 complexibus
3083 1749 3382 1809 caperetur,
3428 1747 3483 1791 et

1908 1836 2094 1905 perfidi
2143 1836 2419 1903 pellicatus
2472 1843 2657 1902 stupro
2693 1834 2963 1887 enerviter
3003 1833 3256 1900 deceptus
3299 1832 3484 1885 illece-

209 1912 319 1919 ω-
379 1912 625 1933 ,ν--ν--η,
688 1912 695 1914 ν
1006 1912 1018 1927 .
1159 1912 1171 1924 .
1318 1912 1343 1922 ιν

209 1960 476 2014 imbutum
544 1966 597 2010 et
662 1960 932 2022 signorum
999 1959 1476 2020 portentorumque
1541 1945 1794 2012 prasagio
1828 1912 2073 1984 Bbrosis
2125 1930 2372 1983 lenocinii
2423 1930 2645 1982 nexibus
2693 1927 3014 1989 nodaretur;
3061 1925 3294 1978 nondum
3344 1922 3486 1976 ferro

203 2063 438 2105 caeteros
477 2049 728 2102 mortales
772 2046 1050 2100 latentium
1103 2041 1418 2096 mirabiliter
1457 2041 1796 2100 instructum,

212 2147 528 2218 prophetica
573 2143 798 2213 quadam
832 2137 1212 2194 vaticinatione
1244 2133 1543 2202 inSpiravit,
1595 2139 1651 2182 ut
1694 2144 1797 2181 non

209 2240 483 2295 immerito
513 2253 540 2290 a
574 2235 960 2302 limpidissimis
1005 2233 1134 2284 solis
1181 2244 1243 2282 ac
1277 2229 1412 2281 luna:
1449 2222 1798 2277 luminaribus

209 2347 276 2385 ac
327 2331 554 2384 residuis
595 2328 868 2380 stellarum
920 2323 1204 2384 sideribus,
1246 2318 1510 2385 simulque
1558 2312 1799 2367 fecundis

209 2423 605 2488 manipulorum
641 2416 905 2470 fasciculis
937 2428 1126 2468 somno
1157 2411 1362 2474 sopitus
1393 2407 1602 2458 adorari
1634 2417 1797 2454 vene-

210 2518 430 2582 rarique
481 2511 773 2570 vidvretur,
815 2509 938 2560 dum
993 2505 1043 2557 in
1094 2498 1456 2571 pulcherrimo
1506 2491 1800 2562 pubertatis

212 2607 417 2658 decore
463 2611 517 2655 i-t
567 2599 789 2654 formosi
839 2597 1013 2649 vultus
1062 2592 1260 2646 ﬂorens
1309 2595 1584 2642 venustate
1633 2584 1800 2636 multo

214 2695 537 2751 formosiore
582 2693 747 2745 fretus
777 2688 1102 2756 virginitate,
1138 2683 1474 2748 sir0pbosam
1525 2674 1800 2729 muliebris

209 2787 455 2842 audacia:
506 2782 854 2850 muscipulam
909 2773 1342 2846 parvipendens,
1394 2766 1601 2822 callida:
1642 2766 1797 2818 decc.

213 2879 415 2949 ptionis
471 2874 770 2943 decipulam
829 2867 1132 2928 declinavit,
1167 2862 1430 2930 simulque
1468 2858 1802 2913 fraudulenta

212 2973 460 3025 feminea:
487 2965 805 3020 titillationis
840 2959 1102 3015 lenocinia
1147 2971 1209 3010 ac
1250 2954 1445 3010 blanda
1474 2953 1803 3006 sermocina-

211 3064 376 3118 tionis
424 3062 786 3121 incitamenta,
818 3055 959 3108 velut
990 3053 1317 3106 leutescente
1345 3047 1573 3101 nectaris
1595 3043 1803 3099 defruto

215 3171 312 3210 seu
341 3154 526 3208 mulsa:
554 3149 753 3222 [Budl.,
789 3143 981 3216 nmlso]
1011 3144 1224 3198 mellita:
1257 3137 1539 3208 potationis
1571 3137 1804 3189 obiecta-

215 3255 423 3310 menta,
472 3255 643 3300 atrum
672 3239 857 3292 veneni
891 3237 1035 3289 virus
1066 3233 1421 3295 infundentia,
1465 3239 1517 3283 et
1565 3228 1806 3280 incautos

214 3351 460 3408 quosque
489 3336 604 3389 sine
629 3331 788 3386 lorica
833 3328 956 3383 fidei
984 3335 1358 3394 armaturaque
1382 3321 1593 3376 militari
1618 3333 1808 3385 reper-

217 3443 305 3486 tos
352 3432 678 3484 truculenter
709 3425 776 3480 ad
809 3435 1063 3478 tartarmu
1110 3420 1373 3474 trudentia
1405 3414 1630 3486 sprevit,
1663 3410 1805 3475 vicit,

217 3531 562 3593 contempsit,
606 3535 658 3577 et
703 3537 820 3574 cum
871 3518 1044 3587 palma
1087 3512 1406 3584 virginitatis
1450 3507 1684 3577 aufugit;
1717 3503 1805 3571 qui

216 3623 348 3677 licet
400 3628 544 3672 arcta
599 3612 865 3668 sordentis
913 3604 1167 3676 ergastuli
1219 3603 1456 3660 latibula,
1513 3609 1567 3653 et
1612 3606 1806 3650 tetrum

216 3709 492 3767 tenebrosi
554 3703 790 3760 carceris
852 3699 1172 3767 squallorem
1255 3703 1472 3764 propter
1543 3689 1806 3757 egregiam

220 3803 488 3876 pudicitia:
528 3801 817 3870 puritatem
848 3802 1142 3864 pateretur,
1179 3798 1429 3842 attamen
1468 3783 1810 3839 clandestinae

221 3899 488 3954 castitatis
516 3894 760 3964 cognitor
787 3891 954 3955 Deus,
980 3887 1065 3941 cui
1095 3892 1301 3938 secreta
1336 3887 1537 3947 patent,
1566 3885 1617 3930 et
1649 3889 1808 3944 quem

221 3993 470 4046 abstrusa
497 4002 602 4041 non
644 3985 811 4038 latent
850 3995 946 4050 pro
977 3976 1399 4032 incontaminata
1451 3967 1809 4024 adolescentis

223 4080 558 4137 cozitineutia
600 4077 772 4130 eidem
811 4069 1181 4138 Memphyticze
1231 4067 1403 4132 gentis
1453 4058 1808 4132 gubernacula

222 4173 468 4233 tradidit,
499 4180 550 4226 et
580 4165 819 4224 ﬂorentis
863 4162 1073 4233 imperii
1124 4160 1474 4216 moderamen
1520 4157 1810 4224 regendum

217 4264 512 4320 commisit.

303 4355 464 4410 David
534 4353 754 4424 quoque
811 4346 1212 4418 opinatissimus
1269 4356 1478 4411 regum,
1547 4337 1645 4392 sub
1696 4337 1809 4404 ipso

224 4450 523 4524 pubertatis
552 4446 799 4502 tirocinio
832 4442 1030 4497 illibata
1054 4437 1357 4508 virginitate
1388 4431 1640 4503 praeditus
1663 4437 1810 4481 ante-

223 4521 387 4612 quam
419 4539 604 4606 capnla
656 4532 977 4590 matrimonii
1007 4542 1059 4585 et
1083 4527 1331 4584 connubii
1383 4525 1605 4580 nexibus
1645 4521 1811 4576 noda-

1900 2027 2116 2090 dempta
2167 2023 2536 2076 cincinnorum
2568 2021 2808 2086 caesarie,
2857 2019 3069 2086 quantis
3102 2015 3482 2069 miraculorum

1899 2115 2062 2181 signis
2092 2123 2145 2167 et
2174 2115 2428 2165 virtutum
2473 2110 2777 2165 rumoribus
2827 2110 2970 2162 omni
2999 2107 3194 2161 saculo
3221 2121 3387 2172 usque
3416 2106 3482 2158 ad

1902 2208 1950 2260 id
2016 2217 2222 2271 tempus
2279 2206 2564 2274 inexpertis
2611 2202 2878 2258 effulsisse
2926 2202 3238 2270 devulgatur
3281 2196 3485 2269 [Bodl.,

1899 2296 2243 2369 divulgatur].

1974 2415 2104 2469 LIV.
2140 2416 2316 2483 Igitur,
2350 2417 2488 2466 sicut
2519 2427 2678 2481 supra
2705 2410 3010 2474 retulimus,
3037 2421 3130 2473 per
3155 2403 3483 2460 Hieremiam

1903 2516 1956 2561 et
1999 2505 2267 2559 Danielem
2298 2514 2625 2573 Caeterosque
2650 2502 2893 2571 ejusdem
2924 2499 3178 2568 propositi
3209 2507 3486 2551 consortes

1903 2610 1952 2653 et
1999 2598 2236 2651 ﬂorentis
2268 2597 2536 2665 pudicitia:
2588 2595 2801 2650 sodales
2833 2591 3007 2645 futura
3040 2589 3296 2643 incarnati
3331 2587 3487 2641 Verbi

1902 2689 2176 2757 virginitas
2223 2686 2466 2754 mysticis
2511 2694 2964 2739 sacramentorum
2995 2678 3491 2735 obumbrationibus

1908 2781 2235 2850 figurabatur
2269 2796 2279 2831 :
2314 2779 2382 2831 ita
2419 2793 2513 2844 per
2541 2776 2671 2830 Abel
2716 2776 2983 2829 insontem
3013 2773 3160 2825 mitis
3190 2770 3491 2824 innocentia

1906 2882 1960 2928 et
1989 2871 2184 2938 passio,
2219 2886 2314 2939 per
2341 2866 2731 2923 Melchisedech
2773 2882 2900 2920 vero
2939 2880 3184 2933 superna:
3215 2862 3494 2932 potestatis

1908 2964 2236 3034 pontificium
2278 2974 2330 3018 et
2353 2963 2591 3017 cmlestis
2618 2960 2792 3014 infulae
2818 2957 3168 3012 ﬂamminium
3200 2956 3491 3023 prcesigun-

1908 3058 2085 3117 batur,
2132 3071 2357 3124 quorum
2404 3054 2568 3121 prior,
2614 3061 2672 3107 ut
2699 3053 2857 3105 altius
2899 3061 3147 3118 repetens
3187 3048 3254 3100 ab
3287 3047 3495 3114 origine

1910 3148 2162 3218 pandam,
2215 3157 2434 3215 promer
2463 3144 2780 3214 diguitosam
2817 3142 3134 3196 innocentia:
3161 3142 3408 3209 palmam,
3442 3147 3497 3192 et

1836 3259 1878 3320 ρ
1914 3243 2187 3314 originalis
2232 3240 2498 3308 patientiae
2528 3238 2736 3291 titulum
2767 3246 2947 3303 spreto
2979 3233 3192 3289 fraterni
3224 3229 3491 3286 libaminis

1913 3333 2176 3390 sacrificio
2228 3343 2341 3386 rata
2391 3343 2441 3386 et
2491 3340 2637 3401 gnata
2687 3328 2882 3381 divinis
2926 3324 3299 3392 conspectibus
3347 3321 3497 3374 holo-

1913 3432 2264 3486 caustomata,
2298 3420 2498 3489 primus
2537 3417 2839 3472 mortalium
2871 3416 3066 3470 oﬂ'erre
3098 3414 3408 3483 promeruit,
3443 3420 3498 3465 et

1916 3515 2074 3585 hujus
2103 3514 2178 3568 rei
2208 3513 2375 3582 gratia
2406 3527 2433 3564 a
2466 3510 2666 3577 perfido
2697 3517 2748 3563 et
2771 3507 3001 3560 nefando
3029 3505 3190 3560 fratre
3213 3502 3497 3557 inextrica-

1911 3606 2017 3661 bile
2064 3605 2428 3674 germanitatis
2469 3601 2737 3654 vinculum
2781 3608 2965 3653 contra
3013 3597 3099 3665 jus
3154 3595 3389 3649 divinum
3445 3602 3500 3646 et

1917 3698 1994 3752 fas
2043 3697 2333 3749 humanum
2366 3699 2648 3760 rumpente
2678 3689 2968 3744 crudeliter
2993 3695 3302 3741 cruentatus
3352 3682 3496 3736 futu-

1917 3803 2030 3842 ram
2062 3789 2114 3840 in
2146 3787 2248 3839 fine
2281 3790 2598 3838 saeculorum
2629 3782 2698 3851 pii
2723 3778 3096 3847 Redemptoris
3115 3778 3277 3831 nosui
3297 3775 3502 3844 passio-

1913 3895 2032 3934 nem
2065 3893 2332 3947 purpureo
2365 3876 2583 3944 pretiosi
2614 3872 2887 3940 sanguinis
2927 3881 3075 3924 ostro
3117 3866 3499 3938 prtefiguravit.

1914 3973 2009 4025 Ast
2075 3985 2207 4024 vero
2271 3966 2665 4023 Melchisedech
2731 3963 3020 4018 inchoante
3090 3961 3244 4015 tertia
3319 3955 3500 4011 saaculi

1915 4071 2072 4113 :ctate
2102 4059 2320 4121 ﬂorens,
2353 4065 2407 4110 et
2449 4057 2650 4124 primus
2693 4056 2885 4107 summi
2914 4051 3198 4106 sacerdotii
3243 4050 3495 4116 dignitate

1914 4152 2173 4204 subnixus
2221 4162 2282 4202 ac
2323 4151 2578 4217 praeclaro
2628 4145 2965 4215 pontificatus
3012 4142 3163 4209 apice
3218 4141 3494 4210 pra‘ditus,

1915 4255 2008 4307 per
2050 4240 2187 4292 idem
2232 4248 2436 4307 tempus
2475 4247 2588 4290 orta
2643 4251 2826 4306 regum
2870 4233 3141 4288 simultate
3184 4231 3500 4300 patriarcha:

1913 4347 2032 4385 cum
2086 4346 2316 4385 cccxvnt
2367 4328 2668 4383 vernaculis
2729 4327 2989 4381 famosum
3038 4323 3326 4392 reportanti
3383 4332 3502 4376 tro-

1916 4441 2086 4494 pmum
2109 4465 2123 4488 ,
2181 4433 2235 4478 et
2294 4433 2410 4491 post
2441 4437 2715 4476 enormem
2748 4429 3080 4474 catervarum
3113 4427 3342 4486 stragem
3376 4429 3499 4467 cum

1916 4518 2172 4572 fratruele
2214 4530 2530 4571 numerosas
2569 4515 2926 4569 Sodomorum
2971 4511 3240 4566 reducenti
3294 4509 3500 4579 prsedas

223 4599 398 4693 retur,
443 4642 622 4683 nonne
668 4625 870 4694 argutis
919 4621 1172 4676 fibrarum
1218 4613 1808 4685 fidibuslympbaticum
1840 4613 1889 4673 D
1918 4610 2167 4673 obvians,
2211 4623 2390 4662 nonne
2433 4623 2530 4676 pro
2558 4607 2839 4659 sanetitate
2869 4601 3291 4658 conversationis
3325 4599 3497 4669 typica

229 4721 530 4791 mitigabat,
591 4729 641 4773 et
691 4718 928 4786 impensa
972 4711 1244 4781 soSpitatis
1287 4711 1452 4778 gratia
1497 4709 1807 4761 freneticum

227 4816 454 4879 ειιι-τινίι,
478 4813 592 4866 dira
617 4813 794 4879 procul
822 4819 1077 4864 tetrorum
1102 4804 1319 4872 explosa
1345 4803 1623 4872 spirituum
1660 4813 1815 4852 vesa-

227 4909 338 4972 nia,
371 4904 566 4974 quique
611 4902 770 4957 etiam
809 4910 966 4954 :ctate
1015 4895 1243 4953 tenellus
1285 4893 1497 4948 lacertis
1552 4891 1816 4946 invalidus

228 4999 430 5071 {Bodl.,
503 4990 731 5065 validus]
791 4991 1132 5045 frementium
1200 4985 1534 5040 mandibulas
1601 4984 1814 5036 leonum

229 5087 606 5155 discerpsisse,
665 5085 1010 5148 dirorumque
1060 5081 1225 5134 rictus
1265 5091 1507 5132 ursorum
1552 5074 1815 5127 frusratim

230 5177 581 5245 confregisse,
643 5183 696 5227 et
756 5186 1032 5228 enormem
1103 5168 1488 5235 Allophilorum
1546 5165 1814 5234 gigantem

234 5271 392 5323 nrism
439 5263 661 5320 cassidis
691 5277 752 5317 ac
783 5262 1001 5317 thorace
1042 5261 1305 5323 indutum,
1351 5274 1460 5313 orci
1481 5259 1523 5311 is
1552 5266 1602 5310 et
1633 5255 1816 5322 phala—

239 5358 352 5409 rica
389 5363 656 5404 armatum
689 5364 937 5416 arcaque
971 5349 1224 5399 umbonis
1256 5360 1440 5414 parma
1472 5353 1774 5412 protectum
1801 5385 1815 5409 ,

242 5446 391 5502 saxis
423 5451 634 5496 tantum
669 5441 929 5495 teretibus
964 5447 1017 5492 et
1052 5437 1332 5492 l'undibulo
1366 5439 1538 5491 fretus
1573 5437 1820 5506 singula-

243 5544 380 5594 riter
400 5535 760 5605 congrediens
784 5533 1148 5586 oblruncasse
1171 5530 1518 5584 describitur.
1542 5527 1680 5593 Ergo
1703 5529 1825 5582 licet

246 5635 353 5685 vita
395 5630 540 5682 illius
577 5629 640 5679 ad
686 5636 884 5678 metam
928 5623 1115 5676 mortis
1155 5621 1457 5692 probabilis
1494 5621 1823 5684 exstitisset,

246 5734 431 5794 utpore
473 5721 565 5790 qui
611 5720 762 5773 solus
810 5729 1066 5786 nep0tum
1112 5727 1165 5770 et
1210 5722 1563 5784 pronepotuin
1619 5711 1828 5782 piacula

252 5815 453 5884 proprii
491 5810 840 5881 praerogativa
881 5809 1055 5864 meriti
1097 5808 1313 5861 abolere
1351 5805 1643 5875 powisset,
1680 5813 1737 5856 ut
1776 5804 1828 5857 in

255 5908 505 5963 Βιιεὶιιςοιι
537 5905 600 5960 dc
632 5905 846 5974 regibus
878 5903 1071 5973 priscae
1100 5901 1226 5972 legis
1258 5914 1544 5957 censuram
1577 5895 1834 5968 pracvari~

1924 4700 2074 4769 panis
2098 4700 2336 4766 merique
2357 4696 2608 4751 libamina
2635 4696 2879 4749 litaturus
2907 4693 3275 4761 Redemptoris
3302 4689 3503 4756 trepice

1919 4806 2204 4863 personam
2261 4790 2604 4861 prtefigurans
2659 4787 2848 4842 obtulit
2895 4786 3069 4860 [BodL
3118 4801 3220 4838 om.
3268 4778 3502 4851 obtulit],

1922 4900 1977 4941 ut
1999 4886 2189 4940 merito
2220 4885 2286 4940 de
2315 4884 2507 4939 Christi
2540 4881 2842 4936 sacerdotio
2884 4894 2989 4949 quo
3017 4876 3281 4949 geminam
3313 4873 3505 4926 obtulit

1923 4979 2191 5031 victimam
2218 4976 2461 5030 Davidica
2491 4975 2812 5028 concinnant
2837 4969 3036 5043 [Bodf.,
3057 4962 3358 5032 concinam]
3385 4979 3505 5017 ora-

1924 5070 2059 5132 Cula,
2101 5068 2177 5121 Tu
2213 5084 2262 5121 es
2297 5069 2535 5120 sacerdos
2570 5067 2625 5118 in
2670 5073 2911 5118 wtcrnum
2939 5060 3221 5115 secundum
3271 5058 3504 5110 ordinant

1923 5162 2337 5227 Melchisedech;
2381 5161 2535 5230 cujus
2579 5158 2783 5228 paterni
2827 5153 3111 5225 geniminis
3151 5148 3397 5221 prosapia
3449 5158 3502 5201 et

1923 5267 2175 5312 maternae
2195 5254 2559 5325 generationis
2585 5267 2834 5319 propago,
2868 5251 3043 5317 ignota
3071 5243 3277 5300 saeculis
3308 5242 3500 5311 genui-

1924 5351 1974 5402 ni
2029 5359 2209 5418 partus
2263 5359 2449 5399 natura
2503 5343 2790 5398 delitescit.
2845 5341 3075 5406 ldipsum
3122 5335 3380 5404 Apostolo
3429 5343 3509 5385 te-

1923 5450 2115 5504 stante,
2135 5436 2260 5490 Sine
2281 5446 2444 5506 patre,
2461 5437 2566 5488 sine
2590 5444 2764 5494 matre,
2785 5431 2892 5483 sine
2913 5426 3210 5498 genealogia
3226 5441 3246 5491 ;
3264 5424 3508 5493 quamvis

1924 5533 2128 5601 vulgata
2169 5530 2510 5582 llcbrteurum
2567 5523 2778 5578 traditio
2819 5523 2959 5576 hunc
3009 5519 3173 5574 fuisse
3216 5517 3508 5572 arbitretur

1925 5623 2046 5677 Seni
2069 5620 2474 5688 primogenitum
2494 5618 2625 5679 Noe,
2647 5614 2919 5668 Tritavum
2943 5611 3167 5666 Abrahat
3192 5622 3242 5662 et
3269 5607 3505 5670 Nachor,

1925 5727 1977 5772 et
2009 5719 2168 5770 Arau.
2197 5715 2298 5768 Sed
2333 5713 2614 5782 plurimum
2643 5709 2824 5763 differt
2855 5711 2993 5764 inter
3018 5707 3293 5773 ambiguas
3318 5701 3502 5756 Phari-

1925 5825 2152 5865 saeorum
2181 5805 2488 5861 tradiaiones
2529 5815 2582 5858 et
2622 5804 2982 5857 elucubratam
3007 5815 3172 5855 sacra:
3213 5797 3504 5865 Siripturm

1928 5901 2310 5960 dcfiniliuncm.
2341 5898 2781 5972 Apouvphcrum
2814 5898 2953 5954 enim
2979 5893 3179 5952 omnia:
3204 5901 3254 5950 ct
3277 5892 3508 5947 incertas
