4214 6558
787 415 880 468 155

1525 408 1582 460 S.
1625 404 1975 458 ALDllElMl
2017 403 2311 459 OPERUM
2353 403 2532 459 PARS
2573 403 2638 457 ΙΙ.
2681 433 2749 444 -
2790 404 3219 461 TRACTATL'S.

3992 409 4067 459 136

778 528 1085 580 nimiarum
1150 522 1354 577 rabulas
1417 533 1754 588 nequaquam
1805 515 2066 571 catholica
2127 522 2362 583 receptat
2392 517 2432 572 Α
2465 528 2610 565 cruce
2641 511 2848 565 Domini
2874 517 3036 566 nostri
3064 513 3190 568 Iesu
3220 517 3448 582 Christi;
3479 519 3627 570 nulla
3666 517 3740 571 sit
3776 518 3887 570 illis
3919 534 4060 587 magis

780 617 1038 672 Ecclesia.

849 709 957 763 LV.
991 708 1094 764 Sed
1117 706 1182 758 ad
1208 703 1538 773 propositum
1566 709 1822 756 revertar.
1849 697 2101 763 Ornetur,
2127 697 2363 765 inquam,

779 806 931 858 beata
964 799 1284 869 virginitatis
1333 796 1613 865 integritas
1661 807 1764 844 non
1808 791 2091 845 exterioris
2137 789 2364 842 hominis

782 894 1010 944 formosa
1043 897 1321 941 venustate
1344 929 1358 949 ,
1392 886 1484 938 sed
1520 881 1789 936 interioris
1820 880 2065 949 religiosa
2097 880 2359 932 castitate.

778 982 833 1036 Si
888 981 1030 1035 en‘im
1083 980 1323 1033 exterior
1379 976 1616 1044 pretioso
1648 971 2080 1026 indumentorum
2121 980 2364 1038 comptus

778 1083 971 1126 ornatu
1001 1071 1330 1125 smcular'itcr
1358 1068 1642 1134 gloriatur,
1675 1065 1868 1115 frustra
1903 1061 2132 1115 interior
2162 1062 2227 1114 de
2251 1060 2364 1128 pul-

779 1163 1082 1218 chritudine
1111 1159 1321 1228 propria
1356 1157 1584 1210 inaniter
1615 1153 1790 1224 [BodL
1823 1169 1927 1208 aut.
1954 1150 2205 1223 inaniter}
2246 1166 2365 1220 gra-

781 1254 963 1318 tia'tur,
996 1266 1115 1302 cum
1161 1248 1264 1301 Vas
1306 1246 1588 1301 electionis
1618 1242 1858 1313 generali
1890 1242 2166 1296 sententia
2213 1241 2362 1309 quasi

782 1343 995 1412 speciali
1020 1341 1337 1408 refragetur,
1370 1338 1523 1402 Mihi,
1553 1338 1820 1405 inquiens,
1849 1338 1977 1391 absit
2007 1339 2240 1407 gloriari,
2265 1337 2364 1388 nisi

782 1439 831 1488 in
862 1451 1010 1488 cruce
1057 1432 1299 1496 Domini;
1344 1432 1553 1499 utquid
1601 1432 1742 1483 enim
1787 1430 1968 1483 saeculi
2022 1430 2362 1497 pompuleuta

781 1527 988 1580 vanitas
1036 1526 1088 1578 in
1133 1524 1451 1576 catholicam
1501 1522 1701 1574 Christi
1734 1522 2008 1574 basilicam
2059 1519 2362 1572 intromitti-

784 1632 890 1684 tur,
926 1623 994 1674 ob
1017 1634 1176 1689 quam
1203 1634 1314 1671 rem
1346 1616 1577 1683 virgines
1608 1613 1806 1667 Christi
1841 1614 2070 1668 emnoliii
2105 1613 2362 1668 famulatu

781 1721 1177 1772 cenversantes.
1209 1709 1542 1762 ornamentis
1573 1707 1797 1760 vesuum
1831 1709 2071 1761 delicatis
2118 1709 2360 1760 decorari

782 1811 1047 1870 satagunt.
1074 1799 1261 1854 Nonne
1307 1801 1482 1854 Achar
1510 1801 1656 1854 filius
1698 1801 2081 1867 Acharmi,qni
2125 1799 2190 1852 de
2234 1814 2362 1852 ana-

2467 619 2623 673 quam
2655 606 2910 659 adversus
2932 621 3145 660 carnem
3166 607 3477 662 colluctatio
3509 619 3560 663 et
3588 611 3859 664 vincendi
3892 625 4054 678 συννυ-

2467 698 2539 750 ris
2590 713 2654 750 ac
2685 697 2935 751 domandi
2984 697 3246 751 obstinata
3297 701 3545 754 certatio.
3605 701 4052 755 ()rnatnentorum

2465 789 2606 841 enim
2630 803 2692 842 ac
2725 789 2950 842 vestium
2977 788 3201 858 insignia
3231 800 3285 845 et
3315 793 3576 847 lenocinia
3599 794 3936 861 formarum,
3964 814 4052 848 nun

2466 879 2566 931 nisi
2597 880 2893 946 prostitutis
2925 896 2988 934 ac
3036 882 3319 948 impudicis
3365 882 3582 940 feminis
3628 896 3970 954 Congruunt,
4011 899 4054 940 et

2465 972 2728 1024 nullarum
2778 973 2887 1026 fere
2935 973 3216 1040 pretiosior
3264 976 3439 1030 cultus
3491 988 3574 1031 est
3622 994 3794 1046 quam
3841 995 4048 1042 quarum

2467 1063 2636 1130 pudor
2654 1064 2770 1116 vilis
2801 1073 2902 1117 est.
2936 1064 2989 1118 In
3023 1067 3340 1136 ApOCaIypsi
3381 1069 3572 1122 mulier
3600 1070 3697 1122 illa
3723 1072 3928 1123 amicta
3954 1084 4051 1124 erat

2468 1153 2626 1219 pallio
2657 1168 2925 1221 purpureo
2957 1163 3011 1208 et
3042 1158 3317 1210 coccineo.
3349 1157 3578 1226 Fugiaut
3603 1169 3778 1214 casta:
3831 1164 4048 1228 virgines

2465 1253 2518 1296 et
2545 1244 2748 1312 pudica:
2793 1243 3114 1300 incestarum
3145 1249 3338 1313 cultus,
3386 1249 3596 1304 habitus
3637 1253 4043 1322 impudicaruui,

2467 1334 2710 1402 lupatum
2744 1336 2990 1403 insignia,
3011 1350 3323 1391 ornamenta
3344 1343 3705 1397 meretriCum.
3739 1363 3761 1395 ι
3796 1345 3860 1398 Et
3886 1347 4004 1399 alibi
4033 1366 4043 1400 2

2472 1442 2489 1474 ι
2526 1425 2813 1491 Cieteruin,
2847 1428 3037 1495 inquit,
3073 1429 3116 1480 si
3149 1439 3258 1483 tute
3287 1434 3657 1499 sumptuosius
3679 1449 3869 1489 comas
3893 1446 3945 1488 et
3969 1452 4047 1503 per

2468 1517 2732 1581 publicum
2766 1519 3073 1574 notabiliter
3102 1524 3353 1590 incedas,
3386 1528 3573 1581 oculos
3605 1530 3658 1582 in
3701 1540 3757 1584 te
3795 1532 4045 1598 juventus

2467 1607 2676 1671 illiciac,
2711 1609 2940 1676 suspiria
2973 1613 3370 1669 adolescentium
3420 1629 3542 1686 post
3584 1629 3633 1673 te
3675 1621 3894 1690 trahas,
3926 1637 4045 1676 ceu-

2466 1701 2775 1766 cupiscendi
2809 1704 3085 1760 libidinem
3122 1708 3346 1770 nutrias,
3377 1713 3628 1779 sperandi
3661 1713 3901 1769 fomenta
3941 1734 4047 1770 suc-

2465 1792 2688 1858 cendas,
2723 1803 2776 1846 ut
2807 1797 2907 1848 etsi
2941 1795 3054 1863 ipsa
3088 1813 3192 1850 non
3231 1815 3436 1866 pereas,
3470 1803 3602 1856 alios
3634 1814 3812 1858 tamen
3841 1808 4046 1873 perdae,

781 1869 1020 1948 tlretnate
1051 1895 1322 1960 municipii
1355 1904 1578 1960 septeno
1617 1909 1890 1946 murorum
1938 1894 2138 1945 ambitu
2183 1895 2362 1945 vallati
2400 1869 2440 1927 Β
2470 1895 2524 1937 et
2556 1885 2694 1938 velut
2736 1888 2963 1954 gladium
2996 1899 3047 1942 te
3072 1899 3124 1942 et
3153 1905 3413 1946 venenum
3439 1894 3742 1950 videntibus
3773 1900 4045 1962 CXlliJCIlS,

785 1989 1000 2056 pallium
1049 2001 1357 2040 coccineum
1403 1995 1456 2040 et
1509 1988 1724 2054 ligulam
1775 1986 1891 2039 auri
1939 1987 2043 2039 sibi
2099 1999 2368 2051 usurpans

781 2087 966 2130 contra
995 2077 1268 2130 decretum
1299 2075 1454 2129 ducis
1494 2077 1826 2129 clandestina
1867 2077 2051 2130 fraude
2100 2077 2370 2144 subripuit

784 2184 904 2222 cum
931 2169 1053 2220 totis
1080 2170 1366 2234 parente‘a:
1389 2167 1775 2219 contribulihus
1797 2177 1851 2221 et
1881 2167 2191 2220 domesticis
2214 2169 2372 2222 clien-

785 2259 904 2311 telze
938 2257 1208 2310 sodalibus
1235 2271 1481 2308 saxorum
1509 2256 1768 2308 imbribus
1790 2255 2010 2308 obrutus
2043 2256 2368 2310 horrendum

785 2350 970 2402 mortis
1017 2347 1380 2414 spectaculum
1430 2346 1776 2399 Hebraeorum
1830 2345 2181 2413 phalangibus
2234 2360 2369 2413 prae-

785 2441 929 2494 buit?
963 2441 1063 2494 l'er
1120 2437 1428 2505 allegoriam
1477 2452 1604 2489 vero
1654 2437 1907 2504 Oppidum
1954 2435 2202 2488 Hiericho
2249 2451 2367 2488 eum

787 2529 1087 2597 septiformi
1130 2543 1405 2582 murorum
1453 2528 1732 2580 ohsnaeulo
1776 2536 1960 2596 typum
2014 2526 2199 2579 mundi
2245 2541 2366 2580 eum

785 2623 1023 2692 septenis
1053 2623 1370 2675 smculorum
1417 2619 1655 2672 millibus
1696 2618 2014 2688 designasse
2066 2618 2366 2686 priscorum

787 2717 1003 2770 l'atrnm
1053 2715 1262 2766 decreta
1299 2721 1614 2777 sanxerunt,
1654 2727 1760 2764 non
1810 2725 1936 2780 ergo
1977 2711 2167 2764 ruituri
2203 2711 2367 2765 vetita

787 2804 967 2856 mundi
996 2811 1306 2855 ornamenta
1339 2816 1618 2868 purpurea:
1650 2800 1905 2869 pretiosis
1933 2801 2177 2853 tinctura:
2206 2803 2371 2853 muri-

785 2897 938 2950 cibus
985 2895 1218 2948 colorata
1269 2893 1499 2946 alumnis
1545 2892 1780 2946 etenobii
1825 2892 2128 2946 vernaculis
2171 2891 2367 2944 Christi

786 2987 1077 3057 virginibus
1107 2986 1365 3039 Ecclesia:
1407 2995 1594 3039 centra
1639 2983 1934 3052 apostolica
1967 2991 2170 3037 statuta
2201 2992 2254 3036 et
2295 2982 2366 3036 le-

783 3081 917 3149 galia
947 3080 1076 3132 scita
1109 3079 1208 3132 rite
1243 3093 1305 3132 ac
1341 3077 1658 3146 regulariter
1687 3091 1982 3145 congruere
2013 3084 2237 3142 queunt.
2281 3074 2368 3129 Si-

785 3172 998 3239 quidem
1031 3181 1215 3239 pastor
1265 3172 1442 3238 gregis
1491 3168 1746 3223 dominici
1789 3179 1840 3223 ct
1883 3169 2085 3238 janitor
2135 3170 2368 3223 ccelestis

784 3262 940 3329 aulm,
969 3263 1035 3314 de
1066 3278 1170 3328 quo
1200 3272 1377 3329 poeta,

936 3352 1155 3410 Claviger
1178 3351 1424 3398 tctliereus
1459 3356 1642 3408 portam
1667 3349 1749 3410 qui
1786 3349 1946 3407 pandit
1972 3349 2018 3396 in
2041 3347 2213 3398 aethra.

786 3434 860 3488 Ita
911 3438 1229 3490 auctoritate
1278 3437 1557 3505 principali
1607 3445 1661 3490 et
1709 3435 2021 3490 authentico
2060 3435 2370 3503 pontificatu

789 3527 1123 3596 promulgat:
1175 3528 1256 3582 Sit
1287 3530 1487 3581 mulieri
1527 3545 1627 3581 non
1674 3531 1896 3582 exterior
1926 3533 2226 3593 ornamenti,
2279 3541 2370 3582 aut

784 3620 918 3683 auri,
949 3632 1033 3672 aut
1062 3623 1207 3675 restis
1239 3623 1426 3686 cultus,
1459 3622 1547 3675 sed
1577 3623 1745 3676 cultus
1772 3623 1960 3675 cordis.
1993 3622 2144 3677 Unde
2171 3622 2372 3692 Grego-

789 3711 900 3762 tius
933 3711 1160 3780 pervigil
1217 3721 1427 3778 pastor,
1462 3724 1513 3765 et
1564 3712 1883 3782 paedagogus
1934 3723 2138 3776 noster,
2191 3723 2390 3775 noster,

786 3799 1025 3868 inquam,
1058 3803 1145 3871 qui
1179 3805 1374 3858 nostris
1407 3806 1714 3870 parentibus
1746 3820 1982 3859 errorem
2016 3815 2169 3860 tetrte
2199 3804 2372 3874 genti-

786 3893 951 3946 litatis
983 3895 1199 3949 abstulit
1227 3906 1280 3950 et
1310 3897 1676 3966 regenerantis
1706 3899 1893 3966 gratia:
1923 3913 2164 3952 normam
2199 3899 2367 3950 tradi-

787 3983 885 4046 dit,
921 4000 1038 4036 eum
1067 3985 1433 4055 evangelicum
1465 3989 1776 4056 explanaret
1811 3988 2013 4041 dictum
2049 4006 2060 4042 :
2113 3986 2243 4041 Ecce
2285 3991 2370 4057 qui

787 4075 1026 4128 mollibus
1055 4081 1337 4130 vestiuntur
1365 4079 1414 4130 in
1444 4078 1677 4131 domibus
1703 4096 1880 4148 regunt
1908 4089 2049 4144 sunt,
2081 4079 2328 4142 adjunait
2354 4097 2364 4130 :

795 4185 814 4219 ‹
851 4168 1015 4221 Nemo
1057 4185 1182 4238 ergo
1212 4173 1489 4226 existimet
1518 4172 1568 4224 in
1613 4171 1791 4224 studio
1821 4172 2046 4226 vestium
2088 4181 2366 4240 peccatum

789 4257 1001 4321 deesse,
1033 4259 1152 4327 quia
1183 4261 1226 4314 si
1258 4260 1357 4314 hoc
1386 4261 1539 4327 culpa
1575 4275 1678 4314 non
1707 4269 1870 4324 esset,
1901 4275 2235 4330 nequaquam
2265 4259 2366 4314 Pe-

788 4356 904 4402 trus
930 4351 1202 4415 apostolus
1232 4366 1325 4418 per
1355 4352 1634 4418 epistolam
1664 4366 1813 4404 suam
1848 4352 2074 4406 feminas
2108 4366 2136 4404 a
2169 4352 2370 4420 pretio-

787 4455 966 4493 sarum
1000 4444 1226 4495 vestium
1259 4446 1496 4509 appetitu
1549 4451 1939 4511 compesceret,
1973 4443 2193 4496 dicens:
2246 4442 2367 4496 Non

785 4532 840 4581 in
873 4541 1002 4582 veste
1029 4535 1269 4599 pretiosa.
1301 4531 1450 4598 Quod
1483 4533 1526 4585 si
1559 4531 1660 4586 hoc
1687 4533 1842 4600 culpa
1875 4548 1980 4585 non
2013 4542 2176 4595 esset,
2221 4533 2366 4584 nullo

790 4622 950 4675 anulo
1002 4623 1248 4676 Ioannem
1301 4624 1556 4677 Dominus
1603 4625 1669 4679 de
1723 4624 2031 4678 vestimenti
2082 4626 2366 4691 asperitate

788 4710 1076 4766 laudasset.
1113 4715 1338 4768 l’ensate
1364 4731 1484 4783 qua:
1510 4715 1661 4782 culpa
1689 4714 1756 4768 sit
1790 4720 1891 4769 hoc
1917 4717 2077 4769 etiam
2109 4717 2256 4769 viros
2275 4731 2368 4784 ap-

789 4814 968 4868 petere
997 4821 1023 4855 a
1053 4821 1157 4873 quo
1182 4807 1385 4860 curavit
1417 4815 1598 4877 pastor
1630 4806 1887 4861 Ecclesia:
1909 4815 1964 4862 et
1999 4806 2220 4862 feminas
2244 4822 2367 4876 pro-

783 4894 989 4949 hibere.
1028 4914 1046 4947 ι

856 5004 988 5058 LVI.
1034 5006 1272 5061 Evidens
1319 5023 1544 5076 namque
1576 5017 1630 5061 ut
1661 5009 1787 5063 mihi
1819 5010 2046 5073 videtur,
2079 5009 2368 5064 inexcusa-

786 5095 904 5148 bilis
931 5099 1245 5165 arrogantic
1283 5100 1533 5168 probrum
1590 5109 1642 5153 et
1690 5102 2062 5156 ostentationis
2112 5103 2364 5158 indicium

783 5199 846 5236 ex
878 5201 942 5238 eo
971 5187 1290 5250 declaratur,
1312 5191 1448 5256 quod
1483 5204 1640 5244 nemo
1667 5189 1736 5244 ihi
1769 5193 2013 5258 pretiosis
2037 5201 2089 5246 et
2113 5193 2365 5248 coloratis

784 5278 1019 5328 vestibus
1067 5279 1208 5330 indui
1260 5279 1550 5340 desiderat,
1602 5282 1691 5334 ubi
1725 5296 1752 5332 a
1789 5283 1934 5334 nullo
1984 5283 2124 5334 valet
2154 5283 2361 5348 videri;

786 5367 927 5418 unde
973 5367 1035 5421 Β.
1067 5370 1361 5436 Cyprianus
1392 5371 1458 5424 de
1504 5373 1793 5440 virginibus
1825 5374 2048 5442 loquens
2093 5391 2106 5428 :
2145 5393 2163 5425 ι
2201 5375 2362 5441 Quid,

784 5458 984 5525 inquit,
1027 5470 1242 5526 ornata,
1273 5461 1398 5530 quid
1443 5475 1653 5531 compta
1703 5465 1960 5533 procedit,
2010 5467 2158 5534 quasi
2199 5467 2363 5520 mari-

785 5555 896 5599 tum
945 5559 1034 5601 aut
1068 5549 1287 5610 habeat,
1322 5562 1413 5606 aut
1458 5555 1708 5622 quaerat?
1746 5574 1761 5603 ι
1802 5555 1868 5610 Et
1898 5557 2030 5609 infra
2079 5559 2358 5612 subdidit:

783 5636 964 5706 Neque
987 5642 1129 5692 enim
1161 5643 1416 5711 virginem
1451 5645 1526 5697 fas
1557 5655 1640 5700 est
1667 5647 1733 5698 ad
1766 5649 1994 5714 speciem
2043 5648 2228 5701 formte
2252 5665 2362 5702 sua:

782 5728 946 5790 comi,
969 5740 1055 5782 aut
1071 5730 1135 5784 de
1157 5747 1319 5786 carne
1365 5743 1417 5786 et
1442 5736 1554 5801 ejus
1575 5737 1967 5803 pulchritudine
1983 5739 2221 5806 gloriari,
2241 5755 2360 5794 cum

783 5823 1065 5886 Apostolus
1115 5827 1270 5894 dicat,
1314 5827 1443 5881 Mihi
1499 5840 1662 5884 autem
1714 5831 1841 5885 absit
1893 5833 2125 5902 gloriari,
2158 5835 2254 5885 nisi
2309 5835 2356 5885 in

2471 1977 2712 2029 excusari
2746 1992 2849 2031 non
2879 1987 3054 2046 potes,
3092 1985 3239 2050 quasi
3269 1994 3445 2038 mente
3475 1997 3618 2039 casta
3649 1988 3721 2042 sis
3744 1999 3798 2042 et
3827 1991 4047 2058 pudiea,

2473 2066 2740 2133 redarguit
2774 2077 2821 2120 lc
2851 2069 3024 2124 cultus
3057 2071 3329 2140 improbus
3371 2083 3419 2128 ct
3460 2077 3760 2146 impudicus
3804 2093 4046 2140 ornatus.

2472 2172 2570 2210 nec
2601 2160 2894 2226 cmuputari
2916 2160 3026 2229 jam
3058 2173 3226 2229 potest
3264 2165 3401 2218 inter
3435 2167 3672 2234 virgines
3697 2169 3902 2224 Christi
3943 2188 4051 2240 qua:

2471 2250 2547 2300 sic
2597 2249 2724 2300 vivit
2752 2259 2808 2301 ut
2848 2251 3013 2318 possit
3071 2252 3332 2308 adamari.
3365 2272 3384 2307 ι
3423 2257 3687 2312 llactenus
3714 2259 4048 2330 Cyprianus;

2469 2337 2714 2403 Nunquid
2743 2341 2834 2395 ille
2858 2343 3104 2397 conditor
3129 2358 3190 2398 ac
3218 2355 3430 2400 creator
3454 2352 3689 2402 omnium
3716 2350 3859 2405 Deus
3887 2353 4051 2406 hirrll-

2475 2435 2554 2479 tas
2585 2429 2858 2484 bidentum
2891 2433 3040 2486 lanas
3069 2443 3120 2487 et
3162 2447 3337 2490 setosa
3370 2453 3649 2493 vervecum
3681 2444 3905 2507 vellera,
3953 2459 4047 2497 non

2473 2521 2641 2586 potuit
2671 2523 2832 2574 rubro
2879 2524 3128 2576 conchilii
3183 2528 3442 2594 sanguine
3487 2541 3578 2583 aut
3604 2543 3831 2586 cruento
3880 2534 4048 2587 bacci-

2470 2610 2680 2663 niorum
2711 2625 2873 2666 succo
2904 2615 3142 2680 inlicere,
3171 2629 3264 2671 seu
3295 2629 3463 2683 certe,
3498 2624 3785 2688 purpureis
3810 2625 4051 2677 tinctura:

2470 2703 2762 2757 muricibus
2792 2709 3105 2762 naturaliter
3137 2708 3401 2774 colorare,
3435 2711 3480 2764 si
3511 2712 3610 2766 hoc
3641 2715 3843 2768 nosuis
3876 2719 4053 2771 usibus

2470 2795 2810 2850 commodum
2840 2804 2895 2850 et
2938 2797 3149 2852 utilitati
3190 2797 3364 2871 [BodL
3401 2802 3522 2855 add.
3557 2807 3776 2874 nostra]
3809 2807 4052 2874 profutu-

2471 2899 2586 2938 rum
2616 2887 2799 2939 solerti
2830 2889 3165 2955 pﬁBSCleltlia
3201 2891 3536 2957 pra-vidisset
3568 2904 3622 2946 ut
3650 2892 3854 2964 [Bodl.,
3892 2896 3968 2967 et]
4000 2900 4054 2949 il-

2472 2978 2560 3032 lud
2591 2981 2858 3034 veraciter
2886 2981 3158 3052 impletur,
3191 2998 3277 3052 qui
3298 2982 3331 3036 d
3359 2999 3452 3052 per
3481 2986 3700 3040 ironiam
3735 3003 3765 3039 a
3793 3001 3954 3058 poeta
3987 2992 4053 3045 fe-

2472 3071 2644 3125 liciter
2666 3083 2881 3125 cantum
2913 3085 2994 3126 est
3024 3092 3034 3125 :

2721 3161 2823 3210 Nec.
2856 3165 3014 3211 varios
3038 3165 3194 3213 discet
3227 3167 3422 3215 mentiri
3456 3167 3560 3214 lana
3583 3167 3813 3216 colores:

2721 3224 2831 3286 ipse
2855 3228 2939 3272 sed
2967 3228 3012 3272 in
3037 3238 3187 3286 pratis
3212 3234 3340 3278 aries
3363 3233 3452 3286 iam
3475 3243 3625 3277 suave
3657 3233 3860 3278 rubenti

2718 3285 2925 3346 Muricn,
2950 3285 3044 3345 jam
3068 3301 3242 3337 eroceo
3260 3285 3462 3339 mutavit
3489 3294 3670 3338 vellera
3697 3294 3826 3349 luto,

2720 3349 2906 3407 Sponte
2930 3361 3016 3397 sua
3038 3355 3206 3398 sandix
3236 3361 3491 3411 pascentes
3517 3357 3697 3401 vestiet
3724 3367 3904 3412 agnos.

2477 3428 2541 3481 Et
2569 3430 2723 3497 quasi
2753 3429 2839 3484 ille
2871 3433 2937 3484 de
2976 3447 3081 3499 quo
3110 3433 3313 3486 dictum
3343 3443 3424 3488 est
3460 3453 3470 3487 :
3505 3434 3604 3502 Qui
3658 3437 3795 3491 viv:t
3823 3440 3878 3492 in
3912 3451 4054 3494 :eter-

2474 3535 2622 3584 num,
2653 3521 2858 3574 creavit
2885 3523 3065 3575 omnia
3094 3523 3272 3589 simul,
3305 3540 3424 3579 cum
3452 3529 3706 3581 conderet
3736 3530 3935 3583 orbem
3959 3534 4054 3583 ori-

2472 3611 2721 3680 ginaliter
2743 3627 2928 3668 creare
2945 3614 3270 3683 nequiverit,
3300 3633 3441 3672 nunc
3467 3619 3778 3673 mortalium
3802 3623 4050 3676 industria

2473 3705 2687 3759 stolidis
2719 3721 2783 3760 ac
2811 3707 3100 3775 superﬂuis
3129 3709 3566 3764 adinvcntionum
3598 3716 3944 3782 argumentis
3969 3719 4050 3769 ad-

2473 3797 2600 3850 dere
2647 3805 2701 3852 et
2746 3798 3076 3866 amplificare
3111 3801 3418 3856 contendat.
3452 3802 3600 3858 Unde
3649 3806 3892 3874 inclytus
3941 3809 4048 3862 item

2471 3885 2769 3956 Cyprianus
2795 3888 3117 3944 Punicorum
3144 3891 3375 3959 pontifex
3405 3893 3572 3963 inquit
3597 3911 3609 3946 :
3641 3913 3661 3945 ι
3696 3895 3894 3964 Neque
3923 3900 4049 3954 enim

2474 3978 2613 4033 Deus
2641 3981 2952 4050 coecineas,
2996 3993 3089 4036 aut
3119 3997 3409 4051 purpureas
3453 4000 3585 4039 oves
3616 3985 3770 4052 fecit,
3805 4001 3897 4043 aut
3947 3993 4050 4044 her-

2473 4070 2658 4123 barum
2691 4074 2868 4125 suceis
2897 4081 2952 4125 et
2991 4073 3272 4126 conchiliis
3297 4076 3522 4142 tingere,
3551 4085 3604 4128 et
3635 4078 3893 4132 colorare
3919 4080 4048 4132 lanas

2472 4161 2668 4216 docuit.
2720 4163 2852 4217 Nam
2885 4165 3157 4234 quippiam
3198 4166 3250 4219 in
3290 4181 3467 4220 rerum
3498 4167 3791 4222 visibilium
3840 4172 4046 4238 plastica

2473 4257 2720 4310 humana:
2769 4267 2972 4312 natura:
3028 4260 3391 4313 necessarium
3440 4262 3875 4329 omnipotentem
3936 4267 4045 4316 rell-

2471 4349 2650 4416 quisse
2680 4350 2933 4403 inlectum
2980 4360 3035 4405 et
3079 4352 3446 4419 imperfectum
3479 4353 3768 4407 catholica:
3822 4357 3946 4410 lidei
3978 4372 4045 4410 re-

2469 4441 2592 4507 gula
2646 4440 2986 4510 refragatur;
3038 4443 3131 4496 sed
3171 4443 3296 4512 quid
3348 4443 3538 4496 mirum
3592 4444 3638 4497 si
3685 4449 4041 4512 apestolorum

2473 4533 2688 4584 oracula
2722 4542 2776 4585 et
2825 4532 3258 4600 jurisiieritorum
3294 4533 3424 4586 scita
3456 4534 3705 4603 prarlatas
3742 4537 4040 4591 frivolorum

2474 4624 2676 4675 nmnias
2718 4625 3122 4688 ahominentur,
3154 4640 3274 4677 cutn
3302 4628 3462 4679 etiam
3509 4627 3737 4696 gentiles
3768 4631 4041 4697 gentilibus

2468 4722 2522 4766 et
2581 4715 2801 4782 paganis
2850 4714 3044 4784 pagani
3097 4716 3249 4784 quasi
3294 4717 3639 4772 ridiculosum
3670 4723 4040 4774 subsannantis

2469 4817 2778 4871 gannaturze
2826 4807 3171 4875 opprobrium
3224 4807 3237 4860 1
3273 4817 3466 4877 gantur
3510 4808 3917 4879 imprOperasse
3956 4815 4038 4867 hoc

2469 4894 2648 4958 modo,
2679 4910 2800 4949 cum
2833 4897 3016 4950 infami
3038 4900 3440 4968 proverbiorum
3466 4899 3643 4970 elogio
3667 4904 4038 4960 cachinna..tts

2467 5001 2530 5040 ac
2559 4989 2868 5042 cavillantes

2651 5103 2803 5167 Vobis
2827 5105 2950 5164 picta
2979 5118 3118 5154 croco
3143 5117 3192 5156 et
3217 5109 3420 5167 fulgenti
3445 5113 3630 5158 murice
3661 5117 3813 5162 vestis
3831 5129 3848 5163 ;

2652 5166 2712 5216 Et
2732 5175 2907 5215 tuutcze
2932 5171 3140 5217 litauit-as
3164 5178 3216 5218 et
3242 5166 3422 5220 habent
3447 5174 3733 5221 redimicula
3759 5186 3936 5224 mitra.

2539 5277 2690 5331 LVII.
2733 5276 2914 5330 Judith
2968 5277 3073 5330 ﬁlia
3140 5277 3352 5342 Merari,
3383 5289 3499 5346 post
3548 5281 3752 5334 obitum
3813 5282 4033 5336 Manasse

2465 5378 2677 5434 sumpto
2695 5364 3234 5423 viduitatistheristro
3281 5378 3333 5423 et
3377 5381 3557 5438 spreto
3603 5374 3844 5440 sponsali
3897 5377 4033 5444 peplo

2466 5460 2656 5514 blanda
2689 5476 2965 5528 procormn
3000 5461 3262 5515 lenocinia
3294 5475 3676 5528 contemnens,
3709 5468 3943 5520 nonduin
3966 5486 4034 5521 rc-

2464 5552 2786 5605 sultantibus
2813 5555 3117 5619 apostolica:
3151 5555 3363 5618 salpicis
3400 5554 3769 5625 clangoribus,
3807 5560 3933 5613 Dico
3958 5564 4026 5611 iu-

2465 5646 2640 5709 nnptis
2671 5653 2716 5695 et
2759 5645 2947 5708 viduis,
2977 5647 3160 5697 bonum
3185 5657 3257 5698 est
3298 5646 3422 5709 illis,
3453 5648 3496 5698 si
3526 5650 3602 5700 sic
3635 5653 4029 5716 permanserint:

2464 5737 2614 5806 quasi
2643 5739 2877 5792 candens
2907 5739 3074 5792 lilium
3106 5739 3190 5807 pia
3220 5740 3461 5793 castitate
3493 5740 3810 5807 ﬂorescens,
3846 5756 3986 5812 atque
4009 5759 4029 5793 ι

2467 5831 2691 5900 publicis
2737 5831 3115 5898 conspectibus
3149 5831 3488 5900 delitescens,
3526 5831 3578 5887 ia
3626 5839 3888 5893 cmuaruli
3923 5836 4028 5890 Sol.-
