4214 6532
184 423 286 475 ΗΠ

1329 427 1413 480 DE
1457 425 1586 478 LM;
1604 423 1798 478 DIBL'S
1843 421 2305 478 VlRGlN‘lTATlS

3361 434 3456 492 158

179 540 263 590 rio
301 541 486 606 pudica
534 541 974 604 conversabatur,
1001 557 1119 596 cum
1165 541 1488 594 horrendum
1521 538 1764 606 Assyrio-
1796 537 1846 594 Δ
1878 536 2190 601 proteletur,
2216 537 2309 589 sed
2342 540 2662 602 competenti
2711 540 2949 593 clausula
2985 543 3241 595 maturius
3272 544 3439 595 termi-

180 646 304 682 rum
333 632 646 697 principem,
679 634 766 699 qui
797 634 1088 686 innumeris
1113 634 1505 701 manipulorum
1539 629 1772 682 millibus

179 725 425 789 equitatu
453 735 504 778 et
533 728 771 791 peditatu
796 727 1217 793 glomerantibus
1242 727 1422 778 orbem
1453 731 1772 776 trementem

184 821 400 885 terruit,
451 821 585 871 Abra
646 821 936 874 comitante
990 821 1380 874 circumvenire
1453 819 1770 880 moliretur,

183 907 328 959 haud
356 923 510 961 secus
541 909 912 976 decipiendum
943 911 1192 971 credidit,
1249 926 1346 964 nec
1377 911 1527 962 aliter
1557 909 1775 960 obtrun-

181 1003 421 1051 Caudum
454 1011 561 1052 rata
613 1012 714 1065 est,
770 1003 868 1055 nisi
896 1018 1016 1055 cum
1071 1003 1246 1055 nativa
1289 1002 1462 1053 vultus
1492 1008 1774 1053 venustate

183 1092 520 1145 ornamentis
550 1094 706 1144 etiam
749 1095 1115 1159 corporalibus
1163 1101 1461 1158 caperetur,
1494 1089 1558 1142 de
1591 1104 1688 1156 qua
1724 1088 1772 1139 in

187 1179 337 1232 LXX
371 1183 780 1236 translatoribus
812 1184 1069 1251 scriptum
1115 1192 1194 1236 est
1228 1203 1239 1234 :
1295 1181 1473 1234 Induit
1500 1197 1551 1234 se
1593 1189 1776 1232 restem

187 1275 526 1328 fecunditatis
557 1291 660 1328 sua!
686 1285 731 1328 et
769 1278 1006 1346 imposuit
1053 1275 1372 1345 peri-aclides
1403 1284 1446 1325 et
1495 1271 1770 1332 dcxtralia,

187 1376 236 1418 ct
266 1368 505 1429 annulos,
555 1378 598 1422 et
626 1369 796 1420 omnia
845 1379 1141 1420 ornamenta
1181 1384 1295 1426 sua,
1338 1374 1381 1419 et
1414 1364 1695 1431 composuit
1725 1379 1777 1413 se

186 1456 346 1507 nimis
376 1459 426 1508 in
455 1458 689 1524 rapinam
716 1459 956 1509 virorum.
992 1458 1066 1509 En
1099 1472 1203 1508 non
1236 1455 1436 1508 nostris
1461 1452 1778 1505 assertioni-

188 1546 319 1609 bus,
353 1549 443 1602 sed
477 1549 764 1616 Scriptnrte
807 1548 1273 1618 astipulationibus
1306 1555 1522 1598 ornatus
1557 1543 1778 1596 femina-

188 1654 311 1690 rum
339 1640 519 1706 rapina
544 1639 776 1693 virorum
807 1651 1041 1693 vociitur.
1062 1640 1256 1693 Verum
1281 1639 1402 1705 quia
1431 1639 1528 1690 hoc
1559 1638 1608 1690 iu
1633 1651 1774 1689 areta

191 1730 420 1784 lletuliae
451 1731 728 1784 obsidione
760 1747 858 1800 pro
889 1731 1282 1785 contribulibus
1307 1731 1532 1781 dolitura
1563 1742 1777 1792 compa-

195 1824 386 1877 tientis
415 1823 623 1890 aﬂectu,
657 1840 760 1877 non
791 1824 1049 1879 castitatis
1078 1824 1286 1876 delectu
1311 1824 1498 1877 fecisse
1518 1835 1776 1875 memora-

191 1927 303 1979 tttr,
336 1917 535 1970 idcirco
564 1919 708 1971 salva
736 1919 952 1984 pudoris
979 1918 1280 1972 reverentia
1313 1917 1523 1972 celebre
1553 1917 1774 1968 meticu-

191 2009 326 2063 losis
375 2011 728 2079 municipibus
781 2021 1040 2078 tropaeum
1091 2020 1143 2063 et
1191 2011 1450 2078 inclytum
1494 2008 1777 2076 Oppidanis

191 2103 583 2171 trepidantibus
627 2103 950 2170 triumphum
996 2114 1128 2158 teste
1160 2103 1370 2174 tyranni
1401 2102 1572 2168 capite
1603 2109 1654 2153 et
1686 2114 1777 2152 co-

192 2211 386 2264 nopteo
417 2197 729 2265 reportavit.
768 2197 982 2251 Necnon
1020 2198 1068 2250 in
1123 2195 1426 2248 Proverbiis
1459 2196 1647 2247 mulier
1690 2192 1776 2244 illa

188 2300 392 2353 procax
439 2295 492 2340 et
538 2285 802 2355 pertinax,
840 2288 1135 2357 Synagogte
1188 2298 1368 2353 typum
1416 2285 1772 2346 obumbrans,

190 2393 317 2446 qua:
351 2377 520 2431 virum
556 2380 832 2445 proprium
867 2380 1074 2445 integro
1115 2375 1405 2445 plenilunio
1437 2389 1774 2428 reversurum

188 2472 498 2537 spOpondit,
525 2479 715 2523 ornatu
747 2470 1052 2523 meretricio
1082 2479 1134 2521 et
1164 2471 1287 2520 luxu
1322 2466 1662 2520 lenocinante
1686 2478 1778 2515 ve-

188 2561 408 2616 cordem
435 2561 686 2630 juvenem
723 2563 1009 2631 pellexisse
1039 2571 1092 2616 et
1127 2560 1464 2614 fraudulento
1492 2558 1775 2609 verborum

189 2652 585 2705 oblectamento
615 2652 898 2720 deceptum
941 2651 1236 2720 lugubriter
1267 2650 1481 2704 elicisse
1511 2647 1776 2701 describi-

197 2752 306 2808 tur,
341 2755 398 2796 ut
429 2745 621 2798 merito
648 2744 797 2813 quasi
847 2745 940 2798 bos
985 2743 1176 2796 ductus
1206 2741 1272 2793 ad
1304 2741 1573 2793 victimam
1621 2751 1779 2791 erecte

190 2835 500 2904 cupiditatis
561 2834 854 2902 petulantia
901 2844 1089 2900 captus
1143 2831 1430 2885 uelandum
1485 2827 1780 2896 prostituta:

195 2928 419 2994 lupanar
449 2926 662 2995 aggredi
688 2925 905 2980 minime
940 2935 1237 2991 vereretur,
1269 2923 1522 2993 ignorans
1549 2923 1685 2988 quod
1714 2919 1778 2971 ad

195 3020 410 3074 vincula
443 3021 667 3074 stolidus
701 3021 1030 3083 traheretur,
1078 3019 1252 3072 donec
1279 3014 1560 3082 transﬂgat
1589 3014 1776 3081 sagitta

191 3115 345 3182 jecur
377 3115 526 3181 ejus,
568 3113 717 3167 velut
769 3113 814 3166 si
864 3112 974 3166 ales
1024 3109 1309 3180 perniciter
1339 3108 1556 3163 festinet
1581 3105 1648 3158 ad
1694 3105 1781 3157 la-

193 3219 412 3273 qucum.

265 3294 448 3348 LVIII.
492 3293 720 3348 Puderet
747 3291 946 3347 rel‘erre
965 3289 1316 3358 quorumdam
1352 3287 1644 3341 frontosam
1670 3284 1781 3338 ela-

196 3386 358 3440 tionis
382 3385 768 3454 impudentiam
815 3394 870 3437 et
908 3393 1174 3451 comptam
1205 3380 1513 3435 stoliditatis
1545 3379 1783 3432 insolen-

197 3478 347 3539 tiam,
375 3492 494 3544 qute
530 3478 580 3530 in
637 3487 865 3544 utroque
891 3490 1020 3529 sexu
1053 3489 1157 3529 non
1199 3473 1372 3527 solum
1404 3471 1784 3526 sanetimonia-

198 3571 326 3624 lium
382 3572 481 3624 sub
528 3570 788 3639 regimine
828 3568 1059 3622 eteuobii
1107 3566 1782 3628 conversantium,'verum

197 3664 357 3715 etiam
423 3662 909 3716 ecclesiasticarum
958 3660 1058 3713 sub
1121 3657 1323 3712 ditione
1389 3655 1677 3725 pontilicali
1732 3655 1784 3707 in

197 3758 345 3814 clero
379 3756 706 3826 degentium,
753 3763 936 3809 contra
988 3767 1253 3808 canonum
1304 3750 1516 3803 decreta
1544 3758 1598 3802 et
1633 3762 1787 3815 regu-

198 3850 327 3904 laris
346 3851 470 3902 vita:
503 3863 742 3903 normam
767 3846 1242 3916 deprehenduntur
1270 3850 1556 3907 usurpatae,
1614 3837 1684 3892 ob
1735 3837 1784 3891 id

199 3941 395 4002 solum,
424 3951 479 3993 ut
527 3949 707 3993 crustu
766 3939 1044 3991 interdicto
1097 3936 1478 4004 phalerataque
1510 3937 1787 3985 venustate

201 4031 432 4085 carnalis
457 4039 658 4084 statura
686 4041 930 4084 comatur
957 4028 1023 4081 ab
1049 4026 1308 4080 habitudo
1331 4038 1587 4092 corporea
1620 4037 1786 4075 meth

201 4129 393 4182 bratim
427 4143 486 4181 ac
517 4126 874 4197 particulatim
909 4131 1247 4192 perornetur.
1300 4119 1431 4173 Nam
1461 4119 1636 4171 cultus
1691 4129 1786 4186 ge-

203 4221 332 4275 mini
366 4236 526 4275 sexus
578 4218 946 4288 hujuscemodi
979 4225 1205 4277 constat,
1250 4213 1504 4267 sobncula
1564 4212 1783 4274 bissina,

203 4313 313 4365 sive
346 4311 712 4381 hyacinthina,
737 4311 914 4364 tunica
934 4309 1182 4362 eoccittea
1211 4307 1464 4374 capitium
1489 4312 1540 4356 et
1562 4303 1785 4356 manica:

203 4403 390 4458 sericis
420 4405 622 4456 clavate
645 4401 902 4455 callicnlze
926 4398 1125 4471 [Budl.,
1146 4399 1361 4450 clavatte
1383 4391 1666 4464 galliculmj
1702 4408 1788 4445 ru-

206 4495 425 4549 bricatis
457 4494 684 4564 pellibus
707 4493 1011 4546 ambiuntur
1043 4489 1245 4562 [Bodt.,
1294 4485 1578 4555 ambiunt],
1626 4485 1787 4537 autite

206 4589 396 4642 frontis
426 4598 478 4642 et
529 4599 825 4656 temporum
875 4585 1032 4639 cicini
1066 4583 1263 4657 [Bodl.,
1297 4578 1527 4650 concilii]
1572 4578 1785 4633 calami-
1812 4588 1863 4646 ι)

206 4693 316 4735 stro
348 4684 672 4750 crispantnr,
729 4678 867 4748 pulla
900 4677 1088 4744 capitis
1133 4674 1396 4729 velamina
1449 4670 1690 4727 candidis
1736 4680 1789 4724 et

207 4774 458 4830 coloratis
491 4771 806 4826 mafortibus
833 4763 1404 4840 [Bodl.,mavortibns]
1429 4762 1646 4825 cedunt,
1672 4775 1790 4829 qua:

207 4869 455 4923 vittarum
481 4865 707 4919 nexibus
733 4872 922 4915 assuta:
954 4862 1056 4914 talo
1083 4869 1235 4915 tenus
1286 4857 1548 4926 prolixius
1589 4855 1789 4922 depen-

208 4962 357 5025 dunt,
389 4975 594 5030 ungues
625 4958 726 5010 ritu
751 4955 1014 5011 falconum
1062 4963 1114 5008 et
1141 4952 1477 5020 accipitrum,
1506 4962 1601 5002 seu
1648 4955 1793 5001 certe

212 5055 274 5108 ad
304 5057 472 5108 instar
520 5065 907 5114 cavannarttm,
952 5057 1239 5109 acuuntur,
1296 5057 1429 5111 quos
1483 5040 1794 5094 naturaliter

218 5143 451 5210 ingenita
481 5140 672 5194 edendi
729 5138 1020 5193 necessitas
1070 5135 1287 5204 instigat
1333 5132 1540 5186 obunca
1599 5130 1793 5198 pedum

216 5232 473 5288 l’uscinula
502 5241 553 5285 et
581 5229 759 5298 rapaci
793 5232 1109 5298 ungularum
1141 5223 1394 5292 arpagine
1442 5222 1597 5275 alites
1624 5227 1680 5273 et
1709 5233 1798 5271 so-

215 5328 350 5381 rices
374 5325 665 5379 crudeliter
697 5321 1012 5376 insectando
1034 5317 1286 5389 grassari.
1319 5314 1520 5369 Verum
1562 5327 1628 5365 ne
1659 5310 1797 5363 forte

220 5429 431 5487 propter
460 5418 782 5487 publicatum
817 5413 1021 5486 [Bodl.,
1051 5405 1395 5481 publicatam]
1428 5414 1795 5473 protervorum

216 5511 549 5567 insolentiam
585 5519 637 5564 et
665 5508 955 5562 traductam
1003 5501 1516 5571 iudisciplinalorum
1546 5510 1799 5563 arrogan-

221 5604 365 5671 tiam,
391 5603 478 5673 qui
512 5602 715 5657 malunt
739 5600 1069 5669 negligenter
1115 5592 1445 5648 dissimulari
1495 5603 1651 5658 quam
1685 5586 1796 5640 cle-

223 5709 426 5752 menter
476 5693 767 5762 increpari,
801 5691 1015 5760 obliqua
1065 5686 1252 5742 livoris
1300 5683 1492 5738 invidia
1537 5678 1800 5734 crimine-

223 5805 366 5853 n.ur,
398 5797 488 5842 aut
522 5786 822 5855 strophosaa
871 5780 1258 5850 suggillationis
1304 5774 1534 5830 ludibrio
1571 5770 1799 5838 deroge-

229 5897 354 5936 uzztr.
408 5877 777 5949 hujuscemodi
839 5873 1128 5946 disputatio
1177 5882 1515 5940 nequaquam
1577 5865 1798 5919 ulterius

1877 640 2052 692 uetttr,
2086 644 2149 681 ne
2196 630 2318 683 dum
2371 631 2613 696 maligma
2667 631 2869 702 [Bodl.,
2905 632 3186 703 malagma]
3218 637 3450 688 medica-

1877 719 2038 773 menti
2065 720 2358 786 purulentis
2389 731 2759 789 protervorum
2791 725 3103 778 vulneribus
3134 725 3447 793 quarrimus,

1878 810 2046 878 rigida
2078 811 2431 864 convitiorutn
2485 815 2645 882 ﬂagra
2676 813 3070 884 virulentasque
3120 830 3325 883 aSperae
3369 831 3449 867 tti-

1875 906 2132 959 vectionis
2167 907 2443 975 mastigias
2467 909 2532 960 ab
2579 907 2785 961 aemulis
2823 909 3044 960 truciter
3085 909 3258 961 illatas
3289 922 3449 972 expe-

1876 1003 2093 1061 riamur,
2119 1015 2171 1056 ct
2203 1015 2376 1056 tamen
2415 1019 2518 1056 non
2552 1019 2874 1072 magnopere
2905 1017 3126 1055 moveor
3155 1001 3445 1069 quamlibet

1856 1095 2131 1157 ηθιινρτειιε
2154 1096 2522 1160 stipulatorem
2557 1097 2797 1148 veritatis
2849 1095 3043 1148 suatim
3094 1095 3350 1146 livescaut
3385 1107 3449 1148 ac

1877 1200 2059 1242 contra
2092 1190 2461 1244 insecmtoretu
2515 1190 2768 1242 tumentis
2807 1190 3071 1255 jactantite
3100 1188 3331 1256 graviter
3368 1187 3453 1240 in-

1876 1291 2201 1348 gcmescant.
2228 1281 2360 1345 Quia
2390 1282 2605 1334 meliora
2633 1280 2989 1333 suntvulnera
3010 1280 3450 1344 diligi-nusquam

1877 1375 2056 1428 oscula
2090 1375 2342 1431 odieutis.
2375 1373 2539 1424 levius
2572 1374 2767 1440 quippe
2811 1373 3028 1426 ferenda
3063 1380 3145 1424 est
3176 1371 3332 1424 livida
3362 1371 3454 1422 de-

1879 1466 1983 1518 voti
2010 1464 2160 1517 vihex
2187 1465 2365 1527 amici,
2393 1477 2551 1532 quam
2582 1464 2820 1516 adulatio
2868 1444 3022 1516 fallax
3052 1463 3273 1516 inimici.
3305 1460 3456 1516 Unde

1881 1554 2216 1623 proverbium
2245 1555 2461 1616 dicitur,

2062 1644 2244 1702 Lingua
2269 1647 2555 1693 as-entatrix
2583 1645 2751 1706 vitium
2777 1645 3023 1704 peccantis
3046 1644 3272 1703 acerbat,

2126 1707 2184 1755 lat
2207 1707 2503 1755 delectatum
2527 1709 2725 1754 crimine
2751 1707 2890 1754 laude
2917 1707 3052 1769 ligat.

1884 1791 1948 1845 Et
1981 1790 2136 1854 inira,
2175 1790 2384 1858 inquit:

2069 1882 2242 1930 Libera
2271 1884 2332 1930 sit
2368 1882 2525 1941 potius
2555 1895 2643 1928 vox
2672 1881 2958 1928 correctoris
2981 1877 3150 1925 amici:

2132 1946 2346 2002 Serpere
2376 1956 2466 1990 nec
2491 1946 2621 1990 libris
2644 1955 2768 1990 caeca
2795 1953 2980 1988 venena
3007 1943 3150 1986 sinat.

1884 2025 2239 2092 Quamobrem
2270 2024 2335 2076 ab
2367 2024 2615 2077 omnibus
2643 2023 2963 2090 generaliter
2997 2017 3338 2087 indulgentia:
3370 2033 3460 2072 ve-

1885 2119 2026 2172 niam
2053 2131 2156 2170 non
2187 2115 2479 2169 difﬁculter
2511 2112 2896 2183 impctrandam
2930 2126 3071 2174 reor,
3121 2109 3239 2175 quia
3282 2124 3460 2161 nemi-

1884 2226 2001 2263 nent
2032 2207 2338 2278 specialiter
2380 2221 2688 2260 sermonum
2738 2204 2994 2256 severitas
3033 2198 3339 2266 castigando
3367 2212 3464 2253 ex-

1882 2301 2170 2354 acerbavit.
2207 2298 2334 2352 Nam
2367 2296 2576 2366 passiva
2611 2294 2960 2362 plurimorum
3001 2291 3323 2359 generalitas
3369 2303 3464 2343 ne-

1881 2409 2146 2460 quaquam
2173 2391 2292 2458 jure
2323 2389 2547 2443 lacerari
2580 2389 2758 2449 debet,
2795 2387 2882 2439 tibi
2941 2384 3188 2452 specialis
3229 2383 3464 2449 singulo-

1883 2501 2000 2539 rum
2031 2485 2328 2552 proprietas
2367 2482 2570 2551 culpari
2621 2496 2723 2534 noii
2769 2481 2941 2542 valet;
2998 2482 3218 2534 multum
3267 2476 3464 2545 quippe

1882 2591 2047 2645 genus
2076 2585 2126 2629 et
2151 2576 2379 2643 species,
2417 2574 2515 2626 hoc
2545 2584 2648 2639 est,
2679 2571 3004 2640 generalitas
3035 2578 3090 2624 et
3135 2569 3461 2635 specialitas,

1881 2671 1948 2724 ab
1980 2667 2502 2722 invicemdiﬂ'erunt.
2533 2666 2636 2718 Sed
2669 2667 2732 2717 de
2763 2665 2976 2717 intacun
2996 2663 3309 2732 virginitatis
3337 2662 3464 2730 glo-

1882 2763 1962 2816 ria
1999 2759 2194 2813 dicturi
2226 2757 2608 2828 propemodum
2633 2756 2926 2824 superﬂue,
2950 2759 3015 2808 de
3039 2755 3313 2824 peplorum
3344 2754 3467 2807 ami-

1882 2852 2003 2907 culo
2031 2850 2442 2909 rhetoricamur,
2469 2861 2589 2899 cum
2615 2847 2681 2899 de
2703 2845 2968 2912 pudicitia:
3011 2853 3211 2897 tantum
3264 2857 3468 2908 przeco-

1883 2943 1973 2999 nio
2027 2942 2246 2997 remotis
2288 2941 2562 3009 paulisper
2609 2938 2939 3004 reliquarum
2989 2950 3167 2989 rerum
3214 2932 3463 3002 negotiis,

1884 3045 2042 3106 prout
2071 3035 2294 3100 gratuita
2324 3032 2412 3086 Dei
2439 3031 2608 3102 gratia
2637 3029 2958 3098 suppeditat,
2985 3024 3350 3096 philosophari
3369 3023 3466 3078 de-

1883 3126 2171 3182 crevimus.

1958 3217 2125 3270 Omne
2148 3214 2343 3268 etenim
2378 3226 2523 3280 purae
2550 3210 2871 3280 virginitatis
2921 3208 3258 3277 privilegium
3291 3209 3467 3275 potius

1888 3310 1939 3363 in
1964 3309 2081 3363 solo
2136 3307 2323 3360 libera:
2355 3307 2548 3359 mentis
2595 3303 2847 3371 prmsidio
2896 3311 3164 3367 servatur,
3215 3316 3372 3370 quam
3415 3301 3468 3354 in

1884 3412 2034 3455 arcto
2061 3400 2240 3454 carnis
2269 3398 2518 3453 clustello
2548 3397 2870 3459 continetur,
2898 3405 2952 3449 et
2994 3396 3162 3462 magis
3190 3392 3470 3447 inﬂexibili

1885 3494 2145 3548 ultrouete
2171 3490 2458 3544 voluntatis
2489 3488 2712 3542 arbitrio
2738 3485 3024 3540 salubriter
3056 3494 3276 3546 tutatur,
3312 3499 3469 3549 quam

1885 3595 2070 3641 coacto
2092 3584 2334 3652 corporis
2364 3582 2620 3636 famulatu
2664 3581 2902 3633 funditus
2948 3577 3014 3630 ad
3048 3577 3271 3630 nihilum
3321 3575 3468 3630 redi-

1886 3689 2040 3751 gatur
2071 3694 2086 3741 ;
2121 3676 2262 3731 unde
2292 3674 2616 3743 Augustinus
2667 3672 2793 3725 Mer
2825 3667 3181 3738 Hipponensis
3231 3667 3468 3733 pontifex

1887 3772 2127 3837 elegante
2156 3781 2327 3835 prosa:
2353 3764 2610 3818 sententia
2637 3761 2939 3830 promulgat
2985 3760 3206 3813 dicens:
3261 3757 3330 3810 Ita
3365 3772 3471 3810 non

1888 3862 2153 3916 amittitur
2182 3858 2426 3928 corporis
2484 3857 2742 3911 sanctitas
2774 3862 3022 3907 manente
3080 3849 3241 3903 animi
3273 3850 3473 3903 sancti-

1890 3965 2012 4017 tate,
2040 3956 2201 4008 etiam
2223 3966 2449 4019 corpore
2471 3964 2747 4019 oppresso,
2783 3948 2921 4002 sicut
2942 3945 3202 3998 amittitur
3236 3940 3474 4009 corporis

1889 4049 2179 4111 sanctitas,
2219 4046 2416 4097 violata
2446 4043 2608 4095 animi
2643 4041 2897 4108 puritate,
2929 4038 3089 4091 etiam
3118 4048 3343 4099 corpore
3390 4031 3475 4084 itt-

1892 4145 2054 4201 tacto,
2079 4136 2216 4204 quod
2243 4134 2470 4202 Prosper
2503 4147 2594 4200 per
2615 4131 2726 4183 cola
2753 4139 2806 4182 et
2831 4136 3093 4180 commata
3121 4123 3338 4178 mellitis
3367 4135 3475 4176 ver-

1890 4245 2042 4289 suum
2076 4224 2548 4296 epigrammatihus
2592 4219 2897 4280 inculcavit,
2928 4217 3114 4270 dicens
3141 4233 3152 4267 :

2077 4319 2214 4367 Mens
2242 4316 2385 4362 illtesa
2417 4313 2530 4362 nihil
2559 4311 2733 4360 violato
2762 4315 2807 4357 tu
2831 4319 3038 4367 corpore
3067 4305 3252 4364 perdit,

2143 4380 2339 4425 luvitam
2365 4379 2523 4424 earuis
2561 4374 2760 4420 vulnera
2789 4383 2882 4417 non
2910 4367 3164 4414 maculant.

2075 4440 2176 4489 Nec
2200 4442 2384 4486 crimen
2411 4439 2514 4484 tacti
2541 4436 2743 4494 recipit,
2772 4445 2864 4478 non
2890 4434 3023 4494 niista
3053 4428 3289 4482 voluntas;

2141 4501 2281 4548 Velle
2306 4503 2460 4559 magis
2482 4492 2682 4551 facinus,
2709 4506 2858 4559 quam
2875 4492 3083 4539 tolerare
3111 4497 3268 4535 uocet.

2076 4564 2154 4612 Sic
2176 4572 2335 4610 autem
2363 4552 2420 4606 ad
2444 4559 2601 4607 cordis
2624 4552 2891 4616 penetralia
2918 4560 3088 4601 cuncta
3113 4552 3391 4606 recurrunt,

2145 4623 2205 4671 Ut
2233 4623 2516 4680 plerumque
2543 4622 2727 4665 animus
2752 4619 2813 4661 sit
2838 4616 2942 4661 sine
2968 4625 3114 4659 carne
3139 4623 3269 4664 reus,

2077 4668 2342 4744 Cuin'q'uod
2365 4685 2424 4728 ab
2441 4668 2622 4744 intacto
2643 4683 2915 4744 submottttu
2941 4682 3016 4744 est
3038 4683 3238 4744 corpore
3262 4668 3408 4726 solus.

2140 4740 2357 4806 COdCIIIll
2377 4781 2390 4803 ,
2420 4751 2471 4790 et
2495 4743 2636 4790 tectis
2660 4744 2867 4787 motibus
2890 4740 3020 4785 intus
3044 4742 3162 4794 agit.

1966 4835 2203 4901 Denique
2237 4830 2486 4899 praelatus
2513 4828 2834 4881 Punicorum
2859 4821 3052 4890 praesul
3087 4838 3098 4873 :
3156 4816 3470 4887 Virginitas,

1897 4925 2085 4994 inquit,
2108 4922 2487 4989 caruiscorpus
2511 4920 2789 4971 intactum.
2816 4912 3103 4982 \‘irginilas
3127 4910 3318 4963 anima:
3345 4905 3478 4960 litles

1900 5019 2233 5082 incorrUpta.
2270 5011 2397 5065 ltcm
2427 5011 2657 5077 Prosper
2681 5004 2854 5074 inquit
2887 5021 2897 5056 :

2081 5128 2248 5177 Carnis
2283 5125 2532 5183 virginitas
2566 5126 2744 5170 intacto
2769 5131 2974 5176 corpore
3001 5117 3226 5183 habetur,

2146 5178 2408 5247 virginitas
2430 5186 2572 5233 animi
2601 5193 2674 5247 est
2710 5186 2998 5247 intemerata
3023 5178 3169 5247 lidtis;

2081 5249 2181 5309 Qua
2209 5239 2316 5295 sine
2341 5249 2556 5306 Corporei
2584 5244 2648 5292 nil
2673 5246 2867 5304 prodest
2890 5255 3002 5289 cura
3027 5239 3244 5309 pudoris,

2143 5312 2241 5359 Sed
2267 5302 2443 5357 mentis
2468 5311 2624 5369 pietas
2648 5302 2793 5366 auget
2817 5311 3073 5363 utrumque
3097 5302 3292 5346 bonum.

1901 5399 2080 5469 Igitur,
2113 5395 2319 5462 digesto
2345 5390 2717 5456 pulcherrimae
2773 5381 3096 5454 virginitatis
3129 5380 3330 5442 libnllo,
3361 5378 3482 5431 licet

1901 5485 2242 5544 mediocriter
2274 5483 2500 5544 urbano,
2553 5480 2726 5549 stylus
2771 5475 2882 5544 jam
2939 5473 3096 5528 ﬂnem
3154 5471 3378 5539 ﬂagitat,
3430 5475 3483 5519 et

1900 5577 2130 5634 dictandi
2162 5585 2316 5630 tenor
2348 5570 2715 5627 terminaudus
2745 5578 2859 5632 est;
2918 5567 3040 5634 quia
3090 5563 3311 5617 illustris
3365 5573 3489 5611 eon-

1900 5673 2137 5728 cionator
2159 5687 2168 5720 :
2193 5667 2433 5732 Tempus,
2460 5663 2651 5732 inquit,
2676 5658 2939 5728 loquendi,
2971 5666 3015 5710 et
3040 5667 3233 5720 tempus
3262 5648 3486 5702 tacendi.

1903 5766 2015 5820 Non
2047 5763 2192 5817 enim
2223 5760 2360 5812 aliud
2387 5755 2666 5827 quodlibet
2695 5751 3066 5805 munusculum
3092 5749 3207 5813 plus
3231 5754 3402 5798 ratum
3437 5751 3484 5793 et

1904 5868 2111 5930 gratum
2138 5851 2425 5923 virgin‘bus
2457 5847 2652 5906 Christi
2702 5844 2811 5900 fore
2862 5841 3211 5910 credideram,
3245 5849 3400 5908 quam
3434 5841 3488 5887 ω
