4214 6542
823 437 921 492 159

1601 434 1657 488 S.
1705 433 2049 487 ALDEIILM!
2090 432 2376 488 OPERU.“
2420 429 2596 486 PARS
2635 430 2701 485 ll.
2746 463 2812 472 —-
2857 435 3288 491 THACTA'I'US.
3961 446 4020 495 tu.

824 546 1029 612 pudicis
1087 543 1352 608 pudicitia:
1409 543 1623 610 praemia
1683 557 2056 613 promerentur
2087 555 2142 598 et
2191 542 2405 597 mundis
2435 549 2482 601 A
2512 544 2653 596 tztndl
2681 554 2771 598 aut
2799 547 3072 601 scribendi
3104 551 3287 604 fomite
3333 565 3678 612 succensum.
3725 555 3908 622 frigenti
3935 568 4018 608 ten.

821 639 1095 692 munditia:
1125 652 1345 689 munera
1377 637 1740 691 mitterentur.

890 728 1026 783 LIX.
1069 730 1267 784 Fateor
1299 739 1476 782 autem
1501 731 1744 783 charituti
1770 739 1958 783 vestrte
1980 729 2119 796 quod
2146 731 2244 782 hoc
2271 743 2404 796 opn-

819 825 1048 887 sculum,
1085 826 1209 878 licet
1260 833 1473 877 constet
1529 823 1882 876 minusculum
1932 823 2216 890 pastoralis
2260 838 2405 876 cura:

821 923 1026 972 Sarciua
1060 928 1330 988 gravatus,
1357 920 1798 986 negotiorumque
1829 927 2164 970 terrenorum
2201 917 2406 983 ponde-

821 1014 965 1067 ribus
987 1029 1279 1081 oppressus
1309 1017 1378 1068 ita
1409 1014 1715 1081 pernititer,
1766 1024 1822 1066 ιιι
1865 1013 2134 1080 satagistis
2179 1014 2404 1077 dictare,

824 1103 1089 1172 vobisque
1110 1105 1397 1166 destinare,
1433 1105 1795 1172 nequivi-ram,
1823 1106 1943 1170 quia
1977 1121 2180 1160 secura:
2210 1107 2406 1172 quietis

822 1196 1054 1263 spatium
1080 1205 1132 1248 et
1162 1210 1429 1248 morosarn
1461 1195 1698 1249 dietandi
1751 1196 2211 1264 intercapedinem
2258 1213 2407 1251 scru-

825 1286 1011 1350 ptrlosa
1038 1286 1389 1340 ecclesiastici
1439 1288 1712 1356 regiminis
1757 1289 2065 1343 sollicitudo
2087 1289 2403 1358 denegabat,

819 1386 876 1431 et
935 1379 1262 1433 tumultuans
1318 1379 1658 1432 Szr'culnrilltll
1726 1381 1986 1448 strepitus
2067 1383 2404 1434 obturbabat.

819 1469 998 1522 Otium
1027 1485 1256 1535 namque
1273 1470 1616 1524 clandestina:
1639 1472 1832 1540 quietis
1863 1481 1915 1525 et
1945 1475 2162 1525 remotis
2186 1482 2409 1528 secreta:

823 1559 1129 1613 solitudinis
1184 1562 1384 1628 largam
1443 1561 1709 1613 scribendi
1762 1563 2039 1613 materiam
2084 1562 2409 1618 dictantibus

820 1652 1021 1703 all'atitn
1053 1649 1354 1702 conferunt.
1389 1652 1533 1703 Sit-ut
1565 1666 1595 1704 e
1627 1653 1896 1704 contrario
1936 1654 2162 1705 verbosa
2219 1672 2408 1723 garru-

820 1742 989 1795 lorum
1018 1741 1313 1806 loquacitas
1337 1754 1386 1794 et
1428 1741 1616 1793 infesta
1644 1744 1977 1794 smeularinm
2027 1746 2256 1812 negotia,
2292 1762 2410 1812 qua:

817 1835 1311 1900 contemptibilibus
1366 1833 1620 1886 Ecclesia:
1683 1835 1973 1898 Apostolus
2036 1835 2402 1901 dispensanda

2513 651 2640 703 pore
2669 639 2915 701 tabescit,
2957 639 3161 694 iteratis
3217 641 3436 696 totidem
3485 644 3828 710 epistularum
3872 650 4019 710 .‘Crtplri

2508 728 2760 796 instigare
2790 729 3101 795 dignemini,
3124 732 3262 799 quod
3289 734 3680 800 praecedentem
3707 734 3858 789 libeili
3876 748 4017 790 textam

2509 833 2784 886 nequaque
2813 819 3010 892 [Budl.,
3044 821 3397 892 nequaquam]
3446 823 3624 892 lepida
3661 827 3939 880 urbanitatis
3973 834 4020 879 la-

2509 911 2705 964 cundia
2754 911 3059 982 digestum,
3120 913 3347 968 fidenter
3388 916 3682 983 impetrare
3723 918 4016 971 merebamini.

2512 1005 2721 1058 Etenim
2755 1005 2950 1060 frustra
2979 1009 3256 1076 sequentis
3279 1008 3520 1076 opusculi
3563 1009 3773 1063 sarcina
3824 1012 4018 1064 desadans

2510 1095 2794 1152 laboriosis
2824 1099 3079 1152 oneribus
3109 1100 3372 1153 lacessere
3404 1100 3578 1164 nitar,
3616 1101 3717 1154 nisi
3751 1102 4018 1168 prter-edentis

2509 1189 2791 1257 scripturae
2812 1191 3013 1259 stylutn
3038 1199 3232 1244 vestra:
3275 1191 3552 1258 sagacitati
3601 1190 3717 1245 fore
3743 1203 3923 1260 gratuiti
3961 1207 4019 1247 ex-

2513 1280 2705 1347 periar,
2741 1279 3079 1347 potissimum
3109 1295 3228 1333 cum
3259 1283 3475 1334 metrica
3509 1284 3714 1349 leporis
3755 1284 3966 1351 elegantia
3988 1293 4018 1334 ct

2513 1370 2796 1424 rhetorica
2819 1370 3236 1424 dissertitudinis
3281 1371 3616 1439 eloquentia,
3662 1384 3851 1426 tantum
3895 1373 4018 1424 altrin-

2514 1479 2668 1517 secus
2697 1465 3023 1534 discrepent,
3055 1478 3307 1534 quantutn
3340 1467 3498 1520 distat
3547 1467 3814 1540 dulcisapa
3843 1481 3868 1520 a
3895 1483 4017 1522 meru-

2515 1556 2661 1610 lento
2687 1565 2902 1611 temeto.

2586 1735 2855 1790 Hactenus
2879 1735 3079 1789 interea
3110 1735 3356 1791 formosa:
3395 1737 3714 1806 virginitatis
3734 1739 3932 1805 speciem
3953 1780 3962 1800 ,
3986 1747 4019 1788 et

2514 1836 2795 1881 venustum
2860 1827 3125 1894 pudicitia:
3184 1828 3385 1880 vultum
3440 1843 3802 1895 componens,
3851 1828 4017 1880 dit‘Cl’slS

821 1895 1084 1989 praecipit,
1120 1923 1380 1975 violenter
1409 1925 1673 1974 auferunt.
1724 1922 1838 1976 Non
1881 1924 2026 1977 enim
2059 1934 2116 1977 ut
2145 1925 2407 1992 Origenes
2441 1895 2484 1953 Β
2517 1919 2765 1970 Vinum"!
2803 1918 3102 1983 cmoril’uss
3137 1918 3285 1986 αυῧεί
3322 1919 3561 1972 fucorum
3589 1919 3806 1972 “Ofilius
3830 1918 4019 1983 devinxi:

821 2014 1052 2082 inclytus
1102 2012 1410 2066 Graecorum
1464 2014 1789 2082 didascaltts,
1841 2016 1931 2084 qui
1976 2018 2136 2071 tertio
2193 2017 2410 2072 ineunte

819 2103 995 2156 aetatis
1039 2104 1207 2157 lustro
1257 2120 1445 2158 ornucs
1505 2108 1888 2172 tirOpemodum
1960 2108 2407 2175 philosOphorunt

817 2193 1147 2261 disciplinas,
1181 2195 1278 2246 hoc
1297 2203 1374 2247 est
1425 2196 1834 2258 aritlnnaticatn,
1855 2201 2260 2265 geometricam,
2292 2217 2409 2256 titti-

818 2285 1010 2348 sicam,
1035 2286 1440 2351 astronomiam,
1475 2288 1819 2357 astrologiam
1843 2300 1896 2342 et
1919 2291 2306 2356 mechanicant,
2354 2295 2408 2348 in

820 2378 1116 2446 pubertatis
1145 2379 1406 2446 principio
1437 2380 1675 2446 perfecte
1705 2385 2121 2448 consummavit,
2174 2385 2410 2441 dictandi

820 2481 1060 2525 tenorem
1089 2471 1314 2523 notariis
1347 2474 1741 2539 excipientibus
1770 2485 1826 2529 et
1850 2477 2164 2545 antiquariis
2209 2478 2412 2533 descri-

819 2561 1067 2615 bctttibus
1100 2576 1357 2628 usurpare
1393 2566 1850 2630 prtesuntpsimus.
1878 2566 1966 2618 llis
1992 2583 2120 2634 ergo
2144 2568 2210 2621 de
2236 2583 2265 2621 c
2283 2571 2412 2624 tusis

817 2651 1162 2718 epistolarunt
1188 2663 1482 2706 vestrarum
1506 2653 1682 2707 debita
1717 2655 2047 2717 vicissitudo,
2093 2659 2243 2726 quasi
2273 2673 2408 2728 quo-

817 2741 941 2794 dam
971 2742 1247 2796 dilationis
1271 2743 1573 2808 obslaculo,
1622 2745 1934 2801 tricabatur.
1989 2747 2120 2812 ριιω
2167 2766 2408 2806 meorum

821 2836 977 2889 fenus
1004 2847 1246 2892 votorum
1281 2840 1534 2894 hactenus
1557 2841 1808 2895 infectum
1858 2843 2157 2912 arguebant
2203 2843 2408 2917 [Budt.,

826 2926 1129 3000 arguebat].
1180 2933 1514 3000 praesertim,
1569 2945 1626 2988 ut
1665 2935 1796 2994 dixi.
1849 2936 2184 2991 diversarum
2229 2955 2407 2994 rerum

826 3018 1252 3075 distensionibus
1305 3023 1457 3077 fessze
1509 3027 1703 3078 mentis
1749 3029 2016 3082 cervicem
2058 3031 2207 3098 gravi
2251 3031 2408 3086 fascis

829 3113 1038 3163 sarcina
1069 3112 1529 3181 deprementibns.
1568 3116 1692 3171 llree
1725 3134 1934 3173 morosa
1988 3123 2198 3176 tricatio
2230 3125 2410 3178 evenit

830 3214 885 3257 ut
918 3204 1152 3271 pollicita
1182 3206 1424 3261 Codicilli
1458 3211 1741 3278 rescriptio
1776 3220 1924 3266 tanto
1949 3217 2210 3282 temporis
2238 3218 2409 3272 inter-

825 3296 968 3349 vallo
995 3297 1297 3354 diutissime
1342 3303 1714 3369 protelaretur.
1749 3302 1964 3358 ltimosa
2020 3321 2253 3374 namque
2301 3309 2403 3362 fra-

822 3387 940 3452 gilis
963 3387 1156 3454 ingenii
1187 3389 1367 3456 barea,
1394 3393 1526 3446 dira:
1550 3397 1878 3462 tempestatis
1902 3397 2114 3451 turbine
2129 3406 2407 3466 quassata,

821 3478 949 3533 licet
978 3479 1251 3535 laborante
1303 3484 1621 3537 lacertorum
1676 3488 1898 3555 remigio
1939 3498 2181 3556 optatum
2214 3489 2411 3544 silentii

823 3579 1034 3636 portum
1067 3584 1188 3624 sero
1215 3574 1409 3641 attigit.
1464 3575 1570 3630 Sed
1602 3585 1780 3632 tamen
1837 3585 2038 3632 nostra:
2090 3581 2408 3634 rusticitatis

824 3657 1120 3725 stipulatio,
1163 3676 1397 3729 superno
1427 3663 1625 3718 Christi
1650 3667 1942 3734 patrocinio
1997 3671 2154 3733 freta,
2187 3669 2411 3725 ﬁducia-

819 3749 947 3802 liter
973 3752 1192 3806 conlidit
1240 3755 1380 3822 quod
1429 3766 1734 3812 nostrarum
1781 3761 2006 3816 carbasa
2050 3775 2408 3817 antennarutn

828 3843 1099 3908 prosrteris
1126 3852 1409 3900 ventorum
1453 3847 1759 3904 flaminibus
1805 3851 2036 3917 sinuata,
2087 3855 2240 3922 quasi
2272 3855 2411 3910 inter

823 3932 1048 4000 scyllam
1074 3935 1367 3990 solrecismi
1389 3951 1442 3991 et
1461 3939 1775 3995 barbarismi
1802 3942 2070 3998 baratrum
2098 3944 2408 4016 iudisruptis

825 4024 1145 4079 rudentibus
1167 4028 1390 4082 feliciter
1418 4031 1912 4099 transfretaverint,
1947 4038 2257 4104 εεοριιιοεηδ
2275 4053 2411 4106 quo-

819 4129 924 4183 que
956 4116 1253 4172 lantacismi
1281 4121 1611 4191 collisiones,
1637 4134 1689 4177 et
1717 4127 2056 4196 moytacisnii
2103 4131 2406 4199 voragines,

823 4209 1067 4265 incautos
1098 4228 1337 4281 quosque
1364 4215 1480 4270 sine
1519 4220 1988 4285 grammaticorum
2040 4223 2409 4290 gubernaculo

819 4314 1065 4366 repertos
1087 4302 1154 4356 ad
1197 4303 1397 4358 erroris
1439 4307 1715 4378 naufragia
1747 4311 1969 4365 truciter
2001 4313 2276 4369 trudentes
2307 4317 2409 4370 mi-

823 4391 968 4445 nime
1000 4395 1424 4458 perhorruerint.

895 4480 1004 4535 LX.
1037 4483 1202 4537 Porro
1223 4485 1671 4554 quemadmodum
1699 4489 1913 4546 intacta
1937 4491 2256 4562 virginitatis
2290 4494 2407 4564 glo-

2512 2011 2964 2080 quemadmodum
3006 2012 3182 2065 solent
3231 2012 3488 2066 nobilium
3528 2013 3765 2067 artifices
3803 2012 4020 2078 imaginum

2515 2119 2567 2160 et
2599 2108 2854 2172 regalium
2905 2120 3252 2174 personarum
3297 2106 3532 2173 pictores
3577 2105 3841 2159 deauratis
3875 2101 4021 2171 pctallis

2517 2197 2818 2251 thoracidas
2847 2195 3045 2267 [Bodl.,
3067 2195 3408 2265 thoraciclas]
3429 2211 3648 2262 ornare,
3674 2209 3726 2251 et
3743 2195 4020 2264 pulcherrimi

2515 2290 2880 2344 membrorum
2932 2289 3244 2343 liniamenta
3273 2289 3579 2343 fabrefactis
3614 2289 3832 2342 vultibus
3862 2286 4022 2341 decora-

2516 2394 2576 2434 re
2600 2422 2615 2445 ,
2653 2395 2775 2434 cum
2807 2391 2989 2435 tamen
3032 2380 3190 2435 iidem
3221 2379 3442 2448 opifices
3495 2382 3802 2450 plerumque
3830 2379 3940 2445 turpi
3962 2392 4022 2429 na-

2517 2482 2633 2526 tura
2675 2477 2917 2544 c0rporis
2957 2475 3224 2529 deformes
3258 2483 3311 2530 et
3349 2475 3780 2542 contemptibiles
3820 2473 4020 2532 existant,

2516 2563 2792 2629 magisque
2839 2564 3098 2616 iconisma
3140 2564 3319 2631 regale
3365 2574 3579 2630 compto
3629 2573 3891 2618 stemmate
3920 2560 4022 2624 depi-

2514 2661 2659 2706 ctum
2683 2652 2952 2716 laudatur,
2974 2668 3132 2721 quam
3158 2653 3498 2722 despicabilis
3518 2668 3744 2722 persona
3769 2653 3949 2723 pictoris
3966 2663 4023 2701 re-

2520 2755 2766 2811 neratur,
2811 2759 2915 2815 qua
2955 2746 3021 2799 de
3045 2761 3102 2798 re
3125 2744 3269 2798 sedis
3312 2747 3623 2813 apostolicze
3662 2746 3916 2813 [tl‘lBSUlelll
3940 2755 4022 2796 reor

2515 2837 2718 2893 dixisse
2746 2857 2758 2891 :
2785 2838 3068 2892 Pulchrum
3101 2837 3317 2907 depinxi
3356 2839 3630 2893 hominem
3684 2839 3842 2907 pictor
3867 2836 4021 2896 foedus,

2512 2931 2756 2998 aliosque
2803 2930 2868 2982 ad
2913 2930 3256 2998 perfectionis
3297 2930 3441 2984 littus
3468 2931 3676 3000 dirigo,
3706 2931 3792 3000 qui
3830 2928 3967 2982 adhuc
3989 2925 4023 2977 ιιι

2517 3023 2836 3078 delictorum
2870 3023 3117 3078 fluctibus
3149 3039 3352 3078 versor.
3393 3023 3519 3078 Eia!
3549 3025 3748 3078 Christi
3780 3020 4023 3081 tiruncula,

2512 3113 2581 3168 sit
2620 3114 2748 3167 mihi
2789 3114 3073 3182 prmsentis
3113 3117 3355 3184 opusculi
3397 3126 3509 3170 rata
3541 3115 3939 3186 recompensatio
3964 3126 4023 3163 re-

2519 3215 2749 3259 strarum
2783 3222 2998 3274 precum
3032 3208 3280 3277 frequens
3302 3209 3492 3262 collata
3524 3209 3847 3272 vicissitudo,
3870 3207 4024 3271 meique

2518 3292 2720 3347 laboris
2748 3303 2803 3347 et
2832 3294 3048 3347 sudoris
3079 3298 3169 3347 fiat
3199 3295 3562 3348 fulcimentum
3614 3304 3801 3349 vestrm
3828 3295 4024 3347 interces-

2509 3384 2678 3440 sionis
2722 3385 3086 3452 adiumentum
3127 3386 3254 3458 [Hic
3280 3387 3450 3453 deﬁcit
3480 3385 3700 3457 Bodl.];
3750 3396 3802 3439 ut
3838 3385 3912 3454 qui
3938 3393 4023 3449 pro-

2512 3477 2628 3544 pria
2671 3479 2984 3532 meritorum
3023 3479 3276 3548 qualitate
3309 3489 3364 3533 et
3401 3479 3522 3532 fidei
3565 3479 3845 3546 fragilitate
3885 3485 4024 3528 treme-

2511 3567 2724 3622 bundus
2753 3585 2814 3622 ac
2840 3569 3185 3624 nutabundus
3209 3571 3458 3624 vacillare
3480 3570 3685 3637 videor,
3721 3566 4020 3623 robustissima

2512 3660 2933 3727 patrociniorum
2976 3671 3278 3715 vestrorum
3315 3661 3561 3714 columna
3605 3658 3802 3721 fretus,
3857 3655 4023 3711 feliciter

2509 3763 2574 3803 ac
2602 3750 2830 3804 firmiter
2861 3749 3035 3805 fulciri
3059 3766 3271 3806 merear
3298 3790 3314 3814 ,
3349 3760 3402 3805 et
3422 3767 3579 3819 quem
3609 3751 3761 3821 gravi
3794 3749 4020 3802 facinorum

2511 3853 2567 3896 et
2608 3841 2928 3911 ﬂagitiorum
2974 3844 3181 3898 sarcina
3229 3845 3381 3899 triste
3432 3844 3630 3912 piaculi
3683 3844 3874 3913 pondus
3898 3835 4023 3904 depri-

2510 3935 2639 4001 mit,
2687 3947 2990 3990 ve5trorum
3032 3945 3219 4004 potens
3249 3938 3562 3990 meritorum
3593 3936 3890 4004 suffragium
3918 3926 4022 3982 beni-

2507 4041 2608 4094 gna
2633 4027 2831 4094 pietate
2861 4027 3160 4081 clementer
3189 4038 3488 4091 sustentet,
3520 4035 3785 4095 quatenus
3820 4023 3867 4078 in
3892 4027 4020 4074 sancta

2509 4116 2695 4187 synaxi
2745 4131 2865 4171 cum
2915 4118 3217 4170 veneranda
3274 4117 3586 4171 monasticae
3635 4114 3818 4170 classis
3867 4117 4019 4165 caterva

2511 4210 2881 4265 universitatis
2908 4209 3140 4265 creatori
3171 4207 3458 4263 meduflata
3491 4208 3791 4262 orationum
3827 4204 4020 4259 holocau-

2509 4312 2740 4358 stomata
2775 4302 2928 4357 flexis
2955 4301 3243 4372 poplitibus
3281 4299 3619 4354 concorditer
3649 4297 3904 4359 obtulerit,
3931 4304 4019 4345 mea

2507 4393 2923 4462 contemptibilis
2954 4407 3219 4461 personae,
3260 4390 3414 4461 juxta
3461 4390 3605 4460 quod
3636 4400 3810 4445 vestra
3828 4394 3927 4440 vota
3955 4381 4019 4433 de-

2510 4499 2634 4544 vota
2662 4488 3088 4557 spoponderunt,
3122 4485 3393 4541 reminisci
3427 4485 3710 4552 dignetur,
3738 4493 3796 4536 ut
3821 4492 3864 4536 et
3890 4486 4019 4530 nostra

818 4573 950 4628 riam
983 4574 1265 4632 rhetoricis
1294 4579 1551 4636 relatibus
1585 4580 1949 4639 favorabiliter
1979 4587 2223 4640 venerari
2255 4587 2392 4642 nite-
2424 4587 2477 4647 D
2506 4582 2656 4636 vobis
2696 4579 3112 4648 ευρριίεθηιὶὺιιε
3138 4617 3154 4642 ς
3222 4577 3379 4644 inﬂa
3422 4574 3816 4645 Ρδεὶιηιοετεψῖιί
3861 4581 4017 4624 εει¹¹θ¹¹’

816 4667 931 4730 bar,
965 4668 1044 4721 sic
1075 4669 1386 4734 identidem,
1420 4673 1464 4724 si
1493 4674 1591 4726 hoc
1614 4687 1864 4728 carneum
1911 4677 2106 4731 anima:
2157 4689 2402 4748 ergastu-

817 4759 922 4810 lum
948 4769 1070 4813 ante
1101 4761 1243 4825 fatis,
1299 4774 1354 4817 ut
1385 4765 1598 4831 dicitur,
1643 4766 2082 4822 crudescentibus
2112 4773 2405 4825 cassabuu-

816 4848 940 4902 dum
980 4865 1082 4904 non
1110 4851 1325 4917 obierit,
1358 4868 1422 4907 ac
1451 4854 1581 4907 dura
1614 4855 1902 4910 Parcarum
1936 4860 2091 4928 quies
2115 4869 2168 4913 et
2196 4858 2402 4916 ferreus

820 4939 948 4992 lethi
981 4955 1199 4994 srmnns
1229 4945 1600 5013 palpebrarum
1633 4949 1946 5003 convolatus
1971 4965 2076 5004 non
2103 4952 2396 5022 tricaverit,

820 5031 1050 5086 heroicis
1072 5035 1506 5091 hexametrorum
1533 5039 1778 5094 versibus
1801 5040 2040 5110 ejusdem
2070 5045 2399 5111 praeconium

819 5124 1086 5188 pudicitiae
1116 5125 1384 5181 subtititer
1411 5143 1626 5182 comere
1650 5129 1867 5184 Christo
1888 5143 2216 5198 cooperante
2237 5149 2402 5190 cona-

818 5213 949 5276 bor;
977 5225 1027 5266 et
1056 5217 1196 5269 velut
1234 5218 1390 5285 jac-tis
1428 5219 1538 5289 jam
1593 5224 1878 5277 rhetoricis
1930 5223 2294 5278 fundamentis
2339 5242 2401 5281 ac

817 5307 1137 5358 Constructis
1167 5323 1337 5377 prosae
1384 5311 1674 5377 parietibus
1722 5329 1843 5367 cum
1879 5316 2069 5382 tegulis
2114 5316 2402 5370 trochaicis

816 5396 1152 5452 etdactilicis
1180 5411 1468 5455 metrorum
1501 5403 1811 5458 imbricibus
1858 5404 2224 5461 firmissimum
2271 5409 2400 5461 cul-

819 5501 940 5539 men
972 5488 1173 5541 caelesti
1226 5490 1459 5543 confisus
1486 5492 1740 5560 suffragio
1788 5494 2082 5562 imponam.
2122 5496 2402 5551 Verumta-

822 5593 942 5630 men
976 5584 1298 5646 promissum
1331 5589 1604 5653 sequentis
1621 5587 1843 5655 eulogia:
1875 5590 2267 5652 munusculum,
2294 5605 2398 5643 non

821 5669 979 5722 aliter
1008 5687 1090 5724 tne
1116 5675 1469 5740 spOpondtssc
1496 5688 1842 5741 mementote,
1873 5680 1922 5732 ni
1959 5689 2176 5748 torpens
2205 5694 2401 5736 llOSil’tB

821 5759 1204 5817 mediocritatis
1249 5765 1538 5834 ingenium,
1585 5770 1723 5838 quod
1756 5772 1906 5838 quasi
1941 5776 2088 5826 foetis
2130 5772 2288 5827 fulvis
2318 5775 2398 5827 fa-

819 5851 1068 5909 villarum
1101 5856 1367 5913 cineribus
1420 5871 1726 5931 coopertus,
1759 5862 1802 5918 si
1859 5880 1961 5920 non
2015 5863 2171 5921 fuerit
2217 5868 2398 5924 scisci-

2505 4673 2663 4737 tiatn,
2706 4672 2878 4724 oratio
2907 4669 3197 4738 dirigatur,
3243 4669 3382 4723 sicut
3411 4668 3690 4722 incensum
3718 4669 3771 4721 in
3794 4670 4017 4728 conspecti

2503 4763 2698 4818 divina:
2741 4763 3031 4830 Majestatis
3085 4760 3458 4827 thurificatur,
3531 4759 3673 4828 quod
3723 4762 4014 4827 porrectarum

2503 4856 2790 4912 elevationi
2834 4870 3084 4910 manuum
3116 4853 3420 4916 simulatur,
3455 4861 3512 4907 et
3549 4853 3812 4906 Sacrificio
3837 4845 4016 4903 serutin0

2501 4950 2890 5017 aequiparatur,
2950 4947 3092 5001 unde
3119 4961 3268 5001 sacra
3297 4957 3595 5000 matertera)
3625 4946 3828 5000 Domini
3858 4936 4016 4995 sobulc:

2503 5042 2707 5110 primus
2748 5039 2879 5091 Elite
2912 5037 3177 5106 pontifex,
3221 5052 3342 5090 cum
3385 5036 3656 5104 Evangelii
3696 5032 3925 5102 splendor
3954 5038 4016 5076 au-

2502 5140 2801 5183 roreseeret
2846 5138 2902 5182 et
2934 5128 3096 5197 juliar
3127 5129 3262 5181 lucis
3285 5137 3500 5180 aeterna:
3544 5127 3788 5180 rutilaret
3827 5142 3840 5177 :
3873 5122 4013 5175 Orate.

2503 5221 2674 5289 inquit
2697 5266 2712 5288 ,
2750 5238 2844 5291 pro
2873 5223 3103 5284 invicem,
3135 5229 3187 5272 ut
3215 5218 3519 5282 salventini;
3559 5227 3616 5271 et
3649 5217 3784 5271 infra
3808 5207 4015 5269 extemulo

2502 5315 2735 5370 subdidit
2771 5333 2782 5367 :
2812 5313 3038 5367 Multum
3069 5312 3199 5367 valet
3233 5313 3522 5381 drprccatio
3558 5313 3694 5384 justi
3723 5311 3927 5364 assidua.
3959 5301 4013 5355 St-

2501 5410 2714 5478 quidem
2741 5406 2943 5476 oppido
2981 5407 3235 5475 frequens
3271 5405 3442 5459 oratio
3473 5406 3624 5472 quasi
3655 5419 3748 5458 arx
3783 5397 4011 5457 editissima

2501 5510 2557 5554 et
2612 5499 2982 5553 inextricabile
3035 5498 3485 5568 propugnaculum
3542 5507 3728 5551 contra
3785 5493 4012 5547 venenat!5

2501 5591 2814 5644 temulirum
2846 5599 3058 5643 ansatus
3105 5589 3218 5642 fore
3256 5588 3508 5643 creditur.
3551 5587 3805 5641 Orantem
3845 5596 3924 5649 pro
3949 5589 4014 5626 nu-

2505 5685 2586 5739 bis
2617 5683 2997 5737 beatitudinem
3038 5694 3272 5736 veSIram
3299 5681 3436 5734 alnia
3464 5679 3731 5743 Trinitas,
3765 5690 3858 5731 una
3893 5676 4017 5729 Deita-

2507 5775 2573 5828 tis
2601 5775 2924 5840 substantia,
2959 5786 3010 5828 et
3044 5774 3177 5827 trina
3211 5787 3559 5841 personarum
3591 5771 3939 5832 subsistentia,
3965 5779 4016 5816 ω·

2505 5868 2616 5923 tius
2649 5867 2831 5923 mundi
2866 5863 3230 5924 nionarcliiam
3254 5864 3576 5936 gubernans,
3602 5865 3668 5928 ab
3695 5876 3746 5929 at
3773 5891 3799 5929 ο
3828 5865 3926 5928 ςωῑι
3946 5858 4016 5910 uit-
