4214 6530
188 425 281 476 161

180 786 1334 815 m2

688 943 1593 1075 EPISTOLA
1688 944 1938 1082 AD
2020 959 2961 1119 ACIRCIUM,

1409 428 1738 484 EPISTULA
1777 429 1869 484 AD
1908 432 2252 492 ACIRCIUM.

182 534 553 604 ininejngiter
583 536 717 590 tueri
743 536 1013 606 dignetur.
1048 537 1291 601 Valetc,o
1318 539 1475 594 tiores
1501 542 1773 605 Ecclesize,
1808 548 1852 603 Λ
1883 549 2217 613 margaritm,
2269 552 2501 618 paradisi
2552 570 2779 624 gemmae
2801 601 2814 622 ,
2869 570 2923 615 et

179 642 402 680 sorores
452 629 785 692 mouasticw,
844 630 1077 683 alumna:
1135 631 1512 697 scholasticze,
1568 632 1773 686 Christi

3373 458 3475 511 162

2993 564 3227 623 emlestis
3282 572 3471 640 patria:

1884 639 2188 707 participes.
2224 646 2417 697 Anien.

3300 822 3468 833 ..υ-.-

1747 1151 1885 1224 sua

1047 1321 1434 1422 LIBER
1514 1322 1674 1422 DE
1737 1324 2598 1471 SEPTENARIO,

1786 1529 1855 1568 ΕΤ

532 1664 662 1739 DE
724 1662 1159 1755 METBIS,
1220 1663 1952 1741 JENIGMATIBUS
2010 1671 2128 1747 AC
2189 1673 2543 1750 PEDUM
2605 1679 3069 1761 REGULIS.

1642 1825 2002 1844 _

237 1901 359 1963 [Hic
385 1906 453 1949 est
486 1902 727 1949 Aldhelmi
772 1909 1000 1952 tractatus
1021 1943 1034 1963 ,
1060 1904 1123 1951 de

167 1965 812 2031 scripserunt;_lj2xstahant
844 1964 955 2012 olim
1005 1964 1274 2031 .‘Enigtnata
1305 1969 1451 2031 edita
1498 1981 1524 2015 a
1572 1964 1755 2031 Delrio,

167 2033 341 2085 pusio!
367 2028 414 2073 in
440 2024 738 2073 Bibliotheca
782 2026 975 2073 Patrum
1001 2040 1188 2074 recusa.
1219 2027 1314 2075 Sed
1356 2028 1620 2079 Aitiixtuata
1652 2024 1760 2088 par-5

168 2096 355 2134 tantum
396 2096 469 2134 est
508 2090 656 2135 totius
679 2090 856 2146 operis.
907 2089 1121 2135 Alteram
1147 2098 1331 2146 partem
1358 2090 1511 2137 edidit
1538 2091 1686 2138 Maius
1716 2098 1760 2142 in

167 2149 364 2197 Classic.
391 2148 533 2198 Auct.
561 2156 689 2197 tomo
715 2148 771 2197 γ.
809 2148 950 2198 Nunc
992 2149 1185 2198 tandem
1227 2150 1317 2198 hoc
1352 2164 1474 2211 Opus
1515 2154 1760 2214 integrum

1167 1917 1263 1965 quo
1298 1910 1366 1952 tot
1409 1909 1586 1969 critici,
1609 1910 1758 1969 multa

1866 1910 2123 1993 ξῖσξέῐενςε
2158 1912 2557 1993 {servandis
2581 1917 2939 1975 Enim-uibus
3121 1943 3225 1981 sum
3264 1946 3455 1993 εεριοηι

1867 1974 2125 2050 Codit‘lhtts
2168 1977 2529 2047 Inrrisiettsibm
2566 1974 2772 2050 quarunt
2800 2000 2938 2043 unus,
2964 1974 3458 2050 tlecimiimft-ir;;:é“;:

1867 2036 2223 2122 Ic::l'i:‘qlllt.i'1§81
2229 2039 2268 2084 is
2346 2036 2647 2122 rauci-irruit:
2669 2058 2789 2105 opus
2804 2047 2865 2095 de
2886 2036 3058 2099 metris

1870 2098 2000 2159 tibus
2023 2105 2174 2147 totutn
2197 2102 2429 2148 coutiuet.
2457 2102 2639 2163 titus.)

1647 2284 1982 2301 ————-

244 2361 472 2417 Domino
501 2364 942 2430 praestantissimo
975 2373 1028 2418 et
1060 2380 1168 2431 pra:
1197 2367 1411 2420 ca-teris
1434 2366 1748 2435 dignitatum
1792 2376 1835 2431 Β
1871 2369 2112 2425 tirocinia
2167 2373 2499 2444 originaliter
2559 2383 2919 2447 processerint
2954 2426 2969 2449 ,

168 2456 428 2524 gradibus
452 2455 823 2524 glorilicando.
842 2457 1077 2524 mihique
1096 2459 1205 2522 jam
1232 2458 1433 2511 dudum
1458 2460 1753 2527 spiritualis

165 2549 435 2602 clientela:
463 2548 666 2601 catenis
688 2562 963 2613 COIIIICX",
1024 2549 1215 2602 illustri
1249 2549 1496 2611 Acircio,
1534 2550 1754 2618 Aquilo-

166 2638 313 2692 nalis
363 2638 572 2705 imperii
611 2648 818 2705 sceptra
870 2640 1185 2706 gubernanti
1215 2679 1229 2701 ,
1284 2638 1509 2692 illustris
1558 2640 1753 2708 regalis

164 2731 324 2798 regni
369 2730 628 2797 regimina
678 2730 1042 2797 dispensanti,
1110 2730 1422 2783 A‘dhclmus
1474 2732 1752 2785 catholica:

159 2822 480 2877 vernaculus
522 2820 804 2885 Ecclesiae,
875 2820 1371 2876 immarcescibilem
1413 2824 1752 2891 sempiternae

160 2913 445 2982 sospitatis
471 2911 722 2966 salutem.

233 3024 353 3079 Non
393 3023 626 3094 ambigo,
680 3022 1113 3078 reverentissime
1164 3022 1259 3087 fili,
1312 3022 1404 3077 sed
1461 3022 1746 3092 profundae

157 3114 491 3170 credulitatis
545 3112 695 3167 frena
766 3114 1012 3167 relaxans
1039 3112 1286 3177 confido,
1332 3114 1475 3183 quod
1531 3115 1747 3182 provida

158 3207 469 3275 sagacitatis
495 3214 686 3261 vestrae
720 3206 1012 3274 prrecordia
1044 3206 1459 3259 reminiscantur
1498 3222 1597 3261 nos
1621 3216 1750 3262 ante

157 3299 241 3352 bis
276 3296 398 3351 bina
430 3297 721 3351 lustrorum
760 3296 1033 3350 volumina
1064 3294 1440 3351 inextricabile
1480 3297 1749 3366 congluti-

158 3387 274 3442 nati
306 3387 521 3442 foederis
552 3386 743 3455 pignus
767 3386 1053 3455 pepigisse,
1104 3393 1159 3439 et
1187 3385 1449 3452 spirituali
1481 3388 1748 3442 sodalita-

157 3482 226 3534 tis
257 3478 475 3534 vinculo
502 3477 708 3531 devmce
735 3476 1011 3529 charitatis
1035 3476 1385 3531 contubernia
1409 3476 1700 3546 copulasse
1727 3494 1741 3544 ;

157 3584 282 3623 nam
340 3569 543 3636 pridem
585 3576 826 3634 tempore
860 3567 1155 3633 pubertatis
1184 3576 1381 3622 nostra:
1410 3583 1530 3623 cum
1574 3570 1745 3637 septi-

155 3660 318 3715 i'ortni
344 3658 701 3727 spiritualium
749 3658 1134 3713 charismatum
1170 3660 1534 3714 muniﬁcentia
1566 3672 1739 3715 vestra

155 3753 336 3807 solers
361 3751 568 3804 indoles
596 3750 696 3803 sub
722 3764 881 3802 manu
914 3749 1203 3803 venerandi
1230 3750 1496 3819 pontificis
1524 3766 1742 3807 ornare-

160 3854 282 3909 tur,
329 3852 612 3912 paternum
660 3840 878 3895 tuemini
930 3853 1018 3895 me
1062 3837 1218 3911 [Pan
1257 3856 1360 3894 om.
1409 3839 1514 3911 me]
1549 3856 1743 3896 nomen

159 3936 415 4003 adeptum
442 3974 457 3997 ,
511 3943 667 4001 teque
695 3931 965 4001 adoptiva:
1010 3930 1292 3999 dignitatis
1333 3930 1585 3985 vocabula
1622 3947 1743 3987 cum

156 4027 400 4082 «scelestis
426 4030 611 4096 gratia:
640 4026 991 4093 praerogativa
1022 4025 1270 4077 sortitum
1290 4064 1306 4089 ,
1360 4039 1516 4093 quem
1547 4024 1744 4078 videli-

154 4128 243 4174 cet
272 4118 633 4188 spiritualium
660 4117 1118 4169 incrementorum
1142 4114 1368 4168 fructum
1399 4115 1745 4183 prOpheticus

154 4229 336 4269 sermo
375 4211 677 4281 allegoricis
736 4207 1113 4278 aznigmatibus
1160 4207 1454 4272 explanans
1496 4208 1745 4279 designat

155 4301 448 4372 virgultum
500 4302 551 4355 in
597 4309 723 4369 typo
764 4298 934 4353 beatas
975 4306 1030 4351 et
1072 4298 1395 4365 incorrupta;
1443 4299 1536 4352 Dei
1582 4299 1744 4354 Geni-

155 4394 303 4447 tricis
338 4391 403 4445 de
432 4392 609 4445 radice
634 4390 802 4445 Jessaa
830 4386 1072 4442 fecundis
1110 4388 1411 4456 palmitibus
1432 4390 1739 4457 pullulasse,

153 4497 206 4540 et
251 4499 575 4555 purpureum
622 4482 953 4537 serculorum
986 4480 1145 4535 flores
1176 4481 1415 4551 mysticis
1446 4481 1745 4536 obumbra-

155 4577 392 4632 tionibus
436 4576 667 4644 prolapsi
712 4580 1139 4642 recuperatorem
1182 4573 1361 4627 mundi
1392 4574 1741 4643 praefigurata-

157 4679 285 4732 tem,
309 4667 831 4736 chirographumque
858 4665 1304 4731 protoplastorum
1326 4664 1741 4719 misericorditer

157 4760 505 4827 abrogantem
535 4769 655 4809 cum
702 4762 927 4823 septeno
973 4752 1255 4820 sapientiae
1302 4752 1596 4819 intellectu,
1638 4766 1741 4807 ca:-

160 4861 500 4918 terarumque
543 4848 801 4900 virtutum
852 4844 1109 4914 Spiritum
1168 4844 1531 4913 germinasse;
1602 4844 1740 4899 idem

158 4954 391 5011 namque
416 4936 743 5008 septiformis
767 4946 1226 4992 sacramentorum
1260 4950 1516 4991 numerus
1559 4950 1740 4991 sacro-

3028 2390 3407 2454 pullulaverint
3434 2439 3451 2464 ,

1862 2463 2147 2528 viguerint.
2177 2464 2294 2527 llic,
2328 2466 2563 2534 inquam,
2597 2472 2922 2535 septiformis
2950 2477 3324 2541 laterculorum
3354 2463 3451 2545 nn?

1861 2566 2045 2605 merus
2067 2556 2133 2607 ab
2159 2555 2275 2623 ipso
2299 2561 2562 2613 nascentis
2588 2565 2770 2617 nnmdi
2796 2568 3086 2633 primordio
3109 2589 3261 2630 sacer
3279 2581 3456 2637 oriun-

1857 2641 1956 2694 dus
1990 2643 2214 2701 exstitit.
2248 2647 2377 2701 Nam
2410 2666 2513 2703 non
2544 2654 2716 2707 solum
2750 2658 3068 2716 universitas
3110 2669 3268 2723 totius
3291 2688 3455 2726 crea-

1857 2737 1990 2785 tura:
2019 2748 2175 2798 quam
2202 2736 2449 2788 volubilis
2480 2750 2532 2792 et
2557 2742 2706 2805 agilis
2739 2746 2979 2811 polorum
3013 2756 3213 2822 vertigo
3244 2769 3297 2812 et
3321 2761 3441 2816 bina

1855 2819 2079 2889 cingunt
2106 2822 2502 2893 hemisphaeria,
2529 2837 2832 2898 septenario
2860 2819 3206 2899 hebdomadis
3232 2849 3445 2920 simpla:

1860 2911 2130 2965 curriculo
2158 2916 2337 2977 Specie
2364 2918 2689 2972 tnultifortna
2718 2935 2925 2991 patrata
2967 2944 3281 3004 narrantur;
3324 2911 3445 2997 cum

1854 3008 2033 3056 tamen
2077 3003 2129 3056 in
2158 3003 2265 3057 ictu
2310 3015 2366 3059 et
2393 3018 2575 3063 atomo
2598 3010 2784 3068 vivens
2810 3016 2862 3070 in
2891 3031 3150 3079 aeternum
3180 3003 3450 3090 creaverit

1850 3096 2030 3147 omnia
2063 3095 2248 3164 simul,
2283 3112 2468 3151 verum
2499 3100 2660 3154 etiam
2692 3114 2871 3170 uptata
2906 3108 3203 3169 futurorum
3236 3124 3448 3191 requies

1853 3190 2236 3289 promissorum
2284 3200 2340 3246 et
2378 3193 2531 3248 beata
2571 3200 2821 3264 perennis
2862 3207 2986 3260 vitae
3031 3207 3280 3281 felicitas,
3324 3235 3445 3289 qua:

1850 3275 2072 3346 singulis
2099 3280 2399 3351 quibuSque
2447 3290 2760 3346 meritorum
2806 3298 3187 3359 emolumentis
3237 3275 3446 3366 recolas

1849 3371 2180 3437 pensabitur,
2228 3390 2336 3429 nou
2373 3379 2471 3431 nisi
2515 3392 2736 3448 septena
2784 3401 2877 3453 per
2927 3367 3225 3460 temporum
3268 3399 3446 3458 incre-

1848 3470 2027 3515 menta
2077 3465 2376 3521 millenario
2423 3486 2648 3526 numero
2698 3488 3035 3546 sequestrata
3086 3491 3439 3554 reproborum

1848 3559 2061 3607 caterva
2095 3556 2398 3613 insontibus
2427 3572 2480 3615 et
2513 3562 2841 3628 piaculorum
2881 3575 3106 3629 crimine
3134 3584 3441 3641 carentibus

1848 3646 2111 3743 tribuatur
2142 3646 2318 3721 [Par.,
2353 3654 2624 3727 tribuitur]
2655 3659 2896 3728 ejusdem
2925 3680 3135 3735 quoque
3185 3685 3444 3743 supputa-

1852 3737 2016 3794 tionis
2045 3754 2379 3800 sacramenta
2412 3756 2768 3820 patuerunt,si
2812 3760 2981 3823 prisca
3011 3737 3439 3827 commemorans

1846 3830 1914 3882 ab
1962 3832 2167 3901 origine
2221 3837 2450 3903 pandam
2500 3856 2621 3895 cum
2679 3844 2943 3903 horrenda
2995 3857 3436 3927 cataclysmorunt

1847 3922 2091 3992 irruptio,
2122 3928 2428 3983 mortalium
2458 3930 2651 4002 ﬂagitia
2676 3950 2952 4008 coercens,
2976 3952 3028 3996 et
3054 3922 3289 4003 citelestis
3317 3952 3439 4008 vita:

1844 4016 2197 4081 pervicaciam
2245 4020 2525 4077 ultricibus
2578 4026 2732 4082 undis
2785 4029 3033 4099 abluens,
3080 4050 3271 4094 cuncta
3318 4059 3438 4111 quae

1846 4121 2125 4173 reciproco
2148 4125 2423 4179 corporea:
2451 4117 2751 4174 vivacitatis
2777 4124 3045 4189 spiracula
3068 4131 3438 4203 vescebantur,

1845 4200 2088 4267 exceptis
2132 4201 2198 4255 ad
2246 4207 2690 4276 propagationem
2738 4215 2935 4269 sobolis
2979 4215 3170 4274 futurae
3210 4200 3434 4287 relictis,

1846 4304 2015 4359 usque
2064 4294 2129 4347 ad
2178 4296 2603 4353 internecionem
2648 4315 2890 4370 necaret,
2938 4308 3217 4380 diramque
3267 4314 3437 4387 Stygii

1847 4383 2089 4439 Plutonis
2122 4390 2409 4457 ingluviem
2439 4395 2856 4461 exsanguinibus
2880 4398 3198 4456 miserorum
3232 4383 3437 4460 anima-

1846 4476 1947 4531 bus
1977 4479 2182 4534 crudeli
2214 4490 2391 4552 strage
2421 4484 2660 4539 satiaret.
2718 4486 2795 4541 De
2838 4490 3051 4545 mundis
3080 4502 3298 4557 septena
3324 4511 3438 4551 cm-

1845 4570 2098 4624 naculum
2141 4580 2197 4626 et
2243 4574 2514 4645 tristegam
2546 4578 2678 4639 sive,
2712 4589 2768 4633 ut
2796 4580 2965 4635 altera
2992 4586 3233 4641 continet
3264 4599 3435 4644 trans-

1844 4660 2009 4726 latio,
2059 4663 2434 4721 bicameratam
2496 4670 2744 4738 leguntur
2794 4688 2972 4729 arcam
3038 4680 3295 4747 gregatim
3352 4681 3438 4736 iu-

1844 4765 2049 4819 gressa.
2092 4757 2407 4826 Septenaria
2444 4761 2693 4817 similiter
2741 4766 3017 4836 piguomm
3046 4769 3148 4823 Joh
3192 4774 3437 4844 prosapia

1846 4846 1900 4900 in
1931 4845 2191 4916 principio
2223 4848 2339 4903 libri
2368 4852 2520 4918 quod
2545 4867 2697 4921 prosa
2726 4858 3031 4911 contexitur
3077 4866 3133 4913 et
3178 4860 3434 4931 deinceps

1844 4938 2143 4993 secundum
2197 4939 2452 4996 llebraos
2504 4943 2716 5013 dactylo
2763 4947 3130 5019 spoudmoque
3177 4953 3437 5009 scandere

158 5035 357 5089 sanctis
386 5042 822 5087 testamentorum
856 5030 1127 5085 miraculis
1156 5027 1331 5102 [Par.,
1355 5028 1607 5101 oraculis]
1638 5030 1741 5085 fre-
1775 5073 1824 5133 Β
1849 5027 2036 5093 fertur,
2081 5039 2135 5082 et
2185 5042 2390 5097 septem
2438 5034 2798 5104 lanigerarum
2850 5040 3113 5105 pecudum
3165 5041 3436 5110 descripta

158 5124 509 5194 amentissime
550 5123 864 5194 astipulatur
916 5139 930 5176 :
973 5122 1124 5191 cujus
1173 5123 1376 5177 numeri
1427 5126 1741 5192 mysterium

160 5224 348 5278 iterata
376 5221 724 5291 replicatione
753 5219 1053 5286 revolvens,
1098 5220 1166 5273 dc
1207 5218 1569 5274 amazoissimo
1596 5217 1744 5273 Scri-

164 5324 434 5376 pturarum
460 5314 726 5383 paradiso,
760 5316 908 5383 quasi
936 5311 1191 5382 quosdam
1215 5310 1594 5381 campestrium
1620 5327 1745 5366 cau-

166 5408 351 5463 liculos
378 5419 469 5463 aut
499 5417 784 5462 vernantes
813 5416 1083 5476 pratorum
1109 5405 1356 5461 flosculos
1396 5419 1740 5469 coacervans,

162 5500 224 5553 ad
257 5501 413 5555 unius
443 5512 657 5554 corona:
698 5508 961 5554 texturam
991 5512 1282 5568 congerere
1310 5496 1471 5562 nitar,
1523 5506 1580 5551 ut
1628 5497 1742 5553 evi-

163 5588 373 5644 dentius
404 5589 457 5643 in
491 5590 769 5657 propatulo
817 5598 1083 5657 patescat,
1123 5587 1439 5659 cunctisque
1485 5589 1744 5643 scrutinio

164 5681 523 5735 scrutantibus
552 5681 669 5735 luce
699 5682 967 5749 limpidins
986 5682 1268 5745 clarescat,
1311 5695 1340 5735 a
1371 5678 1584 5751 quantis
1625 5695 1746 5748 pro-

167 5769 384 5826 fectibus
424 5785 690 5840 quamque
718 5771 940 5825 sacratis
971 5771 1249 5826 ordinibus
1279 5780 1475 5825 nostrtc
1504 5771 1742 5824 necessi-

166 5863 356 5918 tudinis
402 5862 689 5933 priinordia
722 5872 773 5920 et
812 5864 1042 5921 necdum
1085 5876 1289 5920 matura
1319 5865 1739 5921 rudimentortnn

1852 5135 2056 5175 summa
2084 5132 2387 5177 narrantur.
2417 5123 2721 5194 Rursusque
2750 5128 2801 5180 in
2819 5130 2964 5182 calce
2986 5128 3269 5185 voluminis
3294 5133 3433 5189 idem

1854 5213 2142 5267 bidentium
2191 5230 2441 5271 numerus
2482 5216 2548 5270 ad
2592 5219 3035 5274 remunerandam
3088 5221 3309 5276 illustris
3351 5239 3439 5291 pa-

1854 5306 2054 5362 tientia:
2082 5308 2312 5378 palmam
2343 5310 2395 5363 in
2427 5309 2647 5379 duplum
2690 5313 2965 5366 restitutus
3017 5314 3268 5382 praedicta
3316 5331 3434 5388 my-

1850 5403 2129 5457 steriorum
2160 5416 2351 5456 arcana
2384 5403 2755 5473 praefigurasse
2801 5411 3150 5459 monstratur.
3193 5404 3435 5477 Denique

1852 5494 2012 5549 Isaias
2035 5510 2367 5566 nequaquam
2394 5511 2513 5564 pars
2535 5497 2716 5551 ultima
2744 5497 3195 5564 prophetantium,
3225 5513 3430 5568 septem

1854 5599 2139 5653 matronas,
2168 5590 2270 5643 sub
2296 5600 2421 5659 typo
2442 5599 2647 5657 septem
2678 5590 3245 5655 Ecclesiarum,virum
3270 5609 3431 5647 unum

1851 5677 2291 5747 apprehendisse,
2319 5678 2587 5733 Christum
2622 5677 2873 5734 videlicet
2898 5682 3193 5735 ccelestium
3229 5691 3284 5736 ot
3328 5692 3436 5736 ter-

1852 5770 2100 5825 restrium
2132 5771 2618 5837 reconciliatorem,
2652 5780 2999 5826 contestatur.
3052 5771 3184 5827 Etim
3232 5782 3431 5839 autem,

1851 5864 2052 5919 scelera
2084 5862 2261 5935 populi
2289 5862 2516 5919 crudelis
2538 5861 2850 5920 latueutanti
2880 5875 2930 5922 et
2961 5861 3238 5932 lugubrem
3264 5864 3433 5921 inter.
