4214 6532
746 416 845 470 163

1520 411 1578 464 S.
1624 407 1970 462 ALDllELMl
2012 406 2296 462 OPERUM
2338 403 2513 459 PARS
2553 404 2615 460 ll.
2655 434 2724 446 --
2762 405 3190 462 TRACTATL'S.

3898 415 3998 469 154

745 526 1025 580 lectionem
1056 524 1457 579 vaticinantium
1488 522 1854 590 conquerenti,
1885 518 2077 572 divinis
2117 519 2315 572 dictum
2345 519 2394 574 A
2422 516 2596 569 ctibus
2627 525 2680 570 et
2701 517 2767 569 ab
2796 518 2940 570 omni
2968 518 3242 572 fa‘culenla
3271 519 3512 574 vitiorum
3536 522 3739 576 sentina
3773 525 4000 582 sublatis

743 627 825 672 est
854 619 1087 671 oraculis
1119 635 1132 669 :
1171 616 1370 684 Reliqui
1407 614 1528 667 milii
1558 624 1749 681 septem
1779 614 1939 665 millia
1968 613 2190 665 virorum
2231 611 2316 678 qui

744 725 842 761 non
874 717 1203 762 curvaverant
1245 723 1410 776 genita
1457 717 1575 757 ante
1614 703 1778 768 Baal;
1815 704 1901 767 qui
1951 703 2077 755 dum
2120 701 2318 754 orbata:

743 800 1033 855 Sunamitis
1063 799 1301 852 sobolem
1331 796 1563 850 crudelis
1610 794 1736 847 lethi
1777 804 1922 846 sorte
1965 795 2189 860 sopitam
2234 804 2317 843 se-

747 895 880 962 pties
926 901 1074 946 artus
1115 891 1336 945 artubus
1381 889 1723 955 membraque
1773 885 2027 941 membris
2066 885 2319 952 copulatis

745 986 1120 1047 suscitaverat,
1151 982 1560 1047 Redemptorem
1593 980 1786 1046 signal,
1830 991 1996 1043 genus
2035 975 2317 1027 humanum

747 1072 1049 1142 septiforrui
1085 1074 1315 1141 Spiritus
1340 1072 1504 1138 gratia
1533 1087 1559 1122 a
1594 1084 1781 1121 somno
1811 1069 2072 1120 scelerum
2113 1078 2165 1120 et
2206 1065 2320 1118 labe

748 1165 952 1236 peccati
981 1165 1359 1218 vivificantem.
1394 1162 1498 1216 Sed
1526 1172 1576 1214 ct
1607 1159 2031 1214 Machabzeorunt
2063 1170 2318 1228 generosa

744 1256 1110 1326 germanitatis
1153 1255 1369 1322 pignora
1432 1269 1550 1317 qua:
1603 1251 1701 1304 sub
1752 1252 2026 1320 tyrannica
2077 1247 2319 1301 Antiochi

749 1345 1052 1401 tnonarchia
1071 1345 1283 1398 suillum
1301 1343 1593 1397 scrofarum
1612 1351 2043 1409 contempserunt
2061 1339 2317 1404 edulium,

747 1449 802 1493 et
852 1448 1066 1506 propter
1113 1436 1410 1490 divinarum
1459 1436 1632 1502 legum
1687 1434 2029 1487 caeremonias
2086 1431 2322 1500 ritusque

750 1538 984 1598 paterna:
1029 1526 1324 1580 traditionis
1366 1540 1586 1594 spurcas
1612 1523 1942 1576 ethnicorum
1990 1526 2224 1576 culturas
2271 1531 2325 1576 et

750 1615 984 1686 profana:
1012 1619 1184 1685 gentis
1217 1617 1508 1684 idolothyta
1537 1614 1902 1682 repudiarunt,
1938 1629 2041 1667 non
2076 1613 2324 1667 inmerito

747 1708 1107 1773 septiformem
1158 1707 1472 1759 universalis
1514 1706 1756 1759 ceclesite
1802 1706 2033 1771 Speciem
2081 1703 2325 1772 praeﬁgu-

751 1815 898 1854 rasse
930 1808 1240 1853 noscuntur.
1283 1797 1417 1862 Quid
1449 1798 1608 1850 etiam
1641 1796 1979 1863 proverbialis
2009 1797 2146 1858 aula,
2173 1793 2323 1861 cujus

747 1894 1071 1946 architectus
1094 1901 1147 1945 et
1171 1891 1404 1957 pontifex
1422 1889 1699 1954 sapientia,
1718 1886 2002 1940 Salomone
2018 1893 2320 1947 attestante,

756 1983 947 2050 legitur
974 1983 1261 2045 exstitisse,
1293 1994 1468 2034 nonne
1493 1978 1730 2047 septenis
1767 1979 2134 2030 Columnarum
2177 1977 2325 2030 fulci-

752 2073 949 2125 tuentis
1003 2070 1180 2124 innixa
1229 2079 1577 2132 sustentatur,
1621 2083 1739 2122 cum
1770 2067 2030 2121 infertur:
2063 2067 2327 2134 Sapientia

748 2163 1018 2227 redi/ienuit
1047 2161 1144 2212 sibi
1172 2161 1400 2224 domum,
1430 2160 1616 2212 excidit
1660 2161 1920 2210 columnas
1949 2162 2058 2226 ejus
2086 2167 2273 2222 septem
2305 2158 2329 2208 ?

752 2250 981 2303 Cortina-
1006 2264 1214 2317 quoquc
1247 2248 1569 2300 tabernaculi
1618 2250 1896 2314 purpureis
1936 2246 2068 2300 ostri
2105 2256 2158 2299 et
2183 2245 2327 2299 cocci

751 2342 1016 2394 coloribus
1055 2339 1269 2392 fuscata:
1309 2348 1362 2391 et
1395 2337 1615 2391 diversis
1645 2340 1949 2391 ansularum
1978 2336 2200 2390 nexibus
2237 2349 2326 2389 as-

753 2444 911 2494 sulte,
971 2447 1150 2484 nonne
1195 2428 1599 2498 quadruplicato
1653 2438 1887 2496 scplcnm
1939 2426 2330 2496 supputationis

751 2523 972 2590 calculo,
1009 2523 1106 2575 hoc
1133 2531 1216 2573 est
1251 2535 1417 2574 xxvnt
1443 2521 1636 2574 cobitis
1664 2521 1715 2573 in
1749 2521 1962 2589 longum
1996 2521 2330 2586 protendun-

747 2615 880 2669 tur?
916 2614 1065 2680 Quod
1094 2624 1268 2666 autem
1300 2613 1633 2679 septenarius
1672 2626 1923 2664 numerus
1952 2623 2328 2675 nonnunquam

751 2707 983 2774 Spiritus
1028 2705 1274 2774 paracleti
1317 2705 1541 2772 gratiam
1587 2702 2024 2772 praefigunt-crit,
2064 2702 2329 2756 interdum

751 2817 881 2854 vero
905 2799 1090 2868 priscae
1121 2799 1252 2866 legis
1280 2798 1560 2864 imaginem
1604 2796 1916 2861 praetulerit,
1949 2808 2102 2848 sacra
2149 2807 2334 2847 aucto-

752 2894 907 2948 ritate
936 2891 1261 2954 edoccmur;
1294 2897 1352 2940 ut
1373 2897 1456 2941 est
1494 2886 1620 2940 illud
1647 2905 1660 2939 :
1694 2886 1776 2939 Da
1806 2895 2000 2954 partem
2030 2886 2107 2937 Itis
2133 2886 2220 2954 qui
2246 2901 2331 2938 se-

752 2997 884 3053 ptem
905 2995 1039 3038 runt.
1074 2981 1178 3038 Sed
1202 2993 1256 3036 et
1278 2980 1416 3034 idem
1445 2980 1842 3033 tabernaculum
1874 2979 2114 3042 Eleazar,
2137 2981 2333 3035 summi

751 3076 1092 3146 pontificatus
1123 3071 1289 3126 infula
1322 3071 1599 3140 praeditus,
1641 3071 1843 3138 septies
1883 3072 2179 3139 aSpersisse
2209 3071 2340 3138 legi-

2417 622 2638 661 ccrnrre
2696 611 3022 675 promeruit;
3072 627 3194 681 qua:
3237 614 3383 666 solus
3426 613 3494 666 de
3531 616 3665 667 tribu
3707 617 3839 669 Juda
3891 619 3996 683 leo,

2418 699 2737 752 fortissimus
2789 700 3096 764 bestiarum,
3145 703 3208 754 ad
3256 705 3449 758 nullius
3492 719 3782 772 pavescens
3810 724 3996 763 occur-

2417 803 2557 855 som,
2607 791 2694 858 qui
2735 793 2888 858 juxta
2934 793 3240 848 vaticinium
3288 796 3601 863 patriarcha:
3643 798 3705 851 ad
3765 803 3997 865 j-rmdam

2418 883 2726 935 ascendisse
2778 895 2834 935 et
2881 885 3226 952 requiescens
3279 886 3590 940 accubuisse
3643 900 3994 953 memoratur,

2413 971 2534 1039 jure
2579 974 2874 1027 ca-lcstiutn
2924 985 2978 1028 et
3024 979 3352 1031 terrestrium
3388 978 3818 1050 infernorumqne
3851 991 3996 1044 pote.

2420 1073 2608 1118 statem
2640 1080 3034 1132 supergressus,
3069 1069 3276 1134 aperire
3303 1071 3587 1123 nativitatis
3633 1081 3686 1124 et
3736 1075 3997 1140 passionis

2420 1158 2770 1226 prairogativa
2815 1157 3004 1224 potuit.
3037 1159 3166 1224 Quia
3201 1160 3374 1230 [Par.,
3407 1161 3599 1232 Quare]
3647 1161 3759 1231 ipse
3802 1166 3999 1220 habere

2421 1246 2615 1300 dicitur
2644 1249 2846 1302 clavem
2883 1250 3067 1314 David,
3114 1255 3226 1319 ipse
3266 1256 3436 1320 aperit
3477 1264 3529 1308 et
3577 1271 3730 1309 nemo
3776 1258 3996 1321 claudit,

2422 1339 2620 1392 claudit
2648 1350 2701 1393 et
2735 1355 2894 1392 nemo
2938 1343 3128 1406 aperit.
3174 1341 3383 1396 Etenim
3422 1346 3521 1397 nisi
3575 1347 3691 1415 quis
3735 1348 3999 1401 obstinata

2425 1431 2672 1484 nefanda:
2731 1431 3060 1488 inﬁdelitatis
3124 1435 3269 1486 frena
3339 1435 3390 1487 in
3448 1435 3612 1490 frusta
3675 1438 4001 1507 confregerit

2424 1538 2650 1592 eumque
2694 1525 2979 1578 medullata
3026 1528 3219 1579 mentis
3261 1527 3448 1580 ﬁducia
3493 1528 3892 1595 praedicatorum
3922 1532 4000 1583 si-

2425 1615 2548 1682 gilla
2587 1615 2858 1682 signorum
2903 1617 3125 1668 solvisse
3170 1617 3476 1681 crediderit,
3521 1618 3709 1672 clausis
3753 1630 3804 1674 ct
3845 1623 4004 1674 can-is

2428 1707 2746 1773 pupillarutn
2780 1707 3025 1772 orbibus,
3057 1721 3104 1762 et
3141 1710 3380 1763 obtunsis
3409 1713 3771 1780 palpebrarum
3804 1715 4003 1767 obtuti-

2431 1799 2528 1850 bus
2553 1799 2692 1851 velut
2713 1800 3028 1867 epilenticus
3050 1812 3138 1855 aut
3159 1806 3534 1857 scotomaticus
3561 1809 4003 1871 contemplabitur

2432 1898 2625 1936 arcana
2667 1885 2837 1952 legum
2869 1895 2922 1939 et
2950 1901 3112 1953 Opaca
3138 1887 3530 1954 prophetarum.
3564 1889 3694 1961 [Mai
3721 1892 3802 1942 hic
3831 1894 3958 1944 add.
3987 1912 3999 1942 :

2427 1979 2668 2045 Septimo
2697 1977 3047 2033 nihilominus
3070 1980 3184 2047 ejus
3215 1982 3500 2035 voluminis
3543 1983 3714 2052 sigillo
3745 1985 4000 2048 resoluto,

2429 2081 2545 2138 pust
2585 2069 2780 2123 factum
2821 2085 3174 2137 supernorum
3219 2071 3414 2126 civium
3455 2074 3670 2128 cccleste
3706 2075 3999 2140 silentium,

2431 2161 2769 2228 mediumque
2800 2161 2943 2214 liora:
2971 2161 3328 2226 intervallum,
3374 2173 3577 2229 septem
3623 2169 3837 2230 angelos
3879 2179 4002 2217 cum

2429 2253 2668 2318 septenis
2693 2252 2986 2320 sulpieibus
3015 2262 3070 2305 et
3099 2253 3377 2307 sistrorum
3399 2255 3732 2323 clangoribus
3757 2256 4000 2309 horribili

2429 2343 2658 2396 classico
2688 2357 2780 2410 per
2809 2352 2974 2396 totum
3008 2344 3265 2398 nmndum
3312 2347 3747 2412 concrepantibus
3777 2347 3915 2401 idem
3943 2364 4006 2403 se

2430 2435 2666 2487 crevisse
2701 2434 3112 2506 contestantur.]
3149 2435 3204 2489 lo
3234 2438 3419 2490 eadem
3455 2439 3611 2491 etiam
3664 2439 4005 2495 revelatiouis

2433 2526 2634 2578 exstasi
2665 2541 2824 2578 aurea
2856 2535 3058 2594 septem
3105 2530 3438 2592 candelabra,
3480 2546 3636 2585 aurea
3683 2540 3735 2585 et
3783 2535 4004 2586 totidem

2433 2615 2608 2668 sidera
2665 2614 2716 2667 in
2762 2614 2982 2670 dextera
3036 2615 3281 2672 habentis
3311 2619 3469 2687 pedes
3495 2621 3793 2675 aurichalco
3818 2621 4002 2676 Libani

2433 2711 2753 2776 simillimos,
2777 2713 3036 2779 cujusque
3059 2727 3151 2765 ore
3175 2713 3492 2780 procedebat
3511 2717 3774 2783 romphzea
3801 2714 4003 2783 biceps,

2438 2802 2722 2869 praedictus
2743 2803 3038 2857 Salvatoris
3058 2804 3283 2859 vicarius
3308 2804 3626 2871 Speculator.
3646 2807 3775 2861 lllttd
3793 2824 4005 2876 quoque

2437 2893 2841 2948 celeberrimum
2871 2897 3036 2950 Exodi
3060 2898 3432 2952 candelabrum
3455 2899 3605 2966 cujus
3623 2901 3785 2968 stipes
3806 2901 4006 2972 obryzo

2439 2984 2648 3038 duetilis
2676 3000 2796 3040 cunt
2823 2987 3042 3040 calamis
3067 3002 3130 3042 ac
3159 2972 3370 3058 scyphis
3399 2999 3451 3043 et
3475 2991 3757 3057 Sphaerulis
3782 2993 4006 3048 fabrefa-

2439 3084 2556 3128 ctus
2588 3084 2835 3143 tanquam
2868 3083 3025 3130 taxus
3052 3077 3299 3131 frondosa
3339 3087 3430 3132 aut
3472 3079 3710 3145 platanus
3732 3084 4005 3136 surculosa

752 3179 838 3222 tur
864 3169 929 3222 de
958 3165 1218 3235 sanguine
1242 3165 1449 3218 bucula:
1476 3163 1605 3217 rufae
1623 3163 1772 3230 juxta
1802 3163 1962 3218 ritum
1984 3164 2332 3218 caeremonia-
2361 3195 2409 3258 ϐ
2444 3167 2672 3232 comptis
2693 3167 2918 3220 cultibus
2939 3167 3226 3223 ornabatur
3244 3184 3274 3222 a
3297 3169 3548 3238 praedicto
3566 3171 4006 3228 candelabrornm

750 3276 868 3314 rum
924 3257 974 3312 in
1027 3257 1387 3311 holocaustum
1443 3264 1816 3309 concrematte.
1874 3255 2040 3324 Cujus
2095 3255 2333 3309 cinerum

753 3353 1008 3419 reliquias
1038 3349 1102 3404 ad
1132 3349 1490 3418 expiationem
1524 3348 1800 3403 lsraelitici
1846 3350 2023 3420 populi
2073 3351 2335 3419 prolicere

756 3457 987 3511 superna
1017 3439 1420 3508 spoponderunt
1447 3439 1681 3493 oracula.
1713 3439 2142 3494 GloriosiSsimus
2175 3441 2333 3495 etiam

758 3549 960 3604 regum,
981 3533 1070 3602 qui
1102 3539 1382 3600 antequam
1425 3531 1609 3599 prima:
1637 3529 1927 3584 nativitatis
1958 3533 2217 3586 cunabula
2248 3547 2337 3586 co-

752 3633 1041 3697 gnosceret
1080 3624 1197 3692 ipso
1236 3623 1436 3691 proprii
1479 3623 1709 3677 nominis
1735 3623 1997 3678 vocabulo
2045 3625 2145 3692 pire
2192 3625 2336 3692 pacis

755 3719 1011 3788 praesagia
1036 3731 1138 3770 non
1159 3715 1426 3768 immerito
1449 3712 1740 3783 figuraliter
1759 3717 2019 3784 gestabat,
2041 3715 2335 3770 solemnem

755 3810 962 3865 delubri
1007 3805 1354 3862 festivitatem
1397 3819 1517 3859 cum
1567 3806 1712 3859 omni
1766 3806 2058 3875 frequentia
2108 3807 2336 3861 filiorum

758 3903 923 3960 Israel
947 3901 1016 3957 ab
1044 3900 1262 3956 introitu
1309 3897 1499 3952 Emath
1543 3912 1712 3967 usque
1737 3899 1802 3952 ad
1833 3909 2122 3955 torrentem
2171 3900 2332 3970 Egy-

759 3997 876 4064 pti,
931 3996 1072 4049 unde
1125 3991 1463 4061 Memphitica
1522 4005 1682 4060 regna
1733 4003 1999 4061 sceptrum
2064 3992 2337 4062 imperiale

760 4087 1080 4156 gubernant,
1112 4092 1316 4152 septem
1345 4082 1534 4136 diebus
1559 4084 1868 4136 caterVatim
1898 4083 2198 4137 celebrasse
2245 4083 2339 4138 de-

758 4177 1030 4241 scribitur,
1061 4176 1209 4243 juxta
1253 4173 1394 4242 quod
1423 4172 1750 4228 Testamenti
1782 4172 1986 4227 Veteris
2014 4175 2196 4229 brevis
2224 4174 2338 4241 epi-

759 4279 925 4330 toma,
955 4267 1053 4319 hoc
1073 4274 1157 4320 est
1181 4263 1624 4331 Paralipomenon
1649 4272 1872 4318 testatur
1895 4281 1907 4316 :
1935 4264 2026 4318 sed
2054 4280 2118 4318 ne
2150 4265 2336 4331 prisca:

756 4361 892 4431 legis
935 4368 1139 4412 tantum
1189 4354 1416 4409 formula
1460 4365 1597 4418 utar,
1637 4361 1693 4408 et
1721 4355 1986 4421 praeterita
2020 4355 2335 4409 saeculorum

755 4449 1079 4519 exemplaria
1105 4445 1441 4502 solummodo
1473 4455 1772 4514 perscruler
1801 4455 1852 4500 et
1881 4447 2064 4511 rimer,
2095 4461 2160 4500 en
2193 4447 2336 4500 rudis

2439 3260 2694 3327 mysterio
2727 3259 2942 3312 minime
2977 3257 3283 3314 discordare
3311 3259 3503 3321 sentio.
3544 3263 3695 3327 cujus
3721 3278 3792 3316 vit
3834 3263 4010 3318 Ineter-

2442 3362 2626 3401 narum
2670 3347 2845 3417 lychni
2896 3347 3270 3404 llammivomis
3311 3350 3637 3418 lampadibus
3665 3362 4006 3408 coruscantes

2440 3455 2470 3495 e
2493 3441 2683 3509 quibus
2709 3441 2972 3495 universa:
2989 3441 3341 3496 Ecclesiarum
3367 3444 3619 3498 lanternas
3644 3444 3787 3498 claro
3809 3445 4007 3500 lumine

2439 3531 2794 3596 illustrantur,
2840 3532 3016 3585 aureis
3073 3533 3297 3586 nexibus
3339 3532 3541 3586 astricti
3585 3533 4002 3600 copulabantur;

2439 3625 2511 3678 ita
2542 3639 2634 3677 Vas
2663 3625 2940 3680 electionis
2983 3625 3189 3681 illustre
3216 3635 3270 3681 et
3294 3627 3505 3695 sapiens
3544 3625 3865 3682 architecms
3914 3641 4008 3680 no~

2437 3716 2706 3784 minisque
2741 3717 2940 3771 Christi
2985 3717 3202 3784 gerulus
3245 3717 3451 3787 typicus
3501 3717 3796 3784 Beniamin,
3849 3733 4004 3773 mane

2439 3809 2728 3862 comedens
2779 3808 3009 3876 praedam
3054 3817 3110 3862 et
3136 3823 3359 3878 vespere
3400 3808 3640 3863 dividens
3684 3809 3882 3877 spolia,
3931 3826 4004 3863 vn

2443 3903 2802 3958 Ecclesiarum
2855 3902 3062 3954 novalia
3106 3900 3331 3955 roscidis
3380 3915 3650 3956 sacrorum
3705 3901 4005 3970 dogmatum

2440 3997 2700 4051 imbribus
2730 3994 2956 4048 ubertim
2986 3993 3273 4062 perfundit.
3305 3991 3592 4046 Zacharias
3614 3991 3792 4046 itidem
3824 3993 3877 4046 in
3915 4007 4008 4046 or-

2438 4090 2563 4143 dine
2591 4086 2986 4140 vaticinantium
3032 4085 3345 4139 undecimus
3391 4086 3443 4138 in
3497 4085 3768 4139 horomate
3791 4084 4006 4138 visi0nis

2441 4189 2623 4247 raptus
2647 4188 2702 4232 et
2720 4178 2911 4231 divina:
2935 4174 3400 4243 contemplationis
3424 4176 3652 4229 culmine
3673 4174 4002 4236 sublimatus,

2440 4271 2700 4326 famosum
2750 4267 2933 4338 inclyti
2984 4267 3174 4336 lapidis
3197 4264 3576 4334 spectaculum,
3633 4263 3724 4333 qui
3776 4265 4006 4333 Septeois

2444 4363 2721 4416 oculorum
2755 4359 3022 4414 obtutibus
3053 4359 3274 4428 mystice
3305 4355 3474 4428 [Par.,
3509 4357 3558 4410 in
3591 4355 3740 4422 facie,
3773 4371 3866 4424 pro
3894 4370 4008 4425 my-

2440 4453 2594 4525 stice]
2621 4462 2839 4507 ornatus
2867 4451 3184 4505 describitur
3227 4449 3487 4518 spirituali
3532 4456 3587 4502 et
3625 4461 3816 4502 arcano
3864 4461 4010 4515 pra-

758 4542 1094 4598 instrumenti
1138 4540 1278 4608 quod
1325 4539 1556 4592 arbitror
1589 4537 1985 4591 Deuteronomii
2018 4539 2334 4606 recapitufa-
2364 4549 2415 4609 ι)
2440 4545 2740 4600 εοτάίοι-υηι
2774 4544 2962 4597 intuitu
2993 4551 3046 4596 et
3071 4540 3219 4610 puris
3247 4539 3615 4606 conspectibus
3639 4553 3856 4592 cernere
3886 4553 4007 4605 pro-

758 4633 905 4685 tione
935 4631 1034 4683 rite
1063 4629 1260 4698 signari
1294 4628 1444 4693 plura
1475 4629 1528 4681 in
1561 4629 1838 4695 prepatnlo
1863 4629 1961 4681 sita
1993 4636 2046 4682 et
2084 4627 2334 4682 concordi

759 4721 965 4774 ratione
997 4718 1370 4788 respondentia
1403 4717 1778 4787 suffragantur.
1827 4719 1959 4786 Quia
1993 4720 2160 4773 furvis
2189 4731 2337 4775 tene-

762 4812 976 4865 brarum
1022 4810 1238 4864 latebris
1279 4809 1614 4864 cessantibus
1641 4819 1696 4863 et
1725 4811 1998 4864 nocturnis
2030 4810 2335 4865 umbrarum

762 4902 992 4958 latibulis
1021 4901 1406 4964 fatiscentibus,
1437 4911 1625 4954 exorto
1652 4901 1992 4972 crepusculo,
2038 4901 2237 4956 clarum
2287 4912 2338 4956 et

760 5009 1008 5049 croceum
1047 4992 1399 5061 limpidissimi
1429 4992 1559 5045 solis
1584 4991 1739 5060 jubar
1768 4995 1889 5047 totis
1921 5003 2178 5048 terrarum
2224 4995 2339 5046 lini-

765 5087 862 5139 bus
888 5084 1200 5139 infunditur.
1231 5083 1363 5138 Nam
1397 5099 1548 5138 sacer
1575 5085 1827 5139 dominici
1860 5087 2091 5154 pectoris
2118 5087 2341 5140 accubi-

765 5187 848 5229 tor
876 5185 928 5228 et
955 5186 1175 5244 quartus
1215 5175 1447 5229 ctelestis
1479 5175 1706 5243 paradisi
1735 5191 1930 5245 gurges
1960 5192 2024 5231 ex
2064 5192 2170 5244 quo
2198 5179 2340 5245 larga

767 5269 935 5321 laticis
970 5268 1074 5321 vivi
1120 5267 1334 5321 flumina
1385 5270 1688 5337 perenniter
1738 5270 1952 5323 rorillua
2000 5271 2342 5324 inundatione

767 5363 1034 5415 manantia
1063 5361 1372 5426 decurrunt,
1415 5362 1677 5430 Smyrnae,
1722 5362 2000 5432 Pergamo,
2049 5377 2110 5416 ac
2161 5363 2340 5416 Phila-

765 5451 997 5520 delphia:
1025 5461 1078 5506 et
1103 5453 1309 5506 ceteris
1339 5468 1431 5521 per
1457 5454 1636 5507 Asiam
1672 5453 1923 5508 Ecclesiis
1945 5455 2185 5524 septupla
2225 5470 2339 5509 ser-

766 5559 983 5598 monum
1013 5545 1181 5599 series
1209 5545 1489 5614 scripsisse
1531 5546 1859 5614 perhibetur.
1909 5546 1963 5600 In
1989 5547 2176 5602 eodem
2204 5547 2343 5602 nihi-

769 5633 998 5688 lominus
1054 5633 1450 5702 Apocalypseos
1510 5635 1787 5689 horomate
1843 5645 2062 5701 septena
2130 5636 2342 5706 sigillati

769 5725 1048 5779 voluminis
1078 5726 1346 5796 signacula
1374 5735 1652 5780 transacta:
1687 5727 2124 5794 prteliguratiouis
2151 5737 2344 5798 myste-

769 5818 906 5874 thtn
937 5819 1259 5876 continentia
1290 5819 1761 5888 perspicacissimis
1782 5818 1966 5874 mundi
1997 5819 2172 5876 cordis
2194 5836 2347 5891 aspe-

2438 4640 2650 4691 meruit.
2701 4635 3064 4690 Fundamenta
3102 4647 3314 4701 quoque
3359 4633 3603 4700 gloriosa:
3643 4629 3869 4684 civitatis
3913 4629 4002 4683 Dei

2436 4744 2556 4800 quae
2590 4728 2868 4781 f'salutista
2900 4725 2952 4778 in
2985 4724 3254 4778 montibus
3291 4723 3488 4776 sanctis
3535 4731 3732 4775 structa
3773 4734 4006 4774 comme-

2438 4830 2633 4887 morat,
2665 4817 2934 4873 canonicis
2961 4825 3166 4885 septem
3199 4813 3539 4883 epistularum
3569 4810 3752 4865 rivulis
3780 4812 3923 4863 arida
3950 4820 4006 4864 et

2439 4911 2708 4966 siticulosa
2766 4909 3035 4963 nascentis
3089 4901 3342 4960 Ecclesiae
3389 4901 3677 4972 praecordia
3729 4901 4008 4955 afﬂuenter

2440 5001 2700 5056 satiarunt
2751 4998 2926 5070 [Par.,
2979 4995 3182 5066 satiari}
3235 5004 3288 5049 et
3339 4995 3482 5047 velut
3535 4993 3807 5045 tenebrosa
3872 5007 4006 5058 aqua

2441 5094 2493 5147 in
2544 5093 2770 5146 nubibus
2828 5091 2970 5143 aeris
3028 5098 3118 5140 aut
3175 5085 3437 5140 stillicidia
3492 5082 3744 5137 stillantia
3807 5080 4010 5135 hiulcas

2445 5183 2674 5237 lideliunt
2722 5181 2899 5236 fauces
2944 5180 3234 5234 irrorantes
3280 5179 3518 5246 rigarunt
3555 5173 3729 5247 [Par.,
3776 5171 4006 5244 rigari]:

2445 5275 2519 5328 illi
2576 5274 2791 5342 quidem
2826 5312 2842 5337 ,
2918 5279 2974 5324 ut
3028 5270 3296 5332 arbitror,
3371 5266 3547 5320 divino
3614 5264 3795 5318 imbuti
3849 5265 4013 5332 magi.

2443 5365 2605 5420 sterio
2668 5375 2724 5420 et
2786 5371 3174 5434 praeceptorum
3241 5359 3484 5414 instructi
3555 5359 3838 5425 exemplo,
3914 5357 4010 5411 hoc

2445 5471 2770 5513 suceessurze
2830 5452 3123 5522 posteritati
3175 5451 3271 5507 rite
3317 5450 3614 5504 ruminasse
3658 5457 3711 5501 et
3761 5444 4013 5514 regulari-

2449 5557 2529 5603 ter
2557 5559 2830 5602 ruCtuasse
2853 5546 3037 5600 referri
3070 5551 3290 5612 queunt,
3319 5540 3458 5611 quod
3487 5540 3553 5594 ab
3577 5542 3690 5608 ipso
3713 5538 4013 5594 tenerrima

2448 5637 2697 5702 rudisque
2729 5634 2963 5690 infantia;
3002 5634 3262 5687 nutritore
3310 5631 3516 5685 caeteris
3558 5628 3930 5682 ruminandutu
3958 5638 4015 5683 et

2450 5730 2764 5785 ructandum
2823 5727 3053 5798 gratuita
3110 5732 3470 5796 praecurrente
3529 5721 3693 5791 gratia
3745 5721 4017 5788 accepisse

2452 5831 2775 5880 meruerunt.
2814 5820 2942 5877 Nam
2973 5832 3212 5877 summus
3242 5815 3618 5872 ecclesiastica:
3661 5813 4015 5883 dispensatio-
