4214 6536
235 431 336 486 165

1199 429 1400 484 LIBER
1444 428 1530 482 DE
1573 424 2004 483 SEPTENARIO
2047 426 2133 481 ET
2177 425 2264 480 DE
2305 427 2559 484 METRIS

3408 447 3506 501 166

234 545 317 600 nis
331 554 515 599 auctor
541 555 591 598 et
616 542 1460 612 primitivzeillustrisquefamilice
1478 542 1796 596 informator

1929 535 2243 604 virginitatis
2277 537 2528 605 pudicitia
2571 542 2854 608 praditus,
2889 552 3071 600 texere
3111 563 3136 601 a
3171 552 3320 619 prole
3347 569 3509 609 vene-

231 653 392 706 quem
424 637 663 703 psalmus
688 645 744 690 ut
792 635 1038 704 praesenti
1071 635 1323 703 competit
1367 632 1818 702 explauandarum

233 743 414 783 rerum
440 729 764 782 adminiculo
777 730 1198 796 septuagesimus
1217 729 1472 796 septimus
1494 742 1680 795 panem
1698 727 1818 780 cmli

229 828 284 871 ct
315 834 504 886 panem
539 822 848 889 angelorum
886 821 1178 889 figuraliter
1225 823 1468 874 vocitans
1512 819 1816 886 expressit,

226 921 435 978 septem
469 926 663 980 panum
697 911 1044 980 fragminibus
1073 913 1250 966 divina
1279 914 1455 979 potius
1488 913 1815 968 benedictio-

228 1015 297 1054 nc
325 1002 691 1057 crescentibus
721 1018 880 1071 quam
928 1004 1196 1056 lurcorum
1236 1004 1369 1056 rictu
1419 1003 1813 1057 comedentinm

228 1094 595 1147 minuentibus
630 1104 856 1163 quatuor
882 1095 1042 1147 millia
1073 1095 1307 1148 virorum
1339 1105 1560 1162 excepta
1590 1096 1810 1149 secundi

221 1198 387 1239 sexus
417 1198 652 1250 caterva,
687 1186 1098 1256 Evangeliorum
1132 1196 1277 1239 tcxlu
1312 1196 1581 1248 narrante,
1619 1185 1814 1256 legitur

225 1279 436 1345 pavisse
463 1289 512 1333 et
540 1279 738 1332 affatim
766 1279 1013 1344 satiasse,
1037 1278 1368 1348 sublatisque
1391 1278 1810 1348 fragmentorum

225 1373 468 1440 reliquiis
495 1380 547 1425 et
579 1372 818 1426 collectis
853 1373 1210 1427 buccellarum
1240 1373 1496 1426 crustulis
1543 1372 1594 1424 in
1641 1371 1808 1425 frusta

217 1461 511 1516 Contractis
534 1473 737 1532 septem
765 1464 956 1517 corbes
981 1464 1062 1518 vel
1090 1467 1290 1517 cistella
1317 1463 1580 1531 stupendo
1604 1464 1810 1517 cunctis

221 1555 530 1620 spectaculo
564 1555 874 1622 replevisse.
917 1552 1132 1608 Necnon
1167 1565 1220 1608 et
1247 1554 1432 1622 legalis
1465 1554 1549 1607 illa
1582 1555 1809 1606 famosa-

218 1659 327 1709 que
352 1643 686 1710 jnbilteorum
730 1643 990 1696 festivitas
1019 1643 1256 1712 septenis
1305 1660 1566 1697 annorum
1603 1642 1806 1696 hebdo-

219 1735 468 1789 madibus
521 1735 762 1789 decursis
810 1736 1117 1801 celebrata,
1170 1737 1382 1805 quando
1444 1736 1808 1789 sabbatizinte

217 1842 472 1895 agrorum
521 1827 744 1892 cultura,
777 1837 830 1881 et
861 1828 1192 1882 cessantibus
1214 1827 1555 1880 stibariorum
1608 1836 1808 1880 rastro-

1928 628 2090 680 randa
2131 627 2221 680 Dei
2273 629 2550 695 inchoans,
2595 644 2711 701 post
2762 647 3013 704 nepotum
3058 650 3110 691 et
3155 657 3506 714 pronepotum

1922 719 2228 788 progeniem
2273 722 2535 788 gradatim
2570 725 2818 790 produxit
2844 743 3064 783 avorum
3100 741 3149 784 et
3180 748 3501 798 proavorum

1920 815 2185 883 genimina
2216 817 2573 871 denuntcrans
2605 833 2667 872 ac
2699 834 2793 886 per
2834 832 3018 876 atavos
3049 837 3100 877 et
3132 827 3355 882 tritavos
3387 847 3503 884 rur-

1917 919 2034 959 sum
2064 906 2371 974 singillatim
2403 911 2646 964 ordinem
2671 913 2994 981 genealogis
3023 919 3379 982 recapitulans
3411 925 3505 978 de-

1918 997 2089 1051 cursis
2142 1001 2476 1068 septuaginta
2520 1015 2726 1070 septem
2776 1010 3180 1074 generationum
3232 1012 3502 1070 laterculis

1917 1087 2342 1155 protOpIaustum
2388 1093 2672 1145 terminum
2707 1097 2878 1161 posuit
2913 1113 2926 1148 :
2962 1099 3102 1163 quod
3145 1116 3290 1154 sacra
3325 1105 3500 1160 Gene-

1914 1191 2041 1232 seos
2070 1179 2384 1233 auctoritate
2417 1182 2707 1252 antiquitus
2754 1189 3202 1257 prmligurahatur
3247 1192 3498 1250 bistnrica

1915 1271 2175 1326 relatione
2203 1273 2447 1328 dicente:
2483 1275 2690 1342 Septies
2724 1278 3078 1334 vindicabitur
3123 1283 3190 1337 de
3228 1282 3383 1348 Cain,
3429 1287 3497 1341 de

1915 1364 2146 1420 Lamech
2185 1383 2313 1420 vero
2345 1370 2649 1436 septuagies
2681 1370 2900 1437 septies.
2938 1372 3044 1426 llas
3070 1375 3283 1431 ultrices
3315 1394 3500 1447 pmna-

1915 1474 2029 1512 rum
2061 1459 2320 1512 vindictas
2370 1461 2757 1529 intelligibilem
2793 1463 3043 1527 Lamcch,
3097 1466 3144 1518 id
3192 1478 3273 1521 est
3335 1473 3498 1525 totius

1915 1549 2097 1602 mundi
2133 1560 2338 1603 reatum
2371 1554 2653 1617 puuientes
2702 1565 2820 1618 post
2863 1556 3082 1609 totidem
3139 1563 3498 1627 generationis

1913 1640 2146 1693 circulos
2178 1651 2354 1707 optata
2402 1651 2456 1694 et
2506 1644 2823 1711 prtesignata
2871 1647 3082 1700 saeculis
3126 1649 3499 1720 Redemptoris

1913 1731 2079 1783 nostri
2112 1732 2357 1784 nativitas
2403 1735 2534 1786 dira:
2583 1739 2768 1788 mortis
2813 1737 3092 1804 imperium
3133 1755 3498 1807 conquassans

1913 1818 2161 1887 disrupit,
2213 1821 2492 1891 confregit,
2547 1826 2806 1879 exsnnxit
2846 1839 2897 1880 et
2946 1828 2997 1881 in
3047 1830 3265 1884 Tartara
3317 1835 3493 1890 trusit.

217 1935 447 1987 rumque
499 1921 880 1989 pulverulentis
930 1921 1379 1989 quassationibus,
1431 1920 1538 1988 jam
1589 1919 1806 1987 jamque
1839 1891 1880 1951 Β
1914 1911 2071 1976 Qum.
2106 1912 2343 1978 ίησιυθῐην
2373 1912 2608 1967 famosus
2649 1915 2737 1968 me
2768 1931 2936 1983 ηριιοε
2968 1921 3277 1985 Ρθιτίετευίε
3311 1927 3496 1990 Ρτωοί·

216 2013 465 2066 volvente
497 2011 696 2065 mensis
738 2012 948 2078 septimi
983 2014 1205 2078 circulo,
1239 2011 1536 2065 horrisonze
1568 2013 1805 2067 ventosis

217 2102 427 2156 flatibus
458 2101 842 2168 clangebantur
889 2103 1159 2164 buccinae,
1211 2101 1384 2156 futura
1428 2104 1801 2171 mysteriorum

216 2208 409 2246 arcana
444 2209 536 2260 per
563 2194 867 2261 allegoriam
905 2194 1197 2262 figuraliter
1241 2194 1575 2262 portendisse
1619 2194 1802 2248 declao

215 2296 382 2339 ratur.
422 2286 586 2338 Porro
618 2297 958 2340 sacrosancta
994 2286 1323 2342 Pentecostis
1372 2290 1683 2343 solemnitas
1713 2303 1798 2344 re-

214 2376 396 2428 voluta
431 2387 484 2430 et
510 2377 784 2443 reciproca
812 2389 1014 2444 septem
1048 2379 1498 2432 hebdomadarum
1535 2382 1800 2433 vicissitu-

213 2468 342 2523 dine
392 2484 567 2522 nonne
621 2468 992 2536 hujuscemodi
1047 2471 1436 2538 supputationis
1484 2471 1798 2524 laterculnm

213 2563 346 2614 satis
393 2571 759 2626 competenter
790 2560 1066 2629 astipulari
1105 2561 1433 2628 dignoscitur
1461 2561 1672 2630 quando
1703 2561 1800 2614 Pa-

215 2651 444 2706 racletus
467 2668 534 2706 ex
567 2668 775 2707 summa
801 2654 1060 2708 caelorum
1084 2669 1204 2708 arce
1229 2664 1346 2722 post
1376 2655 1560 2708 decem
1587 2655 1795 2708 dierum

212 2742 456 2797 inducias
487 2745 783 2797 destinatus
813 2743 931 2812 jure
964 2746 1152 2812 pignus
1185 2746 1463 2813 promissa:
1516 2746 1798 2800 haeredita-

214 2835 282 2886 tis
314 2843 532 2886 vocatus
563 2835 924 2902 apostolomm
962 2835 1256 2903 praecordia
1291 2850 1644 2905 supernorum
1670 2838 1800 2890 cha-

215 2931 496 2983 rismatum
546 2930 712 2998 gratia
757 2928 1046 2982 fecundans
1097 2929 1401 2984 defusarum
1463 2931 1796 2998 septuaginta

215 3021 511 3087 linguarum
537 3021 746 3090 loquela
774 3022 1011 3086 dictavit,
1038 3037 1171 3091 quas
1200 3023 1379 3077 decies
1404 3032 1621 3090 septena
1647 3022 1798 3077 belli-

211 3113 322 3165 cosi
358 3111 720 3175 Hierolioal,id
763 3121 847 3166 est
872 3113 1140 3168 Gedeonis
1173 3115 1453 3184 progenies
1494 3129 1522 3166 a
1567 3113 1796 3169 nefando

213 3201 522 3256 Abimelcch
552 3203 831 3274 tyrannide
861 3205 1033 3271 potius
1072 3220 1228 3273 qnam
1271 3205 1505 3273 legitima
1540 3206 1793 3274 regnandi
1826 3236 1870 3300 Ο

210 3293 521 3346 monarchia
566 3293 825 3357 subnixo,
876 3303 928 3348 et
973 3294 1384 3364 consanguineae
1433 3295 1797 3364 germanitatis

209 3381 326 3449 jura
357 3389 412 3434 et
441 3382 643 3436 devotae
687 3382 1030 3437 fraternitatis
1073 3385 1280 3438 vincula
1330 3384 1654 3456 lymphatico
1696 3387 1795 3442 ritu

213 3482 518 3542 rumpente,
546 3473 597 3527 in
617 3473 815 3528 vertice
845 3474 1185 3543 scapularum
1213 3475 1451 3530 horribili
1481 3485 1534 3530 et
1563 3475 1797 3530 inaudita

211 3567 571 3622 anterioribus
594 3569 808 3622 saeculis
837 3578 1013 3636 strage
1037 3571 1324 3625 crudeliter
1354 3572 1631 3628 interfecta
1662 3588 1797 3640 prte-

212 3659 468 3728 llgurasse
498 3658 856 3712 monstratur?
879 3659 974 3713 Cui
1002 3671 1217 3729 propter
1239 3660 1350 3714 dira
1386 3662 1793 3729 parricidiorum

213 3752 419 3819 piacula
441 3759 497 3805 et
534 3751 884 3806 abominanda
907 3754 1197 3808 facinorum
1224 3754 1439 3824 flagitia,
1462 3771 1792 3825 nequaquam

211 3839 412 3896 frustra
475 3843 772 3897 senticosus
826 3842 1168 3897 rhamnorum
1227 3845 1472 3898 surculus
1521 3845 1620 3899 sub
1671 3855 1795 3914 typo

210 3935 542 4006 spurcissimi
571 3946 623 3991 et
649 3937 860 3991 scelesti
893 3937 1204 3992 Antichristi
1235 3939 1302 3992 ab
1333 3938 1544 3994 Jotltam
1579 3950 1794 4007 sumpto

212 4028 610 4098 paradeigmate
638 4027 1049 4092 assitnilabitur,
1081 4031 1153 4082 uti
1187 4029 1467 4085 florulenta
1497 4031 1791 4086 caricarunt

213 4119 438 4174 ficulnea
486 4119 747 4187 simulque
798 4119 1124 4187 pampinosa:
1180 4120 1303 4175 vitis
1361 4121 1606 4189 palmites
1670 4138 1790 4176 cum

211 4210 570 4278 glaucimante
600 4210 798 4262 oliveto
839 4211 999 4278 spreti
1032 4221 1237 4280 sceptra
1271 4211 1474 4278 imperii
1520 4214 1794 4281 suscipere

213 4312 505 4355 tenuerunt
537 4302 677 4370 quod
726 4302 884 4355 etiam
922 4303 1250 4357 obumbratae
1303 4304 1432 4372 legis
1480 4305 1794 4373 antiquitate

211 4393 578 4458 subductaque
609 4392 791 4458 putida
839 4392 1102 4459 pecudum
1149 4404 1269 4448 evta
1319 4395 1593 4463 olidasque
1645 4396 1794 4451 holo-

213 4490 598 4534 caustomatum
633 4479 794 4534 ﬁbras
833 4483 1062 4537 inflexit.
1106 4483 1170 4536 Et
1216 4484 1366 4538 radio
1407 4487 1554 4541 rudis
1603 4487 1790 4542 Testa-

1911 2002 1996 2065 pui
2029 2014 2274 2054 remeans
2301 2003 2368 2054 ab
2393 2004 2655 2056 avunculo
2685 2005 2750 2058 de
2777 2007 3154 2074 Mesopotamia
3179 2011 3350 2081 Syria:
3371 2030 3492 2070 cum

1906 2090 1986 2143 bis
2017 2106 2143 2144 sena
2175 2094 2457 2162 pignorum
2493 2097 2739 2163 prosapia
2769 2097 2877 2163 jam
2911 2099 2992 2151 bis
3021 2101 3250 2156 decurso
3284 2107 3488 2160 bilustri

1907 2181 2159 2246 temporis
2191 2183 2502 2247 intervallo;
2532 2184 2620 2253 qui
2654 2196 2770 2252 post
2808 2191 3065 2255 angelica:
3092 2194 3491 2253 colluctationis

1906 2272 2208 2338 pziltestram
2235 2271 2534 2328 Israelitica:
2566 2277 2748 2344 stirpis
2775 2281 3090 2334 vocabulum
3115 2285 3338 2354 adeptus
3367 2291 3491 2342 est?

1905 2360 2092 2414 Nonne
2122 2377 2241 2415 cum
2273 2365 2674 2434 quadringentis
2707 2382 3041 2426 catervarum
3089 2375 3346 2432 milibbus
3393 2395 3486 2434 oc-

1907 2462 2157 2506 corrcnte
2191 2453 2472 2508 furibunda
2500 2457 2678 2511 fratris
2703 2463 2914 2514 vesania
2939 2475 2990 2516 et
3021 2465 3181 2518 totius
3212 2473 3490 2536 germani-

1905 2542 2168 2610 tatisjura
2209 2546 2595 2612 propemodum
2627 2550 2978 2618 calcitrante,
3024 2557 3088 2609 ad
3133 2561 3486 2630 mitigandum

1903 2634 2092 2688 hirsuti
2138 2640 2334 2692 rabula:
2384 2656 2659 2697 rancorem
2707 2655 2761 2699 et
2811 2653 3012 2717 antiqui
3059 2654 3236 2708 livoris
3284 2660 3486 2716 rabiem

1899 2728 2098 2793 septies
2132 2732 2334 2784 iteratis
2367 2736 2416 2785 itt
2457 2739 2828 2792 curvationum
2877 2743 3078 2797 vicibus
3126 2749 3374 2802 cernulus
3407 2754 3488 2804 in-

1901 2819 2220 2874 clinabatur.
2280 2822 2396 2877 Non
2453 2827 2594 2879 enim
2650 2833 2987 2899 septenarius
3045 2839 3482 2905 supputationum

1901 2910 2142 2965 calculus
2172 2914 2361 2983 simpla
2393 2925 2592 2973 tantum
2642 2922 2722 2975 vel
2769 2927 2973 2992 septula
3021 2929 3341 2987 decursione
3384 2936 3480 2990 sed

1903 3004 2061 3056 etiam
2105 3003 2328 3073 decupla
2379 3012 2832 3079 recapitulationis
2863 3017 3004 3072 serie
3033 3023 3312 3090 mysticam
3348 3041 3476 3094 por-

1900 3091 2120 3148 tendere
2162 3096 2470 3164 allegoriam
2503 3101 2767 3158 catholica
2799 3105 3012 3161 Patrum
3043 3112 3255 3167 decreta
3286 3091 3482 3172 sanxe-

1901 3193 2042 3237 runt.
2091 3185 2551 3252 Quemadmodum
2609 3191 2829 3250 illustris
2872 3198 2952 3251 vir
3001 3202 3385 3262 desideriorum
3417 3212 3485 3265 ab

1903 3273 2019 3342 ipso
2049 3278 2296 3333 tirocinio
2322 3282 2766 3352 rudimentorum,
2800 3288 2919 3343 licet
2951 3291 3001 3345 itt
3035 3295 3211 3349 medio
3243 3299 3483 3356 barbaras

1900 3366 2070 3432 gentis
2092 3368 2286 3424 divinis
2315 3373 2546 3429 cultibus
2577 3380 2911 3449 mancipatus
2935 3395 2987 3438 et
3009 3386 3260 3444 Gabriele
3287 3406 3480 3448 arcana

1901 3472 2079 3513 rermu
2102 3464 2322 3518 occultis
2347 3467 2585 3522 clavibus
2615 3483 2910 3538 reserante,
2934 3479 3248 3544 prephetico
3271 3483 3485 3540 afflatus

1897 3919 2037 3986 quod
2071 3932 2152 3974 est
2185 3938 2213 3975 a
2258 3926 2514 3981 vicesimo
2559 3943 2700 3984 anno
2733 3933 3044 3991 Artaxerxis
3099 3941 3246 4006 regni
3297 3941 3481 3996 Persa-

1897 4023 2018 4061 rum
2068 4014 2431 4080 gubernacula
2480 4023 2729 4075 tenentis.
2779 4022 2927 4079 Tunc
2975 4027 3243 4084 existente
3298 4032 3482 4102 Olym-

1897 4098 2051 4165 piade
2094 4106 2453 4172 octuagesima
2485 4121 2670 4177 quarta
2700 4127 2866 4181 usque
2902 4115 2953 4168 in
2985 4130 3180 4172 annum
3211 4098 3478 4177 decimum

1896 4191 2137 4257 quintum
2162 4195 2358 4254 Tiberii
2382 4199 2627 4270 Caesaris,
2646 4222 2751 4276 quo
2767 4209 3064 4278 redemptio
3081 4217 3315 4281 gentium
3342 4233 3480 4283 pra:-

1895 4283 2085 4336 stolata
2126 4286 2406 4346 advenisse
2445 4295 2691 4361 traditur,
2732 4301 2934 4354 solares
2961 4315 3318 4369 supputantur
3351 4311 3478 4365 anni

1895 4389 2184 4444 ccccuxv,
2207 4382 2255 4436 id
2273 4393 2353 4438 est
2368 4384 2768 4453 juxtalunarem
2793 4392 3141 4451 Hebraeorum
3161 4401 3478 4456 calculatin-

1898 4482 2018 4521 nem
2036 4468 2186 4540 [Ραν.
2214 4491 2313 4528 om.
2338 4485 3146 4558 cccccxxv....calculationem]
3171 4507 3368 4547 ccccxo
3393 4495 3478 4549 ad-

213 4573 378 4625 meoti
411 4581 724 4625 coruscante
754 4571 1080 4643 Redemptor
1102 4585 1285 4630 noster
1306 4577 1512 4632 caelesti
1551 4576 1788 4634 clavicu-

1904 4561 2051 4628 iectis
2080 4567 2461 4631 quadrantibus
2492 4582 2546 4625 et
2568 4575 3003 4631 etnbolismorum
3030 4580 3392 4650 incrementis,
3417 4597 3477 4641 ut

213 4663 367 4725 lario,
396 4661 462 4715 de
483 4675 589 4726 quo
615 4673 764 4729 poeta
805 4681 817 4714 :

368 4769 589 4830 Clariger
614 4771 845 4820 atherius
868 4781 1052 4834 portam
1074 4769 1156 4836 qui
1182 4775 1344 4836 pandit
1367 4777 1414 4824 in
1439 4779 1588 4826 imbrs
1605 4817 1620 4841 ,

213 4854 498 4909 sciscitanti
567 4857 775 4923 quoties
845 4856 1278 4925 delinquentibus
1352 4876 1610 4916 noxarum
1673 4863 1790 4918 vin-

214 4949 328 5001 cula
360 4946 638 5001 enodanda
673 4948 865 5011 forent,
911 4951 1189 5016 respondit
1239 4965 1341 5005 non
1398 4953 1570 5007 solum
1627 4969 1790 5025 usque

215 5039 413 5106 septies
441 5038 532 5092 sed
561 5053 727 5106 usque
757 5041 1056 5108 septuagies
1083 5040 1304 5109 septies,
1340 5041 1390 5095 id
1423 5051 1503 5097 est
1523 5045 1794 5114 quinqua-

215 5131 326 5198 gies
357 5131 552 5182 novcni
585 5140 636 5184 et
663 5132 943 5200 quinquies
969 5132 1178 5198 octoni,
1211 5148 1331 5200 qua
1359 5134 1516 5187 simul
1551 5137 1601 5188 in
1633 5152 1792 5190 unam

220 5221 429 5275 redacta
461 5235 723 5274 summam
763 5223 1131 5291 quadringenti
1184 5234 1235 5279 et
1285 5227 1568 5295 nonaginta
1613 5230 1792 5284 calcu-

222 5311 414 5365 lantur.
474 5311 735 5366 Undecies
783 5329 994 5383 quoque
1054 5318 1373 5383 septenarite
1438 5323 1795 5388 generationis

223 5413 454 5468 prepago
479 5401 544 5454 ab
573 5410 690 5454 ortu
724 5405 991 5456 nascentis
1019 5406 1200 5458 mundi
1233 5417 1577 5462 concatenata
1613 5410 1794 5466 fecon-

220 5490 396 5543 ditatis
426 5492 568 5546 serie
596 5493 910 5561 decurrens,
943 5508 1222 5566 postquam
1264 5501 1594 5567 originaliter
1628 5515 1794 5561 maleo

222 5581 310 5634 rite
336 5579 580 5637 informis
611 5583 861 5638 formatas
889 5587 1099 5655 species
1123 5605 1216 5656 per
1234 5591 1564 5646 evolventem
1585 5595 1790 5650 dierum

224 5670 625 5724 alternationem
666 5676 870 5741 accepit
909 5691 1076 5745 usque
1124 5679 1190 5732 ad
1235 5680 1468 5737 cmicStis
1523 5687 1792 5753 puerperii

227 5763 518 5815 ven'rantla
560 5765 840 5827 cunabula,
870 5766 989 5821 huic
1038 5774 1292 5840 mysterio
1321 5774 1650 5830 concordare
1695 5791 1792 5830 co-

223 5852 492 5916 gnoscitur
527 5873 534 5906 :
569 5871 727 5924 quam
760 5858 1132 5918 Antiochensis
1183 5864 1420 5920 medicus
1473 5867 1792 5936 incorruptae

1894 4660 2064 4714 Julius
2090 4662 2366 4716 Africanus
2402 4674 2702 4734 temporum
2751 4670 2978 4735 scriptor
3007 4675 3294 4740 digessisse
3325 4693 3478 4731 mnu-

1894 4762 2112 4808 stratur.
2142 4755 2398 4824 Syrorum
2422 4773 2632 4828 quoque
2653 4761 2917 4831 princeps,
2942 4779 3099 4832 quem
3121 4766 3286 4822 lurida
3316 4769 3477 4837 lepra:

1896 4845 2150 4911 spurcitia
2185 4849 2516 4902 membratim
2551 4852 2724 4917 potius
2772 4868 2930 4920 quam
2963 4856 3321 4922 particulatim
3361 4862 3478 4914 ele-

1899 4937 2153 5004 phantino
2173 4940 2294 4993 tabo
2316 4951 2648 5005 contexerat.
2673 4960 2850 5000 nonne
2879 4950 3269 5016 peregrinantis
3295 4967 3478 5006 verna~

1897 5030 2028 5082 culte
2054 5031 2394 5087 incitamento
2424 5035 2830 5092 celeberrimum
2857 5055 3136 5107 aggressus
3161 5043 3475 5111 prophetam

1896 5121 2127 5186 septenis
2145 5122 2347 5176 vicibus
2366 5126 2673 5179 horrentem
2697 5131 2934 5198 corporis
2949 5143 3204 5187 staturam
3224 5134 3479 5191 Jordauis

1898 5211 2050 5265 alveo
2101 5213 2318 5266 acclinis
2359 5223 2414 5268 et
2463 5229 2690 5272 cernuus
2741 5220 3046 5287 incurvans,
3105 5231 3478 5292 regenerautis

1896 5303 2078 5371 gratiae
2110 5302 2329 5359 formam
2359 5315 2413 5361 et
2447 5311 2694 5364 secundae
2720 5315 3012 5370 nativitatis
3043 5321 3477 5386 praerogativam.

1897 5410 2013 5462 qua:
2041 5411 2102 5448 ex
2152 5406 2301 5450 utero
2349 5408 2549 5455 sancte
2603 5401 2859 5458 Ecclesiae
2911 5405 3151 5460 fecundis
3183 5412 3481 5468 visceribus

1898 5498 1992 5552 per
2023 5486 2322 5551 baptismati
2350 5501 2742 5547 sacramentum
2775 5495 3021 5549 fidelibus
3049 5499 3326 5554 confertur
3365 5518 3478 5554 rna-

1899 5577 2243 5632 nifestissime
2265 5579 2576 5636 declaravit.
2606 5581 2765 5652 Igitur
2788 5586 3155 5653 septiformem
3182 5606 3339 5659 supra
3363 5608 3478 5648 me-

1900 5677 2118 5722 morata:
2146 5671 2534 5738 supputationis
2564 5675 2850 5738 calculum,
2883 5679 2972 5746 qui
3003 5681 3242 5749 mysticis
3289 5697 3477 5737 sacro-

1901 5777 2016 5814 rum
2071 5776 2334 5817 canonurn
2389 5765 2608 5819 floribus
2658 5766 2957 5838 depingitur
3015 5771 3169 5843 [Μαί
3219 5791 3321 5827 om.
3383 5779 3475 5844 qui

1902 5862 2156 5921 myst.....
2190 5854 2456 5924 deplng.1,
2493 5871 2667 5912 nonnc
2707 5869 2886 5916 sextus
2938 5861 3284 5930 lleptateuchi
3335 5868 3475 5922 volu-
