4214 6528
771 405 864 458 167

1577 393 1633 448 8.
1678 388 2028 448 Αιῐιιιιῖωιι
2066 385 2345 442 OPERU.“
2388 381 2562 439 PARS
2605 382 2665 436 Il.
2706 410 2772 422 --
2812 376 3242 436 Tit-\CTATL'S.

3953 373 4047 429 ἘΞ

763 521 922 575 minis
954 522 1128 568 textus
1157 507 1512 567 celeberrimo
1539 507 1929 571 triumphorum
1960 501 2266 569 spectaculo
2297 510 2347 552 et
2378 501 2424 559 Α
2455 496 2698 560 metrica,
2732 496 2960 561 musica,
2994 493 3336 558 astronomia,
3371 490 3679 554 astrologia,
3708 491 4046 555 mechanira,

768 609 1059 676 inexpertis
1099 620 1265 674 usque
1312 602 1377 654 ad
1427 601 1477 654 id
1523 609 1733 666 tempus
1784 611 1961 650 rerum
2016 593 2352 648 successibus

768 701 1041 756 declarat?
1069 697 1290 762 Quando
1337 710 1504 763 genus
1536 696 1764 746 electum
1797 699 1850 742 et
1893 689 2069 756 regale
2101 686 2352 740 sacerdo-

771 797 898 848 tium
930 793 1261 861 populusque
1290 784 1657 852 acquisitionis
1688 791 1873 848 utpote
1919 783 2084 847 stirpe
2126 778 2351 845 patriar-

771 888 989 939 charum
1023 881 1331 950 progenitus
1352 895 1470 933 cum
1497 879 1694 944 ingenti
1724 885 2058 928 catervarum
2091 873 2353 940 phalange

771 979 985 1030 celebre
1014 974 1359 1042 municipium
1399 980 1452 1023 et
1492 971 1700 1037 superis
1732 970 1959 1021 invisum
2009 962 2356 1018 hebdomadas

775 1070 932 1121 unius
965 1067 1231 1120 curriculo
1261 1067 1542 1117 lustratum
1573 1059 1888 1115 sonantibus
1933 1066 2135 1125 septem
2181 1070 2359 1110 sacer-

771 1162 956 1214 dotum
983 1158 1288 1226 salpicibus,
1319 1155 1369 1208 id
1393 1165 1476 1207 est
1501 1163 1704 1221 septem
1733 1151 1986 1212 buccinis,
2014 1147 2357 1201 Jubilzeorum

774 1255 991 1309 concise
1035 1252 1284 1319 clangore
1317 1263 1411 1316 per
1439 1246 1660 1300 classica
1707 1241 2094 1311 crepitantibus
2124 1240 2241 1294 solo
2283 1248 2360 1291 te-

777 1361 880 1401 nus
908 1346 1140 1397 tliruttnn
1168 1340 1403 1393 funditus
1425 1337 1633 1392 evertit.
1667 1335 1796 1402 Qua:
1824 1350 2002 1387 rerum
2033 1334 2195 1401 figura
2224 1331 2359 1383 futu-

764 1451 981 1497 rarum,
1009 1433 1158 1502 juxta
1201 1444 1472 1500 anagogen
1522 1427 1753 1497 peractis
1795 1436 1998 1493 septem
2042 1423 2359 1476 SJ‘CIIIUI‘UD]

779 1524 1163 1586 voluminibus,
1192 1520 1521 1573 horrendum
1559 1518 1748 1570 ruituri
1781 1516 1959 1568 mundi
1995 1513 2280 1566 terminum
2310 1519 2364 1564 et

778 1619 1023 1673 ultimam
1066 1616 1266 1682 fugacis
1312 1614 1434 1665 vitm
1477 1609 1766 1663 clausulam
1817 1607 2140 1676 portendere
2189 1606 2362 1658 mani-

777 1705 1023 1760 festatnr.
1073 1705 1400 1756 Ornamenta
1450 1701 1650 1767 quippe
1697 1699 2016 1751 universalis
2068 1696 2364 1759 Ecclesia),

773 1798 924 1866 juxta
955 1797 1169 1849 decreta
1199 1805 1466 1858 veterum,
1493 1791 1730 1859 septenis
1758 1805 2032 1843 Sacrorum
2066 1789 2364 1842 officiorum

2459 590 2738 642 medicina.
2783 587 2886 642 Sed
2940 587 3304 641 anniversaria
3353 593 3653 649 temporum
3709 583 4045 643 vicissitudxa,

2459 695 2614 748 quam
2650 680 2926 732 l‘sahuista
2975 693 3228 732 coronam
3259 676 3600 740 benignitatis
3647 674 3941 729 introducit
3976 676 4048 726 oi-

2457 773 2596 823 vinte
2629 771 3016 824 benedictionis
3052 771 3296 823 ubertate
3329 770 3730 834 locupletatam,
3757 785 3940 820 nonne
3979 769 4051 819 lii-

2459 864 2541 918 nis
2573 873 2625 916 et
2654 865 2936 930 quinquies
2986 861 3137 916 denis
3181 861 3634 915 hebdomadarum
3676 860 4052 911 voluminibus

2459 964 2513 1008 ct
2557 953 2833 1020 reciproco
2879 955 3197 1006 circulorum
3241 954 3504 1021 vertigine
3544 953 3742 1021 jugiter
3797 953 4051 1003 rt'latur?

2463 1046 2571 1098 Nec
2646 1045 2756 1112 ipsa
2817 1060 3046 1113 superna
3097 1045 3442 1113 cwlestisqne
3499 1054 3743 1098 creatura
3798 1043 4048 1110 hujusce-

2464 1139 2622 1191 modo
2685 1140 3080 1205 supputattouis
3141 1138 3394 1191 laterculo
3458 1150 3648 1188 carere
3710 1136 4052 1200 cognoscitur

2464 1232 2588 1285 dum
2619 1244 2875 1299 corporea
2904 1229 3124 1282 visibilis
3155 1228 3338 1281 mundi
3383 1224 3588 1280 factura
3619 1227 3859 1293 septenis
3889 1227 4052 1279 ςωιυ-

2465 1339 2582 1378 rum
2634 1322 2851 1377 orbibus
2900 1321 3100 1389 pernici
3160 1321 3386 1372 volentis
3434 1320 3658 1387 sphaera:
3718 1320 3918 1384 impetu
3967 1334 4052 1383 per

2467 1432 2707 1486 praeceps
2761 1416 3102 1482 vergentibus
3149 1414 3272 1467 licet
3325 1413 3656 1481 planetarum
3721 1412 4053 1480 retrogradis

2465 1511 2712 1564 corsibus
2746 1510 2965 1564 tricenis
3014 1509 3144 1581 [Mai
3176 1505 3456 1574 triremuri
3505 1505 3910 1559 circnmvallata
3945 1505 4055 1556 ciu-

2469 1603 2625 1671 gitur.
2669 1601 2837 1655 Porro
2867 1602 3066 1655 lunaris
3098 1602 3239 1669 globi
3271 1600 3589 1663 rotunditas,
3622 1616 3740 1667 que
3770 1597 3854 1651 bis
3880 1597 4056 1650 sexies

2472 1696 2756 1748 menstruis
2779 1701 3168 1746 momentorum
3188 1693 3612 1759 suppletionibus
3638 1707 3730 1759 per
3758 1701 3842 1743 ter
3866 1692 4054 1758 quinas

2471 1790 2679 1841 dierum
2711 1788 3075 1842 revolutiones
3105 1801 3270 1853 usque
3299 1785 3364 1838 ad
3394 1787 3685 1851 perfectum
3719 1785 3893 1852 plena:
3923 1788 4056 1836 luna:

782 1890 1036 1958 gradibus
1079 1889 1441 1947 eontinentur,
1469 1900 1585 1952 qua:
1614 1901 1642 1934 a
1689 1885 1861 1950 primo
1903 1889 2359 1933 sacramentorum
2397 1870 2442 1927 B
2470 1880 2732 1934 circulum
2767 1881 2994 1943 crescit,
3029 1877 3363 1946 totidemque
3417 1877 3622 1930 derum
3675 1876 4057 1929 alternationes

779 1981 969 2034 ordine
999 1978 1310 2032 nominatim
1341 1973 1590 2027 distincta
1622 1988 1718 2041 per
1749 1972 2048 2026 exorcisms
2088 1979 2143 2024 et
2183 1969 2364 2037 acoly-

779 2073 900 2126 thos
929 2073 1258 2123 incrementa
1285 2068 1541 2119 virtutum
1569 2065 1785 2132 capiunt
1809 2071 1863 2116 et
1888 2076 2057 2128 usque
2079 2060 2144 2114 ad
2171 2059 2366 2113 summi

783 2162 1124 2232 pontificatus
1165 2159 1520 2228 gubernacula
1563 2171 1624 2208 ac
1671 2155 1978 2222 sp-rituales
2027 2153 2366 2205 sacerdotum

790 2256 990 2309 infulas
1015 2254 1337 2322 pedetentim
1361 2251 1683 2316 perungunt.
1707 2248 1904 2300 Idcirco
1921 2243 2363 2310 Praxapostolon,

781 2346 883 2400 hoc
910 2356 991 2399 est
1019 2347 1182 2396 Actus
1212 2341 1576 2408 apostolorum
1611 2338 1831 2390 totidem
1863 2337 2005 2388 viros
2053 2335 2366 2387 diaconatus

781 2429 960 2490 ofiicio
995 2436 1201 2488 functos
1231 2433 1483 2486 Ecclesia:
1514 2430 1796 2499 primitivze
1822 2428 2223 2495 dispensatores
2247 2442 2369 2494 βινο-

782 2531 891 2586 bat.
919 2529 992 2583 De
1008 2529 1199 2597 quibus
1223 2530 1435 2590 Arator,
1459 2525 1664 2592 poetica
1687 2521 1928 2576 facundia
1955 2521 2144 2584 fretus,
2170 2523 2364 2574 refert:

1087 2643 1201 2690 Jura
1228 2642 1483 2689 ministerii
1509 2640 1661 2686 sacris
1685 2636 1915 2684 altaribus
1937 2636 2037 2696 apti

1091 2705 1144 2753 In
1169 2713 1360 2766 septem
1380 2711 1600 2752 statuere
1628 2713 1756 2748 viris.

851 2809 978 2874 Sed,
1010 2823 1106 2878 pro
1135 2806 1320 2862 dolor!
1364 2804 1544 2858 statim
1595 2803 1647 2856 in
1700 2802 1873 2870 primo
1917 2801 2102 2854 limine
2146 2798 2371 2853 novella:

782 2903 1051 2972 religionis
1083 2908 1268 2953 contra
1296 2897 1653 2950 orthodoxam
1703 2894 1823 2946 fidei
1871 2892 2108 2960 regulam
2160 2889 2373 2944 caninis

783 2995 1069 3047 latratuum
1095 2990 1317 3045 rictibus
1347 2987 1623 3042 abcodem
1658 2994 1800 3038 cwtu
1834 2982 2047 3036 nefandi
2089 2979 2366 3035 Nicolaitte

783 3094 1093 3138 nascuntur.
1128 3083 1364 3148 Quorum
1395 3088 1540 3132 recta
1571 3089 1728 3144 quam
1767 3073 2084 3140 perniciosis
2129 3083 2371 3125 errorum

787 3175 1059 3230 radicibus
1103 3168 1440 3240 pullulaverit
1500 3176 1555 3222 et
1595 3181 1754 3230 quam
1779 3162 2059 3217 venenatis
2109 3161 2373 3215 haeretica:

780 3267 1056 3335 pravitatis
1081 3263 1357 3317 frondibus
1392 3257 1735 3324 succreverit,
1761 3255 2110 3326 Apocalypsis
2132 3253 2370 3322 angelica

781 3358 991 3411 ratione
1023 3355 1308 3423 propalans
1339 3350 1612 3421 patefecit.
1645 3348 1796 3415 Quod
1844 3348 2034 3416 quinto
2089 3345 2370 3398 hmretico-

779 3465 898 3504 rum
925 3448 1158 3517 capitulo
1190 3444 1525 3499 manifestans
1553 3443 1756 3510 liquet:
1793 3440 1888 3494 sed
1931 3438 1997 3491 ad
2037 3437 2370 3507 propositum

782 3551 1045 3596 revertar.
1079 3537 1209 3592 Nam
1235 3537 1432 3603 duplex
1465 3543 1519 3588 et
1563 3546 1760 3599 anceps
1804 3530 2014 3583 Nilotici
2063 3537 2372 3596 regnatores

779 3635 1047 3689 somnium
1079 3631 1380 3684 futurorum
1415 3627 1670 3695 praesagia
1706 3622 2028 3691 portendens
2063 3634 2170 3689 quo
2195 3628 2372 3685 septe-

783 3740 882 3780 nas
911 3727 1178 3793 Spicarutn
1210 3720 1472 3791 glumulas
1504 3717 1690 3770 fertilis
1720 3713 1881 3768 culmi
1927 3711 2236 3765 summitate
2261 3722 2372 3760 ma-

783 3817 1103 3872 turiscentes
1132 3828 1256 3867 eum
1285 3812 1504 3866 totidem
1535 3808 1744 3862 hut-uiis
1765 3807 2075 3872 corpuleuta
2121 3800 2372 3854 crassitu-

782 3909 908 3962 dine
952 3904 1206 3973 saginatis
1257 3915 1469 3956 amoena
1533 3899 1770 3966 riparum
1821 3896 1987 3948 vireta
2027 3891 2372 3959 carpentibus

781 3999 1247 4064 contemplabatur
1274 3991 1542 4062 praedictis
1575 4002 1916 4041 numerorum
1944 3983 2223 4058 speciebus
2267 3979 2368 4032 itii-

783 4094 924 4145 nitue
949 4082 1666 4156 refragarideprehenditur.
1709 4079 1888 4131 Altera
1933 4089 2143 4142 quoque
2187 4071 2373 4124 Testa-

783 4186 944 4239 menti
969 4182 1142 4235 tabula
1176 4188 1381 4246 septem
1422 4183 1809 4243 praeceptorum
1841 4181 2022 4223 tenere
2074 4166 2270 4229 scripta
2298 4164 2372 4216 le-

779 4279 1002 4347 gebatur
1032 4283 1086 4324 et
1110 4269 1367 4324 orationis
1413 4265 1703 4320 Βυηιὶιιὶαςε
1745 4261 2058 4315 intercessio
2101 4255 2370 4324 suffraga-

784 4367 886 4419 tiix
912 4374 964 4419 et
996 4359 1293 4431 purulentis
1321 4359 1617 4411 animarum
1657 4354 1927 4409 ulceribus
1976 4349 2262 4405 medicinae
2285 4363 2371 4401 re-

781 4457 1068 4510 fucillatrix
1090 4463 1295 4519 septem
1324 4448 1709 4503 sententiarum
1743 4447 1882 4498 serie
1915 4443 2237 4496 contexitur.
2281 4437 2367 4493 Si-

782 4550 991 4614 quidem
1021 4546 1213 4600 diurna
1243 4553 1297 4598 et
1318 4553 1538 4596 noctura
1588 4539 1839 4592 horarum
1869 4534 2142 4589 intervalla
2174 4533 2368 4601 quibus

782 4641 1144 4693 tndesinenter
1191 4635 1341 4703 quasi
1389 4635 1620 4701 quodam
1676 4631 1983 4697 reipublicae
2036 4625 2264 4694 vectigal
2307 4633 2360 4678 et

783 4731 965 4784 fiscale
1015 4730 1271 4781 tributum
1317 4725 1620 4778 orationum
1649 4722 1821 4777 officia
1871 4719 2251 4789 persolvimus,
2283 4730 2368 4769 se-

782 4832 936 4889 ptena
994 4832 1259 4888 syttaxeos
1327 4813 1724 4883 intercapedine
1789 4813 2032 4866 revoluta
2099 4817 2366 4862 rotantur.

783 4915 936 4970 Unde
992 4927 1113 4965 reor
1175 4909 1628 4977 psalmigrapbum
1685 4916 1861 4959 vatem
1919 4902 2182 4957 cecinisse
2242 4899 2365 4970 (Ps.

779 5023 963 5072 cxvni,
992 5003 1127 5074 164)
1159 5004 1359 5072 Septiea
1393 5004 1445 5054 in
1475 5004 1556 5054 die
1599 4999 1808 5053 laudent
1851 4998 1959 5051 dixi
1991 4997 2100 5050 tibi.
2151 4996 2213 5049 Et
2243 4993 2370 5048 alibi

780 5105 1018 5174 ejusdem
1052 5102 1350 5156 Psalmisne
1395 5109 1739 5152 sacrosancta
1786 5108 2098 5148 sermonum
2145 5092 2365 5146 oracula

785 5199 1020 5267 pra-faue
1065 5195 1426 5264 supputationi
1473 5209 1578 5246 non
1611 5191 1884 5244 dissonam
1921 5187 2196 5255 protulere
2247 5199 2370 5239 sen-

784 5294 1024 5355 tentiam,
1074 5290 1203 5343 dum
1250 5288 1458 5355 eloquia
1493 5287 1703 5339 Domini
1746 5282 1961 5352 eloquia
1991 5292 2138 5340 casta
2193 5292 2370 5333 mera-

782 5384 997 5439 cissiuto
1025 5381 1207 5451 liquidi
1235 5377 1442 5449 argenti
1473 5377 1685 5431 metallo
1713 5374 1851 5444 quod
1895 5389 1989 5442 per
2017 5371 2204 5426 torridi
2233 5371 2368 5439 ignis

781 5474 1149 5530 conflatoritun
1200 5482 1402 5526 remota
1459 5467 1723 5538 squalenti
1775 5466 2071 5519 scoriarum
2123 5462 2367 5531 rubigine

781 5567 991 5635 septnlo
1027 5564 1231 5633 expiari
1263 5562 1592 5630 perhibetur,
1637 5559 1908 5612 simillima
1951 5556 2240 5609 collatione
2279 5568 2370 5606 co-

781 5671 992 5726 aptasse
1018 5667 1330 5710 noscuntur.
1353 5653 1650 5708 Sarculares
1665 5665 1877 5719 quoque
1899 5659 1952 5703 et
1969 5649 2231 5703 forastica:
2252 5644 2366 5714 phi-

785 5748 1126 5814 losOpboruin
1178 5743 1476 5812 disciplima
1508 5742 1732 5795 totidem
1783 5740 2215 5807 supputationum
2247 5751 2363 5804 par-

783 5841 923 5894 tibus
950 5840 1198 5895 calculari
1247 5843 1560 5904 cernuntur,
1591 5833 1925 5890 arithtnetica
1960 5834 2186 5902 scilicet,
2235 5846 2360 5902 geo-

2397 4590 2446 4649 D

2471 1979 2834 2024 marcescente
2894 1969 3240 2038 pulcherrimi
3298 1973 3473 2022 vultus
3533 1969 3699 2023 forma
3751 1969 4052 2027 decrescit.

2472 2064 2706 2131 septenis
2738 2062 3023 2130 figurarum
3075 2062 3357 2128 speciebus
3406 2061 3659 2123 variatur,
3692 2060 3799 2113 hoc
3845 2072 3929 2114 est
3976 2061 4054 2114 bi-

2471 2172 2663 2210 cornca
2711 2165 2764 2210 et
2811 2156 2980 2210 seetili
3023 2169 3086 2207 ac
3125 2153 3343 2221 reliquis
3384 2170 3500 2221 qua:
3543 2153 3914 2217 septifortnem
3967 2167 4028 2205 ec

2471 2248 2647 2301 etesiae
2680 2247 2916 2314 speciem
2945 2246 3229 2312 designare
3271 2253 3478 2312 patrum
3509 2253 3705 2296 statuta
3739 2253 4053 2296 sanxerunt.

2471 2340 2580 2394 Nec
2611 2339 2980 2406 praetereunda
3006 2353 3131 2392 reor
3163 2337 3392 2390 Plciadis
3414 2337 3496 2389 vel
3531 2336 3740 2388 Arcturi
3778 2338 3956 2388 sidera
3993 2336 4058 2388 de

2472 2432 2664 2501 quibus
2695 2431 2871 2483 divina
2897 2429 3111 2482 macula
3143 2443 3236 2495 per
3265 2427 3529 2480 turbinem
3561 2428 3831 2478 horrenda
3859 2426 4057 2477 valetu-

2473 2526 2604 2578 dine
2638 2537 2959 2587 oppressnm
2999 2519 3392 2587 compellabant
3420 2520 3488 2571 ita
3518 2535 3529 2569 :
3557 2515 3802 2582 Nunquid
3831 2516 4058 2582 ctmjun-

2471 2627 2596 2682 gere
2651 2610 2853 2662 valebis
2897 2611 3158 2662 micantes
3211 2609 3394 2660 stellas
3446 2607 3689 2660 Pleiades
3721 2615 3814 2658 aut
3864 2619 4056 2674 gyrum

2472 2705 2683 2759 Arcturi
2709 2704 2967 2770 dissipare
2984 2700 3220 2770 poteris?
3244 2699 3370 2751 Nam
3394 2700 3648 2752 Arcturus
3665 2696 3900 2763 ltiphwis
3934 2711 4056 2762 per-

2476 2795 2614 2849 latus
2662 2794 2934 2847 montibus
2974 2793 3063 2860 qui
3115 2791 3286 2844 Boreo
3336 2789 3668 2857 Aquilonaris
3707 2788 3811 2854 puli
3843 2789 4058 2840 cardine

2475 2888 2706 2940 volvitur
2730 2900 2832 2954 qua
2859 2883 3079 2952 Scythia
3111 2896 3271 2950 regna
3304 2879 3619 2932 horrendam
3664 2875 3898 2930 incolunt
3933 2877 4056 2928 bar-

2475 2976 2675 3030 bariem
2697 2974 2992 3038 septifortni
3017 2971 3246 3024 temonis
3273 2977 3324 3022 et
3349 2969 3566 3036 plaustri
3596 2966 3642 3020 si
3664 2972 3770 3020 iere
3792 2965 4056 3034 signatur,

2475 3070 2671 3136 etquia
2702 3079 2970 3133 nunquam
3002 3078 3291 3117 occasurus
3341 3075 3555 3126 semper
3602 3060 3829 3112 brumali
3877 3058 4056 3112 Circio

2475 3164 2757 3229 c0pulatur
2808 3168 3026 3226 prepter
3067 3156 3391 3209 vicinitatem
3442 3153 3577 3221 axis,
3632 3168 3735 3206 non
3790 3153 4058 3205 immerito

2397 3223 2444 3285 θ
2478 3253 2701 3320 rigidam
2753 3251 2942 3318 prisca:
2993 3248 3126 3316 legis
3172 3246 3536 3300 auSteritatem
3584 3244 3885 3312 allegoricis
3929 3245 4061 3296 auio

2473 3346 2739 3416 gmatibns
2770 3344 3098 3411 prazfignrat.
3164 3339 3300 3405 Quid
3351 3336 3574 3391 referam
3624 3335 3919 3387 Atlantidas
3966 3350 4057 3400 pa-

2475 3436 2773 3506 tronymico
2819 3435 2990 3487 dictas
3039 3430 3300 3485 vocabulo
3339 3443 3470 3497 quas
3509 3426 3814 3481 Graecorum
3848 3424 4056 3478 traditio

2474 3545 2503 3584 a
2538 3531 2786 3598 pluritate
2806 3524 3071 3589 Pleiadas,
3091 3523 3274 3576 Latina
3294 3537 3321 3573 a
3343 3533 3508 3573 verno
3539 3529 3776 3586 tempore
3801 3515 4055 3583 Vergilias

2478 3641 2572 3679 seu
2607 3639 2636 3676 a
2670 3623 2972 3676 merulcnto
3000 3619 3275 3688 palmitum
3311 3631 3522 3670 racemo
3544 3615 3752 3669 hotrum
3786 3628 4056 3681 nuncupa-

2473 3717 2663 3772 verat?
2688 3716 2818 3781 Qnte
2850 3717 2973 3768 dum
2999 3714 3234 3782 obliquis
3265 3713 3525 3764 linearum
3551 3708 3859 3762 infractibus
3887 3724 3918 3760 a
3962 3710 4054 3762 cl;-

2477 3821 2619 3864 mate
2665 3807 2917 3862 orientali
2961 3814 3298 3874 emergentes
3326 3817 3427 3871 qua
3451 3815 3698 3856 croceum
3740 3801 3874 3852 solis
3902 3800 4054 3867 iubar

2475 3912 2716 3958 exortum
2751 3901 2906 3954 terris
2957 3899 3255 3952 infunditur
3308 3904 3502 3949 metam
3544 3892 3726 3946 circuli
3768 3902 4049 3962 peragunt,

2474 3995 2696 4065 pulchre
2726 3991 3040 4046 universalis
3071 3989 3328 4044 Ecclesiae
3359 3987 3712 4053 septenariatn
3762 3986 4052 4037 charisma-

2476 4099 2583 4141 tum
2609 4086 3043 4140 distributionem
3087 4082 3308 4135 totidem
3349 4079 3584 4132 siderum
3609 4078 3848 4130 claritate
3880 4077 4050 4143 ιιι-,ειη-

2475 4187 2686 4248 gurant.
2716 4178 2995 4230 Astrornm
3045 4186 3257 4240 quoque
3281 4173 3418 4224 situs
3449 4185 3565 4238 quze
3615 4169 3784 4236 lingua
3833 4171 4051 4235 Argvo-

2475 4287 2590 4325 rum
2627 4270 2882 4323 dicuntur
2926 4266 3145 4337 Hyadas,
3179 4263 3248 4319 de
3286 4261 3479 4332 quibus
3535 4259 3852 4314 Mantuanus
3909 4270 4050 4312 vates

2473 4363 2668 4430 legitur
2691 4360 2952 4414 cecinisse
2987 4374 3001 4410 :
3290 4379 3299 4402 ς

2598 4456 2874 4510 Arcturum,
2903 4449 3184 4511 pluviasque
3206 4445 3399 4508 Hyades
3422 4443 3743 4505 geminosque
3766 4446 3975 4500 triones,

2475 4568 2528 4613 et
2548 4574 2680 4628 quas
2698 4555 2954 4610 Romulea
2975 4552 3274 4607 Latinitatis
3289 4549 3571 4618 antiquitas
3597 4548 3821 4604 Suculas
3846 4549 4042 4602 rucita-

2478 4660 2572 4718 vit,
2601 4648 2924 4717 septiformis
2949 4660 3069 4699 esse
3100 4654 3424 4698 monStratur
3444 4651 3568 4695 ante
3596 4639 3824 4694 frontem
3851 4641 4043 4693 :etltra-

2476 4747 2541 4800 lis
2584 4744 2716 4798 tauri
2759 4743 2964 4794 locatus
2987 4739 3076 4806 qui
3105 4737 3336 4790 Zodiaco
3361 4735 3564 4788 circulo
3595 4733 3732 4786 inter
3759 4733 4040 4785 duodecim

2475 4842 2624 4910 signa
2654 4837 2978 4892 continetur.
3017 4832 3169 4888 Unde
3200 4829 3559 4883 mathematici
3585 4827 3747 4881 fatum
3783 4827 4041 4880 fortunam

2473 4935 2560 4988 vel
2591 4932 2826 5001 genesim
2850 4940 2941 4983 aut
2969 4939 3217 4996 suprema
3269 4923 3551 4978 Parcarum
3603 4920 3690 4974 fila
3735 4920 3803 4974 de
3855 4920 4040 4988 quibus

2475 5027 2622 5082 Maro
2652 5029 2702 5079 in
2729 5024 2990 5077 Bucolicis
3027 5038 3037 5071 :

2595 5118 2726 5168 Talia
2753 5118 2966 5179 (inquit)
2993 5114 3152 5175 sarcla,
3177 5116 3279 5163 suis
3298 5113 3554 5179 dixerunt,
3569 5112 3752 5159 currite
3780 5110 3893 5158 fusis

2598 5176 2872 5231 Concordes
2895 5179 3052 5228 stabili
3078 5179 3277 5227 fatorum
3304 5179 3502 5224 nomine
3527 5176 3686 5221 Parcae
3703 5209 3719 5233 ,

2473 5279 2532 5319 se
2562 5264 2803 5318 divinare
2846 5271 2901 5316 et
2929 5274 3264 5330 prtenoscere
3304 5270 3461 5326 posse
3509 5254 3793 5309 ridiculosa
3848 5252 4042 5306 stolidi-

2474 5369 2582 5414 tate
2609 5361 2954 5412 arbitrantur.
2986 5355 3201 5409 Necnon
3229 5361 3286 5407 et
3309 5352 3605 5420 plantarum
3633 5349 3818 5414 dispar
3848 5347 4044 5399 volubi-

2474 5452 2594 5506 litas
2639 5466 2757 5520 quae
2806 5448 3135 5516 praecipitem
3185 5445 3307 5500 cmli
3357 5443 3694 5509 vertiginem,
3741 5451 3796 5493 ut
3847 5439 4039 5508 praefati

2471 5559 2674 5608 sumus,
2702 5541 2912 5597 diverso
2934 5541 3192 5594 linearum
3223 5536 3430 5590 tramite
3454 5535 3824 5594 moderantur,
3858 5543 4039 5599 septe-

2473 5641 2556 5691 nis
2582 5636 2853 5689 stcllarnm
2885 5630 3164 5686 curriculis
3196 5628 3316 5682 licet
3363 5625 3612 5693 ina'quali
3658 5639 3922 5676 annorum
3952 5639 4042 5675 co-

2472 5743 2601 5783 rona
2632 5736 2855 5781 rotatur.
2891 5725 2994 5782 Sed
3027 5731 3081 5776 et
3118 5722 3264 5775 furva
3311 5729 3580 5773 nocturnae
3625 5717 3881 5770 ακςίιςιιίς
3933 5717 4044 5770 lati-

2471 5823 2616 5889 bula,
2647 5820 2711 5877 de
2739 5818 2929 5889 quibus
2969 5823 3179 5871 cautum
3209 5820 3311 5869 est.
3353 5808 3533 5864 Posuit
3579 5807 3813 5863 true-5m:
3863 5808 4042 5862 ιαιίινιιο
