4214 6542
241 426 350 481 {69

1210 421 1408 476 LIBER
1450 422 1539 475 DE
1580 420 2015 476 SEPTENARIO
2056 422 2141 474 ΕΤ
2187 422 2271 475 DF.
2313 421 2582 475 METHIS.

3404 430 3505 482 i'i'fl

239 546 350 591 tum
377 553 546 598 suum,
603 548 721 603 qua:
776 542 913 588 tetro
960 532 1165 586 telluris
1216 533 1525 588 umbraculo
1571 544 1816 603 generata
1846 540 1894 598 Α
1925 537 2067 602 poris
2097 535 2441 589 diuturnitate
2482 544 2793 604 torpescant
2839 548 2927 591 aut
2956 538 3107 608 longa
3151 542 3387 599 locorum
3420 546 3500 599 in-

236 630 607 699 perhibentur,
642 636 844 695 septem
874 624 1113 694 partibus
1134 623 1437 695 singillatim
1469 626 1821 693 sequestratis

236 722 585 784 dirimuntur,
621 719 722 771 hoc
751 726 833 771 est
870 715 1179 779 conticinio,
1222 718 1563 783 intempesto,
1608 730 1823 783 crepus-

238 814 391 878 culo,
430 822 536 867 etc.
585 810 880 865 Fidiculam
912 825 1120 879 quoque
1163 810 1415 864 concordi
1448 808 1821 862 modulationis

240 907 523 959 harmonia
548 912 885 957 resonantem
917 911 1119 970 septem
1151 910 1397 955 constare
1425 900 1616 955 ﬁdibus
1637 900 1823 970 rhyth-

234 997 381 1051 mica
409 998 737 1051 musicorum
768 994 947 1063 regula
976 994 1233 1057 declarat,
1262 1001 1320 1045 ut
1342 992 1607 1061 Virgilius,

496 1145 509 1158 .
548 1144 560 1157 .
600 1147 611 1158 .
648 1142 661 1157 .
698 1143 711 1156 .
738 1109 938 1169 Septem
965 1106 1159 1167 (inquit)
1183 1105 1454 1154 discrimina
1482 1118 1664 1165 vocum,

234 1226 449 1285 septem
484 1214 645 1269 simili
680 1210 839 1266 modo
861 1208 1157 1279 Spiritualis
1183 1207 1519 1262 bibliOtbecze
1551 1203 1822 1269 formulas,

237 1318 297 1363 et
332 1309 528 1359 divina:
567 1306 698 1373 legis
739 1302 949 1370 regulas
977 1298 1233 1355 catholica
1285 1312 1666 1368 pragcessarum
1709 1310 1823 1347 mo-

242 1404 498 1449 numenta
556 1395 671 1448 luce
721 1392 947 1448 clariora
994 1392 1375 1446 demonstrant.
1433 1388 1535 1443 Sed
1582 1385 1731 1449 mihi,
1767 1396 1826 1439 ut

281 1494 402 1540 octa
432 1485 499 1539 ait
534 1503 545 1536 :

239 1502 402 1553 poeta
432 1502 499 1539 ait
534 1503 545 1536 :

431 1575 557 1624 Ante
582 1574 710 1622 dem
735 1573 896 1621 clauso
920 1578 1172 1632 componet
1196 1583 1368 1632 vesper
1391 1569 1606 1632 Olympo,

238 1669 297 1711 et
330 1658 453 1711 alibi
487 1675 498 1707 :

428 1749 554 1795 Aule
591 1750 854 1808 pererratis
879 1748 1124 1795 amborum
1150 1748 1320 1793 finibus
1344 1746 1481 1793 essul

426 1810 523 1857 Aut
549 1807 733 1857 Ararim
760 1811 963 1861 l’arlhus
988 1812 1123 1857 bibet
1142 1818 1223 1856 aut
1249 1811 1501 1855 (icrniauia
1527 1807 1729 1867 Tigrim,

428 1915 577 1969 Quam
606 1920 729 1961 totos
754 1916 927 1974 possim
966 1914 1127 1960 locum
1147 1914 1420 1971 decerpere
1444 1914 1609 1965 flores,

428 1978 519 2033 Qui
547 1991 761 2024 numeris
784 1988 971 2035 septem
999 1984 1269 2021 tuonstreut
1292 1975 1517 2033 exempla
1541 1974 1757 2019 sacratis.

234 2077 350 2133 Sed
380 2078 515 2131 forte
556 2079 779 2144 quilibet
827 2076 1172 2144 scrupulosus
1199 2075 1441 2129 clanculo
1471 2074 1648 2128 cordis
1679 2075 1819 2139 engi-

236 2179 350 2225 tatu
382 2170 720 2238 epistularem
779 2182 1124 2239 perscrutans
1170 2170 1515 2223 rusticitatem
1552 2172 1819 2236 perquirat

235 2272 296 2315 et
338 2269 713 2329 perrunctetur
742 2275 837 2313 cur
867 2260 1183 2327 septenarii!)
1225 2258 1615 2327 supputatiouis
1646 2259 1819 2310 calcu-

234 2353 373 2415 lum,
421 2366 577 2419 quem
624 2367 716 2418 per
746 2361 1029 2418 utrumque
1061 2352 1524 2403 Testamenlorum
1556 2364 1813 2401 cauonem

231 2441 695 2509 explanandarum
729 2458 907 2494 rerum
954 2443 1269 2495 necessitate
1293 2450 1509 2495 coactus
1532 2456 1817 2511 coogesse-

231 2556 375 2601 ram,
404 2540 593 2593 iterum
622 2548 779 2607 atque
812 2538 999 2591 iterum
1028 2537 1277 2604 septuplo
1317 2545 1369 2589 et
1412 2537 1656 2601 septuplo
1701 2552 1819 2602 per-

233 2634 390 2699 plexa
427 2634 760 2687 rcwilutione
803 2630 1107 2699 replieetur.
1144 2628 1518 2695 liujuSremodi
1564 2628 1818 2680 sollicitu-

230 2731 365 2783 dir-e
404 2739 673 2798 permotus
702 2730 902 2783 recolat
933 2738 984 2782 et
1010 2728 1402 2791 reminiscatur,
1433 2727 1481 2777 in
1522 2722 1817 2793 primordio

230 2819 486 2889 epistola:
513 2834 668 2888 quam
722 2830 1002 2885 tantopere
1034 2817 1262 2884 exempli
1309 2818 1476 2883 gratia
1521 2816 1815 2882 protelavc-

226 2928 372 2978 ram,
404 2911 525 2965 inde
565 2926 735 2964 tncam
780 2910 1199 2963 mediocritatem
1241 2908 1470 2961 radicem
1502 2907 1693 2959 futura:
1737 2904 1815 2957 lo-

227 3004 498 3068 cutionis,
560 3005 741 3057 oblato
802 3003 959 3071 hujus
1020 3001 1410 3071 supputationis
1475 3008 1811 3069 argumento,

229 3096 550 3166 sumpsisse.
589 3095 737 3150 Unde
780 3095 1117 3164 postmodum
1152 3094 1351 3160 fragilis
1394 3102 1447 3147 et
1486 3090 1699 3161 gracilis
1734 3091 1813 3143 in-

224 3186 371 3257 genii
402 3186 617 3241 frutices
646 3197 699 3241 et
728 3188 1034 3241 nutabunda
1078 3187 1362 3241 verborum
1390 3186 1583 3238 vimina
1621 3184 1813 3253 patulis

224 3278 419 3333 defusa
453 3279 768 3333 ramusculis
799 3287 1199 3333 suecrevernut.
1225 3278 1353 3331 Cum
1395 3278 1555 3346 igitur
1596 3286 1671 3331 tot
1701 3288 1808 3329 tan-

226 3373 407 3439 tisque
435 3381 894 3425 sacramentorum
944 3370 1170 3424 vinculis
1202 3378 1415 3435 tamque
1451 3369 1673 3423 sacratis
1717 3385 1811 3421 nu-

222 3480 500 3519 merorum
535 3465 756 3521 nexiLus
783 3480 873 3533 per
914 3463 1281 3531 septiformem
1323 3461 1550 3529 Spiritus
1588 3462 1810 3529 gratiam

224 3561 465 3612 cbaritas
496 3560 908 3627 constringatur,
942 3557 1009 3610 de
1061 3572 1161 3623 qua
1207 3556 1457 3626 egregius
1502 3556 1815 3622 praedicator

229 3654 322 3720 qui
357 3653 495 3705 tertii
528 3652 647 3705 εωΙί
691 3662 899 3705 secreta
943 3651 1305 3712 scrutabatur,
1337 3648 1590 3702 Romanis
1622 3664 1814 3701 eoat-a-

231 3756 419 3799 tenato
450 3744 724 3798 schemate
750 3745 1008 3804 scribens,
1034 3745 1114 3796 cui
1151 3742 1455 3797 Graecorum
1486 3745 1811 3811 grammatiri

225 3837 421 3889 climax
452 3835 763 3889 vocabulum
816 3834 1143 3897 indiderunt,
1181 3835 1249 3885 ita
1301 3848 1523 3887 exorsus
1555 3847 1671 3887 est:
1714 3834 1812 3885 l’a-

229 3928 410 3978 tientia
453 3938 619 3978 autem
650 3926 1029 3991 probationem;
1062 3925 1293 3992 probatio
1322 3942 1438 3978 vero
1482 3942 1658 3991 spem;
1706 3942 1815 3993 spes

228 4028 408 4070 autem
438 4034 538 4070 non
568 4018 831 4085 confundit
857 4032 874 4071 :
904 4016 1024 4081 quia
1056 4015 1278 4068 Charitas
1306 4015 1405 4068 Dei
1438 4017 1625 4083 (li/fusa
1654 4028 1725 4069 est
1766 4018 1815 4068 in

227 4109 471 4161 cordibus
503 4109 685 4160 nostris
715 4126 803 4176 per
822 4108 1074 4178 Spiritum
1097 4118 1328 4161 satietur}:
1352 4110 1597 4177 quidatus
1621 4120 1691 4161 est
1729 4126 1817 4161 no-

233 4202 349 4263 bis;
373 4215 545 4265 opera:
569 4202 792 4265 pretium
816 4198 1025 4254 videtur
1054 4208 1107 4251 ut
1130 4201 1423 4266 spirirualis
1453 4212 1502 4254 ut
1533 4203 1816 4255 incircum-

234 4295 435 4358 scripta
490 4291 830 4344 ﬂt'CCSSillldl)
870 4292 1073 4345 carnali
1118 4302 1170 4347 et
1217 4296 1487 4362 cart'uptili
1532 4295 1816 4361 parentem

234 4382 557 4450 praeferatur
576 4400 586 4433 :
604 4379 813 4447 quando
829 4382 1042 4449 quidem
1062 4386 1363 4454 evangelica
1385 4394 1599 4437 narrant
1624 4385 1820 4437 iusim.

234 4481 416 4525 menta
442 4472 577 4540 quod
600 4470 813 4543 [Omitte
836 4471 999 4546 quon]
1027 4478 1355 4529 incarnatum
1381 4477 1473 4531 Dei
1498 4476 1721 4531 Verbum
1756 4478 1819 4530 de.

1930 624 2266 692 tercapedine
2317 624 2683 693 refrigescant.
2767 626 2901 681 Vere
2969 631 3110 683 enim
3188 632 3498 704 indisrupta:

1927 717 2199 773 charitatis
2234 718 2501 772 vinculum
2525 734 2619 772 nec
2641 736 2901 774 annorum
2935 725 3322 779 numerositate
3352 743 3493 780 mar.

1926 809 2098 861 ceseit
2154 824 2252 865 nec
2304 810 2543 878 Spatioso
2597 819 2856 866 terrarum
2904 815 3187 867 intervallo
3232 816 3496 873 tabescit:

1926 902 2054 967 quin
2096 902 2267 968 potius
2308 904 2555 970 perfectae
2580 902 2854 957 charitatis
2890 908 3181 974 praecordia
3228 909 3496 963 interdum

1928 990 2045 1058 plus
2093 992 2327 1047 absentia
2373 993 2731 1059 pulsatquam
2784 997 3062 1061 prmseutia
3107 1009 3307 1065 pascat.
3348 999 3500 1054 Sicut

1929 1082 2159 1137 famosus
2182 1084 2468 1151 spiritualis
2492 1085 2751 1151 paltcstraz
2790 1087 3109 1155 agonotheta
3139 1105 3243 1159 qua
3276 1102 3489 1145 certan-

1931 1181 2008 1225 tes
2038 1174 2269 1228 co:lcstis
2297 1174 2483 1241 palma:
2513 1175 2748 1229 hraviam
2776 1178 3073 1245 percepturi
3099 1191 3241 1245 sunt,
3274 1183 3499 1236 affabili-

1930 1272 2011 1318 ιρι·
2054 1265 2262 1319 diccbat
2304 1283 2314 1316 :
2352 1263 2463 1316 Etsi
2518 1280 2729 1333 corpore
2759 1266 2938 1320 absens
2986 1284 3117 1335 sum,
3170 1271 3257 1322 sed
3312 1273 3497 1337 spiritu

1930 1372 2185 1425 prarsens.
2221 1358 2331 1409 Non
2364 1371 2489 1423 ergo
2520 1356 2782 1409 abolenda
2815 1366 2861 1410 et
2901 1360 3047 1426 parvi
3095 1359 3371 1426 pendenda
3416 1372 3503 1416 est.

1931 1446 2044 1498 haec
2074 1444 2279 1498 dextris
2305 1444 2511 1497 firmata
2546 1444 2804 1513 affinitas,
2838 1445 2963 1500 dum
2995 1450 3281 1516 prmdictus
3306 1448 3499 1517 pra‘di-

1929 1550 2075 1593 cator
2103 1540 2200 1593 sibi
2242 1549 2294 1592 et
2324 1539 2581 1593 [iarnabtc
2626 1539 2973 1596 inconcussas
3021 1543 3378 1601 Ecclesiarum
3410 1562 3501 1602 eo-

1930 1632 2158 1695 lumnas,
2193 1630 2291 1683 boc
2331 1640 2409 1684 est
2443 1630 2657 1685 Petrum
2709 1641 2760 1685 et
2813 1631 3066 1686 Jaeohum
3115 1644 3167 1688 et
3213 1636 3493 1702 Joannem,

1930 1723 2147 1775 dextras
2184 1722 2456 1777 dedidisse
2493 1723 2831 1791 tripuiliatido
2863 1725 3078 1778 referat.

2001 1813 2131 1867 licia
2163 1816 2596 1881 prazstantfssime
2626 1827 2675 1869 et
2700 1817 3066 1871 amantissime
3098 1818 3168 1871 fili
3188 1818 3281 1883 ini,
3306 1819 3497 1887 priscae.

1861 1889 2273 1957 “fraternitatis
2323 1920 2527 1957 memor
2576 1904 2960 1958 inextricabilis
3015 1923 3157 1961 γει-,υ
3191 1909 3497 1961 dilectionis

1923 1994 2147 2062 ligatura
2180 2003 2323 2048 tanto
2351 1995 2596 2049 strictius
2632 2004 2685 2049 et
2728 1996 2937 2049 enixius
2970 2012 3065 2064 per
3094 1998 3374 2051 succiduas
3400 2014 3501 2051 5(0-

1920 2086 2163 2138 rulorum
2209 2095 2390 2139 :etalcs
2422 2084 2733 2154 indisruptis
2767 2087 3001 2139 restibus
3049 2106 3065 2135 ι
3102 2089 3363 2156 reliquum
3407 2105 3503 2141 no-

1921 2176 2073 2225 detur
2104 2176 2155 2226 in
2189 2191 2383 2238 atrum,
2427 2192 2445 2225 ι
2490 2184 2689 2242 quanto
2718 2186 2927 2228 constat
2956 2179 3094 2244 quod
3138 2180 3321 2231 iisdem
3373 2196 3503 2233 con-

1920 2274 2179 2317 catenata}
2211 2266 2512 2318 diluetionis
2538 2265 2717 2318 viscus
2765 2281 2920 2319 sacro
2961 2277 3013 2320 et
3051 2268 3347 2335 septiformi
3385 2287 3501 2341 mv-

1920 2356 2206 2406 steriaram
2238 2370 2463 2407 numero
2514 2354 2833 2423 glutinosius
2882 2356 3145 2411 lentescit.
3197 2358 3362 2429 igitur
3402 2362 3497 2414 hae

1920 2444 2323 2511 prarfatiuncula
2382 2446 2743 2499 venerandam
2814 2447 3187 2501 celsitudinem
3264 2461 3498 2505 vestram

1921 2535 2206 2588 aﬁabiliter
2238 2536 2536 2604 alloquens,
2564 2536 2885 2604 aliquantulo
2931 2548 3220 2591 metrorum
3264 2555 3497 2593 manus-

1921 2628 2061 2692 cula,
2096 2628 2403 2681 domestica:
2443 2625 2817 2681 familiaritatis
2870 2628 3060 2681 fiducia
3119 2631 3307 2693 fretus,
3368 2633 3494 2685 sub-

1918 2717 2069 2781 junxi
2106 2717 2401 2784 praesertim
2444 2727 2682 2770 veterum
2727 2719 3045 2771 auctoritate
3093 2732 3406 2786 provocatus
3434 2723 3499 2774 de.

1918 2808 2141 2859 diversis
2181 2824 2359 2861 rerum
2388 2809 2731 2875 qualitatibus
2785 2810 2943 2861 modo
2991 2812 3287 2865 cmlestium
3337 2814 3495 2868 modo

1920 2898 2275 2962 terrestrium,
2323 2896 2788 2969 materiaruij.
2819 2900 2917 2969 leg.
2952 2900 3265 2972 materiam]
3311 2913 3498 2957 nactus

1919 3003 2057 3042 nunc
2083 2988 2337 3058 grandem
2383 3004 2520 3044 nunc
2543 2992 2817 3059 gracilem,
2847 3003 3209 3046 creaturarum
3253 3003 3494 3047 naturam

1918 3078 2266 3134 considerans
2306 3080 2529 3133 strictim
2563 3080 2972 3150 sumtnatimque
2994 3082 3267 3136 defloravi.

1990 3193 2122 3249 Nam
2174 3194 2509 3266 Symposius,
2556 3202 2710 3263 poeta
2751 3194 3049 3260 versificus,
3098 3196 3333 3250 metrica)
3368 3196 3499 3251 artis

1918 3286 2105 3351 peritia
2131 3286 2403 3353 prmditus,
2438 3287 2677 3339 occultas
2704 3287 3045 3355 aenigmatum
3078 3290 3493 3355 propositiones.

1918 3376 2037 3429 exili
2063 3374 2285 3429 materia
2328 3384 2559 3443 sumpta,
2590 3375 2896 3430 ludibundis
2924 3377 3165 3446 apicibus
3194 3378 3389 3447 legitur
3410 3395 3493 3433 ce-

1917 3468 2132 3531 ciuisse,
2162 3477 2213 3520 et
2243 3466 2477 3533 singulas
2531 3481 2769 3535 quasque
2822 3467 3245 3535 propositionum
3296 3472 3492 3523 formu-

1920 3557 2017 3619 las,
2049 3556 2217 3610 tribus
2246 3558 2490 3609 versibus
2522 3559 2861 3610 terminasse.
2908 3556 3014 3610 Sed
3047 3566 3100 3612 et
3156 3558 3495 3619 Aristoteles,

1920 3649 2355 3717 philosophorum
2418 3648 2753 3713 acerrimus,
2820 3651 3067 3717 perplexa
3143 3651 3489 3705 nihilominus

1920 3741 2200 3808 aenigmata
2232 3755 2402 3808 prosze
2432 3740 2721 3793 locutionis
2754 3740 2993 3794 facundia
3028 3742 3187 3795 fultus
3214 3759 3498 3809 argumen-

1922 3842 2078 3883 tatur.
2110 3832 2465 3897 Quamobrcm
2511 3842 2707 3884 nostra:
2748 3831 3149 3886 exert'itationis
3192 3833 3495 3886 sollicitudo

1923 3924 2113 3975 borum
2145 3922 2407 3990 exemplis
2459 3922 2731 3988 iusuncta,
2771 3931 2823 3975 ct
2868 3922 3185 3977 commentis
3216 3923 3280 3977 ad
3311 3925 3497 3978 inven-

1924 4016 2118 4065 tioncm
2142 4014 2431 4079 stimulata,
2460 4014 2636 4068 decies
2667 4015 2850 4079 denas,
2887 4015 2935 4068 id
2961 4025 3064 4081 est,
3099 4026 3351 4069 centenas
3379 4019 3491 4084 qui-

1922 4122 2015 4157 nas
2040 4106 2379 4175 aenigmatum
2423 4108 2816 4174 propositiones
2847 4122 3172 4175 componere
3202 4109 3493 4171 nitebatur,

1922 4206 1970 4245 ct
2005 4196 2145 4247 velut
2185 4194 2239 4248 in
2272 4196 2499 4264 quodam
2532 4196 2829 4265 gymnasio,
2862 4199 3028 4264 prima
3065 4198 3313 4267 ingenioli
3342 4200 3491 4253 rudi-

1924 4293 2099 4336 menta
2127 4286 2422 4340 exercitare
2463 4286 2705 4353 cupiens,
2732 4296 2787 4338 ut
2825 4286 3010 4339 venire
3041 4289 3210 4353 possit
3240 4288 3495 4356 deinceps

1922 4377 1987 4427 ad
2022 4378 2442 4441 praestantiorem
2470 4379 2653 4445 operis
2692 4380 2970 4432 materiam
3002 4396 3017 4433 :
3066 4380 3109 4434 si
3144 4391 3319 4436 tamen
3354 4384 3499 4451 prius

1926 4466 2039 4519 hate
2078 4466 2369 4521 mediocria
2411 4469 2647 4521 metricae
2674 4468 2999 4523 definitionis
3033 4473 3230 4540 regulis
3281 4474 3500 4529 minime

234 4576 347 4630 quo
369 4564 623 4633 scriptum
655 4576 756 4631 est,
792 4565 1051 4620 Eructarit
1080 4584 1165 4620 cor
1193 4585 1360 4620 meum
1384 4569 1566 4621 bonum
1594 4570 1815 4633 verbum,
1854 4604 1903 4662 Β
1927 4558 2194 4612 caruerint
2226 4574 2240 4623 ;
2289 4558 2715 4628 tripartitamque
2755 4560 3080 4629 syllabarum
3138 4563 3495 4620 differentiam

240 4665 295 4707 et
327 4655 463 4722 quod
497 4672 558 4707 ex
587 4666 729 4709 utero
768 4666 885 4708 ante
918 4656 1215 4723 Luciferum
1248 4658 1527 4710 Psaltnista
1562 4660 1699 4711 idern
1730 4674 1816 4712 ce-

240 4745 375 4797 cinit
407 4747 757 4814 progenitum,
789 4745 1035 4801 humana:
1078 4748 1407 4816 cognationis
1454 4750 1820 4817 propinquita-

244 4846 353 4890 tem
376 4844 429 4890 el
458 4838 887 4893 incontaminatm
915 4839 1187 4909 genitricis
1233 4840 1477 4894 affectum
1520 4853 1705 4894 contra
1733 4844 1823 4910 jus

243 4928 515 4995 ritumque
580 4937 784 4983 natura?
828 4931 1224 4999 quodammodo
1287 4932 1675 4988 dissimulasse.
1759 4937 1826 4989 lit

243 5018 496 5085 quamvis
522 5018 767 5072 catholici
788 5017 995 5086 Patres,
1021 5021 1347 5088 spiritualem
1371 5037 1674 5077 sermonum
1710 5040 1821 5078 mc-

244 5107 446 5160 duliam
492 5107 855 5171 enucleantes,
890 5110 1249 5175 latentemque
1280 5111 1332 5166 in
1381 5112 1575 5168 litteris
1605 5129 1823 5171 sensum

246 5207 646 5265 perscrutantes
686 5199 969 5269 allegorice
994 5201 1059 5255 ad
1093 5201 1387 5273 Synagogzc
1414 5213 1595 5274 typum
1622 5210 1826 5262 retule-

251 5297 398 5347 runt.
455 5289 754 5343 nullatenus
804 5299 979 5345 tamen
1027 5304 1382 5348 sacrosanctae
1410 5298 1601 5349 matris
1640 5315 1825 5365 perso-

249 5395 372 5431 nam
400 5378 563 5434 fuisse
617 5381 868 5435 historica
913 5382 1177 5439 relatione
1225 5385 1451 5440 inliciari
1509 5398 1823 5444 noscuntur.

252 5471 377 5523 llaec
399 5472 597 5524 idcirco
626 5472 785 5526 tantis
823 5474 1110 5528 verborum
1143 5478 1460 5547 ambagibus
1482 5478 1828 5550 deprompsi-

253 5576 394 5626 mus,
433 5572 491 5615 ut
524 5564 731 5631 pristini
774 5564 1125 5623 fraternitatis
1153 5569 1378 5625 affectus
1420 5587 1553 5641 quos
1583 5576 1827 5641 prmtcri-

252 5664 425 5707 torum
448 5657 677 5710 evolutis
703 5673 969 5714 annorum
994 5661 1205 5717 circulis
1229 5665 1545 5721 conciliasse
1573 5678 1627 5722 et
1663 5685 1825 5737 copu-

255 5746 392 5800 lasse
432 5746 814 5815 dignoscimur,
871 5753 1077 5805 recenti
1128 5754 1525 5822 quodammodo
1570 5762 1825 5814 memoria

255 5849 637 5908 reeuperentur
664 5853 716 5895 et
750 5844 1096 5907 recalescunt,
1132 5863 1197 5900 ne
1232 5859 1437 5905 rotante.
1470 5853 1657 5921 prolixi
1693 5866 1825 5912 tcm-

616 5935 883 5994 Pnnot..
937 5937 1101 5998 LXX
1121 5938 1196 5999 Xl
1215 5940 1263 5998 \'

1925 4649 2072 4717 juxta
2147 4651 2581 4717 perpendiculum
2640 4653 2931 4707 tcandendi
2993 4655 3094 4710 rite
3149 4661 3497 4714 servaverint.

1932 4740 2169 4810 Denique
2197 4741 2447 4810 prazdicta
2476 4744 2818 4811 aanigtnatum
2849 4747 3079 4813 capitula
3104 4747 3345 4814 primitus
3369 4766 3498 4819 qua-

1934 4830 2099 4883 ternis
2127 4831 2509 4885 versiculorum
2561 4832 2717 4886 lineis
2764 4833 3000 4903 digesta;
3035 4839 3309 4905 sequentia
3353 4855 3502 4904 vero,

1930 4924 2082 4992 juxta
2124 4924 2265 4993 quod
2312 4940 2371 4979 se
2399 4926 2611 4980 occasio
2656 4930 3147 4995 componendarum
3190 4946 3371 4987 rerum
3417 4952 3510 4987 ex-

1937 5014 2127 5081 hibuit,
2161 5016 2336 5083 quinis
2364 5024 2455 5069 aut
2500 5015 2665 5083 senis,
2694 5018 2781 5071 vel
2828 5020 2988 5073 etiam
3022 5023 3255 5087 septenis
3309 5034 3505 5077 taetro-

1933 5121 2047 5159 rum
2080 5108 2321 5161 versibus
2375 5120 2427 5161 et
2474 5123 2539 5163 eo
2583 5110 2812 5177 amplius
2858 5111 3264 5166 carininantur:
3314 5115 3509 5182 quibus

1934 5194 2316 5258 indesinenter,
2348 5197 2644 5251 secundum
2682 5200 2901 5265 poetice
2933 5201 3239 5257 traditionis
3269 5203 3512 5274 discipli-

1935 5301 2079 5349 nam,
2104 5290 2242 5349 cola,
2265 5289 2345 5339 vel
2366 5298 2657 5353 commata,
2684 5304 2778 5342 seu
2812 5294 3235 5355 pentcmimerim
3258 5296 3513 5364 etliepte-

1936 5378 2198 5431 mimerim
2228 5378 2536 5443 adnectere,
2564 5380 2859 5447 progressis
2901 5380 3038 5433 binis
3053 5392 3142 5436 aut
3175 5386 3339 5438 ternis
3363 5388 3513 5453 pedi—

1935 5470 2033 5523 bus
2072 5470 2382 5536 procuravi;
2418 5469 2653 5538 alioquin
2690 5472 2938 5540 dactylici
2990 5474 3282 5529 hexametri
3315 5480 3511 5545 regula:

1934 5562 2163 5629 legitima
2208 5562 2473 5630 :equitatis
2519 5562 2668 5616 lance
2711 5575 2979 5627 carentes,
3028 5566 3249 5621 lubricis
3278 5571 3512 5639 syllaba-

1936 5670 2052 5707 rum
2083 5654 2717 5722 gressibusvacillarent.
2754 5655 2919 5709 Porro
2950 5659 3087 5725 quod
3111 5660 3269 5712 etiam
3288 5674 3429 5713 mnta
3453 5663 3519 5714 in-

1938 5746 2271 5799 sensibilium
2300 5759 2473 5797 rerum
2510 5755 2721 5807 natura,
2754 5746 2820 5800 de
2842 5762 2941 5811 qua
2972 5750 3195 5815 aenigma
3216 5752 3515 5806 clanculum

1939 5847 1991 5890 ei
2024 5839 2193 5890 latens
2233 5835 2522 5904 propositio
2566 5838 2927 5907 componitur,
2964 5841 3110 5902 quasi
3153 5840 3295 5907 loqui
3328 5852 3375 5894 ct
3410 5856 3524 5897 set"

3012 5956 3048 6010 ὓ
