4214 6532
734 482 828 535 ﬁl
1555 470 1590 521 S

732 592 990 651 moeinari
1011 588 1253 658 ﬁngitur:
1276 585 1378 639 hoc
1404 592 1455 636 et
1482 582 1533 633 in
1555 578 1721 634 sacris
1739 577 2033 631 litterarum
2066 573 2314 641 apicibus
2345 574 2391 631 Α

735 691 1002 743 insertum
1054 682 1247 750 legitur
1292 697 1303 730 :
1362 674 1484 743 quia
1548 685 1931 739 nonnunquam
1976 665 2314 722 rationabilis

737 788 984 834 creatura
1011 768 1455 829 irrationabilium
1476 773 1626 833 gestu
1650 772 1704 817 et
1728 761 1969 832 personis
1992 759 2173 821 utitur,
2206 767 2260 812 et
2285 771 2316 811 e

738 868 1014 926 contrario
1046 859 1424 919 irrationabilis
1454 870 1650 911 sensus
1682 854 1964 906 vivacitate
2016 863 2207 903 carens
2237 849 2317 902 in-

743 959 1122 1017 tellectualium
1148 963 1301 1023 gestu
1332 959 1385 1004 et
1408 962 1543 1002 voce
1558 946 1819 1014 fungitur.
1848 938 2317 1010 Quemadmodum

752 1056 804 1107 in
829 1053 965 1106 libro
1005 1046 1246 1102 Iudicum
1280 1042 1489 1096 diversa
1520 1040 1781 1107 lignorum
1816 1046 2012 1103 genera
2040 1030 2229 1085 articnl
2250 1040 2318 1082 ita

746 1139 978 1195 hominis
1017 1149 1147 1189 voce
1183 1130 1450 1202 loquentia
1492 1124 1839 1180 monarehum
1881 1121 2155 1190 qumsnsse
2186 1117 2323 1172 refe-

748 1239 938 1287 runtur
974 1247 985 1281 :
1022 1226 1226 1288 lerunt,
1261 1220 1452 1289 inquit,
1480 1218 1620 1288 ligna
1648 1230 1835 1287 ungere
1862 1227 2014 1279 super
2036 1225 2088 1265 se
2112 1224 2279 1281 regem
2304 1223 2321 1271 ,'

748 1325 837 1380 ubi
866 1320 1159 1393 sigillatim,
1190 1317 1327 1370 sicut
1361 1326 1520 1382 supra
1546 1312 1654 1379 jam
1686 1307 1937 1367 diximus,
1967 1305 2096 1356 licus
2124 1312 2174 1355 et
2206 1300 2324 1354 vitis

749 1414 1015 1482 simulque
1037 1409 1199 1472 oliva,
1231 1413 1287 1461 et
1327 1403 1395 1458 ad
1422 1411 1716 1457 extremum
1760 1397 2015 1451 rhamnns
2047 1394 2167 1463 igne
2206 1406 2325 1460 pro-

753 1505 873 1574 prio
910 1500 1243 1568 flammisque
1287 1492 1571 1550 voraeibus
1623 1488 1807 1544 Libani
1852 1486 2043 1539 cedros
2087 1497 2330 1538 consum.

754 1606 964 1665 pturus,
990 1592 1139 1662 juxta
1180 1588 1340 1642 ritum
1372 1583 1623 1638 humanm
1656 1578 1942 1635 locutionis
1972 1574 2168 1645 profari
2209 1588 2328 1642 per-

752 1687 1025 1742 bibentur.

834 1776 1006 1843 liuius
1036 1774 1194 1829 etiam
1233 1771 1368 1839 trepi
1407 1769 1621 1837 figuram
1655 1764 1705 1818 in
1735 1770 1921 1833 quarto
1950 1759 2150 1827 Regum
2182 1755 2330 1811 volu-

756 1868 902 1922 mine
932 1866 1058 1921 Joas
1098 1860 1397 1917 lsraelitica‘.
1438 1857 1607 1929 plebis
1638 1853 1995 1926 gubernaculo
2025 1854 2218 1920 potitus
2263 1850 2328 1903 ad

756 1958 1023 2014 Amasiam
1057 1956 1322 2025 regalibus
1364 1951 1570 2020 imperii
1601 1949 1824 2016 set-ptris
1862 1946 2171 2013 fulgentem,
2206 1957 2323 1996 cum
2363 1938 2403 1995 Β

757 2049 859 2105 furi
871 2048 1045 2105 bumlo
1065 2046 1414 2101 cavdlationis
1436 2042 1659 2096 ludibrio
1676 2048 1726 2093 et
1751 2037 2006 2106 probroso
2022 2043 2329 2105 gannatura:

758 2136 1130 2193 subsannantis
1156 2134 1328 2204 elogio
1379 2130 1663 2186 crudeliter
1693 2142 2038 2195 componens,
2073 2126 2328 2191 Carduus,

760 2230 976 2299 (inquit)
1031 2227 1209 2281 Lz'bcni
1250 2228 1383 2279 misit
1409 2226 1476 2277 ad
1506 2224 1709 2276 cedrum
1736 2238 1850 2292 qua:
1899 2230 1971 2275 est
2008 2224 2057 2274 in
2106 2219 2327 2287 Libano,

757 2325 930 2379 dicens
954 2339 973 2377 :
1007 2322 1085 2375 Da
1110 2320 1274 2391 ﬁliam
1313 2330 1448 2372 tuam
1488 2319 1597 2386 ﬁlio
1624 2333 1733 2371 meo
1765 2332 1990 2380 uxorem,
2022 2326 2077 2370 et
2107 2315 2329 2385 reliqua.

834 2415 903 2470 Et
933 2413 1229 2480 Psaltnista,
1269 2410 1446 2467 omnia
1479 2408 1618 2479 ligna
1644 2408 1896 2462 silvarum
1931 2407 2222 2461 exsultasse
2243 2447 2255 2469 ,
2281 2415 2334 2459 et

766 2506 988 2562 ﬂumina
1018 2519 1268 2561 manuum
1298 2502 1570 2573 plausibus
1600 2500 1791 2555 lusisse
1813 2513 2135 2568 camposque
2156 2507 2334 2567 gratu-

765 2597 1027 2654 labundos
1042 2597 1338 2660 exstitisse,
1358 2595 1424 2647 ab
1443 2593 1656 2647 animali
1677 2592 1740 2646 ad
1766 2590 2049 2646 inanimato
2064 2588 2338 2658 metapho-

762 2687 898 2754 n'ce,
926 2687 1128 2751 retulit,
1156 2696 1211 2740 et
1234 2686 1359 2739 illud
1391 2684 1653 2753 poeticum
1682 2701 1693 2733 :

917 2778 1073 2828 later
1095 2789 1173 2826 me
1199 2777 1389 2838 genuit,
1418 2774 1591 2824 eadem
1614 2786 1723 2821 mox
1752 2774 1971 2835 gignitur
1998 2785 2058 2822 ex
2085 2784 2195 2834 me;

760 2873 815 2919 et
866 2861 1007 2934 quod
1060 2876 1091 2916 e
1144 2860 1301 2914 mutis
1372 2874 1434 2912 ac
1497 2858 1665 2913 brutis
1712 2858 2132 2911 ratiocinationis
2182 2871 2335 2924 argu-

763 2965 941 3012 menta
991 2956 1332 3024 requiruntur
1372 2967 1490 3006 cum
1535 2952 1690 3005 etiam
1738 2950 2168 3017 sapientisimus
2208 2965 2341 3003 eun-

762 3057 969 3103 ctorum
1016 3055 1160 3102 retro
1191 3059 1394 3113 regum,
1440 3053 1495 3098 et
1540 3042 1792 3110 deinceps
1836 3041 2252 3104 nascitnrorum,
2288 3040 2338 3093 in

767 3138 1091 3195 Ecclesiaste
1120 3135 1421 3204 frequenter
1451 3133 1919 3187 stolidissimormu
1954 3132 2197 3201 persoois
2220 3140 2343 3185 ula-

764 3241 873 3297 tur,
903 3229 1082 3284 dicens
1114 3245 1125 3281 :
1154 3227 1291 3294 Quid
1334 3226 1492 3280 habet
1525 3227 1683 3280 homo
1714 3225 1941 3294 amplius
1986 3225 2226 3293 iumento
2252 3232 2341 3278 aut

762 3322 976 3393 sapiens
1047 3321 1249 3376 stulto?
1318 3328 1372 3374 et
1436 3329 1628 3373 ctetera
1699 3317 1912 3372 similia.
1969 3316 2094 3370 lltcc
2144 3292 2415 3369 ideircoC

764 3418 996 3472 diximus
1029 3431 1094 3469 ne
1123 3415 1241 3484 quis
1284 3414 1421 3467 forte
1462 3427 1600 3465 novo
1630 3427 1724 3464 nos
1758 3419 1810 3465 et
1850 3412 2099 3465 inusitato
2132 3410 2341 3464 dicendi

765 3519 1101 3580 argumento,
1155 3516 1208 3562 ct
1251 3504 1399 3578 quasi
1440 3506 1599 3559 nullis
1644 3504 1878 3573 priorum
1937 3503 2174 3572 vestigiis
2224 3505 2346 3557 trita

767 3600 1021 3671 prxdicta
1071 3598 1352 3668 renigmata
1379 3596 1638 3650 cecinisse
1678 3595 1986 3649 arbitretur.
2016 3595 2096 3658 Et,
2133 3605 2186 3647 ut
2231 3594 2345 3647 evi-

767 3690 982 3745 dentius
1035 3689 1223 3742 harum
1268 3700 1446 3740 rerum
1498 3685 1630 3738 ratio
1682 3683 2036 3748 claresceret,
2086 3684 2347 3754 legitimo;

769 3783 966 3852 septies
993 3788 1280 3849 quaternos
1311 3786 1600 3830 metrorum
1634 3774 1795 3845 pedes
1817 3816 1831 3839 ,
1882 3774 2071 3843 quibus
2103 3774 2346 3827 universa

778 3888 886 3927 non
933 3871 1106 3927 solum
1147 3867 1454 3937 principalia
1503 3875 1624 3920 octo
1676 3880 1872 3934 genera
1920 3866 2348 3934 progrediuntur,

770 3976 957 4016 verum
987 3962 1144 4016 etiam
1174 3958 1402 4025 species,
1430 3972 1549 4027 quae
1579 3972 1644 4012 ex
1675 3956 1861 4011 eadem
1894 3957 2059 4026 stirpe
2092 3957 2353 4026 pullulan-

776 4062 856 4109 tes
883 4051 1148 4121 centuplis
1175 4058 1468 4104 metrorum
1500 4046 1781 4101 frondibus
1822 4058 2196 4115 contexuntur,
2230 4049 2355 4102 sub-

773 4141 1032 4205 didimns,
1054 4149 1107 4195 et
1135 4139 1358 4207 singulis
1374 4137 1671 4206 quibusque
1699 4136 1919 4201 pedibus
1951 4145 2149 4191 tantum
2175 4151 2355 4192 exem-

772 4231 985 4301 plorum
1014 4227 1220 4296 copiam
1264 4223 1664 4281 accumulantes
1693 4238 1759 4278 ex
1804 4224 2029 4279 diversis
2057 4225 2353 4280 orationem

778 4317 1014 4388 partibus
1056 4316 1445 4386 congessimus,
1478 4322 1727 4385 quantam
1773 4313 1838 4367 ad
1889 4318 2165 4383 praesentis
2193 4332 2353 4386 opus-

775 4407 883 4462 culi
913 4421 1175 4472 normam,
1198 4420 1293 4474 pro
1318 4403 1662 4461 evidentioris
1689 4403 1866 4458 indicii
1890 4407 2079 4473 gratia,
2109 4405 2359 4460 sulftccre

778 4495 1118 4553 credidimus.
1176 4494 1241 4548 Et
1283 4494 1423 4565 quod
1470 4507 1824 4563 praecessores
1860 4495 2192 4549 ce'eberrimi
2239 4496 2356 4550 uui-

781 4586 939 4643 formi
986 4586 1217 4641 nominis
1268 4585 1511 4654 exemplo
1541 4585 1850 4654 prOpalasse
1898 4598 2207 4653 noscuntur,
2267 4603 2361 4642 nos

782 4668 1092 4733 earumdem
1157 4674 1378 4745 vestigia
1429 4674 1637 4731 enixius
1693 4677 2001 4746 indagantes
2059 4679 2357 4735 uberiorem

785 4765 1154 4834 exemplorum
1184 4764 1461 4818 formulam
1488 4765 1904 4821 cnucleavimus.
1938 4767 2115 4837 Neque
2141 4769 2283 4824 enim
2309 4771 2359 4821 in

789 4868 894 4912 tam
924 4856 1086 4911 densa
1119 4855 1281 4912 totius
1311 4856 1606 4912 Latinitatis
1635 4858 1770 4912 silva
1800 4866 1853 4913 et
1880 4862 2175 4915 nemorosis
2204 4862 2362 4931 sylla-

788 4952 973 5006 barum
1004 4951 1256 5016 saltibus,
1287 4950 1377 5005 ubi
1408 4950 1474 5007 de
1516 4952 1738 5022 singulis
1776 4952 2057 5007 verborum
2100 4954 2364 5009 radicibus

789 5039 1106 5109 multiplices
1127 5039 1433 5108 regularum
1462 5046 1797 5095 ramusculos
1831 5042 2116 5111 pullulasse
2145 5045 2363 5113 antiqua

789 5139 1030 5186 veterum
1060 5130 1270 5185 traditio
1299 5130 1577 5198 declarat,
1630 5132 1851 5187 rudibus
1883 5132 2035 5188 facile
2087 5136 2354 5204 negotium

791 5224 1215 5293 deprehenditur,
1232 5234 1286 5280 et
1314 5226 1611 5294 praesertim
1660 5226 1895 5281 metrica:
1927 5230 2053 5281 artis
2082 5228 2366 5296 disciplina

796 5316 1119 5381 carentibus,
1168 5326 1222 5371 et
1250 5317 1480 5385 qualiter
1506 5316 1586 5370 vel
1616 5331 1721 5386 quo
1770 5327 1925 5388 pacto
1965 5318 2134 5388 longa:
2165 5328 2218 5374 et
2250 5320 2373 5375 bre-

799 5420 891 5460 ves
924 5404 1140 5476 syllabae
1179 5407 1261 5461 vel
1307 5406 1469 5461 etiam
1499 5422 1810 5463 communes
1842 5408 2123 5480 utrobique
2154 5425 2366 5480 compe-

801 5505 968 5551 tentes
992 5537 1005 5561 ,
1038 5512 1166 5567 quas
1198 5496 1368 5552 Graeci
1399 5498 1684 5554 dichronas
1728 5499 1907 5554 dicunt
1933 5541 1948 5566 ,
1979 5502 2240 5572 sagaciter
2267 5503 2373 5557 dis-

801 5594 1171 5649 criminentur.
1202 5592 1277 5647 Ex
1310 5593 1406 5649 hac
1435 5597 1577 5650 enim
1611 5596 1806 5666 triplici
1835 5597 2155 5665 syllabarum
2189 5597 2375 5653 delini-

806 5685 945 5738 tione
968 5686 1139 5751 potius
1163 5724 1178 5748 ,
1210 5700 1366 5753 quam
1394 5686 1461 5739 de
1489 5685 1630 5741 fonte
1662 5694 1753 5741 aut
1783 5695 1963 5741 monte
1994 5688 2288 5758 Musarum,
2310 5690 2375 5744 tle

816 5775 1005 5843 quibus
1035 5777 1243 5832 Persius
1272 5777 1489 5833 Flaccus
1519 5796 1531 5831 :

989 5866 1089 5916 Nec
1113 5866 1241 5919 fonte
1264 5867 1459 5932 (inquit)
1487 5868 1619 5920 labra
1644 5872 1795 5932 prolui
1822 5870 2086 5936 Caballino,

1654 461 1993 518 Αωηιῐςωιι
2032 457 2316 513 (li‘Ei‘lelI
2360 457 2368 510 l

2430 452 2535 508 ιῘιΞ
2579 451 2637 503 ll.
2684 482 2748 490 --
2789 450 3215 506 TllACTATlIS.
3926 443 4012 497 172

2606 564 2705 612 Nec
2733 564 2777 611 in
2806 563 3000 623 bicipitc
3022 563 3282 611 somniasse
3316 558 3550 609 Parnasso

2606 625 2802 675 Memini
2831 637 2928 674 me.

2420 708 2593 764 omnis
2624 716 2914 762 metrorum
2946 705 3078 759 ratio
3100 712 3447 771 monstratur,
3474 712 3531 758 et
3556 703 3650 774 qui
3680 716 3878 759 versus
3904 718 4007 757 mn-

2421 797 2716 863 noschemi,
2747 796 2833 865 qni
2866 791 3227 864 pentaschemi
3257 793 3341 848 vel
3364 794 3453 863 qui
3476 792 3871 859 decaschemi,
3894 807 4008 846 cum

2421 890 2602 961 viginti
2648 899 2875 960 quatuor
2902 885 3232 957 temporibus
3258 925 3275 953 ,
3302 895 3529 956 excepto
3555 885 3604 941 si
3631 883 3880 940 troebmo
3909 893 4008 935 ter-

2422 980 2710 1045 minentur,
2742 978 2843 1033 rite
2869 977 3136 1032 dicantur.

2494 1074 2603 1129 llac
2654 1074 2915 1144 tripartita
2965 1071 3341 1141 descriptionis
3389 1068 3612 1144 Hiems,
3643 1063 4006 1132 discretionis]

2424 1167 2666 1223 normu'a
2701 1168 2876 1221 omnis
2920 1166 3131 1220 beroiea
3178 1162 3471 1220 hexametri
3515 1159 3879 1223 versiﬁcatio,
3924 1159 4001 1211 vel

2430 1271 2758 1313 cmsurarum
2800 1257 3009 1311 scansio
3036 1255 3394 1325 principaliter
3432 1258 3661 1317 constat,
3706 1249 3834 1304 licet
3856 1262 4008 1318 sym-

2429 1351 2722 1421 lmpharum
2776 1349 2922 1404 velut
2973 1350 3216 1419 quaedam
3262 1346 3670 1418 conglutinatio,
3697 1353 3751 1400 et
3792 1343 4008 1413 explosa

2426 1443 2719 1499 collisionis
2747 1441 3103 1495 additamenta
3134 1436 3324 1494 crebro
3354 1435 3493 1505 apud
3518 1444 3701 1505 poetas
3731 1433 3928 1504 lyricos
3962 1442 4011 1485 et

2428 1535 2688 1603 satyricos
2749 1530 3069 1585 necessitate
3136 1526 3290 1583 metri
3372 1528 3821 1594 interponantur,
3894 1536 4011 1589 qua:

2429 1623 2658 1678 maxime
2687 1636 2750 1675 es
2793 1619 3063 1674 vocalibus
3105 1618 3295 1673 litteris
3325 1614 3409 1670 vcl
3457 1614 3678 1685 syllabis
3713 1611 4012 1667 semivoca-

2430 1718 2464 1772 li
2505 1715 2802 1772 terminatis
2852 1713 3156 1783 gignuntur.
3202 1710 3308 1764 llas
3337 1718 3588 1778 utrasque
3638 1706 3833 1761 Junius
3860 1703 4015 1759 Juve-

2434 1808 2588 1873 nalis,
2618 1806 2804 1875 quinto
2858 1803 3167 1874 Satyrarum
3199 1798 3358 1865 libro,
3393 1797 3550 1852 unius
3596 1810 3783 1851 versus
3834 1806 4017 1849 tenore

2436 1899 2595 1953 simul
2623 1898 2763 1951 elisit
2789 1893 2975 1948 dicens
3011 1910 3023 1945 :

2620 1985 2916 2048 Omenta,ut
2936 1982 3098 2044 video,
3118 1978 3303 2030 nullum
3321 1980 3580 2029 discrimen
3596 1976 3877 2026 habendum
3896 1981 3991 2023 est.

2431 2070 2712 2127 Scanditur
2732 2086 2746 2123 :
2769 2085 2912 2124 omen
2943 2066 3246 2138 spondaetts,
3270 2073 3343 2119 tut
3373 2066 3484 2119 ride
3509 2062 3749 2134 dactylus
3768 2076 3865 2131 per
3891 2076 4020 2130 syn-

2437 2162 2719 2234 almpham,
2750 2177 2779 2215 ο
2810 2160 2899 2215 nul
2932 2200 2947 2226 ,
2997 2158 3301 2230 spondazus,
3327 2157 3431 2211 lum
3461 2157 3541 2210 dis
3582 2152 3897 2225 δροιιιξςρυε,
3927 2153 4024 2203 αἱ-

2434 2271 2547 2309 men
2602 2254 2670 2307 lia
2713 2252 2977 2323 dactylus,
3013 2251 3142 2306 bend
3198 2260 3272 2305 est
3316 2249 3603 2319 spondaeus
3650 2263 3747 2317 per
3794 2246 4024 2315 synaitr-

2437 2348 2617 2416 pham.

2439 2438 2641 2492 Rursus
2670 2438 2809 2492 idem
2840 2436 3057 2508 lyricus,
3090 2433 3184 2489 lib.
3219 2448 3271 2487 tv
3305 2474 3317 2485 .

2624 2526 2873 2578 Bellorum
2896 2526 3119 2576 excubie
3139 2523 3323 2574 truncis
3343 2521 3483 2573 allisa
3507 2522 3719 2583 tropaeis.

2438 2611 2719 2667 Seanditur
2776 2610 2885 2664 ita:
2918 2607 3086 2673 Bello,
3126 2623 3214 2661 rea;
3261 2606 3377 2660 rubi
3422 2619 3517 2675 per
3558 2602 3958 2674 syualtnpham,
3987 2616 4027 2653 τε

2442 2711 2583 2767 ιινιιιι,
2647 2699 2719 2752 cis
2762 2699 2838 2768 af.
2883 2698 2990 2766 ﬁxa
3036 2706 3170 2766 trep,
3214 2696 3326 2750 tris.
3368 2693 3461 2749 Sic
3494 2693 3728 2748 Aunaaus
3762 2692 4026 2754 Lucanus,

2440 2789 2804 2846 Cordubensis
2838 2799 3024 2858 poeta,
3070 2803 3177 2843 uno
3215 2800 3376 2842 versu
3418 2784 3539 2840 libri
3594 2798 3725 2847 vtn,
3758 2782 3842 2837 bis
3889 2780 4029 2835 elisit

2443 2882 2627 2937 dicens
2653 2896 2668 2934 :

2630 2972 2789 3030 Quare
2807 2973 2955 3030 agite,
2968 2969 3136 3029 Eoum,
3158 2968 3376 3029 comiles,
3398 2977 3720 3029 properemus
3741 2969 3793 3017 in
3810 2965 3997 3014 orbem.

2447 3057 2648 3109 Rursus
2681 3055 2842 3119 idem,
2872 3054 2966 3107 lib.
3000 3068 3054 3118 κ,
3086 3052 3160 3106 ait
3191 3069 3205 3104 :

2628 3145 2750 3195 Hinc
2776 3152 2917 3206 tergo
2935 3142 3167 3193 insultant
3186 3141 3397 3204 pedites,
3422 3143 3497 3189 tia
3514 3138 3645 3189 nulla
3662 3138 3830 3189 saluti.

2455 3231 2521 3285 Et
2548 3230 2674 3285 alibi
2708 3249 2719 3284 :

2631 3322 2965 3383 Extremoque
2986 3317 3153 3382 epulas
3171 3328 3461 3379 mensasque
3481 3321 3710 3379 petemus
3727 3313 3790 3363 ab
3810 3313 3951 3362 orbe.

2449 3406 2600 3463 Unde
2631 3405 2823 3460 Paulus
2851 3404 3093 3470 Qumstor
3123 3398 3261 3455 elisit
3290 3416 3339 3453 m
3364 3399 3597 3453 litteram
3633 3398 3704 3450 ita
3736 3415 3748 3448 :

2632 3496 2913 3546 Tartaream
2933 3494 2979 3541 in
2992 3491 3159 3541 sedem
3175 3491 3397 3553 sequitur
3417 3502 3537 3537 nova
3557 3495 3702 3549 nupta
3723 3488 3971 3535 maritum.

2525 3578 2611 3634 Sic
2639 3578 2796 3632 etiam
2827 3575 3085 3644 Prosper,
3118 3581 3271 3641 poeta
3302 3580 3355 3626 et
3384 3569 3589 3636 rhetor,
3624 3569 3679 3623 in
3707 3570 3842 3622 libro
3878 3583 4032 3637 quem

2460 3672 2859 3741 Epigrammata
2903 3665 3323 3737 pretitulaverat,
3374 3663 3616 3718 eamdem
3674 3661 3905 3715 litteram
3964 3660 4036 3712 bis

2454 3762 2660 3817 elisisse
2692 3756 3054 3823 cognoscitur,
3086 3755 3267 3810 dicens
3295 3769 3311 3808 :

2517 3849 2553 3897 Ν
2561 3862 2620 3896 οη
2640 3854 2852 3909 coeptum
2874 3852 2957 3895 aut
2981 3853 3188 3904 auctum,
3203 3854 3297 3892 non
3316 3841 3398 3892 hic
3418 3839 3651 3892 mutabile
3672 3840 3933 3903 quidquam
3954 3846 4037 3887 est.

2461 3932 2611 3996 item,
2643 3930 2775 3983 inira
2812 3944 2826 3982 :

2582 4019 2841 4069 leestem
2868 4017 2924 4066 ad
2952 4018 3147 4079 patriam
3180 4015 3388 4066 tendens
3412 4026 3652 4075 cognosce
3678 4025 3951 4066 vocantem.

2463 4102 2584 4155 llaec
2634 4102 2820 4155 eadem
2871 4098 3184 4170 synalmpha
3229 4098 3470 4153 versibus
3518 4096 3736 4167 Sibylla:
3790 4098 4039 4167 poetridis

2463 4191 2785 4250 cominetur,
2818 4204 2936 4257 qua:
2966 4189 3039 4241 ait
3066 4206 3077 4238 :

2583 4279 2721 4329 Tunc
2742 4278 2825 4328 ille
2848 4279 3020 4328 azterai
3041 4277 3233 4339 species
3255 4275 3580 4339 pulcherrima
3603 4278 3772 4338 regni.

2463 4364 2669 4418 I‘liucas
2716 4375 2927 4432 quoque
2979 4362 3358 4432 grammaticus
3399 4360 3572 4430 primo
3616 4375 3775 4415 versu
3813 4362 4039 4429 synalar-

2465 4459 2621 4525 pham
2651 4455 2914 4524 explodil,
2946 4454 3131 4510 dicens
3166 4472 3177 4505 :

2619 4547 2713 4595 Ars
2731 4558 2838 4595 mea
2855 4548 3108 4595 multorum
3128 4553 3207 4594 est
3226 4558 3347 4607 quos
3362 4545 3540 4595 saecula
3562 4547 3720 4608 prisca
3746 4546 3986 4596 tulerunt.

2397 4649 2444 4707 ι)
2475 4629 2706 4686 lsidorus
2731 4644 2861 4685 vero
2892 4630 3102 4683 vocales
3124 4629 3266 4683 elisit
3286 4629 3355 4682 ita
3389 4644 3405 4680 :

2622 4720 2938 4781 Argutusqne
2964 4721 3093 4768 inter
3117 4717 3284 4767 latices
3307 4726 3352 4765 et
3380 4719 3561 4767 musica
3586 4717 3753 4766 ﬂabra.

2474 4804 2531 4857 Et
2565 4802 2836 4871 Virgilius,
2870 4801 2963 4856 lib.
2992 4817 3088 4856 χιε

2627 4890 2874 4943 Oceanum
2905 4893 3094 4940 interea
3114 4903 3322 4951 surgens
3344 4890 3532 4941 Aurora
3557 4891 3771 4953 reliquit.

2474 4977 2639 5040 idem,
2665 4975 2758 5029 lib.
2791 4990 2862 5029 vn
2890 4973 3170 5040 IEneidos,
3202 4973 3255 5028 in
3294 4988 3401 5027 uno
3444 4988 3600 5029 versu
3623 4973 3870 5043 geminas
3896 4989 4043 5045 syua'

2478 5069 2681 5137 Implias
2712 5076 2763 5121 et
2791 5066 3012 5134 eclipsin
3038 5064 3443 5133 comprehendit
3466 5066 3535 5119 ita
3562 5084 3573 5118 :

2622 5155 2760 5207 Nunc
2785 5163 2973 5219 repeto,
2995 5155 3232 5205 Anchises
3253 5152 3456 5203 fatorum
3482 5165 3651 5203 arcana
3676 5154 3893 5213 reliquit.

2474 5239 2759 5296 Scanditur
2788 5239 2930 5294 enim
2956 5238 3062 5293 ita:
3100 5236 3253 5291 Nunc
3280 5244 3439 5304 repet,
3464 5235 3648 5299 Anc/ii,
3681 5251 3763 5288 ses
3792 5238 3870 5305 fa,
3894 5245 4042 5293 terer,

2476 5348 2604 5385 cana
2635 5345 2708 5395 re,
2742 5330 2909 5399 liquit.
2939 5328 3044 5385 Sed
3075 5327 3170 5382 bos
3198 5327 3331 5382 duos
3358 5327 3736 5395 metaplasmos
3766 5340 3913 5394 smpe
3944 5341 4046 5377 an:-

2478 5423 2703 5491 biguitas
2730 5419 3019 5475 scandendi
3059 5419 3362 5481 conturbat,
3396 5432 3527 5486 quos
3556 5417 3680 5471 tatis
3710 5417 4050 5471 discretionis

2479 5512 2779 5568 differentia
2825 5510 3044 5566 dirimit.
3078 5510 3135 5567 Si
3165 5509 3311 5580 prior
3337 5510 3538 5564 vocalis
3583 5507 3924 5575 explodatur,
3958 5509 4043 5561 eri:

2479 5602 2788 5675 synaltepha
2816 5619 2830 5667 ;
2880 5603 2925 5658 si
2946 5601 3210 5671 posterior
3238 5599 3390 5655 fuerit
3413 5601 3653 5668 explosa,
3682 5600 3785 5655 erit
3814 5599 4041 5668 eclipsis.

2479 5694 2629 5750 Sicut
2672 5693 2724 5748 in
2772 5693 3062 5749 novissimo
3114 5707 3270 5749 versu
3323 5691 3444 5747 libri
3492 5693 3689 5761 ltegum
3735 5703 3946 5746 cautum
3978 5690 4041 5742 ιρι

2479 5786 2619 5856 gitur
2647 5800 2663 5838 :

2635 5875 2905 5938 Purpureis
2927 5876 3079 5940 major
3101 5875 3358 5927 Persarum
3382 5875 3429 5924 in
3452 5875 3573 5926 sede
3599 5878 3830 5939 tyrannis.

3553 6525 3572 6528 —
3647 6525 3660 6528 -
3734 6526 3752 6532 η
3822 6526 3844 6532 Ἴ
3909 6525 3928 6532 -ι
