4214 6546
214 396 309 447 1ῗῦ

1131 409 1332 466 LIBER
1373 408 1462 463 DE
1499 404 1937 463 SEPTENARIO
1979 405 2067 459 ET
2108 405 2194 459 DE
2236 405 2514 462 METRIS.

3368 411 3474 464 1Ἱᾶ

206 532 451 602 Virgilius
482 528 898 602 [Crainnmlicns]
931 528 1053 582 item
1085 525 1219 581 libro
1249 540 1407 597 quem
1441 523 1788 593 Predagogum

1903 520 2088 574 natur?
2134 549 2205 560 —-
2240 520 2309 573 ill.
2352 521 2484 586 Quia
2525 521 2786 584 nonnulli,
2838 522 3073 576 metricae
3125 523 3256 579 artis
3294 529 3481 594 peritia

203 625 561 696 prteritulavit,
594 623 743 690 cujus
773 621 1090 691 principium
1122 629 1203 675 est
1234 638 1248 673 :

356 716 575 765 Carmina
610 716 649 763 si
674 714 881 775 fuerint,
909 720 957 762 te
979 713 1163 774 judice,
1183 713 1325 774 digna
1351 713 1536 769 favore,

416 777 666 826 Iteddetur
692 778 874 835 titulus,
902 789 1275 836 purpureusque
1302 777 1446 823 nitor.

356 841 407 890 Si
431 842 588 886 minus
606 878 618 897 ,
644 842 838 886 aestivas
863 840 1044 898 poteris
1067 838 1360 886 convolvere
1385 836 1568 892 sardas,

418 903 513 950 Aut
539 904 679 962 piper
701 908 783 949 aut
806 900 964 948 calvus
989 901 1101 948 hinc
1126 900 1323 961 operire
1348 910 1527 958 nuces;

200 987 459 1059 syllabam
490 985 627 1039 elisit
656 984 873 1039 dicens:

363 1074 545 1123 Durum
569 1074 663 1121 iter
690 1079 741 1121 et
766 1076 879 1121 vita:
904 1084 1108 1134 magnus
1130 1071 1285 1119 labor.

205 1160 271 1213 Et
307 1162 503 1213 Arator
533 1157 889 1211 subdiaconus
928 1156 1099 1225 primo
1128 1170 1286 1209 versu
1325 1152 1654 1209 terminalcm
1704 1167 1795 1221 ge-
1836 1160 1839 1161 ⁷

203 1250 351 1302 υἱιίγί
377 1248 634 1317 syllabam
662 1247 907 1315 di~plosit
935 1246 1159 1300 dicens:

360 1340 599 1388 Mamilius
623 1338 817 1385 undosis
840 1336 1081 1386 bellorum
1108 1338 1327 1386 incendia
1356 1349 1583 1386 cernens.

203 1424 270 1478 Et
303 1424 437 1478 infra
469 1424 711 1493 elegiaco
740 1438 896 1476 versu
920 1422 1189 1490 subiunxit
1224 1439 1236 1474 :

358 1514 513 1574 Inque
536 1514 753 1561 humeris
777 1513 976 1562 ferimur
1002 1519 1053 1562 te
1076 1513 1329 1562 relevante
1354 1515 1468 1574 piis.

203 1602 271 1655 Et
300 1598 541 1654 Andreas
564 1607 744 1653 orator
774 1597 941 1667 inquit
969 1616 980 1649 :

360 1710 511 1758 Filius
536 1711 641 1771 ipse
668 1711 893 1769 hominis,
915 1710 995 1771 qui
1023 1710 1159 1759 Deus
1184 1716 1258 1759 est
1284 1711 1513 1769 hominis;

201 1822 489 1882 propterea
526 1829 754 1884 namque
782 1814 880 1867 has
922 1814 1055 1869 duas
1081 1817 1549 1884 metaplasmorum
1589 1818 1793 1886 species

1898 609 2122 678 praediti,
2152 609 2291 663 hunc
2324 610 2510 677 pedem
2541 610 2605 665 de
2635 621 2789 665 versu
2834 612 3231 667 exeludendum
3258 628 3480 673 censuev

1895 711 2039 769 runt,
2070 702 2189 771 quia
2221 702 2395 757 omnis
2424 702 2626 772 syllaba
2654 704 2705 758 in
2738 705 2925 759 ultimo
2972 719 3130 760 versu
3160 707 3481 777 adiaphoros

1894 802 1997 859 est,
2018 793 2186 858 idest,
2209 794 2575 850 indifferenter
2602 797 2881 863 accipitur,
2914 812 3013 851 nec
3041 798 3267 853 interest
3297 810 3476 854 utrum

1896 883 2209 953 corripiatur
2235 900 2300 937 an
2334 887 2676 954 producatur.
2715 883 2866 942 Unde
2904 902 2932 940 a
2976 888 3294 958 quibusdam
3326 892 3480 945 vitio-

1895 992 1985 1032 sus
2011 992 2196 1031 versus
2220 987 2435 1046 putatur
2466 979 2554 1048 qui
2587 978 2877 1033 trochaeum
2901 981 3152 1035 admittit.
3186 983 3318 1037 Nam
3344 984 3483 1038 ratio

1898 1071 2137 1140 cxigitut
2156 1072 2206 1126 in
2232 1071 2389 1139 pleno
2410 1086 2565 1127 versu
2589 1074 2774 1145 viginti
2803 1083 3032 1144 quatuor
3063 1085 3301 1146 tempora
3329 1078 3439 1134 sint
3468 1098 3479 1133 :

1899 1162 2132 1219 admisso
2160 1164 2339 1233 itaque
2385 1164 2638 1233 trochaeo,
2678 1167 2933 1222 minuitur
2964 1176 3260 1236 temporum
3292 1185 3478 1225 nume-

1900 1268 2011 1319 rus,
2058 1264 2112 1308 et
2147 1266 2302 1309 erunt
2350 1266 2587 1327 tempora
2633 1258 2819 1326 viginti
2872 1260 2991 1326 tria,
3044 1260 3245 1330 quiest
3297 1277 3485 1318 versus

1899 1347 2175 1416 colopbos.

1976 1438 2035 1491 D.
2070 1438 2329 1508 Superius
2358 1440 2538 1495 dixisti
2588 1441 2824 1513 quinque
2849 1456 3046 1513 genera
3076 1458 3330 1499 versuum
3363 1459 3483 1499 esse

1902 1533 1952 1583 in
1981 1531 2244 1602 duetylieo
2275 1531 2593 1588 hexametro
2622 1550 2635 1598 ;
2667 1550 2786 1603 qua:
2813 1538 2921 1589 sint
2948 1536 3260 1591 nominatim
3293 1538 3484 1592 dicito.

1900 1653 1969 1662 —
1998 1624 2064 1677 II.
2097 1625 2441 1693 Ilexameter,
2467 1636 2816 1695 pentameter,
2864 1635 3193 1696 tetrameter,
3220 1628 3481 1698 trimeter,

1900 1716 2143 1771 dimcter.

1976 1808 2038 1862 D.
2074 1809 2382 1866 Ilcxametcr
2429 1814 2625 1867 rectius
2675 1814 2868 1870 dicitur
2918 1831 2985 1870 an
3036 1817 3489 1871 linquimus?—

199 1920 268 1959 cx
325 1921 550 1960 numero
597 1907 662 1957 illi
726 1907 981 1975 indagare
1026 1916 1079 1962 et
1138 1909 1423 1977 explanare
1471 1925 1617 1963 nisus
1658 1926 1795 1975 sum,

1914 1899 1982 1954 Μ.
2014 1899 2327 1971 Utrumque,
2357 1913 2413 1957 ut
2437 1904 2696 1970 Evander,
2728 1904 3019 1973 Evandrus,
3049 1924 3273 1975 quorum
3326 1924 3487 1962 unum

199 1999 325 2065 quia
359 2015 451 2065 per
483 2014 640 2052 omne
664 2014 857 2067 corpus
892 2000 1223 2067 poeticorum
1254 2002 1511 2054 librorum
1545 2001 1674 2054 satis
1700 1999 1797 2053 fre.

199 2100 428 2157 quenter
460 2091 675 2145 inserta:
719 2101 862 2157 sunt,
890 2100 944 2145 et
990 2092 1090 2143 nisi
1117 2095 1288 2159 sagaci
1320 2092 1615 2146 subtilitate
1653 2107 1792 2159 prte-

198 2184 433 2250 cognita:
468 2182 702 2245 fuerint,
744 2182 951 2236 diversa
987 2182 1486 2250 impedimentorum
1518 2181 1792 2234 obstacula

195 2275 577 2328 scandentihus
598 2274 795 2345 [liuius
816 2275 938 2327 add.
960 2275 1105 2327 velat
1125 2275 1225 2328 iter
1243 2272 1608 2344 carpentibus]
1635 2288 1793 2341 gene-

194 2380 320 2420 rare
374 2369 570 2420 solent.
619 2368 818 2420 Idcirco
873 2366 1116 2421 diversos
1164 2380 1353 2419 versus
1400 2374 1695 2418 metrorum
1725 2363 1790 2415 ad

194 2459 527 2529 synaloepha:
600 2459 1011 2524 metaplasmum
1082 2464 1439 2523 congruentes
1486 2454 1793 2506 catervatim

192 2552 599 2619 congessimus,
629 2560 891 2619 quatenus
936 2549 1017 2601 his
1063 2546 1361 2616 perSpectis
1396 2545 1594 2598 nullum
1645 2545 1797 2598 dein-

194 2653 327 2708 ceps
357 2640 588 2707 explosae
620 2638 915 2693 collisionis
961 2636 1123 2689 chaos
1154 2635 1477 2687 latebrosum
1510 2633 1797 2687 confracta:

194 2730 530 2799 synahephae
572 2729 881 2782 barathrum
914 2727 1084 2781 lucem
1127 2726 1431 2779 scandentis
1481 2725 1792 2791 ccul'undat,

192 2828 477 2895 aciemque
507 2824 729 2893 legentis
752 2823 1030 2877 obtundat.

272 2920 460 2989 Igitur,
518 2918 778 2986 tripartita
825 2916 1022 2970 heroici
1057 2914 1353 2969 hexametri
1397 2913 1792 2984 perpendicula,

193 3022 254 3065 ut
296 3011 495 3065 certius
527 3008 774 3077 cognosci
832 3015 1047 3074 queant,
1100 3006 1325 3058 strictim
1386 3004 1797 3071 summatimque

192 3100 458 3169 expedire
507 3099 765 3164 conabor,
816 3096 953 3150 sicut
1010 3096 1181 3163 prisca
1224 3104 1464 3149 veterum
1511 3094 1797 3147 auctoritas

190 3192 485 3246 tradidisse
532 3196 880 3243 memoratur.
914 3186 1113 3240 Videor
1153 3186 1330 3255 itaque
1382 3184 1512 3237 mihi
1558 3183 1657 3237 hoc
1686 3184 1795 3251 pla—

1904 1992 2046 2045 venit
2072 2008 2139 2046 ex
2173 1993 2379 2059 Graeco,
2409 1995 2635 2048 alterum
2668 2010 2731 2049 ex
2759 1995 2966 2049 Latino.

1974 2084 2033 2136 Ι).
2068 2084 2389 2140 Ilexameter
2417 2102 2547 2155 ergo
2572 2087 2683 2141 sive
2717 2087 3073 2153 hexametros,
3120 2099 3249 2158 quot
3271 2089 3490 2158 pedibus

1902 2176 2120 2227 cxditur
2147 2176 2169 2227 ?
2192 2208 2257 2215 ——
2285 2179 2353 2233 Μ.
2385 2178 2486 2232 Sex
2517 2197 2528 2230 :
2578 2178 2790 2248 dactylo
2819 2190 2866 2233 et
2914 2181 3169 2247 spondam
3200 2183 3400 2236 circum
3433 2198 3491 2237 se

1904 2267 2087 2333 positis
2116 2276 2205 2320 aut
2248 2269 2451 2322 alterna
2502 2270 2906 2339 interpositione
2937 2272 3173 2325 variatis.

1980 2359 2039 2411 υ.
2070 2358 2370 2413 Ilexametii
2404 2376 2587 2414 versus
2614 2376 2811 2428 genera
2832 2370 2961 2429 quot
2986 2362 3144 2415 sunt?
3168 2361 3319 2414 -—M.
3346 2361 3492 2416 Tria.

1974 2446 2033 2501 D.
2055 2452 2183 2514 Qua:
2199 2451 2220 2504 ?
2236 2479 2303 2487 —
2317 2452 2387 2503 Μ.
2410 2452 2724 2504 liexameter
2742 2452 3057 2520 dactylicus,
3079 2451 3388 2507 hexalneter
3406 2452 3494 2507 he—

1903 2542 2100 2605 roicus,
2120 2542 2430 2596 hexameter
2456 2543 2735 2610 iambicus,
2757 2544 2847 2613 qui
2871 2555 2923 2598 et
2950 2545 3215 2611 senarius,
3246 2544 3336 2613 qui
3361 2559 3493 2598 con-

1900 2642 2004 2687 stat
2021 2648 2084 2688 ex
2101 2635 2429 2702 SilllplICibIIS
2446 2651 2560 2699 sex,
2578 2635 2822 2705 idemque
2836 2651 2895 2690 ex
2912 2634 3211 2704 duplicibus
3226 2636 3489 2690 trimeter.

1976 2726 2038 2777 D.
2084 2727 2219 2791 Quid
2243 2741 2405 2794 ergo,
2455 2726 2497 2780 si
2532 2741 2718 2780 versus
2750 2728 3060 2781 hexameter
3105 2741 3197 2780 sex
3225 2727 3510 2796 spondaeis

1902 2820 2225 2884 constiterit,
2257 2820 2449 2887 poterit
2472 2820 2574 2873 dici
2600 2819 3096 2890 daetylieus?—II.
3121 2819 3346 2873 Vocatur
3376 2819 3496 2888 qui-

1904 2913 2025 2967 dem
2083 2927 2268 2966 versus
2324 2912 2674 2981 spondiazon,
2703 2912 2796 2965 sed
2850 2921 3076 2966 metrum
3125 2911 3489 2981 dactylicurn:

1903 3020 2025 3058 nam
2048 3005 2308 3074 eiusmodi
2332 3006 2647 3073 compositio
2679 3019 2783 3057 non
2815 3004 2916 3057 nisi
2955 3004 3007 3057 in
3033 3004 3349 3074 dactylicum
3374 3019 3491 3058 mc-

1907 3106 2048 3149 trum
2078 3096 2239 3150 cadit.

1979 3187 2041 3241 D.
2085 3188 2186 3254 Qui
2238 3196 2360 3239 sunt
2412 3200 2596 3239 versus
2645 3184 2943 3239 hexametri
3000 3184 3375 3254 dactylieii—
3419 3184 3490 3238 Μ.

194 3284 320 3337 nius
350 3291 401 3335 et
456 3282 690 3349 apertius
722 3293 880 3349 posse
914 3278 1232 3346 patefacere,
1277 3277 1323 3330 si
1360 3290 1453 3344 per
1499 3277 1794 3345 interroga-
1825 3248 1872 3309 (ί
1906 3278 2005 3345 Qui
2049 3286 2253 3331 tantum
2285 3291 2375 3331 sex
2412 3276 2633 3346 pedibus
2676 3275 2958 3346 dactylieis
3008 3286 3276 3343 constant,
3304 3285 3497 3344 prgctet'

193 3374 403 3427 tionem
435 3370 912 3439 etresiionsionem
954 3369 1300 3439 pauxillulum
1327 3366 1615 3436 reciprocis
1661 3368 1793 3421 vici-

191 3466 298 3520 bus
345 3465 515 3535 stylus
549 3466 801 3526 varietur,
834 3462 1281 3533 quemadmodum
1314 3462 1500 3515 beatus
1539 3459 1793 3530 Auguti-

193 3572 301 3611 nus
331 3571 426 3624 per
466 3556 629 3609 multa
664 3555 919 3609 libroruin
950 3570 1196 3623 corpora,
1225 3552 1326 3607 hoc
1366 3562 1449 3608 est
1479 3552 1792 3621 Soliloquio~

194 3665 318 3701 rum
343 3689 357 3711 ,
389 3658 440 3701 et
470 3649 537 3701 de
588 3648 759 3701 libero
793 3648 1047 3717 Arbitrio,
1081 3656 1134 3701 et
1166 3663 1229 3701 eo
1256 3662 1417 3717 quem
1451 3649 1517 3701 de
1544 3646 1793 3716 Magistro

189 3740 564 3811 praetitulavit,
598 3750 649 3795 et
670 3756 761 3795 sex
796 3739 941 3793 libris
961 3756 1076 3809 qua:
1107 3739 1171 3794 de
1200 3740 1397 3794 lliusica
1429 3739 1624 3792 fecisse
1652 3753 1796 3792 com-

188 3834 460 3903 probatur
486 3849 499 3897 ;
530 3832 611 3887 vel
644 3832 875 3886 Isidorus
897 3832 1106 3886 duobus
1140 3831 1632 3899 volunilnibusqua:
1662 3832 1797 3901 Syn-

190 3940 399 3997 onyma
460 3925 541 3979 vel
590 3924 915 3994 I’ulyonyma
964 3921 1367 3991 protitulantur.
1426 3920 1576 3987 Quod
1630 3936 1797 3989 genus

190 4016 438 4071 dictandi
463 4016 527 4069 ab
553 4015 831 4068 undecima
854 4013 1294 4081 appellativorum
1320 4014 1594 4067 nominum
1616 4012 1796 4081 specie

192 4106 521 4160 translatum
571 4119 712 4159 reor.
747 4103 858 4158 IIoc
900 4102 1083 4155 itidem
1112 4102 1339 4157 Junilius
1373 4102 1611 4155 instituta
1640 4117 1798 4169 regu-

192 4200 361 4261 Iaria,
403 4212 521 4264 qua:
556 4214 583 4249 a
618 4196 782 4249 Paulo
828 4195 1083 4265 Syrorum
1130 4193 1331 4247 scholis
1362 4194 1567 4246 naviter
1606 4193 1800 4245 instru-

188 4299 286 4342 eto
346 4287 626 4341 didicerat.
689 4285 950 4340 [’rimasio
1000 4284 1144 4339 sedis
1200 4282 1505 4352 apostolica:
1564 4282 1797 4351 pontifici

191 4380 449 4434 scribens
475 4396 486 4429 :
511 4378 587 4431 Ne
610 4377 809 4445 aliqua,
846 4376 1037 4443 inquit,
1066 4373 1309 4428 confusio
1344 4388 1437 4441 prr
1467 4373 1799 4440 antiquario—

190 4487 350 4533 rum,
404 4478 461 4522 ut
498 4468 717 4531 assolet,
771 4466 1144 4535 negligentiam
1179 4464 1504 4533 proveniret,
1551 4463 1801 4529 magistri)

192 4563 267 4617 Μ.
327 4563 570 4617 Grmcam
612 4561 866 4623 litteram,
899 4557 1174 4626 discipulis
1232 4558 1295 4613 Ι).
1330 4554 1602 4625 proposui,
1638 4565 1693 4609 ut
1735 4572 1796 4607 ex

192 4653 508 4723 peregrinis
550 4650 974 4715 characteribus,
1012 4657 1066 4702 et
1092 4648 1285 4717 quibus
1335 4647 1519 4701 Latina
1560 4647 1793 4713 scriptu-

192 4761 254 4799 ra
292 4760 402 4797 non
427 4744 612 4808 utitur,
663 4756 816 4796 error
841 4740 1017 4795 omnis
1047 4740 1255 4809 penitus
1283 4739 1575 4803 auferatur,
1609 4737 1796 4791 melius

192 4838 405 4907 quippe
434 4843 488 4888 ct
514 4835 756 4905 sagacius
787 4832 887 4887 hoc
933 4842 1247 4902 argumento
1293 4830 1436 4885 velut
1484 4830 1798 4901 quibusdam

193 4929 421 4981 cotibus
444 4926 743 4979 animorum
779 4924 989 4994 ingenia
1014 4933 1295 4977 acuuntur.
1329 4922 1550 4989 Idcirco,
1579 4936 1801 4990 printer-

196 5019 391 5074 missis
419 5018 741 5087 reliquorum
764 5028 1054 5070 metrorum
1086 5016 1389 5084 generibus,
1415 5030 1532 5083 quae
1564 5018 1801 5069 centenis

200 5113 531 5166 varietatuut
585 5109 865 5180 speciebus
921 5109 1276 5173 dirimuntur,
1339 5109 1808 5175 pra-stantissimas

196 5202 458 5272 dactyliei
490 5202 784 5256 hexametri
826 5202 1056 5271 regulas,
1092 5201 1234 5270 quod
1276 5206 1594 5254 ca‘terorum
1625 5215 1802 5254 arcem

196 5306 257 5349 et
291 5292 491 5347 infulas
544 5293 801 5360 possidet,
832 5291 1101 5363 prtedictis
1159 5292 1454 5347 litterarum
1484 5292 1808 5347 characteri-

199 5390 309 5441 bus
344 5384 557 5438 vicatim
590 5384 960 5438 etalternalim
995 5383 1181 5452 positis
1205 5383 1518 5452 pandamus.

281 5479 353 5531 D.
386 5478 526 5542 Quot
553 5487 674 5529 sunt
702 5491 896 5546 genera
930 5490 1180 5531 versuum
1210 5475 1262 5529 in
1295 5473 1560 5544 dactylico
1592 5484 1762 5527 metro
1790 5473 1811 5526 ?

197 5601 277 5613 -—-
304 5571 378 5625 ξεῖ.
410 5570 673 5639 Quinque.

283 5664 353 5718 D.
379 5662 529 5725 Qutid
561 5672 643 5716 est
661 5662 976 5734 daetylicum
1011 5670 1239 5715 metrum
1264 5660 1285 5712 ?
1309 5690 1376 5699 -——
1408 5658 1475 5712 Μ.
1501 5656 1650 5725 Quod
1683 5674 1809 5711 con-

199 5768 316 5814 stat
349 5758 562 5828 dactylo
593 5765 642 5811 et
672 5758 944 5826 spondam.

282 5852 349 5905 D.
384 5851 572 5907 Nonne
618 5851 929 5921 plerumque
971 5849 1187 5903 ultimus
1215 5861 1307 5917 pes
1340 5846 1574 5901 trochazo
1624 5844 1805 5900 termi-

1902 3370 2037 3425 bella
2067 3380 2122 3424 et
2152 3371 2284 3422 laeta
2310 3368 2525 3423 heroum
2557 3366 2834 3436 quodlibet
2863 3364 3003 3420 aliud
3049 3366 3404 3429 continentes,
3437 3375 3496 3419 ut

1902 3473 2022 3531 puta
2053 3461 2447 3517 suntBneolica
2477 3470 2531 3514 et
2575 3458 2835 3528 Georgica
2891 3470 3189 3528 cmteraque
3240 3458 3494 3527 hujusce-

1907 3555 2069 3607 modi.

1976 3646 2037 3698 Ι).
2066 3645 2163 3709 Qui
2192 3654 2319 3699 sunt
2349 3644 2641 3699 hexametri
2695 3642 2931 3697 heroici?
2961 3672 3029 3683 —-
3052 3643 3120 3697 Si.
3154 3641 3253 3709 Qui
3274 3643 3408 3697 bella
3441 3656 3498 3699 et

1902 3740 2121 3792 heromu
2153 3752 2237 3790 res
2260 3747 2438 3805 gestas
2465 3738 2916 3806 complectuntur,
2940 3735 3101 3790 veluti
3135 3736 3356 3790 cstllias
3390 3738 3498 3791 Ilo-

1902 3831 2058 3895 meri,
2086 3831 2167 3884 vel
2217 3829 2404 3885 IEneis
2458 3830 2680 3898 Virgilii,
2710 3829 2792 3884 vel
2827 3830 3022 3885 Lucani
3055 3829 3239 3899 prmlia
3266 3828 3498 3885 Caesaris

1903 3933 1956 3975 et
1983 3922 2221 3991 Pompeii
2253 3922 2610 3976 decantantis.

1975 4016 2036 4067 ι).
2070 4015 2165 4081 Qui
2200 4025 2280 4067 est
2332 4029 2422 4080 pes
2451 4014 2708 4082 quintus?
2737 4042 2802 4051 —
2831 4013 2901 4066 M.
2936 4011 3210 4082 Dactylus.

1981 4108 2040 4159 I).
2072 4111 2248 4173 Quare
2288 4108 2501 4174 quintus
2548 4105 2765 4175 dacton
2816 4104 3071 4174 competit
3106 4104 3224 4157 ?—
3254 4103 3321 4157 III.
3357 4103 3491 4171 Quia

1905 4213 2115 4265 semper
2144 4196 2195 4251 in
2229 4213 2405 4263 versu,
2435 4198 2676 4267 exceptis
2701 4196 2821 4249 aliis
2848 4196 2979 4249 locis
3006 4195 3200 4265 quibus
3229 4195 3375 4249 varie
3404 4211 3498 4262 po-

1905 4292 2068 4356 nitur,
2104 4291 2343 4359 quintam
2379 4292 2651 4358 regionem
2702 4288 2917 4356 proprie
2943 4287 3167 4351 obtinet,
3214 4286 3497 4355 minusque

1906 4384 2039 4436 leuis
2081 4392 2165 4437 est
2209 4396 2395 4437 \CI‘SUS
2425 4381 2512 4451 qui
2548 4382 2733 4450 quinto
2777 4381 2893 4433 loco
2951 4378 3263 4445 Spondxum
3299 4379 3499 4433 Itabttc-

1906 4478 1992 4541 rit,
2020 4485 2075 4529 et
2104 4486 2321 4529 vocatur
2346 4474 2671 4544 spondiazon
2696 4483 2755 4528 ut
2802 4483 2883 4529 est
2908 4474 2997 4528 ille
3024 4491 3037 4529 :

2156 4578 2253 4625 Ant
2278 4576 2411 4626 leies
2435 4588 2603 4624 ocreas
2629 4575 2762 4624 lento
2785 4577 2965 4624 ducunt
2990 4582 3217 4636 argento,

1907 4668 1961 4712 ct
1989 4660 2108 4712 ideo
2141 4676 2238 4713 nec
2262 4659 2313 4712 in
2350 4662 2451 4711 line
2474 4658 2715 4727 dactylus
2743 4657 2895 4711 debet
2931 4660 3053 4725 poni
3082 4672 3178 4710 nec
3209 4657 3498 4726 spondmus

1909 4750 1960 4803 in
2005 4749 2191 4817 quinto
2235 4748 2373 4802 loco.
2422 4747 2547 4801 Ideo
2591 4748 2877 4815 spend-eus
2919 4762 2948 4799 a
2994 4747 3306 4815 quibusdam
3360 4747 3499 4801 iuius

1912 4856 2005 4911 pes
2019 4838 2586 4910 cognominatur,quod
2607 4838 2877 4907 regionem
2900 4847 3105 4891 sextam
3126 4839 3225 4891 sibi
3245 4839 3495 4893 vindicet.

1987 4934 2049 4989 υ.
2082 4936 2183 5001 Qui
2214 4934 2404 4988 modus
2448 4942 2529 4985 est
2576 4932 2900 4999 syllabarum
2954 4932 3006 4983 in
3034 4946 3190 4985 versu
3233 4931 3497 5001 dactylico

1918 5029 2227 5080 hexametro
2276 5022 2526 5078 heroico?
2570 5024 2729 5076 -—lil.
2779 5022 2966 5077 Omnis
3011 5038 3199 5077 versus
3245 5023 3498 5079 hexame-

1915 5131 1992 5173 ter
2017 5119 2262 5187 dactylus
2298 5117 2408 5170 sive
2445 5115 2702 5169 heroicus
2731 5129 2760 5167 a
2791 5114 3073 5169 duodecim
3119 5116 3340 5184 syllabis
3382 5134 3501 5168 cre-

1912 5214 2013 5267 scit
2043 5227 2209 5281 usque
2235 5210 2304 5265 ad
2333 5226 2438 5265 xvn
2463 5226 2476 5275 ;
2504 5224 2624 5263 nam
2654 5208 2746 5276 qui
2785 5208 2922 5262 imus
2952 5218 3034 5263 est
3077 5208 3237 5263 habet
3263 5210 3499 5277 syllabas

1912 5323 2015 5362 non
2048 5307 2225 5361 minus
2252 5320 2409 5375 quam
2441 5302 2747 5357 duodecim.

1985 5398 2046 5452 Ι).
2079 5398 2217 5465 Quid
2264 5410 2409 5466 ergo,
2457 5409 2637 5449 nonne
2684 5392 2996 5463 plerumque
3045 5392 3344 5446 invenimus
3374 5409 3497 5447 ver-

1913 5502 2027 5543 sum
2059 5503 2185 5542 xvut
2217 5497 2306 5541 aut
2338 5501 2426 5539 xu
2459 5500 2551 5539 seu
2584 5500 2650 5539 xx
2686 5484 3033 5553 syllabarum,
3065 5494 3121 5535 nt
3152 5495 3275 5537 sunt
3306 5484 3356 5538 hi
3393 5502 3407 5538 :

2036 5580 2136 5630 Sed
2155 5590 2386 5628 revocare
2410 5578 2609 5638 gradum
2630 5587 2931 5637 snperasque
2956 5576 3167 5625 evadere
3193 5576 3249 5623 ad
3274 5589 3432 5626 auras.

1914 5666 2041 5720 Item
2076 5683 2087 5718 :

2036 5758 2224 5808 Laurus
2245 5762 2352 5807 crat
2378 5757 2490 5806 lecti
2519 5756 2565 5803 in
2590 5754 2775 5814 medio,
2799 5756 2844 5802 in
2871 5750 3201 5816 penetralibus
3225 5750 3352 5799 altis.

1912 5842 2037 5896 Item
2070 5858 2081 5892 :
