4214 6546
204 445 308 496 177

1126 434 1324 493 LIBER
1364 432 1456 489 DE
1499 427 1937 488 SEPTENARIO
1978 430 2065 486 ET
2105 432 2191 487 DE
2232 431 2507 488 METRIS.

3372 439 3469 493 I78

197 558 463 621 ti-cerunt,
494 553 678 607 decem
726 548 1110 615 schematibus,
1144 558 1201 601 ut
1248 548 1336 602 ille
1365 548 1531 617 prior,
1562 561 1780 612 compo—
1808 542 1860 599 Δ
1886 544 2117 611 quinque
2145 544 2277 598 lucis
2305 544 2607 610 invenitur,
2638 544 2706 597 ita
2740 546 2789 599 in
2823 544 2922 600 hoc
2952 546 3185 600 sedecim
3219 550 3459 618 syllaba-

198 646 369 698 nitur.
418 643 549 697 Nam
596 644 733 695 sicut
780 642 834 695 in
886 640 979 693 illo
1026 654 1113 692 xw
1160 638 1486 708 syllabarum
1536 637 1781 707 dactylus

196 736 382 788 decies
415 734 672 801 variatur,
716 732 789 787 ita
838 732 892 786 in
936 731 1037 784 hoc
1078 731 1362 800 spondreus
1406 730 1565 783 toties
1597 729 1783 784 inver-

197 830 348 884 titur.

278 924 337 976 U.
376 921 572 974 llarum
604 934 783 975 rerum
829 917 1077 987 exempla
1110 916 1354 971 versibus
1384 916 1448 971 ad
1482 917 1618 972 hanc
1657 929 1782 987 spe-

193 1012 338 1065 ciem
383 1011 771 1081 pertinentibus
810 1009 990 1065 doceri
1039 1008 1307 1063 desidero.
1340 1039 1407 1050 —
1432 1010 1502 1064 Μ.
1537 1008 1782 1066 Lucanus

195 1104 340 1157 libro
370 1113 556 1157 octavo
583 1099 840 1170 eXplanat’
860 1101 1043 1155 dicens
1068 1119 1078 1154 :

387 1194 549 1242 Ardua
575 1192 757 1254 quippe
781 1189 902 1241 ﬁdes
922 1192 1146 1242 robustos
1171 1194 1327 1255 exigit
1350 1206 1513 1244 annos.

196 1275 454 1345 idemque
486 1276 623 1330 libro
645 1277 831 1345 quinto
861 1297 871 1330 :

390 1368 564 1417 Fertur
590 1369 645 1417 ad
672 1381 923 1429 aequoreas
946 1380 1001 1416 ac
1025 1381 1079 1416 se
1105 1370 1309 1431 projecit
1330 1371 1376 1417 in
1402 1370 1573 1418 undas.

194 1457 482 1511 Scanditur
512 1459 581 1512 ita
613 1476 625 1511 :
661 1460 823 1530 fertur
862 1460 950 1524 ad,
981 1473 1199 1526 requare,
1229 1473 1285 1510 as
1314 1470 1391 1520 ac,
1425 1472 1477 1509 se
1514 1469 1633 1525 pro,
1656 1456 1783 1525 jecit

194 1552 276 1614 in,
309 1551 497 1603 undas.
523 1549 796 1619 Virgilius,
831 1550 884 1604 in
913 1548 1186 1619 Georgicis
1212 1566 1223 1600 :

354 1684 360 1690 .
388 1644 733 1704 Ascraeumque
759 1658 878 1692 cano
904 1644 1113 1693 Romana
1140 1658 1229 1705 per
1250 1643 1423 1705 Oppida
1444 1656 1655 1692 carmen.

194 1724 267 1777 Et
302 1725 493 1779 Paulus
523 1728 769 1792 Qumstor
799 1728 909 1781 ait:

386 1818 580 1866 Arbiter
605 1830 827 1866 aurarum
852 1820 933 1881 qui
960 1819 1183 1867 ﬂuctibus
1207 1820 1411 1880 imperat
1436 1818 1571 1868 atris.

194 1896 343 1965 Ergo
373 1899 737 1966 hujuscemodi
761 1916 947 1955 versus
969 1902 1309 1955 dec’aschemi
1331 1902 1602 1955 dicuntur.

270 1986 335 2039 D.
368 1987 746 2054 llujuscemodi
778 1991 1143 2058 reSponsionis
1183 2001 1498 2059 argumento
1526 1990 1650 2044 mihi
1683 1992 1779 2045 mi-

190 2078 345 2132 nime
390 2079 716 2133 satisfactum
745 2094 863 2134 esse
894 2080 1145 2147 arbitror,
1177 2081 1281 2135 nisi
1314 2096 1374 2136 ea
1407 2096 1524 2151 quae
1550 2083 1780 2151 particu-

189 2170 347 2222 latim
384 2171 623 2224 versibus
666 2181 915 2240 excerpta
957 2182 1081 2226 sant
1112 2172 1482 2227 universaliter
1525 2174 1778 2241 astipula—

190 2260 345 2315 tiune
402 2262 627 2330 decupla
692 2265 1112 2321 accumulcntur.
1158 2296 1226 2305 —
1256 2266 1324 2321 Μ.
1378 2266 1576 2321 Versus
1618 2267 1779 2321 hexa-

190 2362 373 2405 meter
402 2354 705 2422 quindecim
736 2355 988 2423 syllabis,
1024 2356 1192 2409 tribus
1231 2356 1457 2425 dactylis
1506 2367 1777 2423 constans,

191 2442 360 2503 dena,
395 2453 449 2497 ut
490 2445 741 2512 diximus,
796 2445 1035 2500 continet
1080 2446 1376 2515 schemata,
1428 2448 1528 2503 hoc
1579 2448 1776 2503 modo:

190 2536 317 2591 loco
338 2536 531 2604 primo,
565 2538 801 2591 secundo
832 2547 885 2592 et
907 2542 1066 2593 tertio
1095 2539 1362 2609 dactylum
1391 2558 1404 2594 :

382 2624 484 2672 Jam
513 2627 783 2674 veneranda
814 2626 905 2675 Dei
939 2628 1132 2676 soboles
1154 2629 1383 2678 mundum
1406 2630 1620 2681 salvavit.

189 2708 343 2763 Loco
375 2710 570 2776 primo,
603 2709 838 2763 secundo
866 2719 920 2764 et
946 2720 1134 2778 quarto
1164 2729 1175 2763 :

381 2786 486 2847 3am
511 2800 821 2848 memoranda
847 2798 939 2849 Dei
968 2801 1128 2862 proles
1153 2816 1295 2853 cruce
1321 2811 1485 2856 servat
1507 2804 1662 2855 saecla.

192 2880 343 2935 Luco
369 2882 562 2949 primo,
590 2883 826 2937 secundo
854 2893 905 2938 et
932 2886 1116 2953 quinto
1143 2886 1413 2957 daCIylum
1441 2906 1455 2941 :

386 2973 456 3023 En
481 2976 755 3024 veneranda
782 2977 871 3026 Dei
898 2979 1059 3040 proles
1081 2980 1235 3031 salvat
1258 2995 1402 3032 cruce
1436 2983 1683 3033 mundum.

196 3057 344 3112 Loco
374 3057 565 3126 primo,
592 3061 748 3114 tertio
780 3070 831 3115 et
859 3073 1047 3129 quarto
1075 3066 1340 3138 dactylum
1368 3086 1380 3122 :

384 3147 436 3195 In
459 3161 604 3197 cruce
628 3165 892 3212 suspensus
915 3157 1018 3205 sine
1047 3159 1249 3207 crimine
1274 3161 1424 3211 salvat
1447 3163 1692 3213 mundum.

188 3230 337 3285 Loco
367 3233 559 3300 primo,
592 3236 748 3289 tertio
778 3246 829 3290 et
858 3240 1061 3306 quinto,
1092 3242 1360 3311 dactylum
1398 3263 1410 3295 :

378 3323 609 3372 Omnibus
635 3328 681 3373 in
704 3326 837 3388 ligno
862 3330 1030 3379 tribuit
1051 3345 1250 3393 sperare
1269 3333 1491 3386 salutem.

186 3406 338 3461 Loco
367 3410 559 3477 primo,
591 3422 781 3480 quarto
803 3422 858 3467 et
883 3416 1067 3482 quinto
1098 3419 1371 3487 dactylum
1400 3438 1411 3472 :

376 3488 427 3548 lu
454 3512 597 3551 eruce
622 3505 835 3553 conlitus
850 3506 945 3566 jam
969 3508 1143 3556 smcula
1170 3514 1321 3570 prisca
1348 3515 1553 3563 novavit.

184 3586 333 3639 Loco
365 3587 623 3653 secundo,
659 3590 815 3643 tertio
843 3599 896 3645 et
935 3601 1146 3661 quarto,
1177 3593 1449 3663 dactylum
1484 3614 1498 3651 :

378 3674 605 3723 Mundum
626 3677 721 3736 jam
750 3685 1026 3729 veneranda
1058 3682 1154 3732 Dei
1178 3685 1374 3735 soboles
1399 3688 1612 3737 saltavit.

185 3756 333 3809 Loco
356 3758 614 3826 secundo,
646 3762 802 3813 tertio
828 3771 881 3815 et
907 3764 1111 3831 quinto,
1145 3765 1417 3837 dactylum
1446 3787 1456 3821 :

374 3844 562 3896 Christo
583 3851 956 3901 concelebrctut‘
979 3853 1130 3903 honor
1154 3858 1234 3918 qui
1263 3860 1401 3907 smcta
1425 3862 1682 3921 gubernat.

186 3926 338 3981 Loco
369 3929 629 3995 secundo,
665 3942 851 3999 quarto
881 3943 929 3988 et
960 3936 1164 4004 quinto,
1198 3938 1470 4011 dactylum
1509 3961 1520 3994 :

373 4020 558 4069 Christo
580 4025 892 4075 concelebret
916 4031 1149 4088 praeconia
1173 4031 1335 4081 debita
1363 4035 1583 4084 mundus.

184 4101 334 4155 Luco
367 4105 521 4157 tertio
552 4114 606 4158 et
639 4118 828 4173 quarto
861 4117 913 4161 et
942 4112 1149 4177 quinto,
1183 4113 1450 4185 dactylum
1486 4137 1495 4171 :

373 4193 573 4256 Emptus
592 4195 799 4260 Christo,
819 4201 1168 4252 concelebraris
1186 4217 1305 4255 cane
1318 4210 1540 4266 carmina,
1553 4211 1769 4261 mundus.

258 4276 321 4327 υ.
354 4274 407 4328 lu
440 4291 594 4330 versu
641 4295 725 4332 xvi
756 4283 1079 4351 syllabarum
1119 4296 1247 4355 quot
1287 4289 1561 4345 schemata
1597 4297 1771 4347 cunti-

181 4370 417 4423 nentur?
443 4398 513 4409 ——
534 4370 602 4423 M.
634 4373 878 4429 Totidem
911 4379 1117 4444 Species
1148 4379 1308 4435 habet
1335 4392 1463 4452 quot
1503 4384 1554 4439 in
1588 4391 1767 4442 trede-

186 4465 290 4515 cim
317 4461 422 4528 jam
456 4463 827 4531 patefecimus,
858 4467 909 4519 id
941 4477 1041 4535 est,
1079 4473 1333 4541 quinque.

260 4552 322 4603 D.
360 4551 432 4605 Da
464 4552 652 4608 horum
682 4557 1010 4612 schematum
1044 4572 1355 4627 argumenta
1386 4580 1450 4619 ex
1484 4566 1635 4622 libris
1662 4583 1766 4623 ait"

181 4656 393 4699 ctorum
420 4646 642 4713 prolata.
706 4676 771 4689 —-
802 4650 870 4703 Μ.
904 4652 1146 4707 Lucanus
1175 4656 1310 4710 libro
1342 4658 1502 4712 tertio
1536 4678 1546 4711 :

435 4735 707 4787 l-‘iactarum
732 4741 892 4789 subita
916 4747 1090 4791 ratium
1118 4747 1314 4805 periere
1334 4750 1490 4798 ruina.

178 4817 466 4871 Seuttilitur
494 4820 635 4873 enim
670 4837 682 4872 :
711 4823 898 4890 fracta,
943 4840 1055 4877 rum
1097 4826 1230 4891 subi,
1261 4837 1313 4879 ta
1344 4831 1479 4895 rati,
1514 4848 1599 4884 um
1632 4834 1759 4901 peri,

182 4925 269 4962 ere
298 4925 379 4971 ru,
411 4910 518 4961 ina.
555 4910 619 4964 Et
646 4911 939 4968 notandum
970 4916 1109 4983 quod
1152 4918 1241 4972 hic
1269 4935 1456 4976 versus
1505 4935 1561 4979 et
1588 4928 1769 4981 creteri

183 5000 397 5054 similes
427 5000 564 5069 apud
598 5005 847 5059 nietricos
879 5006 1169 5063 laudabiles
1203 5009 1487 5080 habentur,
1520 5016 1605 5071 ubi
1635 5033 1769 5072 nun-

183 5111 346 5164 quam
388 5095 440 5148 in
480 5098 761 5153 scansione
804 5098 1007 5170 integra
1039 5116 1163 5170 pars
1204 5105 1465 5160 orationis
1508 5109 1769 5180 dirempta

184 5187 472 5254 reperitur,
507 5189 643 5243 sicut
673 5190 725 5244 in
755 5191 874 5247 aliis
898 5194 1231 5249 schematum
1263 5198 1544 5254 ordinibus
1575 5203 1769 5257 crebro

186 5280 480 5334 invenitur.
517 5280 708 5336 Paulus
739 5283 984 5351 Quaestor
1014 5285 1066 5338 in
1098 5290 1391 5355 gratiarum
1420 5290 1629 5347 actione
1653 5294 1729 5347 ait
1758 5311 1766 5345 :

374 5368 621 5419 Oceanum
646 5373 823 5433 rapidis
843 5374 1070 5437 linquens
1089 5387 1421 5443 repetensque
1445 5384 1707 5446 quadrigis.

189 5451 440 5519 Virgilius
472 5453 522 5506 in
552 5454 815 5510 Bucolicis
849 5473 861 5509 :

374 5540 597 5606 Pergite,
625 5544 863 5609 Pierides,
892 5548 1109 5599 Chromis
1134 5556 1185 5601 et
1208 5550 1435 5603 Mnasilus
1460 5556 1503 5603 in
1530 5562 1685 5606 antro.

189 5620 405 5676 Peisius
430 5623 651 5681 Flaccus
679 5627 814 5682 binis
840 5632 1078 5685 versibus
1101 5632 1299 5702 junctis
1321 5634 1393 5689 ait
1422 5655 1434 5689 :

373 5710 549 5791 limine
566 5717 762 5791 quidem
787 5718 1072 5791 hocstudeo
1098 5725 1335 5791 populatis
1360 5733 1411 5774 ut
1430 5728 1543 5776 mihi
1572 5732 1710 5791 nugis

375 5773 554 5835 Pagina
581 5773 826 5838 tergescat
858 5784 973 5830 dare
1003 5773 1187 5843 pondus
1212 5773 1553 5839 idoneal‘um—o'.

191 5854 394 5925 Itaque,
430 5856 561 5911 sicut
604 5857 655 5913 in
687 5876 842 5917 versu
874 5864 1126 5920 tredecim
1167 5867 1489 5935 syllabarum
1526 5873 1767 5943 dactylus

1890 649 2006 686 rum
2034 633 2318 699 spondaaus
2347 632 2537 687 iisdem
2568 633 2699 689 locis
2726 636 2993 691 alternare
3018 641 3385 705 cognoscitur,
3411 650 3464 691 ct

1888 722 2134 776 dicuntur
2201 724 2571 791 pentaschemi
2637 736 2856 794 propter
2914 729 3167 797 pra-dicta
3231 731 3466 800 quinqtte

1886 811 2174 867 schemata.

1960 904 2020 955 D.
2042 904 2360 959 Eorumdem
2383 906 2709 963 schematum
2732 909 2961 978 species,
2983 926 3099 980 qua:
3120 911 3308 967 ordine
3328 927 3466 980 prte-

1886 1004 2100 1064 postero
2129 996 2352 1064 poeticis
2379 998 2620 1054 versibus
2663 1001 2886 1069 prolatae
2915 1012 3062 1067 sunt,
3092 1018 3187 1070 per
3214 1004 3460 1060 ordinem

1886 1086 2122 1154 legitime
2144 1088 2431 1159 quinquies
2453 1089 2734 1161 quinquies
2756 1094 3020 1162 quadrare
3040 1096 3326 1152 absurdum
3355 1114 3460 1152 non

1885 1180 2095 1249 opinor.
2125 1208 2197 1221 —
2226 1180 2295 1234 Μ.
2328 1182 2588 1238 lleroicus
2622 1199 2806 1241 versus
2837 1202 2922 1242 xvi
2947 1188 3194 1258 syllabis,
3226 1200 3455 1259 quatuor

1885 1271 2111 1341 ilactylis
2131 1281 2402 1339 constans,
2435 1275 2667 1346 quinque
2696 1278 2903 1347 species
2932 1281 3189 1347 continet,
3219 1282 3290 1336 ita
3330 1302 3341 1336 :

1885 1361 2025 1418 Loco
2055 1362 2243 1431 primo,
2276 1364 2532 1431 secundo,
2568 1369 2723 1422 tertio
2751 1377 2803 1423 et
2826 1382 3016 1438 quarto
3046 1370 3319 1443 dactylum
3344 1389 3359 1427 :

2038 1452 2143 1504 Jam
2168 1456 2442 1504 veneranda
2467 1457 2559 1506 Dei
2583 1457 2777 1509 soboles
2799 1473 2943 1511 cruce
2966 1462 3119 1513 salvat
3139 1465 3365 1515 mundum

1887 1539 2026 1594 Loco
2054 1541 2246 1608 primo,
2273 1542 2528 1607 secundo,
2555 1544 2736 1609 tertio,
2774 1552 2827 1597 et
2852 1545 3036 1611 quinto
3060 1546 3333 1617 dactylum
3368 1564 3383 1602 :

2036 1632 2140 1679 Jam
2160 1633 2435 1682 veneranda
2458 1633 2551 1683 Dei
2576 1635 2770 1684 soboles
2793 1648 2940 1685 cruce
2959 1636 3115 1688 salvat
3135 1639 3382 1691 mundum.

1885 1713 2027 1769 Loco
2060 1713 2256 1782 primo,
2284 1718 2541 1782 secundo,
2568 1729 2759 1785 quarto
2782 1728 2835 1773 et
2865 1722 3049 1789 quinto
3079 1721 3347 1792 dactylum
3375 1742 3388 1776 :

2037 1804 2110 1855 En
2137 1805 2410 1854 veneranda
2430 1806 2521 1855 Dei
2544 1806 2703 1868 proles
2723 1820 2867 1857 cruce
2888 1810 3028 1859 szecla
3052 1818 3291 1862 coruscat.

1814 1903 1857 1959 η
1886 1890 2030 1946 Loco
2062 1891 2257 1959 primo,
2290 1892 2469 1957 tertio,
2493 1901 2707 1959 quarto,
2740 1901 2795 1946 et
2822 1894 3007 1962 quinto
3038 1894 3304 1965 dactylum
3337 1914 3351 1948 :

2036 1981 2142 2029 Jam
2170 1982 2325 2042 pietas
2356 1983 2589 2030 immensa
2616 1981 2707 2029 Dei
2733 1994 2879 2032 cruce
2901 1990 3071 2033 cuncta
3095 1986 3277 2035 beavit.

1886 2063 2029 2117 Loco
2069 2063 2326 2126 secundo,
2360 2063 2538 2126 tertio,
2589 2072 2804 2131 quarto,
2832 2076 2886 2119 et
2927 2068 3113 2132 quinto
3146 2068 3414 2137 dactylum
3444 2086 3461 2123 ς

2040 2155 2267 2204 Montium
2284 2156 2381 2216 jam
2405 2156 2681 2204 veneranda
2704 2153 2796 2203 Dei
2815 2155 3008 2204 soboles
3032 2170 3175 2206 cruce
3201 2159 3370 2208 salvat.

1954 2240 2016 2293 D.
2052 2240 2186 2305 Quid
2216 2240 2396 2309 igitur,
2432 2242 2482 2293 in
2517 2254 2671 2294 versu
2718 2240 3043 2309 syllabarum
3071 2241 3255 2296 decem
3285 2250 3340 2297 et
3365 2256 3458 2297 se-

1883 2339 2025 2400 ptem
2058 2340 2187 2399 quot
2218 2330 2488 2383 schemata
2520 2339 2764 2383 autumas
2813 2331 3158 2384 calculanda?
3184 2361 3255 2372 —
3278 2331 3349 2387 Μ.
3379 2333 3461 2387 Si-

1885 2422 2085 2474 militer
2114 2420 2167 2473 in
2197 2434 2284 2487 eo,
2316 2428 2372 2473 ut
2402 2421 2455 2474 in
2488 2435 2557 2473 xu
2586 2420 2827 2490 syllabis,
2863 2436 3022 2476 unum
3065 2423 3280 2478 schema
3330 2436 3463 2478 cou-

1885 2512 2039 2565 tineri
2072 2512 2353 2580 astipulor.

1954 2603 2016 2656 D.
2048 2602 2323 2669 Quomodo
2352 2603 2437 2658 vel
2465 2618 2571 2672 quo
2594 2612 2750 2673 pacto
2780 2604 2895 2659 ﬁeri
2926 2612 3102 2674 potest
3126 2615 3183 2661 ut
3205 2606 3458 2663 minimus

1880 2708 2071 2747 versus
2102 2704 2157 2747 et.
2184 2694 2449 2753 maximus
2478 2696 2730 2751 concordi
2762 2698 3093 2754 schematum
3123 2700 3240 2770 lege
3266 2701 3459 2756 decur-

1883 2793 2021 2848 rant,
2056 2798 2175 2839 cum
2209 2794 2489 2854 tantopere
2515 2788 2840 2857 syllabarum
2866 2806 3089 2847 numero
3115 2791 3464 2861 discrepent?

1882 2905 1951 2914 —-
1974 2876 2044 2929 M.
2082 2876 2213 2940 Quia
2244 2876 2316 2931 ibi
2342 2878 2626 2945 spondazus
2662 2881 2895 2949 quinque
2919 2891 3130 2937 constat
3159 2884 3292 2938 locis
3333 2901 3345 2937 :
3377 2882 3464 2940 hic

1880 2981 2007 3021 vero
2032 2967 2276 3039 dactylus
2306 2968 2526 3023 totidem
2557 2970 2688 3025 locis
2726 2971 2997 3041 inseritur,
3020 2985 3243 3043 excepto
3275 2975 3463 3029 ultimo

1884 3058 2040 3127 pede,
2070 3074 2228 3126 quem
2258 3074 2479 3114 necesse
2500 3070 2582 3114 est
2605 3061 2927 3132 disyllabum
2957 3077 3099 3131 esse,
3128 3080 3195 3120 ne
3227 3066 3462 3137 syllaba-

1882 3165 2000 3204 rum
2026 3150 2255 3218 amplior
2286 3166 2536 3206 numerus
2567 3164 2857 3209 accrescat.

1798 3248 1836 3309 (ἶ
1945 3243 2007 3297 D.
2054 3244 2399 3314 Dogmatistzc
2429 3246 2707 3301 sententiis
2750 3256 2805 3301 et
2835 3247 3074 3303 doctoris
3114 3252 3453 3307 sermonibus

1879 3335 2101 3390 credula
2138 3336 2435 3405 prmcordia
2464 3337 2639 3404 pando
2661 3380 2675 3404 ,
2710 3338 2802 3392 sed
2847 3349 3023 3394 tamen
3075 3341 3125 3395 id
3168 3342 3367 3397 certius
3393 3359 3458 3397 ex

1879 3428 2069 3495 priscis
2127 3436 2369 3481 veterum
2428 3429 2761 3497 poematibus
2811 3432 3040 3499 experiri
3086 3434 3453 3500 θυμία-Μ.

1878 3520 2137 3574 Chronica
2166 3519 2383 3573 Eusebii
2419 3520 2692 3591 Virgilium
2740 3522 3052 3579 imminente
3094 3536 3235 3579 metu
3266 3528 3453 3595 mortis

1878 3612 2135 3667 cecinisse
2175 3610 2427 3675 tradunt,
2458 3620 2511 3665 et
2550 3614 2901 3682 epigramma,
2931 3616 3075 3684 quod
3120 3617 3448 3687 epitaphium

1879 3716 2119 3769 vocatur,
2140 3705 2206 3760 ad
2226 3720 2471 3775 suprema
2492 3710 2860 3776 exsequiarum
2882 3709 3066 3766 funera
3085 3716 3449 3783 composuisse

1878 3797 2106 3851 dicendo
2144 3816 2155 3849 :

2037 3888 2230 3937 Man'ua
2250 3902 2328 3938 me
2354 3892 2543 3953 genuit,
2571 3889 2757 3941 Calabri
2782 3904 3010 3957 rapuere,
3038 3903 3176 3947 tenet
3196 3911 3338 3949 nunc.

1875 3973 2157 4026 Scanilitur
2184 3974 2252 4027 ita
2282 3992 2293 4027 :
2326 3974 2542 4028 Mantua
2562 4018 2576 4043 ,
2621 3991 2702 4028 me
2728 3993 2880 4047 genu,
2916 3980 2954 4032 it
3001 3979 3148 4047 Cala,
3178 3982 3257 4035 bri
3300 3988 3451 4051 γάρτι,

1876 4079 1956 4115 ere
1980 4072 2045 4128 te,
2070 4072 2151 4117 net
2178 4080 2333 4117 nunc.
2364 4066 2533 4129 Quem
2561 4064 2806 4122 Lucanus
2839 4070 3116 4139 :cmulans,
3152 4072 3233 4129 his
3276 4076 3456 4132 verbis

1876 4152 2183 4208 imitabatur
2203 4153 2386 4210 dicens
2414 4173 2428 4208 :

2028 4244 2242 4295 Corduba
2265 4259 2346 4296 me
2372 4250 2569 4309 genuit,
2597 4250 2755 4311 rapult
2778 4250 2939 4316 Nero;
2961 4254 3124 4316 praelia
3148 4256 3269 4307 dixi.

1876 4327 2016 4381 Idem
2042 4328 2177 4382 libro
2200 4338 2353 4385 sexto
2380 4349 2390 4380 :

2032 4416 2253 4479 Undique
2277 4420 2505 4481 prtecipiti
2528 4421 2738 4485 sc0pnlis
2762 4428 3126 4477 removentibus
3146 4441 3327 4489 a-quor.

1874 4499 2155 4554 Scanditur
2185 4504 2253 4555 ita
2287 4519 2298 4554 :
2333 4504 2587 4573 mutique,
2618 4508 2850 4574 principi,
2883 4509 2921 4561 ti
2958 4526 3151 4577 acapu,
3192 4512 3255 4565 lis
3284 4530 3444 4577 remo,

1796 4599 1846 4657 Ῑ)
1875 4591 2111 4656 υρηιίὺιη,
2142 4608 2333 4661 wquor.
2367 4596 2433 4647 At
2465 4609 2591 4649 vero
2622 4595 2908 4664 praedictus
2942 4606 3092 4654 vates
3133 4600 3449 4657 Mantuanus

1876 4683 1994 4735 aliti
2022 4684 2092 4735 ita
2122 4684 2286 4737 refert
2322 4703 2332 4736 :

2022 4774 2085 4822 At
2109 4774 2221 4822 tuba
2248 4774 2516 4823 terribilem
2540 4777 2748 4825 sonitum
2774 4779 2939 4839 proch
2960 4792 3057 4829 aere
3083 4792 3277 4831 canoro.

1870 4854 2119 4910 Sedulius
2148 4866 2202 4911 et
2230 4856 2296 4910 de
2339 4859 2721 4913 nionoschemo
2770 4874 2925 4913 versu
2971 4860 3113 4917 inter
3138 4873 3330 4919 caetera
3366 4869 3450 4924 sic

1872 4946 1989 4997 ait:

2026 5034 2207 5087 Laudat
2230 5042 2282 5089 et
2306 5041 2522 5102 egregiae
2551 5042 2717 5091 tribuit
2738 5056 2825 5093 sua
2853 5052 2956 5097 vota
2982 5049 3181 5110 rapina}.

1874 5137 2069 5192 Eodem
2099 5139 2254 5194 modo
2277 5141 2509 5212 PrOSper
2538 5142 2590 5198 in
2624 5146 3107 5216 Epigrammatibus
3136 5153 3335 5209 cecinit
3364 5155 3447 5209 di-

1871 5243 1999 5285 CCllS
2031 5246 2043 5282 ε

2029 5320 2178 5371 ltecta
2205 5324 2372 5374 volens
2396 5326 2599 5386 animus,
2624 5330 2817 5390 sapiens
2842 5338 2893 5380 et
2914 5338 3096 5382 amator
3120 5334 3307 5397 benest‘

1946 5402 2003 5457 Ι).
2043 5404 2177 5471 Quid
2222 5421 2368 5476 ergo,
2409 5424 2747 5478 nunquamne
2780 5414 3026 5483 dactylus
3066 5417 3119 5471 in
3163 5419 3265 5472 hue

1874 5496 1995 5548 tur?
2024 5526 2090 5535 -—
2122 5498 2191 5552 Μ.
2219 5496 2398 5553 Potest
2431 5500 2670 5569 quidem,
2704 5512 2761 5557 ut
2788 5506 2897 5559 vult
2936 5507 3200 5575 Virgilius,
3224 5512 3316 5564 sed
3342 5529 3445 5564 nu..

1875 5586 1925 5639 in
1957 5603 2019 5641 eo
2058 5589 2144 5655 qui
2174 5598 2397 5643 caeteros
2446 5606 2630 5646 omnes
2661 5593 2901 5664 dactylos
2951 5598 3139 5663 habet;
3186 5602 3349 5656 veluti
3398 5604 3449 5657 in

1875 5678 2147 5748 Georgicis
2185 5699 2195 5731 :

2024 5772 2119 5819 Aut
2144 5784 2335 5833 spumas
2359 5778 2564 5826 miscent
2584 5783 2778 5839 argenti
2807 5781 3007 5841 iit-aque
3031 5781 3276 5845 sulphura,

1875 5868 2030 5921 quem
2064 5855 2275 5923 quidam
2307 5856 2627 5915 lllVCllt‘lllCa
2661 5861 2735 5916 sic
2769 5862 2947 5931 legunt
2984 5880 2997 5916 z
