4214 6538
751 422 841 474 HD

1363 561 1373 570 .
1413 558 1423 568 .
1467 559 1476 568 .
1518 559 1527 568 .
1569 558 1580 568 .
1611 530 1662 570 et
1687 519 1913 582 sulphura
1938 520 2058 567 viva.

751 620 953 668 llursus
987 611 1128 666 idem
1163 611 1296 663 libro
1327 616 1477 661 sexto
1504 604 1769 659 .IEueidos
1798 621 1811 656 :

902 709 983 756 Bis
1013 708 1179 768 patriae
1204 702 1432 752 cecidere
1463 714 1652 760 manus,
1677 701 1793 760 quin
1817 699 2034 758 protinus
2057 698 2232 756 omnia,

745 806 902 860 quem
934 789 1144 858 quidam
1180 802 1272 854 per
1301 783 1665 854 synaltepham
1691 779 2004 846 excludunt,
2041 792 2137 831 nec
2170 778 2330 832 intel-

752 881 977 950 ligentes
1009 875 1381 948 synaloephant
1408 882 1532 926 tunc
1562 885 1682 924 esse
1713 884 1836 924 cum
1870 867 2078 922 vocales
2108 868 2244 921 inter
2272 882 2329 920 se

755 970 1072 1039 conﬂigunt,
1104 983 1198 1023 seu
1230 967 1379 1029 solm,
1412 964 1485 1017 uti
1521 960 1790 1031 Virgilius,
1825 960 1960 1014 libro
1989 973 2040 1011 tv
2067 976 2079 1011 :

812 1066 966 1122 Quam
987 1071 1037 1112 tu
1057 1063 1244 1118 urbem,
1263 1071 1417 1118 soror,
1440 1057 1562 1106 bane
1580 1069 1770 1120 cernes,
1794 1064 1902 1115 quae
1918 1064 2125 1112 surgere
2147 1052 2326 1114 regna!

752 1146 820 1201 Et
847 1145 1114 1208 Lucanus,
1143 1142 1279 1196 libro
1310 1157 1340 1194 v
1369 1159 1379 1192 :

905 1238 1039 1288 Steva
1059 1235 1200 1296 quies
1227 1232 1388 1296 pelagi
1412 1234 1679 1289 mmstoque
1708 1228 1880 1288 ignava
1907 1224 2164 1286 prolundo;

751 1336 843 1375 seu
875 1318 1190 1389 interposita
1219 1323 1567 1378 consonante,
1603 1319 1659 1364 ut
1689 1327 1700 1362 :

909 1410 1120 1472 Longius
1144 1417 1193 1457 et
1218 1407 1415 1456 volvens
1439 1404 1642 1452 fatorum
1665 1413 1835 1450 arcana
1857 1400 2084 1456 tnovebo;

754 1497 892 1566 quod
941 1507 1275 1563 nequaquam
1307 1493 1360 1546 in
1411 1487 1667 1559 praedicm
1722 1485 1858 1537 libro
1899 1483 2066 1535 asscri
2117 1491 2329 1547 [.tilt'sl;

753 1589 945 1656 quippe
972 1585 1248 1640 absolutus
1279 1595 1373 1651 pes
1402 1588 1482 1635 est
1505 1577 1698 1642 omnia,
1731 1583 1788 1629 ut
1819 1575 1872 1628 in
1907 1573 2170 1628 Bucolicis
2205 1589 2217 1626 :

913 1677 1084 1724 Omnia
1108 1675 1203 1724 fert
1226 1681 1344 1722 aetas

912 1739 1080 1788 Omnia
1109 1739 1254 1785 vincit
1277 1746 1430 1783 amor.

755 1829 943 1882 Posset
965 1825 1142 1895 itaque
1172 1835 1358 1876 versus
1388 1818 1546 1873 etiam
1584 1833 1648 1871 ex
1691 1813 1915 1882 dactylis
1959 1826 2052 1865 sex
2088 1825 2166 1864 cu:
2193 1820 2333 1863 stare

754 1920 800 1974 si
851 1917 1108 1974 mo‘derno
1152 1924 1392 1981 tempore
1435 1906 1641 1963 metrici
1683 1919 1786 1960 non
1832 1903 2143 1967 refutarent,
2171 1902 2327 1956 veluti
2366 1884 2406 1942 υ

760 2026 944 2067 versus
971 2010 1062 2065 ille
1085 2015 1168 2062 est
1203 2027 1210 2057 :

912 2102 1108 2150 Interea
1131 2106 1303 2149 tenero
1334 2096 1448 2146 mihi
1476 2091 1646 2143 bucula
1675 2102 1874 2152 pascere
1902 2090 2149 2150 gramine;

757 2197 808 2242 et
838 2184 966 2239 alibi
996 2202 1009 2237 ε

909 2279 973 2327 At
998 2278 1106 2326 tuba
1128 2275 1396 2326 terribilem
1418 2271 1626 2322 sonitum
1655 2267 1818 2330 procul
1847 2271 2028 2316 excitat
2057 2266 2183 2311 lterri
2206 2263 2264 2311 'a.

834 2360 896 2415 D.
927 2357 1205 2426 Quomodo
1230 2357 1310 2409 his
1336 2354 1592 2417 versibus,
1620 2352 1707 2420 qui
1729 2351 1939 2418 dactylo
1961 2349 2330 2409 tcrm‘nantur,

768 2451 971 2506 metrici
988 2447 1300 2502 vocabulum
1318 2440 1779 2498 indiderunt?—M.
1799 2438 1949 2506 Apud
1967 2438 2214 2490 metricos
2228 2438 2335 2505 qui-

757 2545 876 2599 dem
900 2539 1265 2612 hujuscemodi
1293 2550 1476 2593 vcrsus
1499 2532 1791 2589 cataleetici
1822 2538 2212 2595 nm’icupautur,
2242 2537 2330 2580 ut:

911 2653 1084 2702 Sidera
1111 2649 1279 2712 pallida
1304 2647 1559 2708 defugiunt
1585 2643 1688 2692 face
1715 2643 1884 2690 territa
1908 2639 2116 2699 luminis,

759 2741 832 2792 ita
865 2748 918 2793 et
943 2738 1248 2805 superiores
1281 2731 1409 2786 duo.

830 2830 1024 2902 [Maius
1056 2844 1156 2882 om.
1190 2845 1200 2878 :
1231 2826 1294 2880 D.
1322 2819 1658 2877 Euutneratis
1685 2833 1810 2888 ergo
1836 2833 1978 2870 χχχιι
2006 2816 2334 2868 schematum

761 2917 1058 2981 ordinibus,
1101 2927 1422 2983 magnOpere
1464 2909 1696 2977 efﬂagito
1737 2916 1790 2960 ut
1838 2906 2117 2958 enucleate
2151 2919 2338 2957 citem-

760 3010 968 3075 plorum
1015 3008 1154 3060 serie
1203 3002 1517 3072 regulariter
1557 2999 1823 3052 edisseras
1871 3010 2000 3064 quor
2031 2994 2238 3062 species
2285 2993 2334 3045 in

756 3099 1080 3152 carminibus
1115 3095 1359 3163 Virgilii,
1401 3094 1480 3146 vel
1518 3091 1735 3153 Lucani,
1784 3104 1876 3142 seu
1920 3087 2086 3141 Persii
2137 3085 2333 3150 Flacci,

757 3201 848 3244 aut
877 3187 1113 3243 Terentii
1146 3188 1256 3240 Atri
1279 3227 1292 3250 ,
1327 3182 1654 3252 deprehendi
1703 3189 1916 3249 queant.
1945 3207 2010 3215 —
2037 3176 2104 3230 Μ.
2137 3177 2213 3228 Ex
2245 3191 2335 3228 su~

1538 414 1593 465 S.
1639 408 1992 466 ALDllEL‘lll
2033 406 2310 462 OPERUM
2353 404 2528 461 PARS
2570 404 2632 458 ll.
2677 435 2744 443 ——
2785 402 3217 458 TRACTATUS.

2355 526 2406 584 Α

3927 396 4015 450 180

2585 517 2768 566 Scindit
2786 528 2842 566 se
2866 515 3024 565 nubes
3048 525 3098 566 et
3123 516 3173 563 in
3201 512 3388 563 aethera
3416 519 3597 574 purgat
3621 516 3870 573 apertum.

2438 603 2538 655 Aut
2566 601 2734 668 primo
2760 609 2810 655 et
2839 601 3018 666 tertio,
3052 607 3109 653 ut
3134 617 3145 651 :

2587 690 2862 742 interclusit
2882 693 3038 742 hiems
3061 699 3111 741 et
3128 691 3300 740 terruit
3325 689 3508 739 Auster
3534 695 3740 737 euntes.

2433 776 2536 829 Aut
2567 777 2734 844 primo
2763 783 2816 829 et
2837 785 3044 842 quarto,
3078 784 3136 826 ut
3170 791 3183 828 :

2571 868 2689 916 Cum
2713 868 2850 927 ﬂetu,
2881 867 3210 928 precibusque
3237 865 3366 926 tulit,
3393 877 3482 925 per
3509 864 3673 913 sidera
3701 869 3876 910 testor.

2433 955 2536 1006 Aut
2555 952 2791 1007 secundo
2815 959 2868 1004 et
2891 960 3102 1019 quarto,
3136 959 3189 1002 ut
3217 966 3230 1000 :

2525 1043 2728 1105 Jamque
2751 1043 2854 1090 vale
2878 1043 2888 1089 !
2928 1049 3124 1103 torquet
3147 1040 3330 1089 medios
3355 1051 3450 1090 ηοχ
3477 1039 3672 1087 humida
3699 1047 3889 1085 cursus.

2436 1129 2535 1181 Aut
2569 1127 2724 1180 tertio
2754 1133 2807 1179 et
2834 1133 3039 1194 quarto,
3075 1133 3166 1177 ut:

2619 1219 2850 1269 Ascanius
2876 1217 3040 1266 meriti
3063 1217 3178 1264 tanti
3205 1227 3298 1263 non
3323 1216 3574 1263 immemor
3597 1221 3831 1272 unquam.

2510 1305 2570 1358 D.
2608 1304 2685 1358 Ex
2717 1317 2872 1358 versu
2900 1300 3132 1356 sedecim
3165 1297 3488 1370 syllabarum
3519 1304 3650 1364 quot
3676 1292 3883 1362 species
3913 1290 4004 1341 sibi

2436 1409 2723 1464 usurpasse
2757 1389 3214 1462 deprehenditur?
3238 1419 3306 1430 —
3338 1389 3406 1443 Μ.
3438 1386 3584 1442 Licet
3618 1385 3761 1439 hunc
3804 1397 4002 1437 versum

2438 1486 2608 1541 Grmci
2637 1484 3067 1552 pentaschentum
3089 1480 3346 1543 dixerint,
3378 1477 3628 1548 prmfatus
3651 1485 3828 1530 tamen
3862 1482 4005 1541 poeta

2441 1585 2664 1646 quatuor
2685 1575 2893 1643 species
2917 1573 3039 1627 inde
3067 1569 3371 1641 assumpsit,
3407 1568 3528 1638 quia
3576 1575 3668 1621 aut
3699 1565 3867 1636 primo
3895 1565 4007 1618 loco

2436 1667 2717 1736 spondarus
2751 1666 3037 1728 invenitur,
3071 1675 3128 1718 ut
3163 1681 3173 1715 :

2589 1758 2826 1818 Carthago
2849 1765 3033 1818 prernat
3049 1756 3326 1812 Ausoniam,
3355 1753 3468 1802 nihil
3491 1752 3696 1802 urbibus
3720 1748 3860 1806 inde;

2442 1851 2495 1895 et
2526 1841 2648 1896 alibi
2673 1839 2808 1895 binis
2838 1839 3101 1903 versibus,
3132 1844 3186 1890 ut
3218 1853 3228 1886 :

2592 1953 2770 2000 Cernat
2803 1951 3003 1998 scminct
3023 1951 3036 1998 i
3060 1948 3150 1996 sibi
3176 1959 3255 1996 me
3281 1957 3456 2004 rapere
3481 1955 3610 1991 arma
3630 1948 3836 2004 cruenta

2590 2014 2934 2074 Vit-torumque
2956 2012 3115 2059 ferant
3135 2003 3388 2057 morientia
3415 2006 3592 2053 lumina
3616 2003 3786 2053 Turni.

2441 2097 2650 2168 [Sttpp!.
2677 2097 2779 2147 Aut
2809 2089 3066 2160 secundo]
3097 2100 3191 2144 ut:

2515 2184 2758 2233 Dentibus
2784 2181 3068 2232 infrendens
3087 2181 3300 2242 gemitu;
3324 2179 3639 2240 graditurque
3664 2187 3748 2238 per
3770 2187 3956 2235 aequor.

2439 2272 2542 2322 Aut
2570 2267 2802 2322 secundo
2831 2274 2882 2320 et
2906 2266 3079 2327 tertio,
3107 2273 3163 2318 ut
3192 2261 3282 2334 [F.
3309 2263 3407 2331 leg.
3439 2263 3542 2313 Aut
3565 2259 3742 2323 tertio,
3766 2257 3846 2325 ut]
3874 2274 3888 2310 :

2533 2380 2955 2438 Graitiginumquc
2982 2375 3147 2424 domos
3171 2381 3493 2434 suSpectaque
3520 2369 3746 2431 liquimus
3770 2377 3905 2415 arva.

2441 2467 2544 2517 Aut
2572 2473 2759 2532 quarto
2790 2472 2840 2514 et
2863 2463 3066 2526 quinto,
3102 2465 3158 2510 ut
3187 2456 3275 2524 [ια’.
3304 2457 3402 2523 leg.
3427 2455 3531 2506 Aut
3554 2460 3759 2520 quarto,
3794 2451 3873 2515 uti
3900 2467 3908 2497 :

2538 2554 2676 2604 Ilnnc
2702 2565 2819 2612 cape
2845 2550 3055 2599 consiliis
3077 2551 3261 2596 socium
3288 2553 3337 2594 et
3361 2545 3603 2606 conjunge
3631 2543 3892 2592 volentem.

2443 2639 2569 2692 llt‘lll
2605 2658 2612 2688 :

2568 2729 2799 2774 Ascanius
2822 2724 3011 2785 galeam
3035 2727 3149 2772 ante
3174 2720 3324 2782 pedes
3353 2717 3554 2780 proiecit
3582 2719 3630 2764 in
3657 2727 3870 2764 amnem.

2512 2811 2574 2864 D.
2611 2810 2773 2862 Porro
2805 2825 2870 2861 ex
2919 2821 3072 2860 versu
3105 2804 3290 2858 decem
3337 2811 3390 2856 et
3441 2808 3643 2866 septem
3694 2796 4016 2867 syllabarum

2440 2903 2793 2975 quotspecies
2832 2895 3160 2966 assumpsit?
3186 2925 3253 2936 —
3284 2893 3352 2947 Μ.
3385 2890 3551 2947 Unius
3609 2897 3817 2942 tantum
3869 2887 4022 2942 sche-

2443 2998 2598 3050 matis
2623 3005 2765 3049 sorte
2788 2994 3104 3062 gratulatur,
3134 2988 3249 3043 sine
3296 2999 3398 3055 quo
3423 2984 3646 3037 aliarum
3686 2981 4021 3035 schematum

2443 3087 2718 3153 Speciebns
2751 3083 2986 3136 lundtns
3031 3093 3216 3134 carere
3265 3073 3599 3144 cognoscitur
3632 3091 3643 3124 :
3677 3086 3800 3142 quae
3841 3069 4024 3124 Grece

2445 3178 2856 3229 monoschcmus
2923 3183 3105 3224 versus
3178 3177 3432 3230 vocatur,
3483 3179 3606 3217 cum
3655 3172 3853 3231 praeter
3904 3159 4025 3212 ulti-

761 3278 1010 3348 pradictis
1040 3275 1316 3345 speciebus
1356 3287 1500 3327 xxxu
1535 3285 1637 3325 non
1675 3268 1902 3336 amplius
1942 3281 2098 3334 quam
2148 3265 2333 3318 dcem
2361 3243 2409 3306 Ο
2444 3283 2583 3320 muni
2618 3265 2806 3333 pedem
2837 3261 3015 3317 cgetcri
3039 3273 3223 3316 omnes
3253 3257 3508 3328 dac:ylica
3558 3254 3850 3322 fungantur
3875 3265 4002 3306 scan

758 3380 812 3424 et
843 3378 1045 3436 septem
1081 3369 1130 3419 in
1168 3363 1503 3433 poematibus
1549 3370 1963 3413 memoratarum
2016 3357 2338 3421 investigare

761 3461 923 3525 valui,
957 3467 1181 3527 except.»
1207 3457 1480 3520 Terentio,
1512 3453 1600 3521 qui
1633 3466 1755 3506 cum
1801 3448 2194 3503 Cummdiaruut
2243 3461 2335 3499 vo-

760 3551 980 3616 lumina,
1017 3547 1363 3602 Menandrum
1396 3554 1632 3607 secutus,
1685 3558 1788 3594 non
1822 3540 2052 3593 heroicis
2094 3536 2339 3593 versibus

758 3652 1129 3712 componeret,
1173 3653 1355 3696 earum
1385 3637 1638 3706 prologus
1671 3650 1789 3687 cum
1838 3633 1905 3685 ab
1945 3631 2151 3686 aemulis
2182 3630 2339 3684 dente

757 3734 954 3789 canino
983 3740 1314 3800 carperetur,
1348 3728 1398 3782 in
1431 3725 1796 3781 defensionem
1829 3722 1909 3778 sui
1954 3723 2096 3777 velut
2139 3721 2332 3790 Apolo-

759 3823 965 3894 geticus
991 3821 1137 3876 senis
1167 3819 1415 3873 dabatur.

835 3915 901 3969 D.
927 3911 1154 3966 Easdem
1183 3908 1370 3966 decem
1394 3916 1446 3962 et
1467 3916 1668 3974 septem
1690 3904 1895 3974 species
1917 3918 1994 3957 cei
2011 3901 2113 3956 tius
2141 3916 2339 3968 cogno-

762 4019 915 4060 scere
941 4001 1280 4072 concupisco.
1317 4029 1382 4041 —-
1411 3998 1484 4053 Μ.
1511 3997 1567 4050 lu
1608 4011 1761 4050 versu
1814 3993 2066 4047 tredecim
2112 3991 2342 4060 syllaba.

764 4111 884 4152 rum
921 4094 1026 4149 duo
1076 4095 1345 4148 schemata
1395 4087 1866 4160 deprehenduntur
1913 4100 1942 4138 a
1992 4083 2211 4152 Virgilio
2262 4095 2344 4134 as-

769 4198 1006 4256 sumpta,
1039 4186 1139 4240 hoc
1185 4182 1422 4240 secundo
1469 4182 1585 4236 loco
1615 4187 1670 4234 et
1710 4179 1914 4248 quinto,
1947 4191 2066 4230 nam
2101 4173 2345 4229 secundo

767 4280 903 4335 duos
932 4287 1131 4332 tantum
1165 4275 1405 4345 dactylos
1437 4271 1769 4340 reperiuntur
1799 4267 1935 4338 (sic),
1973 4278 2025 4322 ut
2056 4284 2066 4318 :

921 4370 1016 4420 Aut
1041 4369 1179 4418 leves
1201 4377 1370 4416 ocreas
1394 4365 1528 4414 lento
1551 4362 1732 4410 ducunt
1756 4368 1976 4421 argrnto.

768 4463 862 4508 aut
882 4454 1083 4522 quinto,
1113 4461 1169 4506 ut
1196 4471 1206 4502 :

923 4542 990 4593 Se
1016 4543 1109 4591 duo
1133 4541 1303 4591 seleCLi
1329 4540 1458 4588 ferro
1481 4537 1563 4598 qui
1589 4534 1812 4584 scindere
1841 4531 2015 4580 vallum

773 4631 838 4686 Et
871 4630 1006 4687 infra
1045 4647 1056 4682 :

929 4722 1169 4770 Ductores
1192 4719 1436 4769 Teucrum
1459 4715 1595 4776 primi
1619 4712 1793 4760 dilecta
1825 4711 2068 4770 juventus.

852 4805 913 4858 ι).
950 4804 1022 4857 Ex
1069 4817 1226 4855 versu
1255 4816 1341 4854 XIV
1373 4795 1696 4867 syllabarum
1726 4800 1854 4862 quot
1901 4787 2108 4857 spi-cies
2140 4801 2346 4840 assum-

774 4909 880 4966 pta:
902 4895 1058 4951 sunt?
1083 4925 1146 4934 —
1175 4894 1242 4948 Μ.
1279 4892 1494 4957 Septem
1527 4885 1620 4957 [Γ.
1653 4880 1781 4952 tres]
1811 4890 2046 4940 tantum;
2088 4887 2175 4930 aut
2201 4877 2344 4933 enim

781 4991 950 5059 primo
979 4997 1031 5040 et
1060 4985 1242 5054 quinto
1273 4983 1389 5036 loco
1421 4976 1661 5047 dactylus
1692 4972 1963 5035 inseritur,
1995 4980 2049 5021 ut
2087 4987 2095 5019 :

931 5079 1080 5127 Filius
1103 5077 1212 5124 huic
1236 5083 1422 5134 contra,
1453 5071 1535 5131 qui
1562 5073 1757 5128 torquet
1781 5064 1938 5111 sidera
1963 5059 2142 5108 mundi.

778 5168 880 5219 Aut
910 5161 1147 5215 secundo
1174 5168 1228 5212 et
1260 5155 1466 5225 quinto,
1502 5158 1558 5205 ut
1593 5167 1604 5201 :

933 5253 992 5301 lit
1014 5264 1102 5298 nux
1131 5258 1231 5298 atra
1262 5246 1422 5308 polum
1449 5244 1576 5304 bigis
1600 5240 1828 5290 subvecta
1854 5234 2072 5284 tenebat.

781 5339 883 5390 Aut
912 5342 1102 5400 quarto
1130 5341 1183 5384 et
1206 5330 1409 5398 quinto,
1449 5333 1504 5378 ut
1538 5341 1549 5375 :

934 5422 1159 5472 Stridens
1180 5421 1382 5480 trajectu
1404 5416 1583 5464 btesitae
1609 5409 1842 5473 patefacta
1869 5406 2089 5455 cerebro.

857 5515 917 5568 ι).
949 5517 1021 5568 Ex
1051 5529 1207 5567 versu
1237 5508 1538 5580 quindecim
1562 5505 1886 5576 syllabarum
1916 5507 2046 5569 quot
2070 5493 2359 5550 schemati-

785 5610 886 5664 bus
919 5604 1271 5674 iungebatur?
1299 5629 1367 5642 —-
1396 5600 1462 5653 Ill.
1489 5597 1739 5667 Quamvis
1767 5588 2137 5660 hujuscemodi
2171 5599 2358 5640 versus

789 5698 1170 5754 tlccaschemus
1205 5697 1486 5754 vodtetur,
1529 5702 1682 5742 senas
1719 5683 1811 5758 [1".
1844 5680 2053 5751 quinas]
2085 5691 2257 5734 tamen
2294 5691 2357 5731 ex

795 5789 982 5842 eodem
1006 5785 1289 5849 assumpsit
1310 5781 1551 5848 species;
1583 5792 1702 5829 nam
1732 5783 1820 5829 aut
1852 5771 2020 5842 primo
2048 5778 2098 5825 et
2130 5765 2359 5822 secundo

800 5879 915 5930 loco
946 5874 1226 5943 Spondasus
1257 5871 1534 5941 reperitur,
1564 5879 1619 5920 ut
1650 5883 1662 5918 :

2443 3369 2616 3420 sione,
2649 3369 2703 3412 ut
2738 3376 2749 3410 :

2539 3449 2636 3497 Nos
2661 3447 2822 3508 procul
2852 3445 2964 3492 inde
2991 3443 3149 3505 fugam
3176 3440 3349 3502 trepidi
3371 3438 3634 3488 celebrare
3658 3444 3883 3496 recepto.

2447 3530 2572 3584 ltum
2599 3525 2798 3595 primus
2835 3537 3015 3575 versus
3043 3518 3344 3574 duodecimi
3383 3515 3503 3570 libri
3537 3531 3551 3567 :

2599 3617 2826 3666 Panditur
2857 3617 3043 3663 interea
3063 3611 3233 3659 domus
3257 3607 3611 3667 omnipotentis
3633 3602 3845 3665 Olympi.

2453 3705 2521 3757 Et
2545 3705 2594 3757 in
2619 3701 2933 3754 duodecimo
2967 3717 2976 3749 :

2598 3792 2719 3842 Tum
2745 3791 2862 3851 lapis
2889 3791 2993 3850 ipse
3018 3787 3106 3836 viri
3132 3796 3327 3834 vacuum
3353 3794 3441 3844 per
3465 3782 3611 3830 inane
3631 3778 3842 3831 volutus.

2448 3877 2513 3930 Et
2544 3876 2592 3928 in
2622 3872 2898 3941 Georgicis
2927 3889 2938 3922 :

2593 3965 2680 4014 llle
2700 3964 2826 4014 volat
2849 3963 2990 4012 simul
3009 3974 3122 4010 arva
3145 3959 3257 4020 fuga
3275 3957 3414 4006 simul
3435 3967 3628 4019 aequora
3656 3936 3904 4011 verrens.)

2521 4048 2582 4101 ι).
2616 4047 2745 4112 Quis
2785 4055 2865 4100 cst
2918 4056 3101 4097 versus
3155 4039 3402 4094 heroicus
3446 4034 3827 4091 catalecticus?
3854 4059 3927 4070 —
3957 4029 4020 4082 Μ.

2453 4139 2657 4192 l’r:ebet
2696 4135 2945 4204 Virgilius
2976 4131 3303 4199 exemplum,
3335 4128 3516 4182 dicens
3551 4143 3563 4178 :

2583 4253 2644 4303 Et
2667 4254 2838 4303 tunicae
2862 4251 3075 4299 manicas
3095 4255 3146 4298 et
3168 4246 3346 4295 habent
3363 4241 3645 4293 redimicula
3667 4239 3844 4288 mitrae.

2453 4339 2733 4393 Scauditur
2759 4337 2828 4388 ita
2861 4353 2871 4386 :
2900 4344 2945 4387 et
2969 4334 3095 4396 tuui,
3129 4345 3200 4384 ca:
3227 4330 3385 4396 mani,
3416 4341 3502 4380 cas
3555 4335 3599 4378 et
3624 4323 3747 4388 hab,
3781 4330 3864 4376 ent
3895 4320 4022 4384 redi,

2453 4430 2664 4495 micula,
2696 4428 2876 4480 mitrw.
2910 4423 3073 4488 Idem,
3097 4421 3231 4476 libro
3261 4433 3312 4473 χι
3338 4437 3349 4471 :

2701 4518 2909 4568 Fecerat
2932 4524 2984 4566 et
3008 4516 3139 4567 tenui
3166 4513 3290 4563 telas
3314 4511 3619 4563 discreverat
3640 4519 3776 4557 auro.

2379 4597 2430 4654 D
2457 4604 2516 4656 Et
2543 4603 2680 4656 libro
2707 4600 2950 4656 Iudicum
2979 4618 2990 4651 :

2637 4690 2957 4752 Septuaginta
2977 4687 3110 4750 prius
3133 4690 3374 4738 truncarat
3399 4694 3600 4746 corpora
3623 4693 3821 4742 regum.

2458 4777 2524 4829 Et
2546 4777 2786 4829 Lucanus
2817 4773 2951 4827 libro
2983 4771 3136 4826 tertio
3164 4789 3174 4823 :

2640 4866 2829 4914 Primus
2851 4861 3084 4914 Caesareis
3108 4860 3266 4922 pelagi
3286 4858 3436 4908 decus
3457 4855 3640 4906 addidit
3661 4855 3821 4902 armis.

2526 4952 2584 5005 D.
2620 4952 2747 5016 Quis
2779 4957 2860 5001 est
2911 4958 3094 5000 versus
3147 4938 3650 5014 liypcrcatalecticus
3679 4935 4023 4991 liexametcr?

2463 5072 2526 5080 --
2555 5041 2623 5094 Μ.
2655 5038 2752 5094 Ubi
2802 5050 2951 5092 certo
3002 5049 3224 5090 numero
3273 5046 3364 5088 sex
3410 5027 3601 5100 pedum
3663 5040 3766 5080 una
3822 5024 4020 5095 syllaba

2461 5133 2810 5188 subnectitur.

2534 5229 2594 5283 Ι).
2621 5223 2807 5282 Profer
2846 5238 3058 5278 versum
3090 5222 3190 5276 hoc
3218 5215 3379 5273 modo
3407 5211 3784 5283 compositum.
3812 5237 3882 5250 -—-
3909 5207 3977 5262 ll.

2521 5317 2660 5367 Alma
2680 5315 2846 5365 Venus
2865 5312 3059 5375 Paphon
3084 5308 3375 5372 ingreditur,
3395 5315 3507 5354 rosa
3530 5300 3693 5350 luceat
3716 5311 3781 5348 ea
3804 5297 3966 5356 aditis,

2464 5404 2530 5458 lit
2559 5401 2682 5454 alibi
2717 5417 2727 5451 :

2527 5493 2771 5556 ilunpere
2795 5492 2999 5541 claustra
3023 5498 3162 5535 manu
3195 5492 3351 5533 socios
3369 5477 3548 5542 gelidis
3568 5475 3690 5525 dare
3713 5475 3776 5523 de
3800 5469 4025 5533 scopulis.

2464 5553 2717 5634 Simulet
2753 5575 2804 5628 in
2837 5580 3165 5642 pentametto
3217 5563 3477 5636 dactylico
3519 5553 4026 5630 bypercatalecticus

2466 5683 2648 5724 versus
2688 5665 3004 5727 admittitur,
3037 5673 3092 5717 ut
3124 5675 3140 5715 ε

2651 5759 2689 5809 Ο
2711 5758 2842 5808 Deus
2865 5758 3170 5817 omnipotens
3189 5749 3368 5812 largire
3386 5749 3512 5796 viam
3541 5741 3791 5805 precibus.

2466 5851 2528 5905 Et
2553 5847 2672 5901 alibi
2700 5866 2710 5898 :
