4214 6540
210 452 301 503 εει
1160 435 1360 491 LlBER
1403 434 1493 489 nn
1532 434 1961 490 SEl‘l‘ENAltIO
2000 434 2087 489 ET
2133 438 2216 489 me
2255 436 2517 492 MEl'lllS.
3364 444 3460 499 ιδα

395 557 594 605 Pulchra
622 551 781 615 puella
805 561 964 599 comas
991 547 1140 596 ambit
1156 548 1246 595 sibi
1274 546 1572 608 palmitibus.

283 641 340 692 ι).
370 639 507 704 Quot
535 646 655 689 sunt
691 634 899 701 species
923 631 976 683 in
1003 645 1208 685 arsura
1240 628 1537 683 hexametri
1567 641 1779 682 versus.

226 764 275 772 -—
305 732 370 783 Μ.
406 730 664 794 Quatuor.

288 824 345 873 t).
378 819 557 871 Pande
589 815 904 869 nominatim
936 811 1244 867 earumdem
1267 808 1519 864 vocabula
1552 823 1787 863 ctesura-

211 927 349 963 ium.
374 937 443 948 —
471 907 539 960 Μ.
572 904 867 966 [ὶίειτὶςιυς,
895 902 1115 965 divisus,
1140 902 1347 965 mistus,
1381 899 1679 966 Priapeius.

288 1001 347 1052 ι).
382 999 509 1063 Quis
539 1004 622 1049 est
650 1010 837 1049 versus
882 993 1192 1048 districtus?
1216 1023 1283 1030 —-
1313 990 1381 1044 Μ.
1415 990 1516 1055 Qui
1548 990 1596 1041 in
1638 1004 1789 1041 scau-

212 1094 364 1144 sione
391 1090 578 1157 pedum
624 1102 895 1157 nunquam
922 1088 1215 1142 arationem
1248 1083 1620 1139 accommodat
1652 1084 1788 1137 intc—

212 1198 385 1250 graui.

291 1273 353 1325 D.
396 1271 580 1324 Melius
607 1271 867 1338 exemplis
899 1284 1055 1338 quam
1086 1269 1222 1323 nuda
1254 1269 1579 1323 verbositate
1630 1268 1792 1321 iul‘or-

216 1380 351 1415 tuor.
384 1390 455 1403 —
486 1363 552 1414 M.
575 1363 785 1415 Psmbet
816 1364 1009 1414 Arator
1038 1363 1339 1427 exemplum
1371 1378 1380 1411 :

404 1451 716 1512 Mortalisque
742 1452 830 1498 sibi
860 1450 1068 1498 szudium
1096 1459 1327 1511 prapouat
1351 1453 1512 1509 origo.

215 1537 499 1589 Scauditttr
532 1537 597 1587 ita
632 1552 643 1586 :
679 1532 869 1600 Morta,
900 1534 1061 1602 lisque
1089 1534 1153 1596 si,
1204 1533 1251 1584 lii
1300 1533 1438 1585 studi
1465 1574 1476 1591 ,
1531 1550 1613 1585 uin
1665 1548 1754 1596 pro
1780 1568 1792 1591 ,

217 1637 374 1693 ponat
403 1643 462 1689 ο,
496 1630 623 1694 figo.
659 1626 794 1679 Ecce
822 1624 961 1679 nulla
1012 1627 1181 1679 oratio
1214 1624 1415 1692 integra
1460 1624 1512 1677 in
1556 1622 1797 1692 quolibet

223 1721 359 1788 pede
384 1728 589 1787 reperta
638 1726 739 1772 est.
772 1717 939 1782 Idem,
967 1718 1089 1769 alibi
1120 1731 1134 1768 :

404 1810 585 1870 Largiri
611 1809 839 1859 salvantis
863 1820 1005 1870 apem
1035 1818 1365 1868 numerusque
1382 1807 1581 1854 dierum.

220 1895 352 1947 item
388 1894 612 1960 Prosper
637 1895 688 1947 in
714 1893 1193 1959 Epigrammatibus
1220 1909 1231 1943 :

407 1982 627 2030 Fallaccs
650 1995 846 2042 semper
872 1984 1002 2029 curis
1031 1988 1321 2041 torquentur
1344 1982 1532 2030 amaris.

223 2068 521 2137 Virgilius:

416 2157 682 2218 inlati-lum,
708 2158 895 2218 regina,
914 2157 1058 2217 jubes
1082 2167 1319 2203 renovare
1343 2154 1579 2201 dolorem.

220 2240 537 2309 Symposios
588 2250 742 2310 pieta
805 2240 1102 2294 districtum
1154 2253 1365 2293 versam
1408 2238 1662 2307 protulit,
1705 2235 1791 2288 die

221 2347 352 2385 CCDS
383 2350 395 2382 Ζ

384 2421 551 2469 Dulcis
575 2419 689 2469 adcr
709 2421 940 2478 nemoris,
969 2420 1152 2465 ﬂamma
1178 2417 1407 2476 fumoque
1426 2417 1615 2477 fatigor.

302 2503 363 2554 Ι).
423 2503 550 2567 Quis
606 2509 688 2554 est
741 2500 939 2552 divisus
986 2499 1295 2552 versus?—
1326 2496 1395 2552 Μ.
1427 2497 1527 2562 Qui
1570 2499 1619 2548 in
1650 2510 1800 2549 scau-

224 2592 401 2645 dendo
452 2600 627 2658 partes
661 2590 918 2644 orationis
970 2599 1244 2656 separatas
1296 2587 1471 2651 habet,
1521 2587 1572 2640 id
1620 2598 1700 2641 cst
1748 2596 1801 2638 ut

226 2692 355 2753 quot
386 2683 547 2751 pedes
579 2683 754 2745 habet,
785 2691 858 2735 tot
888 2692 940 2735 et
981 2683 1274 2744 arationes,
1302 2688 1359 2731 ut
1384 2688 1506 2747 puta
1539 2700 1549 2731 :

382 2772 473 2822 Dic
495 2772 628 2831 mihi,
654 2771 773 2833 Clio,
799 2773 1014 2834 quisnam
1038 2774 1217 2833 primus
1240 2771 1426 2832 tingere
1448 2783 1509 2819 ve
1538 2784 1648 2829 sus;

224 2856 320 2910 sed
350 2855 654 2923 hujusmodi
684 2869 893 2910 versum
940 2855 1361 2922 pentliemimere
1386 2854 1468 2909 rel
1507 2852 1801 2921 hepthemi-

226 2961 378 3001 mcre
406 2954 677 3001 carentem
712 2945 999 3000 madernus
1033 2960 1156 3000 usus
1189 2946 1242 2999 in
1272 2946 1580 3000 hexametro
1612 2944 1799 3012 dactyc

232 3039 338 3091 lico
366 3052 471 3091 non
502 3037 731 3092 libenter
759 3038 1015 3093 admittit.

302 3132 365 3183 D.
399 3131 530 3198 Quis
566 3141 649 3186 est
670 3145 857 3187 versus
880 3133 1097 3186 mistus?
1128 3161 1195 3173 -—
1216 3131 1285 3185 Μ.
1306 3131 1405 3198 Qui
1436 3142 1715 3198 utrumque
1750 3133 1799 3183 in

235 3239 297 3279 sc
339 3223 517 3289 habet,
546 3223 597 3276 id
628 3233 705 3278 est
736 3231 935 3290 partem
964 3223 1193 3278 districti
1234 3233 1288 3278 et
1320 3233 1521 3293 partem
1550 3224 1726 3277 divisi.

310 3312 373 3366 D.
409 3312 633 3366 Facilius
662 3312 869 3366 ratione
891 3312 1097 3378 ﬂector,
1118 3311 1159 3365 si
1190 3312 1435 3380 exempla
1461 3310 1789 3380 probaveris.

241 3436 301 3445 --
328 3404 396 3457 Μ.
432 3404 705 3473 Virgilius,
730 3403 867 3458 libro
891 3420 972 3458 Iv:

473 3493 536 3543 At
556 3496 726 3557 regina
752 3496 882 3556 gravi
898 3495 1172 3555 jamdudum
1196 3496 1355 3544 saurla
1377 3507 1510 3543 cura.

234 3576 301 3629 Et
324 3575 457 3628 infra
491 3594 503 3628 :

478 3669 664 3719 Vulnus
688 3669 774 3720 alit
795 3674 935 3720 venis
959 3679 1009 3720 et
1034 3682 1163 3719 caeco
1185 3671 1393 3731 carpitur
1426 3670 1557 3729 igne.

230 3751 296 3804 Et
326 3751 523 3821 Sibylla
554 3752 889 3820 prophetissa
915 3753 986 3805 ait
1011 3769 1024 3805 :

418 3842 722 3892 Denumerat
746 3846 905 3893 tacitis
930 3852 998 3893 tot
1017 3844 1217 3893 crimina
1236 3844 1455 3892 conscius
1477 3840 1623 3891 ultor.

228 3924 299 3977 Et
328 3923 452 3977 alibi
487 3934 640 3991 poeta
671 3926 835 3980 dicit:

382 4013 559 4062 Petrus
584 4015 858 4076 apostolica:
883 4017 966 4075 qui
991 4015 1199 4064 culmina
1226 4013 1451 4075 prasidet
1476 4015 1616 4061 arcis.

225 4098 513 4153 Scanditur
558 4098 627 4151 ita
655 4114 669 4151 :
702 4097 886 4151 Petrus
927 4114 1017 4167 ap,
1067 4096 1218 4151 astoli
1239 4138 1252 4161 ,
1301 4112 1372 4150 ca:
1393 4096 1477 4165 qui
1509 4101 1653 4163 (ecce
1682 4108 1803 4162 pars

222 4189 508 4257 districti),
558 4189 821 4255 culmina,
867 4190 1121 4257 prwsidet,
1170 4188 1304 4241 artis
1349 4187 1513 4257 (ecce
1553 4200 1676 4253 pars
1725 4185 1805 4237 di-

219 4278 323 4332 visi
353 4280 391 4345 ).

300 4366 361 4421 D.
410 4367 537 4432 Quis
564 4378 645 4421 est
675 4381 859 4422 versus
912 4382 1129 4421 C(IBSUI‘IB
1171 4364 1464 4432 Priapeia}?
1494 4393 1563 4403 —
1606 4362 1673 4416 M.
1704 4363 1802 4428 Qui

228 4461 281 4512 in
314 4458 557 4526 Priapeia
587 4470 763 4512 metra
792 4458 1204 4526 deprehenditur
1233 4457 1518 4523 ascriptus.

302 4552 368 4603 ι).
395 4551 559 4616 Quale
582 4559 665 4604 est
684 4558 911 4603 metrum
940 4549 1278 4616 Priapeium?
1296 4578 1361 4590 --
1384 4549 1451 4600 Μ.
1478 4549 1610 4601 Cum
1641 4547 1801 4602 hexa-

1811 549 1860 607 Α
1890 545 2061 613 l'riapi
2092 549 2389 614 cousuipta
2433 558 2556 601 sunt
2590 570 2599 601 ;
2633 560 2850 617 propter
2898 551 3035 617 quod
3086 552 3232 604 multi
3282 556 3463 607 vnlunt

1889 635 1987 689 hoc
2041 650 2209 703 genus
2254 637 2653 706 compositionis
2705 640 2953 694 Bucolica
3014 641 3231 692 carmini
3292 644 3458 708 magis

1888 741 2200 781 CODVCIHI‘L‘.

1965 817 2027 869 D.
2065 816 2216 881 Quod
2245 828 2325 871 est
2355 820 2601 887 Pythium
2634 822 2984 873 metrum?-—
3018 821 3084 874 Μ.
3132 820 3273 873 Idem
3323 827 3460 888 tpnul

1893 908 2277 962 hexametrum.

1965 1000 2027 1052 D.
2071 1002 2220 1055 [Inde
2244 1001 2440 1055 dictum
2465 1012 2544 1057 est
2572 1003 2819 1074 Pythium
2837 1003 2860 1056 ?
2878 1032 2936 1043 —-—
2957 1005 3177 1069 Quidam
3202 1020 3247 1057 at
3264 1006 3463 1059 bitrau-

1890 1102 1978 1145 tur
2027 1092 2094 1145 ob
2134 1094 2184 1146 id
2239 1095 2377 1162 ipiod
2423 1096 2524 1150 hoc
2574 1112 2771 1164 genere
2810 1096 2965 1150 metri
3023 1098 3236 1151 orreula
3291 1099 3461 1165 prium

1894 1181 2124 1251 Apollini
2160 1185 2265 1237 sint
2292 1185 2453 1251 edita,
2503 1186 2589 1251 qui
2635 1186 2912 1242 interfecto
2962 1187 3205 1257 Pythone
3236 1187 3453 1256 Pythius

1893 1278 2063 1333 dictus
2085 1287 2185 1342 est,
2218 1280 2328 1348 qui,
2361 1291 2413 1333 ιιι
2438 1281 2619 1348 fertur,
2651 1296 2770 1336 cmn
2796 1282 2845 1334 in
2874 1280 3135 1335 Parnassa
3164 1282 3456 1351 Pythonem

1895 1381 2196 1439 serpentem
2229 1371 2277 1422 in
2312 1370 2594 1423 vindictam
2619 1372 2804 1425 matris
2832 1370 3039 1439 sagittis
3070 1371 3461 1441 insequeretur.

1897 1462 2090 1515 accola:
2108 1461 2342 1528 Delphici
2370 1461 2467 1513 huc
2485 1462 2630 1515 llllllll
2662 1477 2816 1517 versu
2843 1471 2896 1516 et
2918 1461 3181 1516 facundia:
3203 1464 3465 1515 cothurno

1898 1553 2221 1607 extulerunt.

1974 1643 2033 1694 D.
2069 1645 2206 1707 Quot
2234 1646 2370 1701 πάθη
2424 1645 2473 1696 in
2514 1644 2777 1714 dactylico
2831 1654 2886 1699 et
2927 1644 3237 1698 hexametro
3266 1645 3465 1699 inserta

1899 1733 2247 1798 astipularis?
2280 1734 2360 1785 vel
2391 1734 2513 1800 quid
2545 1744 2664 1786 suut
2706 1736 2876 1793 πάιθηῖ
2897 1765 2965 1775 --
2994 1736 3061 1788 M.
3094 1737 3226 1794 Πάθη
3255 1736 3466 1804 quidem

1901 1819 2087 1874 Latina
2128 1820 2305 1889 lingua
2348 1822 2623 1890 passiones
2674 1823 2943 1877 dicuntur.
2975 1824 3112 1878 Sunt
3142 1835 3319 1877 autem
3374 1841 3471 1877 nu-

1832 1894 1873 1952 Β
1905 1928 2051 1965 mera
2083 1925 2196 1976 sex,
2238 1912 2553 1978 acephalon,
2585 1914 2973 1982 pracephalon,
3008 1917 3245 1984 lagaran,
3280 1929 3471 1985 pracy-

1908 2004 2014 2065 lon,
2040 2004 2375 2067 dulicheron,
2402 2006 2607 2060 miuron
2640 2006 2724 2059 vel
2754 2005 2987 2074 spicode.

1983 2093 2043 2145 D.
2073 2094 2208 2157 Quid
2239 2104 2317 2148 est
2357 2096 2687 2162 acephalon?
2716 2124 2783 2137 --—
2805 2096 2874 2149 Μ.
2909 2096 3105 2149 Versus
3129 2098 3245 2150 sine
3275 2097 3470 2166 capite,

1905 2201 2021 2237 cuin
2062 2186 2229 2252 prima
2254 2184 2455 2254 syllaba
2483 2194 2662 2238 contra
2696 2194 2938 2239 naturam
2982 2187 3291 2253 corripitur.

1980 2276 2039 2327 Ι).
2092 2277 2162 2329 Da
2213 2277 2518 2344 exemplum
2590 2279 2899 2332 auctoritate
2958 2279 3253 2347 probatum.
3298 2307 3359 2322 ν-
3401 2280 3468 2333 Μ.

1907 2372 2152 2440 Virgilius
2178 2371 2413 2425 secunda
2445 2387 2595 2426 versu
2618 2371 2873 2426 AEueidas
2902 2373 3159 2440 aeepliala
3190 2374 3363 2441 posuit
3392 2372 3471 2425 di-

1906 2476 2031 2515 CCDS
2067 2480 2076 2511 ἶ

2398 2533 2580 2581 Italiam
2606 2534 2702 2581 fato
2723 2533 2965 2595 profugus.

1910 2614 2115 2668 Etenim
2147 2615 2475 2669 barbarisma
2500 2616 2825 2670 tribrachum
2854 2632 2951 2686 pro
2986 2617 3197 2687 dactylo
3228 2616 3469 2671 admisit.

1904 2705 1992 2757 Sic
2018 2714 2072 2756 et
2102 2714 2312 2758 caetera:
2366 2707 2643 2772 passiones
2693 2716 2783 2759 aut
2822 2707 2873 2760 in
2927 2706 3101 2760 media
3144 2716 3236 2759 aut
3281 2708 3334 2761 in
3366 2709 3471 2760 line

1910 2794 2236 2848 inseruntur.

1978 2888 2041 2941 Ι).
2073 2888 2202 2953 Quia
2229 2888 2443 2957 longum
2467 2896 2625 2941 estut
2650 2887 2938 2941 sciscitatio
2965 2896 3019 2941 et
3048 2888 3243 2942 solutio
3271 2902 3478 2942 earum-

1905 2976 2025 3031 dem
2077 2978 2384 3046 passionum
2442 2992 2537 3046 per
2586 2977 2829 3031 ordinem
2873 2977 3225 3043 cnucleetur,
3281 2977 3469 3030 saltem

1906 3069 2216 3122 extremitas
2266 3068 2543 3136 pandatur.
2599 3066 2734 3133 Quid
2784 3077 2865 3120 est
2904 3066 3113 3119 miuran
3141 3066 3219 3119 vel
3262 3064 3473 3133 Sphico—

1905 3159 2088 3211 dium?
2118 3158 2267 3211 -Μ.
2289 3167 2394 3218 Μῦς
2418 3158 2602 3212 Latine
2626 3173 2743 3211 mus
2772 3158 2854 3212 vel
2883 3172 3037 3211 sorex
3071 3158 3468 3226 interpretatur.

1833 3259 1879 3321 ο
1912 3248 1987 3302 Ex
2012 3249 2195 3303 eadem
2226 3248 2389 3316 prima
2434 3247 2697 3316 positione
2726 3246 3076 3301 derivativum
3114 3245 3322 3299 ducitur
3345 3247 3473 3298 miu-

1908 3360 1995 3396 rus
2024 3341 2107 3395 vel
2140 3340 2387 3393 miurinus
2418 3340 2494 3394 vel
2522 3340 2784 3393 saricinus.

1980 3432 2042 3484 D.
2070 3431 2202 3497 Quid
2244 3430 2437 3484 astruis
2485 3444 2604 3484 esse
2651 3428 2965 3499 sphicodin?
2991 3457 3061 3468 -—
3091 3429 3161 3482 Μ.
3192 3431 3316 3499 Σφὴξ
3346 3428 3474 3482 dici-

1910 3531 1992 3576 tur
2029 3521 2212 3576 Grazce
2242 3522 2453 3588 crabro,
2492 3522 2628 3577 unde
2674 3523 2945 3576 derivatur
2992 3520 3271 3589 sphicodis,
3309 3530 3362 3575 et
3402 3528 3479 3573 ta-

1907 3629 2026 3670 men
2080 3616 2273 3667 miurus
2330 3615 2412 3668 vel
2460 3614 2719 3684 sphicodis
2749 3614 2813 3667 ad
2859 3628 3018 3666 unam
3069 3612 3474 3682 signiﬁcationis

1908 3705 2138 3772 regulam
2164 3705 2430 3773 pertinere
2485 3714 2797 3768 nascuntur,
2829 3703 2950 3773 quia
2981 3714 3206 3771 utraque
3233 3701 3479 3755 animalia

1908 3798 2052 3849 tenui
2070 3807 2123 3850 et
2148 3797 2327 3866 gracili
2360 3796 2718 3850 membrorum
2745 3794 3077 3850 extremitate
3103 3794 3473 3849 terminantur.

1907 3882 1980 3937 Ita
2012 3894 2065 3938 et
2096 3900 2281 3938 versus
2303 3886 2388 3953 qui
2423 3884 2727 3954 pyrrhichio
2754 3883 3036 3938 clauditur.

1978 3976 2043 4029 D.
2087 3977 2215 4042 Qua:
2246 3985 2328 4030 est
2356 3991 2559 4032 caesura
2607 3974 3047 4045 penthemimeris
3074 4014 3091 4041 ,
3150 3982 3204 4029 et
3252 3975 3480 4044 qualiter

1909 4069 2312 4136 interpretatur?
2345 4097 2412 4106 —
2461 4068 2530 4121 M.
2584 4066 3028 4121 Penthemimeris
3076 4065 3262 4119 Latine
3314 4066 3475 4119 semi-

1910 4159 2147 4226 qninaria
2174 4158 2397 4223 dicitur;
2425 4161 2581 4226 ἥμισυ
2624 4158 2821 4226 quippe
2844 4157 3007 4210 semis
3034 4164 3151 4221 est;
3200 4155 3338 4210 sicut
3385 4156 3475 4210 lie-

1909 4249 2296 4316 misphzerium,
2330 4250 2674 4317 semisphaera
2707 4248 2896 4302 Latina
2944 4248 3116 4317 lingua
3144 4247 3475 4316 intelligitur.

1912 4342 1960 4393 id
1994 4351 2074 4394 est
2103 4341 2319 4394 dimidia
2349 4354 2470 4408 pars
2502 4340 2606 4408 poli
2641 4354 2797 4407 supra
2820 4350 2908 4392 aut
2930 4338 3063 4392 inl'ra
3088 4347 3281 4391 terram
3312 4338 3476 4406 aequis

1913 4433 2152 4487 lancibus
2185 4433 2392 4486 librata.
2434 4432 2563 4487 Nam
2608 4432 3047 4499 penthemimeris
3074 4430 3127 4484 in
3166 4445 3322 4485 versu
3384 4429 3479 4483 he-

1913 4526 2057 4578 roico
2104 4524 2297 4578 dicitur
2342 4523 2431 4577 ubi
2489 4530 2607 4592 post
2640 4522 2773 4576 duas
2799 4523 2962 4591 pedes
3010 4522 3249 4589 sequitur
3278 4520 3480 4589 syllaba

229 4652 407 4694 metra
438 4656 597 4695 versu
640 4641 797 4709 primi
853 4650 957 4694 tres
998 4640 1158 4707 pedes
1205 4637 1532 4692 concatenati
1566 4638 1704 4691 inter
1743 4653 1801 4691 se

1839 4616 1884 4674 D
1913 4629 2027 4682 qua:
2062 4622 2262 4681 partem
2299 4614 2547 4667 terminet
2575 4612 2855 4675 orationis,
2885 4622 2978 4666 ut:

220 4748 245 4779 a
275 4729 493 4797 reliquis
516 4729 683 4782 tribus
720 4729 1067 4797 sequentibus
1108 4726 1262 4780 divisi
1292 4726 1627 4795 separatique
1651 4737 1793 4779 sunt.

304 4822 370 4874 υ.
413 4821 612 4873 llarum
669 4836 845 4873 rerum
895 4821 1255 4893 exieiimenta
1313 4819 1630 4873 authenticis
1687 4836 1803 4872 ver-

226 4918 380 4968 sibus
418 4913 595 4967 doccri
648 4913 910 4967 desidero.
972 4942 1028 4953 —
1074 4913 1145 4966 Μ.
1190 4911 1433 4981 Virgilius
1483 4912 1533 4965 in
1588 4911 1799 4965 Bucoli-

222 5007 303 5062 cis
336 5022 349 5059 :

417 5094 478 5143 L’t
504 5106 658 5155 puero
682 5094 856 5145 Phoebi
881 5096 1059 5144 chorus
1082 5096 1409 5145 assurrexerit
1437 5100 1613 5144 omnis.

225 5203 362 5254 Item
392 5197 684 5267 Sibyllinos
712 5212 900 5252 versus
931 5197 1035 5251 hac
1064 5198 1201 5252 idem
1229 5197 1466 5251 declarat
1496 5216 1503 5248 :

406 5288 550 5338 Vivat
570 5297 624 5338 ut
642 5295 829 5338 interna
854 5290 1027 5346 bonus,
1048 5301 1103 5336 ac
1120 5286 1273 5338 malus
1293 5288 1461 5337 ardeat
1484 5290 1615 5350 igne.

223 5373 352 5428 ltem
383 5370 696 5439 Symposius
724 5386 738 5423 :

349 5463 449 5512 Ore
477 5474 649 5524 procax
677 5474 770 5511 non
794 5476 918 5523 sum,
944 5475 1036 5513 non
1062 5474 1169 5512 sum
1191 5465 1447 5514 temeraria
1472 5462 1654 5524 lingua.

224 5544 478 5613 Virgilius
507 5561 520 5597 :

352 5634 449 5683 Aut
465 5632 655 5683 Ararim
676 5634 880 5684 Parthus
906 5636 1039 5686 bibet
1068 5643 1150 5686 aut
1172 5635 1428 5687 Germania
1447 5635 1655 5697 Tigrim.

299 5718 366 5771 υ.
407 5716 557 5771 Unde
603 5716 801 5770 dictum
851 5729 932 5772 est
974 5720 1272 5788 Priapeium
1329 5720 1594 5773 metrum?
1629 5748 1697 5759 —
1732 5719 1796 5771 Μ.

227 5805 378 5871 Quod
435 5806 684 5874 pleraque
734 5808 973 5862 carmina
1015 5807 1381 5877 hujuscemodi
1437 5810 1487 5863 in
1542 5810 1795 5864 honorem

2029 4703 2268 4751 'l'runcum
2294 4710 2426 4752 terra
2448 4705 2591 4763 tegit,
2617 4701 2808 4751 latitant
2834 4704 2878 4751 in
2904 4705 3090 4764 ceSpite
3114 4702 3337 4765 lymphas.

1978 4787 2103 4839 item
2140 4788 2367 4855 Prosper
2396 4788 2445 4839 in
2475 4787 2845 4855 mnigmatibus
2869 4788 2934 4840 de
2951 4788 3191 4841 oratione
3226 4788 3435 4841 Domini
3460 4804 3474 4840 :

2030 4878 2145 4927 Cum
2169 4891 2316 4940 prece
2334 4880 2626 4939 sanguineas
2643 4878 2872 4929 fundebat
2897 4891 3100 4939 corpore
3120 4885 3296 4939 guttas.

1980 4961 2038 5012 ι).
2082 4960 2215 5025 Quid
2273 4969 2356 5014 est
2410 4960 2885 5028 hepthemimeris?
2922 4990 2991 5002 --
3015 4961 3081 5014 Μ.
3110 4962 3296 5017 Latine
3326 4964 3484 5015 semi-

1912 5050 2210 5117 septenaria
2265 5052 2563 5120 appellatur
2618 5068 2843 5119 caesura,
2885 5067 3006 5107 cum
3037 5062 3155 5121 post
3179 5062 3285 5108 tres
3318 5054 3479 5123 pedes

1910 5142 2147 5209 sequitur
2174 5142 2375 5211 syllaba
2406 5153 2606 5211 partem
2638 5146 2898 5199 arationis
2926 5145 3243 5209 terminans,
3268 5153 3324 5197 ut
3350 5164 3359 5197 :

2310 5236 2467 5295 Musa,
2491 5236 2605 5285 mihi
2629 5249 2798 5286 causas
2818 5247 3049 5287 memora.

1913 5294 1975 5349 Et
2004 5295 2130 5350 alibi
2168 5314 2181 5351 :

2080 5295 2130 5350 bl
2168 5338 2179 5351 ’
2344 5366 2445 5416 Nec
2472 5367 2600 5430 pepli
2623 5370 2778 5417 radios
2803 5374 3017 5427 pascunt.

1912 5448 2039 5502 Item
2064 5445 2265 5501 Phacus
2292 5468 2301 5501 :

2054 5539 2126 5589 Te
2151 5541 2409 5602 longinqua
2437 5550 2608 5603 petens-
2630 5546 2855 5591 comitem
2880 5543 2974 5591 sibi
3002 5542 3133 5591 terre
3155 5544 3322 5590 viator.

1983 5620 2043 5674 ι).
2088 5623 2213 5686 Quae
2265 5632 2346 5674 cst
2398 5637 2597 5676 cmsura
2652 5623 3041 5687 trititrachaici,
3074 5624 3156 5677 vel
3207 5624 3481 5677 lritustro-—

1912 5712 2130 5766 charos?
2160 5740 2226 5751 -ο
2260 5712 2329 5766 Μ.
2358 5714 2492 5767 Cum
2527 5714 2683 5768 tertio
2715 5715 2831 5769 loco
2862 5730 2955 5783 per
2984 5714 3252 5783 dactylum
3288 5724 3472 5769 ternu-

1914 5813 2088 5870 natur,
2124 5803 2255 5857 sicut
2292 5812 2442 5871 pacta
2478 5806 2738 5872 promisit,
2764 5805 2946 5859 dicens
2980 5821 2987 5853 2
