4172 6534
714 424 814 478 185

836 539 937 590 Hoc
958 536 1082 587 volo.
1106 545 1168 582 ne
1194 534 1410 582 breviter
1433 528 1548 578 mibi
1574 528 1754 590 syllaba
1778 529 1926 588 prima
1951 525 2161 585 legatur.

786 626 848 677 Et
873 621 998 674 alibi
1035 638 1046 672 :

832 713 934 762 Nec
953 715 1047 775 jam
1069 719 1198 760 terra
1222 720 1385 767 vocor,
1409 706 1528 756 licet
1553 719 1615 756 ex
1642 717 1722 753 me
1743 709 1874 752 terra
1898 706 2120 762 paretur.

781 797 910 851 Item
941 796 1265 863 epigramma
1293 791 1540 859 Prosperi
1564 785 2003 842 tritoutruchaenn
2041 780 2276 850 protulit:

830 892 1055 950 Athona,
1081 900 1190 950 quae
1210 899 1328 936 vere
1350 887 1474 934 bona
1497 887 1627 940 sunt,
1648 892 1742 929 nec
1764 880 1858 927 fine
1882 883 2132 926 tenentur.

783 975 842 1026 l).
883 973 1012 1038 Qua:
1078 979 1161 1024 est
1213 961 1451 1023 deﬁnitio
1505 978 1727 1018 caesura:
1773 956 2212 1016 tetartitrochaici
2257 999 2271 1020 ,

708 1083 862 1135 quain
914 1063 1128 1134 quidam
1181 1057 1656 1116 tetartebucolicon
1711 1049 2058 1119 nuncupant?
2107 1079 2173 1088 —-
2212 1047 2282 1100 Μ.

722 1161 854 1211 Cum
905 1157 957 1210 in
1002 1163 1187 1222 quarto
1216 1152 1333 1206 loco
1364 1150 1444 1204 vel
1473 1146 1687 1217 regione
1719 1157 1841 1214 pars
1864 1141 2125 1198 orationis
2155 1155 2272 1195 cum

707 1247 919 1318 dactylo
943 1245 1277 1299 term’natur.

779 1339 836 1391 υ.
883 1335 1175 1390 Manifestis
1227 1331 1593 1398 exemplorum
1645 1326 1827 1382 formis
1859 1325 1960 1379 hoc
1980 1322 2281 1379 evidentius

707 1430 938 1484 reserari
970 1441 1117 1493 rogo.
1146 1452 1217 1465 —
1248 1423 1315 1477 Μ.
1346 1421 1620 1490 Virgilius,
1656 1419 1822 1487 prima
1851 1418 2035 1486 ecloga
2066 1416 2176 1469 infit
2211 1432 2224 1466 :

910 1519 1009 1567 Nos
1034 1518 1201 1580 patria:
1228 1516 1348 1565 lines
1373 1520 1422 1564 et
1442 1512 1596 1562 dulcia
1621 1511 1884 1570 linquimus
1905 1520 2037 1556 arva.

708 1604 774 1658 ιει
803 1601 937 1657 infra
969 1620 981 1654 ε

859 1695 1002 1755 Saepe
1025 1700 1169 1743 tener
1194 1690 1370 1739 nostris
1393 1689 1452 1738 ab
1479 1687 1686 1738 ovilibus
1711 1687 1894 1734 imbuet
1922 1695 2096 1745 agnus.

706 1779 816 1833 lloc
846 1777 982 1831 idem
1007 1775 1259 1830 Paulinus
1287 1775 1459 1842 primo
1482 1787 1635 1826 versu
1673 1790 1683 1822 :

826 1870 996 1917 Annua
1022 1873 1130 1917 vota
1156 1867 1243 1915 tibi
1272 1870 1506 1922 remeant,
1534 1862 1673 1910 simul
1699 1873 1856 1908 annua
1883 1858 2075 1919 linguaz.

708 1953 774 2004 Et
823 1951 1109 2004 notandum
1160 1947 1299 2015 quod
1351 1945 1530 2013 regula
1570 1941 1800 2016 Bucolici
1835 1939 2086 1996 carminis
2118 1937 2280 2006 exigit

702 2053 761 2096 ut
806 2049 1024 2108 quartus
1071 2054 1160 2105 pes
1217 2036 1434 2106 dactylo
1483 2050 1696 2101 semper
1743 2033 2105 2096 clauderetur,
2135 2028 2277 2098 quod

704 2134 957 2202 Virgilius
985 2132 1153 2182 victus
1180 2129 1360 2194 Operis
1384 2125 1690 2179 difficultate
1723 2123 1981 2190 neglexit.

775 2224 835 2276 D.
879 2222 1164 2288 Postquam
1220 2217 1503 2284 ancipitem
1534 2213 1772 2268 metrica:
1803 2212 1936 2264 artis
1966 2210 2273 2276 scrupulum

704 2315 822 2367 luce
849 2310 1043 2366 clarius
1089 2306 1380 2376 digeSsisti,
1432 2305 1541 2373 jam
1601 2313 1807 2369 tempus
1852 2308 1906 2355 et
1933 2299 2065 2353 ordo
2097 2313 2275 2352 rerum

699 2404 863 2472 exigit
887 2411 943 2455 ut
985 2400 1246 2466 promissa
1270 2396 1612 2465 aanigmatum
1636 2392 1962 2460 problemata
1996 2390 2280 2443 luculenta:

702 2491 1013 2549 urbanitatis
1061 2489 1304 2544 versibus
1332 2485 1646 2556 patefacias,
1680 2499 1742 2537 ac
1765 2482 2020 2548 deinceps
2046 2480 2280 2546 singulo—

701 2602 818 2642 rum
849 2598 1178 2656 quorumque
1233 2580 1449 2650 pedum,
1509 2586 1729 2645 excepta
1783 2573 2158 2643 synzugiarum
2191 2585 2280 2623 su-

703 2680 901 2748 perflua
924 2677 1258 2741 confusione,
1291 2673 1550 2727 rationem
1574 2667 1894 2736 regulariter
1931 2663 2190 2718 inculces.
2212 2688 2282 2700 —

703 2772 773 2826 hl.
800 2769 916 2824 Jant
954 2767 1150 2824 dudum
1186 2766 1237 2819 id
1271 2765 1446 2818 facere
1472 2771 1795 2827 satagercm,
1823 2755 1923 2809 nisi
1948 2753 2280 2819 scrupulosa:

703 2855 1150 2923 interrogationes
1179 2864 1283 2907 tuae
1320 2851 1670 2919 anticipantes
1693 2844 2083 2902 festinationem
2106 2855 2280 2897 meam

700 2951 751 3003 vi
786 2947 1016 3020 quadam
1042 2951 1496 3017 prmoccuparent.

958 3151 1106 3227 ΖΕΝ
1124 3149 1606 3226 IGMATUM
1691 3147 2012 3224 LIBER.

1301 3349 1678 3406 PROLOGUS.

705 3473 744 3520 Α
786 3466 968 3530 rbiter,
995 3465 1216 3520 aetherio
1239 3465 1434 3534 jugiter
1457 3463 1545 3534 qui
1577 3462 1823 3533 regmine
1849 3470 2028 3531 sccptr
2234 3459 2276 3512 Α

702 3556 742 3610 ι.
781 3557 1140 3626 uciﬂuumque
1162 3557 1322 3611 simul
1353 3557 1472 3610 cwli
1503 3556 1680 3624 regale
1714 3555 1924 3608 tribuna
2241 3551 2279 3603 L

704 3651 745 3701 lt
789 3650 1010 3718 isponis,
1041 3650 1330 3703 moderans
1361 3647 1577 3702 internis
1602 3646 1808 3714 legibus
1834 3645 1925 3698 illu
2241 3641 2280 3696 D

701 3742 742 3794 ll
785 3741 962 3795 orrida
992 3757 1114 3794 nam
1151 3741 1414 3792 tnulctans
1445 3736 1646 3791 torsisti
1679 3735 1913 3790 membra
1941 3733 2196 3787 llebemot
2233 3731 2270 3784 ll

710 3838 748 3888 Ε
795 3852 824 3889 x
849 3836 952 3889 alta
982 3833 1248 3903 quondam
1282 3839 1463 3886 rueret
1493 3831 1618 3882 dum
1653 3827 1854 3880 luridus
1883 3840 1974 3880 arc
2241 3823 2280 3876 ε

707 3926 747 3980 Ι.
793 3925 990 3994 impida
1031 3923 1252 3978 dictanti
1284 3930 1575 3976 metrorum
1607 3917 1842 3973 carmina
1866 3929 2037 3984 prazsu
2243 3913 2258 3965 Ι

703 4019 752 4073 Μ
787 4032 948 4072 unera
974 4031 1115 4070 nunc
1143 4015 1360 4083 largire,
1395 4011 1543 4066 rudis
1573 4026 1678 4077 quo
1706 4009 1939 4078 pandere
1965 4021 2084 4060 retu
2235 4004 2278 4055 λι

702 4108 749 4163 U
789 4107 998 4162 ersibus
1023 4106 1302 4174 :enigmata
1327 4117 1516 4172 queant
1546 4101 1877 4156 clandestina
1908 4098 1982 4151 fat
2243 4095 2280 4147 υ

702 4201 741 4256 S
793 4201 840 4254 ic
873 4201 1009 4254 Deus
1031 4199 1263 4268 indignis
1295 4207 1380 4251 tua
1411 4195 1575 4265 gratis
1604 4194 1742 4248 dona
1773 4191 1993 4260 rependi
2247 4188 2283 4237 S

703 4297 743 4348 ti
790 4295 1040 4348 astilidas
1070 4293 1333 4363 nymphas
1362 4305 1468 4343 non
1494 4290 1666 4342 clamo
1699 4284 1942 4340 cantibus
1975 4284 2076 4335 iS'u
2244 4280 2282 4330 (ἒ

702 4387 749 4440 Ε
796 4402 980 4440 xamen
1011 4399 1184 4454 neque
1213 4383 1494 4453 spargebat
1525 4379 1652 4434 mihi
1687 4386 1867 4431 nectar
1897 4375 1950 4428 in
1982 4389 2042 4425 or
2246 4370 2285 4421 l6

709 4481 749 4530 t;
799 4478 946 4547 yntlii
976 4478 1051 4530 sic
1082 4490 1349 4544 nunquam
1386 4471 1650 4540 teriustro
1679 4466 1951 4520 cacumina
1977 4460 2069 4518 sed
2103 4477 2167 4514 ne
2245 4459 2284 4509 t2

707 4570 723 4622 l
785 4585 815 4622 n
850 4569 1107 4622 l'arnasso
1139 4563 1394 4634 procubti
1425 4577 1522 4615 nec
1549 4559 1754 4614 somnia
1788 4558 1869 4610 vid

705 4662 748 4718 Ν
787 4678 870 4714 am
901 4661 1030 4714 mihi
1064 4642 1364 4714 versificum
1395 4654 1590 4724 poterit
1618 4651 1758 4705 Deus
1787 4649 1985 4703 addere
2017 4659 2197 4700 carnte
2239 4644 2277 4696 Ν

701 4756 724 4809 1
785 4755 1031 4823 nspirans
1058 4752 1265 4806 stolida:
1289 4749 1372 4820 pia
1396 4748 1560 4819 gratis
1590 4759 1811 4800 munera
1841 4750 1990 4795 ment
2263 4736 2280 4790 l

704 4845 748 4898 Τ
789 4845 932 4912 angit
960 4844 1005 4897 si
1038 4849 1290 4906 mentem,
1325 4855 1444 4892 tnux
1478 4835 1685 4890 laudem
1714 4833 1874 4887 corda
1909 4827 2180 4896 rependun
2236 4827 2279 4879 T

708 4938 756 4993 M
788 4936 986 5000 eti-ica;
1019 4949 1139 4987 nam
1169 4932 1384 5001 Moysen
1416 4929 1689 4983 declarant
1717 4924 1952 4978 carmina
1986 4929 2106 4972 vate
2235 4919 2281 4972 Μ

709 5029 724 5080 l
785 5025 1070 5082 auiduduru
1090 5022 1348 5079 cecinisse
1371 5017 1528 5090 prisci
1557 5016 1734 5088 [Par.,
1757 5009 2008 5081 celebris]
2031 5010 2220 5063 vexilla

2052 5100 2236 5170 [tropaz
2267 5097 2283 5150 l

713 5209 751 5260 Ι,
793 5217 876 5259 ate
908 5221 998 5274 ραν
1021 5203 1240 5272 populos
1270 5199 1521 5264 illustria,
1556 5212 1660 5266 qua
1689 5194 1887 5249 nitidus
1917 5206 1979 5246 so
2245 5189 2285 5242 L

713 5301 750 5351 l.
795 5307 963 5351 usrrat
989 5298 1053 5348 ab
1080 5296 1272 5350 Oceani
1301 5295 1412 5363 jam
1447 5291 1646 5346 tollens
1676 5288 1884 5358 gurgite
1914 5285 2080 5352 ceplia
2246 5282 2284 5335 L

715 5389 754 5440 l".
799 5400 814 5440 t
848 5387 1129 5441 l’sahnista
1155 5400 1355 5439 canens
1391 5392 1681 5437 metrorum
1713 5379 1950 5432 carmina
1981 5391 2075 5430 voc
2244 5376 2285 5430 E

716 5485 754 5536 Ν
798 5486 941 5537 atuin
969 5482 1147 5536 divino
1180 5479 1373 5548 promit
1397 5476 1741 5547 generamine
1770 5473 1937 5526 Nume
2241 5469 2282 5524 N

719 5579 733 5631 I
795 5594 824 5630 ιι
852 5576 999 5645 caelis
1030 5574 1180 5642 prius
1209 5579 1477 5632 exortum,
1513 5583 1666 5638 quam
1701 5565 1888 5620 lucifer
1917 5565 2014 5617 orb
2267 5559 2283 5614 Ι

715 5670 752 5721 S
796 5666 1036 5736 ptendida
1069 5663 1311 5717 frrmatis
1345 5661 1565 5714 fudisset
1596 5656 1796 5711 Iumina
1827 5655 1970 5709 smcli
2247 5652 2284 5706 S

725 5761 758 5806 ν
805 5775 951 5812 erum
980 5758 1021 5810 si
1051 5756 1244 5809 fuerint
1273 5755 1406 5808 bona
1439 5751 1552 5805 lucc
1574 5749 1881 5818 aenigmata,
1905 5762 2021 5801 vers
2245 5743 2282 5796 V

722 5851 761 5907 Ε
808 5851 1000 5918 rplosis
1036 5849 1243 5916 penitus
1273 5846 1432 5898 ua‘vis
1468 5852 1521 5896 ct
1553 5842 1813 5896 rusticitat
2244 5836 2282 5889 Ε

1527 414 1580 466 S.
1629 408 1972 465 ALDHELMI
2011 403 2295 460 ()PEIlUM
2339 403 2512 460 PARS
2554 401 2618 458 ll.
2659 434 2727 444 —
2766 401 3192 460 TRACTATl-JS.

2317 522 2363 577 Α
2396 517 2437 569 ll
2480 519 2553 571 itu
2579 519 2838 588 dactylico
2861 527 3004 574 recte
3029 519 3277 581 decursa,
3309 531 3406 574 nec
3427 532 3550 574 erro

3875 405 3980 462 184

2395 609 2433 662 S
2476 609 2656 664 eduxit
2677 623 2810 662 vana
2838 608 3017 678 specie
3043 609 3318 662 molimina
3352 609 3516 664 menti
3939 614 3977 669 S

2393 701 2409 754 Ι
2468 701 2692 768 ncipiam
2725 702 2929 770 potiora
2969 716 2986 756 :
3017 699 3098 754 sui
3130 699 3269 754 Deus
3294 699 3442 753 arida
3472 715 3596 755 serv
3957 704 3974 756 l

2393 797 2432 848 Β
2472 794 2689 861 elligero
2711 793 2977 863 quondam
3007 792 3094 862 qui
3121 793 3260 847 vires
3285 791 3500 847 tradidit
3525 792 3583 848 lo
3932 797 3972 848 lt

2395 886 2431 938 ν
2474 885 2643 938 iscera
2673 885 2910 954 perpetui
2938 883 3077 938 roris
3107 882 3151 937 si
3179 885 3386 952 repleat
3417 882 3574 939 haust
3924 887 3965 942 υ

2389 975 2427 1029 S
2468 975 2591 1029 iccis
2617 990 2738 1029 nam
2770 974 2940 1028 laticis
2968 973 3167 1029 duxisti
3195 975 3444 1029 cautibus
3471 989 3626 1029 amne
3931 978 3971 1032 S

2387 1067 2431 1120 Ο
2470 1067 2582 1134 lim,
2615 1081 2734 1122 cum
2762 1080 2961 1120 cuneus
2985 1074 3322 1135 transgresso
3350 1080 3616 1121 marmore
3645 1065 3804 1121 Rubr
3927 1069 3972 1125 0

2389 1160 2432 1214 D
2469 1171 2701 1217 esertum
2747 1168 2991 1230 penetrat
3024 1177 3037 1213 :
3069 1159 3264 1216 cecinit
3295 1159 3438 1230 quod
3463 1161 3704 1217 carmine
3728 1162 3864 1216 Davi
3898 1162 3967 1218 [ι.

2390 1257 2429 1308 Α
2473 1256 2561 1309 'rce
2591 1254 2694 1323 poli
2716 1255 2926 1322 genitor
2954 1266 3138 1308 servas
3160 1253 3248 1322 qui
3276 1253 3471 1308 saecula
3496 1261 3654 1306 cunct
3923 1258 3968 1308 Α

2388 1344 2425 1399 S
2465 1346 2771 1415 olverejam
2797 1345 3058 1399 scelerum
3089 1358 3255 1399 noxas
3282 1344 3502 1413 dignare
3527 1343 3754 1399 nefanda
3905 1345 3964 1400 S.

2670 1455 2712 1511 Ι.
2745 1456 3124 1511 ASNIGMATA
3167 1453 3678 1510 TETRASTICIIA.

3009 1549 3062 1601 1.
3098 1546 3172 1600 De
3202 1555 3357 1600 terra.

2459 1639 2623 1694 Altrix
2653 1647 2992 1704 cunctorum,
3025 1653 3158 1710 quos
3189 1635 3426 1691 mundus
3455 1645 3628 1706 gestat
3649 1637 3702 1690 in
3734 1636 3888 1700 orbe,

2387 1731 2695 1801 Nuncupor,
2715 1740 2768 1786 et
2789 1730 3011 1794 merito;
3059 1730 3179 1798 quia
3204 1743 3472 1795 nunquam
3498 1727 3714 1796 pignora
3746 1737 3964 1782 tantum

2391 1821 2629 1889 Improba
2657 1821 2732 1873 sic
2757 1821 2992 1874 lacerant
3018 1828 3286 1873 maternas
3315 1818 3478 1872 dente
3510 1818 3764 1887 papillas;

2385 1914 2537 1966 i‘role
2567 1912 2744 1964 virens
2772 1920 2978 1977 testate,
3006 1912 3281 1965 tabescens
3309 1920 3548 1978 tempore
3578 1909 3806 1965 brumas.

2987 2001 3040 2057 2.
3073 2002 3145 2054 De
3182 1999 3361 2054 Vento.

2382 2093 2612 2150 Cernere
2643 2110 2726 2148 me
2755 2094 2886 2148 nulli
2919 2102 3159 2163 possunt,
3184 2107 3280 2146 nec
3315 2090 3573 2159 prendere
3603 2089 3790 2157 palmis
3818 2106 3834 2143 :

2382 2187 2636 2253 Argntum
2668 2183 2811 2236 vocis
2833 2183 3092 2250 crepitum
3123 2181 3228 2236 cito
3257 2178 3434 2248 pando
3463 2193 3557 2248 per
3584 2178 3792 2233 orbem.

2386 2274 2597 2328 Viribus
2625 2273 2920 2328 horrisonis
2944 2273 3095 2326 valeo
3123 2269 3461 2338 confringere
3486 2282 3744 2338 quercus;

2383 2363 2512 2416 Nam
2541 2376 2764 2432 superos
2793 2377 2892 2431 ego
2913 2361 3065 2430 pulso
3096 2361 3267 2428 polos,
3297 2369 3354 2412 et
3379 2372 3500 2412 rura
3527 2370 3773 2426 peragro.

3000 2450 3053 2503 5.
3095 2450 3171 2502 De
3196 2450 3344 2500 nube.

2387 2543 2690 2599 Versicolor
2736 2542 2945 2611 fugiens
2965 2538 3161 2594 etelum
3193 2544 3501 2603 terramque
3528 2536 3768 2604 relinquo
3799 2553 3814 2588 :

2381 2637 2496 2690 Non
2529 2635 2717 2688 tellure
2743 2634 2892 2686 locus
2921 2630 3070 2696 mihi,
3102 2645 3208 2683 non
3232 2627 3285 2682 in
3319 2635 3471 2696 parte
3499 2628 3739 2696 polorum
3770 2636 3876 2684 est.

2385 2727 2639 2780 Exsilium
2671 2725 2846 2778 nullus
2874 2721 3033 2777 modo
3056 2730 3162 2776 tam
3189 2719 3406 2774 crudele
3432 2727 3648 2774 veretur
3680 2737 3694 2770 :

2382 2819 2484 2874 Sed
2515 2817 2744 2872 madidis
2772 2814 3026 2870 mundum
3059 2813 3246 2866 faciam
3275 2810 3614 2866 frondescere
3640 2809 3828 2879 guttis.

2965 2905 3018 2960 4.
3050 2904 3127 2959 De
3164 2913 3364 2959 natura.

2381 3001 2554 3056 Crede
2582 2998 2733 3067 mihi,
2764 3014 2851 3056 res
2883 2998 3215 3053 nullamanet
3243 2996 3423 3068 [Par.,
3449 3009 3554 3049 non
3579 2993 3686 3049 ulla
3715 2996 3961 3065 manent]

3273 3086 3408 3159 [sine
3428 3099 3513 3140 nte
3535 3083 3846 3138 moderante
3871 3098 3886 3134 :

2311 3214 2354 3273 C
2390 3185 2453 3238 Et
2482 3186 2709 3239 frontem
2740 3183 3038 3250 faciemque
3061 3192 3234 3234 meam
3269 3179 3360 3232 lux
3385 3176 3524 3230 nulla
3555 3173 3777 3230 videbit.

2384 3276 2511 3344 Quis
2535 3277 2699 3331 nescit
2723 3276 2924 3331 ditione
2947 3290 3062 3331 mea
3089 3287 3325 3329 convexa
3361 3271 3528 3328 ro‘ari

2383 3368 2501 3421 Alta
2534 3367 2662 3435 poli,
2684 3367 2917 3435 solisque
2937 3365 3118 3434 jubar,
3154 3365 3398 3433 luuteque
3421 3359 3670 3416 meatus?

2763 3451 2815 3505 5.
2844 3452 2918 3503 De
2960 3449 3104 3503 Iride
3129 3450 3202 3502 vel
3228 3465 3355 3501 arcu
3377 3447 3585 3500 caelesb'.

2384 3538 2730 3595 Thaumantis
2759 3542 2935 3607 proles
2968 3538 3260 3605 priscorum
3290 3535 3492 3589 famine
3521 3535 3696 3604 fingor
3728 3551 3742 3586 :

2384 3639 2478 3689 Ast
2510 3649 2608 3702 ego
2630 3634 2799 3702 prima
2825 3631 2928 3685 mei
2960 3630 3176 3700 generis
3197 3628 3500 3682 rudimenta
3531 3636 3796 3681 retexam.

2383 3727 2507 3782 Sate
2553 3727 2747 3780 rubens
2794 3721 2974 3793 [Par.,
3027 3719 3208 3792 ruber]
3233 3719 3440 3790 genitus
3466 3733 3583 3775 sum
3617 3727 3772 3788 partu
3801 3717 3965 3772 nuL-is

3574 3809 3812 3881 [aquostn
3843 3825 3858 3859 :

2386 3910 2575 3964 Lustro
2600 3909 2748 3979 polos
2782 3907 2998 3978 passim,
3034 3905 3179 3961 solos
3207 3919 3310 3960 non
3335 3900 3534 3958 scando
3565 3916 3657 3972 per
3682 3908 3928 3954 austros.

3013 3997 3066 4051 6.
3090 3995 3167 4050 De
3192 3997 3354 4050 Luna.

2383 4095 2531 4148 Nunc
2562 4107 2659 4158 ego
2681 4105 2799 4144 cum
2826 4089 3012 4159 pelago
3040 4088 3162 4141 fatis
3186 4083 3558 4140 communibus
3581 4080 3743 4145 insto,

2384 4185 2643 4252 Tempora
2676 4180 2963 4246 reciprocis
2986 4177 3314 4232 convolvens
3348 4183 3616 4228 menstrua
3641 4169 3832 4241 cyclis,

2389 4279 2454 4328 t't
2477 4277 2600 4328 mihi
2627 4273 2852 4327 lucillua:
2877 4271 3145 4326 decrescit
3172 4269 3340 4338 gloria
3373 4268 3577 4332 formas,

2386 4367 2470 4419 Sic
2496 4375 2779 4434 augmenta
2808 4364 2950 4416 latex
2973 4362 3243 4415 cumulato
3270 4359 3478 4429 gurgite
3509 4355 3701 4424 perdit.

2834 4451 2889 4506 7.
2923 4451 2999 4504 De
3039 4449 3173 4502 Fato
3202 4449 3278 4502 vel
3306 4447 3509 4500 Genesi.

2265 4551 2280 4602 Ι
2313 4555 2360 4614 Ι)
2393 4546 2694 4602 Facundum
2727 4552 2935 4598 constat
2959 4542 3226 4610 quondam
3258 4539 3517 4593 cecinisse
3543 4543 3777 4601 poetam,

2384 4639 2500 4702 Quo
2532 4637 2671 4692 Dens
2696 4644 2750 4688 et
2775 4649 2879 4702 quo
2908 4634 3039 4686 dura
3069 4639 3230 4684 vocat
3261 4629 3512 4689 Fortuna,
3538 4639 3848 4694 sequamur.

2385 4730 2463 4783 Me
2486 4736 2694 4781 Veteres
2725 4725 2855 4778 falso
2884 4723 3154 4778 dominam
3188 4720 3422 4774 vouitare
3452 4715 3696 4772 solebant

2387 4820 2604 4888 Sceptra
2633 4830 2822 4886 regens
2850 4812 3054 4879 mundi,
3084 4812 3207 4867 dum
3229 4808 3426 4864 Christi
3457 4807 3624 4880 gratia
3647 4813 3860 4876 regnet.

3023 4904 3074 4956 8.
3107 4903 3182 4956 De
3211 4901 3352 4957 Sale.

2390 5003 2593 5056 Dudum
2621 4996 2832 5070 lympha
2861 4995 2932 5050 fui
2955 5007 3243 5065 squamoso
3275 4992 3420 5062 pisce
3450 4987 3754 5046 redundans
3783 5005 3797 5041 :

2388 5094 2489 5149 Sed
2525 5103 2706 5147 natura
2740 5105 2878 5145 novo
2907 5088 3001 5143 fati
3027 5086 3333 5142 discrimine
3364 5084 3544 5148 cessit,

2387 5188 2607 5242 Torrida
2638 5187 2763 5241 dum
2795 5183 2993 5239 calidos
3017 5180 3189 5250 patior
3218 5184 3488 5233 tormenta
3521 5190 3617 5246 per
3641 5175 3816 5244 ignes.

2388 5281 2516 5335 Nam
2566 5279 2728 5334 cineri
2762 5277 2922 5340 facies
2952 5275 3266 5342 nivibusque
3292 5269 3561 5324 simillima
3586 5267 3755 5337 fulget
3780 5264 3965 5337 [Par.,

3619 5353 3892 5429 [consult].

2689 5461 2742 5516 9.
2772 5459 2845 5514 Dc
2879 5457 3222 5525 Heliotropia,
3243 5455 3347 5509 sive
3379 5451 3666 5518 Solisequa.

2387 5558 2587 5623 Sponte
2613 5569 2729 5610 mea
2751 5567 2942 5607 nascor
2975 5550 3201 5606 fecundo
3223 5548 3423 5615 cespite
3451 5557 3708 5604 vernans,

2392 5645 2606 5715 Fulgida
2641 5645 2706 5699 de
2727 5657 2919 5697 croceo
2954 5643 3246 5695 flavescunt
3274 5635 3513 5692 culmina
3553 5633 3685 5686 flore
3720 5650 3730 5682 :

2391 5737 2624 5794 Occiduo
2654 5734 2894 5799 claudor,
2926 5734 3004 5787 sic
3034 5741 3153 5787 orto
3179 5730 3290 5784 sole
3318 5736 3550 5796 patesco.

2398 5830 2546 5887 Unde
2576 5826 2860 5898 prudentes
2890 5832 3178 5895 posuerunt
3200 5821 3420 5888 nomina
3447 5816 3641 5876 GTLCcl.
