4172 6536
200 451 298 505 185

516 566 603 621 10.
659 564 731 619 De
753 577 999 632 puerpera
1031 563 1256 631 geminos
1285 560 1457 612 enixa.

192 665 332 714 Sunt
356 661 481 713 mihi
509 674 602 713 sex
634 657 795 720 oculi,
822 656 1037 709 totidem
1068 654 1224 707 simul
1256 654 1487 705 auribus
1516 660 1675 705 exsto
1699 664 1713 711 ;

194 753 304 805 Sed
334 752 528 820 digitos
557 750 734 802 decies
763 762 923 800 senos
944 748 994 799 in
1025 760 1256 811 corpore
1285 754 1438 811 gesto
1462 758 1477 798 :

197 844 272 896 l‘ix
306 844 497 911 quibus
522 855 648 895 ecce
676 849 861 907 quater
888 838 1040 890 denis
1064 836 1130 889 de
1152 850 1311 888 carne
1334 830 1594 895 revulsis;

192 934 493 1001 Quinquies
522 941 574 985 at
606 940 811 984 tantum
836 930 988 982 video
1016 940 1293 981 remanere
1324 933 1633 993 quaternos.

623 1021 709 1074 H.
741 1019 817 1072 De
846 1020 1120 1071 adamante
1154 1016 1342 1087 lapide.

195 1113 279 1166 En
305 1128 402 1183 ego
431 1128 534 1166 non
560 1125 745 1165 vereor
768 1109 921 1177 rigidi
952 1109 1258 1161 discrimina
1285 1110 1444 1174 ferri,

198 1207 560 1259 Flammarum
592 1219 688 1265 nec
712 1212 857 1257 torte
879 1216 1124 1266 cremor;
1156 1202 1249 1254 sed
1277 1204 1537 1271 sanguine
1568 1200 1714 1269 capri

202 1302 383 1353 Virtus
410 1299 648 1353 indomiti
674 1298 938 1352 mollescit
966 1297 1099 1350 dura
1130 1296 1342 1365 rigoris.

195 1392 292 1445 Sic
320 1405 475 1445 cruor
502 1396 807 1456 exsuperat,
834 1401 989 1456 quem
1011 1384 1186 1456 [Par.,
1219 1382 1383 1454 quod]
1413 1381 1584 1439 ferréa
1604 1396 1775 1436 massa

1436 1474 1715 1547 [pave.~.cit.

754 1570 839 1625 1‘2.
877 1571 949 1624 De
981 1568 1222 1622 molosso.

193 1665 288 1719 Sic
317 1678 403 1717 me
424 1661 737 1731 jamdudum
767 1676 941 1715 rerum
971 1659 1268 1713 veneranda
1303 1664 1537 1727 potestas

196 1756 423 1810 Fecerat
451 1766 506 1808 ut
531 1755 733 1809 domini
770 1753 1101 1807 truculentos
1129 1767 1420 1821 persequar
1448 1750 1627 1804 hostes

195 1845 440 1899 Rictibus
471 1860 615 1897 arma
643 1858 835 1912 gerens
858 1844 1119 1896 bellorum
1152 1843 1330 1909 praelia
1366 1850 1518 1908 patro
1546 1858 1558 1893 :

194 1938 268 1992 Et
300 1947 477 1990 tamen
508 1937 762 1988 infantum
797 1935 1003 2003 fugiens
1028 1950 1151 1987 mox
1186 1935 1401 1987 verbera
1434 1933 1563 1986 vito.

386 2027 475 2083 13.
518 2026 591 2079 De
622 2025 879 2085 Poliadis.
916 2026 968 2077 id
994 2034 1065 2078 est
1097 2025 1304 2091 follibus
1332 2023 1617 2091 fabrorum.

200 2119 440 2173 Flatibus
488 2118 705 2173 alternis
754 2133 941 2172 vescor
993 2116 1166 2190 [Par.,
1216 2115 1400 2187 vexor]
1448 2130 1567 2169 cum
1611 2113 1776 2169 fra'rc

1427 2206 1697 2278 [gemello.

192 2304 313 2355 Non
342 2312 422 2357 est
449 2303 555 2356 vita
587 2301 739 2368 mihi,
770 2316 890 2356 cum
923 2300 1032 2354 sint
1058 2300 1319 2367 spiracula
1346 2300 1491 2352 vitae.

195 2396 301 2447 Ars
331 2408 447 2447 mea
478 2393 758 2460 gemmatis
786 2391 930 2444 dedit
958 2399 1269 2444 ornamenta
1308 2389 1541 2443 metallis
1568 2406 1583 2443 :

192 2481 379 2538 Gratia
410 2483 555 2536 nulla
586 2483 744 2536 datur
775 2481 927 2546 mihi,
962 2480 1056 2534 sed
1085 2481 1226 2548 capit
1255 2480 1392 2534 alter
1418 2480 1697 2534 honorem.

681 2574 769 2626 Μ.
811 2572 889 2625 De
919 2573 1279 2641 Bombycibus.

194 2662 387 2715 Annua
420 2661 543 2714 dum
576 2662 800 2716 redeunt
830 2660 1047 2715 texendi
1083 2670 1325 2728 tempora
1357 2660 1519 2725 telas,

197 2751 396 2805 Lurida
423 2751 664 2821 setigeris
691 2752 965 2819 replentur
993 2751 1197 2806 viscera
1232 2752 1335 2806 filis
1364 2791 1381 2818 ,

193 2842 425 2911 Moxque
455 2844 783 2910 genistarum
816 2841 1063 2896 frondosa
1090 2844 1363 2895 cacumina
1389 2842 1587 2897 scando
1613 2884 1628 2908 ,

197 2932 270 2989 Ut
296 2932 540 3002 globulos
570 2932 839 2986 fabricans
867 2947 988 2986 cum
1022 2933 1115 2987 fati
1142 2947 1287 2988 sorte
1315 2935 1612 3004 quiescam.

573 3025 660 3079 15.
706 3023 779 3078 De
809 3024 1004 3079 barbita
1034 3028 1136 3080 sive
1169 3026 1399 3097 Organa.

190 3117 450 3183 Quamvis
522 3131 630 3172 tere
675 3131 807 3172 cavo
863 3119 1135 3188 salpinctis
1184 3117 1391 3190 [Par.,
1460 3119 1779 3193 salpinctzej

1162 3207 1401 3278 [classica
1431 3208 1701 3276 clangant,

194 3301 266 3353 Et
297 3299 517 3355 citharae
542 3299 834 3369 crepitent,
863 3301 1197 3369 strepituque
1220 3300 1360 3353 tuba;
1390 3299 1767 3354 modulentur:

189 3391 465 3442 (:cntenos
495 3397 670 3444 tamen
702 3398 948 3444 eructant
976 3404 1093 3444 mea
1119 3391 1326 3443 viscera
1358 3400 1545 3445 cantus
1578 3406 1593 3445 :

192 3479 385 3547 Meque
430 3486 703 3548 strepente
743 3478 919 3550 [l’ar.,
953 3480 1035 3533 Me
1077 3479 1363 3549 prasente]
1388 3489 1608 3547 stupent
1651 3496 1772 3535 mox

992 3572 1210 3640 [musica
1241 3570 1401 3626 corda
1429 3572 1699 3627 librarum.

753 3660 840 3715 l6.
885 3659 961 3714 De
997 3658 1222 3714 Pavone.

265 3750 495 3806 Pulcher
517 3760 569 3807 et
594 3750 884 3814 excellens,
922 3753 1103 3820 specie
1134 3750 1405 3806 mirandus
1436 3751 1487 3805 in
1517 3752 1676 3817 orbe,

184 3842 418 3896 Ossibus
448 3852 501 3896 et
532 3841 713 3895 nervis
742 3848 793 3895 et
826 3840 991 3894 rubro
1021 3840 1282 3908 sanguine
1318 3852 1520 3909 cretus,

183 3932 326 3985 Cum
360 3930 485 3985 mihi
514 3930 622 3984 vita
648 3945 829 3985 comes
855 3930 1036 3995 fuerit,
1065 3929 1200 3983 nihil
1229 3944 1393 3984 aurea
1416 3929 1587 3984 forma

186 4024 319 4077 Plus
343 4024 496 4088 nitet;
521 4031 575 4076 et
595 4022 833 4077 moriens
855 4036 1126 4089 nunquam
1152 4036 1269 4075 mea
1302 4022 1456 4090 pulpa
1489 4024 1766 4091 putrescit.

671 4116 759 4169 17.
805 4114 881 4167 De
912 4115 1280 4170 Salamandra’.

183 4204 403 4275 ignibus
432 4204 481 4257 in
511 4204 708 4257 mediis
736 4206 919 4258 vivens
944 4219 1045 4257 non
1083 4204 1257 4258 sentio
1287 4204 1529 4258 ﬂammas
1554 4242 1571 4271 ,

183 4298 295 4353 Sed
328 4297 647 4351 detrimenta
682 4296 793 4364 rogi
835 4297 1049 4366 penitus
1083 4295 1311 4350 ludibria
1342 4298 1463 4350 faxo
1493 4313 1507 4351 :

180 4390 297 4445 Nec
326 4389 622 4456 crepitante
652 4386 794 4454 l'oco,
828 4400 926 4440 nec
949 4384 1274 4441 scintillante
1303 4385 1479 4439 favilla

180 4473 389 4546 Ardea,
424 4482 517 4535 sed
548 4480 775 4534 ﬂamma:
804 4480 1047 4546 ﬂagranti
1084 4489 1227 4534 torre
1258 4486 1555 4550 tepescunt.

741 4570 827 4623 l8.
870 4568 948 4623 De
985 4569 1213 4639 loligine.

183 4661 339 4717 Nunc
366 4659 631 4715 cernenda
666 4660 874 4728 placent
903 4670 1100 4714 nosme
1126 4660 1427 4728 spectacula
1459 4660 1579 4714 vine
1610 4678 1621 4713 :

178 4751 320 4808 Cum
352 4766 508 4823 grege
537 4752 746 4819 piscoso
784 4758 994 4804 scrutor
1022 4750 1184 4804 maris
1212 4766 1425 4818 rcqnora
1457 4753 1725 4820 squwmis,

180 4842 323 4898 Cum
369 4842 639 4895 volucrum
690 4850 859 4895 turma
903 4854 1113 4910 quoque
1165 4841 1366 4895 scando
1412 4857 1506 4911 per
1562 4844 1763 4897 mthera

1459 4932 1691 5004 [pennis,

188 5026 257 5081 Et
286 5033 462 5079 tamen
490 5022 724 5079 albereo
755 5037 859 5077 non
894 5038 1116 5093 possum
1150 5024 1328 5080 vivere
1360 5024 1510 5079 flatu.

768 5114 854 5169 I9.
900 5114 975 5167 De
1005 5130 1180 5181 perna.

188 5208 231 5263 Ε
260 5205 488 5276 geminis
516 5219 707 5260 nascor
739 5218 832 5275 per
858 5209 1004 5274 ponti
1038 5203 1217 5277 [Par.,
1252 5202 1527 5276 Proponti]
1561 5208 1760 5263 crcrula

1431 5300 1689 5369 |conchis,

189 5387 396 5442 Vellera
427 5385 658 5455 setigero
688 5384 991 5455 producens
1019 5400 1246 5456 corpore
1282 5386 1443 5442 fulva.

193 5484 269 5535 lin
301 5480 634 5549 chlamydem
665 5480 803 5549 pepli
836 5494 1043 5534 necnon
1069 5489 1124 5535 et
1152 5482 1340 5550 pabula
1376 5484 1548 5553 pulprc

183 5572 453 5635 Conlero,
482 5576 557 5625 sic
580 5574 771 5638 duplex
806 5571 895 5626 fati
924 5572 1166 5639 persolvo
1197 5574 1470 5629 tributum.

457 5662 521 5718 ll.
562 5661 940 5718 ᾸΞΝΙΟΜΛἸἈ
982 5663 1474 5719 ΡΕΝΤΑΒΤΙΩΙΙΧ.

706 5752 746 5808 1.
791 5754 863 5807 De
895 5753 1212 5809 l’leiadibus.

181 5851 288 5909 Nos
323 5848 531 5903 Atlante
555 5856 695 5902 satas
722 5844 899 5901 stolidi
924 5846 1103 5904 dixere
1129 5848 1332 5918 priores

1150 442 1347 497 LIBER
1392 440 1477 493 DE
1517 435 1769 491 SEPTEN

1881 434 1944 487 10
1988 436 2071 488 ET
2115 438 2198 489 υἰί
2239 438 2508 491 Μιςειιιδ.
3364 446 3460 503 186

1804 556 1851 613 Α
1882 552 2008 607 Nam
2041 566 2259 619 septena
2289 558 2484 611 cohors
2517 567 2619 623 est,
2652 560 2743 613 sed
2778 562 2861 615 vix
2891 563 3128 617 cernitur
3158 581 3282 621 una.

1884 647 2016 698 Arce
2046 646 2148 715 poli
2180 649 2473 716 gradimur,
2507 665 2603 703 nec
2635 667 2741 703 non
2771 655 2867 707 sub
2898 655 3141 719 Tartara,
3175 668 3331 712 lerr.c

1888 736 2074 790 Fui-vis
2105 738 2461 805 eonspicimur
2494 742 2750 807 tenebris,
2786 754 2839 797 et
2869 746 2983 800 luce
3011 747 3262 811 latemus,

1881 825 2101 882 Nomina
2130 834 2197 885 de
2224 845 2391 884 verno
2419 830 2675 888 dueentes
2710 844 2956 904 tempore
2988 840 3178 906 prisca.

2339 921 2394 975 2.
2439 919 2517 974 De
2553 926 2990 992 myrmicoleonte.

1889 1010 2093 1063 Dudum
2124 1014 2430 1079 compositis
2456 1030 2555 1083 ego
2586 1032 2778 1069 nomen
2810 1028 2958 1086 gesto
2988 1018 3192 1090 figuris,

1823 1163 1826 1166 ,
1883 1102 1948 1154 Ut
1975 1102 2081 1166 leo,
2113 1103 2191 1155 sic
2223 1103 2441 1157 formica
2473 1121 2635 1160 vocor
2663 1122 2914 1163 sermone
2950 1113 3193 1179 Pelasgo,

1879 1192 2105 1260 'l'ropica
2136 1192 2441 1249 nominibus
2470 1198 2686 1265 signans
2718 1202 2975 1269 praesagia
3007 1201 3208 1270 duplis,

1880 1279 2011 1333 Cum
2040 1282 2233 1336 rostris
2263 1283 2438 1337 avium
2469 1299 2731 1354 nequeam
2778 1291 3029 1346 resistere
3055 1301 3229 1345 rostro
3271 1292 3451 1362 |Pur.,

2900 1382 3230 1450 [rescindere
3263 1381 3456 1452 rostra]

1882 1464 2157 1519 Scrutatur
2186 1467 2422 1535 sapiens,
2457 1468 2673 1537 gemino
2701 1484 2799 1523 cur
2825 1470 3040 1526 nomine
3072 1472 3257 1542 fingar.

2504 1560 2557 1612 5.
2603 1560 2677 1613 De
2716 1562 2844 1631 Ape.

1880 1648 2114 1702 Mirificis
2146 1649 2375 1703 formata
2408 1651 2606 1714 modis,
2638 1653 2752 1703 sine
2782 1653 2989 1707 semine
3018 1665 3189 1719 creta,

1885 1738 2064 1790 Dulcia
2100 1738 2368 1807 ﬂorigeris
2396 1755 2564 1794 onero
2597 1742 2888 1808 praecordia
2924 1744 3117 1811 praedis
3152 1763 3165 1797 :

1882 1831 2013 1882 Arte
2044 1844 2160 1883 mea
2190 1844 2374 1884 crocea
2398 1830 2694 1886 ﬂavescunt
2724 1832 2922 1887 fercula
2958 1849 3169 1903 regum.

1812 1911 1856 1969 B
1884 1922 2105 1987 Semper
2143 1931 2296 1973 acuta
2337 1936 2462 1989 gero
2488 1922 2719 1976 crudelis
2747 1924 2945 1991 spicula
2976 1924 3099 1978 belli
3120 1967 3134 1989 ,

1886 2016 2062 2080 Atque
2091 2026 2281 2067 carens
2305 2013 2548 2067 manibus
2577 2012 2846 2067 fabrorum
2876 2014 3027 2068 vinco
3050 2014 3283 2068 metalla.

2482 2104 2534 2157 4.
2583 2105 2653 2157 Dc
2682 2104 2846 2158 Limn.

1879 2194 2016 2262 Corp
2039 2210 2111 2248 ire
2136 2196 2356 2260 Sulcato,
2391 2210 2489 2249 nec
2521 2212 2625 2249 non
2659 2198 2924 2265 ferrugine
2946 2198 3158 2265 glauca,

1882 2287 2011 2338 Sum
2050 2287 2298 2349 formata,
2332 2287 2525 2340 fricans
2553 2288 2702 2341 rimis
2732 2288 2960 2342 informe
2989 2289 3256 2343 metallum
3292 2306 3304 2341 :

1881 2376 2009 2429 Auri
2043 2378 2288 2429 materias
2320 2392 2629 2445 massasque
2657 2378 2826 2446 polire
2853 2389 3028 2441 sueta,

1880 2469 2049 2525 Plano
2075 2470 2410 2539 superﬁciem
2444 2470 2620 2542 [Par.,
2647 2471 2807 2525 l‘lana
2840 2470 3146 2542 superﬁcie]
3173 2481 3446 2532 constans,

2910 2564 3218 2636 [asperrima
3250 2582 3322 2618 rei
3340 2581 3423 2616 ttn'
3436 2602 3453 2619 .

1879 2653 2091 2719 Carrio,
2122 2667 2259 2709 voce
2289 2666 2506 2720 carens,
2541 2666 2702 2707 rauco
2750 2667 2870 2708 cum
2900 2671 3172 2710 murmure
3197 2656 3452 2711 stridens.

2434 2743 2485 2797 5.
2530 2743 2606 2798 De
2637 2743 2896 2799 Luscinia.

1880 2833 1989 2886 Vox
2020 2848 2136 2887 mea
2167 2832 2392 2888 diversis
2426 2835 2657 2887 variatur
2688 2835 2904 2902 pulchra
2932 2836 3113 2906 ﬁguris

1880 2924 2199 2979 Raucisonis
2226 2942 2499 2993 nunquam
2531 2927 2845 2982 modulabor
2874 2929 3110 2981 carmina
3141 2929 3362 2989 rostris,

1879 3017 2071 3083 Spreta
2100 3018 2280 3072 colore
2307 3028 2507 3083 tamen,
2540 3018 2634 3072 sed
2661 3033 2767 3072 non
2794 3034 2912 3072 sum
2941 3029 3117 3087 Spreta
3147 3020 3409 3074 canendo.

1881 3106 1968 3161 Sic
1996 3121 2100 3160 non
2131 3123 2284 3162 cesso
2315 3123 2539 3176 canens,
2572 3108 2683 3162 fato
2717 3118 2956 3165 terrente
2984 3112 3164 3165 futuro
3195 3128 3209 3164 :

1879 3197 2010 3251 Nam
2037 3213 2120 3251 me
2142 3197 2328 3251 bruma
2355 3199 2520 3267 fugat,
2547 3200 2640 3253 sed
2667 3216 2789 3253 mox
2816 3210 3004 3254 mstate
3029 3201 3234 3255 redibo.

2071 3288 2124 3340 b.
2167 3287 2244 3341 De
2273 3288 2513 3356 Trulina,
2545 3306 2659 3359 qua:
2689 3290 3019 3346 Momentaua
3043 3293 3252 3349 dicitur.

1878 3378 1986 3433 Nos
2012 3380 2255 3448 geminas
2286 3380 2411 3435 olim
2442 3382 2623 3449 genuit
2648 3391 2836 3438 natura
2857 3399 3092 3452 sorores,

1877 3470 2019 3534 Quas
2046 3470 2241 3538 iugiter
2269 3478 2428 3525 rcctze
2459 3472 2588 3541 legis
2614 3487 2843 3527 censura
2875 3475 3159 3543 gubernat.

1875 3558 2137 3627 Tempore
2165 3574 2441 3628 personas,
2474 3571 2528 3615 et
2550 3562 2637 3630 jus
2659 3577 2875 3619 servare
2902 3566 3161 3620 solemus.

1879 3650 2024 3703 Felix
2053 3652 2105 3705 in
2135 3663 2272 3706 terra
2306 3654 2459 3709 lieret
2481 3655 2797 3711 mortalibus
2820 3672 2991 3711 aevum
3014 3697 3030 3722 ,

1881 3740 2107 3797 Juslitim
2134 3758 2374 3799 normam
2407 3746 2451 3800 si
2483 3755 2702 3801 servent
2731 3764 2879 3805 more
2902 3764 3167 3807 sororum.

2431 3837 2485 3890 7.
2527 3835 2605 3889 De
2644 3836 2881 3893 Natrice.

1874 3921 1956 3976 Me
1979 3933 2135 3992 caput
2164 3925 2436 3980 horrentis
2478 3926 2650 3982 fertur
2678 3930 2927 3998 genuisse
2957 3930 3230 3997 draconis,

1875 4016 2055 4081 Angco
2086 4019 2366 4085 purpureis
2395 4034 2730 4086 gemmarum
2758 4021 2956 4075 lumina
2991 4021 3124 4077 fucis
3155 4038 3170 4075 :

1869 4105 1972 4157 Sed
2001 4107 2128 4158 mihi
2160 4122 2263 4159 non
2286 4108 2497 4160 dabitur
2526 4108 2695 4175 rigida
2722 4110 2919 4163 virtute
2946 4120 3219 4179 potestas;

1870 4193 1924 4248 Si
1959 4195 2103 4260 prius
2131 4199 2411 4252 occumbat
2435 4214 2721 4268 squamoso
2747 4215 2975 4270 corpore
3002 4204 3173 4257 natrix
3211 4221 3223 4257 :

1869 4288 2037 4350 Quam
2069 4301 2279 4341 summo
2305 4289 2506 4355 spolier
2529 4291 2719 4359 capitis
2747 4292 2813 4346 de
2840 4294 3042 4349 vertice
3072 4294 3255 4350 rubra.

2283 4381 2335 4435 8.
2376 4380 2455 4434 De
2502 4381 2741 4451 Magnete
2766 4388 3018 4455 ferri/cro.

1873 4469 1964 4522 Vis
1995 4469 2124 4523 mihi
2161 4480 2363 4524 natura:
2388 4472 2559 4537 dedit,
2593 4473 2757 4527 immo
2781 4485 2992 4529 creator
3023 4474 3268 4546 Olympi,

1790 4602 1844 4664 Ι)
1876 4563 1961 4624 td,
1992 4577 2096 4631 quo
2127 4570 2313 4616 cuncta
2341 4573 2527 4618 carent
2550 4564 2747 4619 veteris
2775 4566 3026 4619 miracula
3056 4568 3256 4620 mundi.

1876 4655 2082 4723 Frigida
2116 4671 2235 4708 nam
2263 4655 2512 4726 Chalyhis
2544 4658 2815 4725 suspendo
2848 4660 3057 4712 metalla
3094 4674 3186 4727 per
3211 4674 3391 4713 auras.

1876 4747 1933 4798 Vi
1968 4745 2191 4814 quadam
2216 4760 2474 4812 superans
2502 4748 2580 4800 sic
2611 4745 2783 4801 ferrea
2809 4746 2914 4801 fata
2941 4750 3172 4803 revinco.

1871 4837 1988 4891 Mox
2010 4837 2291 4891 adamante
2315 4837 2470 4906 Cypri
2496 4850 2757 4905 pra-sonte
2786 4838 3020 4906 potentia
3050 4838 3289 4894 fraudor.

2382 4926 2434 4980 9.
2478 4927 2554 4981 De
2593 4926 2913 4983 Gallinacea.

1868 5018 2119 5073 Garrulus
2142 5018 2193 5071 in
2224 5018 2453 5073 tenebris
2484 5020 2669 5073 rutilos
2703 5022 2961 5077 cecinisse
2981 5022 3220 5078 solebam

1868 5113 2115 5180 Auguslm
2148 5112 2279 5166 lucis
2311 5111 2486 5167 radios
2515 5121 2568 5166 et
2598 5113 2797 5167 lumina
2829 5114 3039 5170 Phoebi.

1868 5205 2126 5271 Penniger
2160 5213 2384 5270 experto
2410 5204 2727 5272 populorum
2758 5207 2974 5261 nomine
3004 5206 3216 5278 fungor,

1866 5298 2021 5351 Arma
2057 5294 2233 5350 ferens
2260 5293 2509 5361 pedibus,
2552 5294 2677 5348 belli
2707 5295 3012 5350 discrimina
3045 5296 3187 5364 faxo,

1862 5389 2100 5444 Serratas
2127 5384 2317 5455 capitis
2339 5393 2555 5453 gestans
2579 5386 2628 5438 in
2656 5388 2853 5441 vertice
2876 5387 3095 5443 cristas.

2394 5475 2474 5532 10.
2524 5476 2598 5530 De
2636 5476 2886 5534 Colicnlo.

1866 5570 2103 5637 Frigidus
2133 5584 2196 5623 ex
2229 5568 2409 5640 gelido
2443 5568 2676 5635 prolatus
2706 5570 2910 5625 viscere
2942 5579 3131 5637 terrm,

1866 5660 2124 5716 lini-itiem
2150 5660 2276 5714 ferri
2300 5660 2553 5729 quadrata
2580 5660 2753 5715 fronte
2780 5661 2963 5731 polibo
2990 5678 3004 5715 :

1864 5757 2035 5819 Atque
2067 5753 2357 5805 senectutis
2384 5764 2573 5804 vereor
2600 5750 2902 5805 discrimina
2931 5766 3197 5820 nunquam
3231 5794 3244 5816 ,

1861 5844 2095 5901 Mulcil‘er
2122 5857 2379 5900 annorum
2406 5845 2682 5899 numerum
2715 5844 2764 5899 ni
2797 5843 3094 5916 dempserit
3126 5844 3280 5915 ignis.
