4172 6552
685 453 778 507 187
1483 451 1541 502 S.
1585 445 1932 501 ALDIIELMl
1973 443 2263 499 Ol‘Ei’vL‘M
2304 441 2481 499 PARS
2522 445 2587 500 ll.
2629 478 2698 487 -—
2739 448 3176 506 TRACTATUS.
3843 458 3937 514 I88

684 569 799 620 Mox
831 567 998 638 rigida
1030 566 1238 636 species
1270 566 1532 620 mollescit
1567 566 1799 619 torribus
1828 563 1982 617 atris.
2284 564 2329 621 Λ
2361 562 2616 629 Contero,
2652 581 2751 621 nec
2774 582 2999 635 parcens
3030 584 3273 625 ursorum
3302 587 3498 641 quasso
3528 576 3776 631 lacertos.

1176 659 1266 714 ll.
1311 657 1389 711 De
1430 657 1753 711 Minotauro.
2362 655 2461 708 Ora
2489 667 2708 711 cruenta
2742 658 2955 715 ferens:
2990 677 3219 726 morsus,
3252 666 3519 736 rictusque
3541 669 3810 739 luporum,

681 751 809 804 Sum
834 750 962 803 mihi
988 750 1221 806 difficilis
1244 751 1389 805 vultu
1418 749 1779 818 membrisque
1804 748 2048 802 biformis
2076 791 2087 811 ,
2362 750 2623 803 Horridus
2656 752 2794 806 haud
2826 769 3038 819 vereor,
3063 759 3225 824 regali
3248 760 3481 815 culmine
3507 761 3695 817 fretus.

677 841 941 894 Comihus
969 848 1244 905 armatus;
1289 839 1613 893 horrendnin
1639 849 1832 892 caetera
1863 839 2068 905 fingunt
2362 839 2578 894 Dormio
2602 858 2722 897 nam
2754 845 2948 913 patulis
2975 863 3077 900 non
3110 849 3364 905 claudens
3393 853 3586 909 lumina
3613 858 3859 927 gemmis.

676 930 910 984 Membra
943 931 1151 995 virum,
1185 930 1323 983 fama
1350 930 1530 983 clarus
1563 945 1655 997 per
1685 928 1910 982 Gnossia
1942 942 2084 981 rura.
2947 934 2999 988 5,
3044 936 3118 991 De
3158 938 3361 1008 [δέρε-τε,

679 1023 908 1088 Spurius
933 1024 1139 1077 incerto
1165 1023 1214 1075 in
1237 1021 1394 1078 Creta
1417 1025 1659 1092 genitore
1684 1030 1917 1086 creatus,
2359 1022 2487 1077 Sum
2519 1026 2664 1091 niger
2695 1028 2957 1093 exterius,
2990 1045 3184 1099 rugoso
3213 1034 3413 1088 cortice
3440 1043 3631 1099 lectus,

679 1111 757 1165 Ex
787 1111 1013 1166 hominis
1045 1113 1373 1183 pecudisquc
1401 1113 1556 1166 simul
1588 1114 1909 1183 cognomine
1936 1113 2105 1170 dicor.
2359 1115 2461 1167 Sed
2495 1125 2667 1169 tamen
2701 1118 2925 1173 interius
2953 1122 3267 1176 candentem
3299 1136 3450 1192 gesto
3481 1127 3791 1182 medullam.

1086 1206 1175 1259 l2.
1219 1205 1296 1259 De
1336 1206 1534 1259 (Incubo
1574 1207 1674 1259 sire
1713 1206 1912 1260 Lebcte.
2361 1205 2606 1271 Delicias,
2636 1207 2822 1276 epulas
2851 1223 3059 1277 regum,
3088 1210 3346 1281 luxusque
3374 1216 3636 1282 ciborum,

678 1293 925 1361 Horrida,
961 1311 1147 1359 curva,
1183 1309 1375 1364 rapax,
1406 1298 1601 1365 patulis
1634 1297 1887 1352 fabricata
1915 1298 2176 1361 metallis,
2356 1299 2450 1353 .lus
2478 1301 2633 1354 simul
2664 1309 2720 1355 et
2748 1302 2932 1371 pulpas
2964 1304 3196 1359 battutas
3226 1308 3401 1361 condo
3430 1310 3639 1364 culime.

682 1386 936 1441 Pendeo:
970 1402 1068 1441 nec.
1094 1387 1288 1441 cmlutn
1319 1399 1540 1458 tangens
1572 1398 1837 1443 terramve
1869 1388 2213 1454 profundam,
2361 1391 2466 1445 Sed
2497 1407 2583 1446 me
2612 1393 2897 1447 subnixum
2931 1396 3073 1448 nulla
3109 1398 3303 1452 virtute
3336 1399 3565 1469 videbis,

680 1478 891 1546 Ignibus
921 1480 1234 1543 ardescens,
1269 1495 1367 1534 nec
1396 1496 1500 1534 non
1525 1490 1578 1534 ct
1606 1480 1814 1549 gurgite
1849 1480 2060 1535 fervens
2095 1498 2108 1533 :
2365 1484 2577 1537 \‘iscera
2607 1485 2657 1538 ui
2681 1486 2876 1539 fuerint
2905 1488 3088 1541 nitidis
3114 1501 3359 1557 quassata
3388 1495 3653 1549 medullis.

678 1569 769 1622 Sic
793 1570 1032 1637 geminas
1056 1571 1200 1621 vario
1229 1570 1404 1638 patior
1433 1570 1742 1625 discrimine
1771 1588 2006 1641 pugnas,
2919 1579 2973 1634 6.
3015 1578 3095 1634 De
3136 1580 3382 1637 Pulvillo.

682 1657 814 1712 llum
844 1659 1027 1714 latices
1052 1659 1285 1729 lympha:
1314 1660 1484 1715 tolero
1512 1663 1864 1731 flammasque
1894 1662 2119 1716 feroces.
2362 1668 2494 1721 Nolo
2528 1670 2685 1725 fidem
2715 1671 2947 1741 frangas,
2984 1675 3108 1730 licet
3138 1677 3284 1731 irrita
3312 1678 3455 1734 dicta
3485 1690 3757 1748 putentur,

1154 1751 1240 1804 l5.
1284 1748 1366 1805 De
1400 1751 1771 1819 illyriopltyllo.
2361 1760 2585 1813 Credula
2617 1763 2709 1815 sed
2744 1763 2941 1816 nostris
2970 1765 3143 1831 pande
3174 1770 3465 1836 prmcordia
3490 1772 3689 1826 verbis.

680 1839 909 1895 l‘rorsas
940 1840 1258 1896 Achivorum
1286 1841 1462 1912 lingua
1494 1844 1806 1912 pariterque
1837 1844 2022 1899 Latina
2362 1852 2566 1905 Celsior
2584 1853 2649 1906 ad
2678 1868 2903 1921 superas
2928 1870 3142 1924 possum
3175 1866 3479 1929 turgescere
3508 1862 3697 1926 nubes,

682 1930 829 1985 Mille
859 1947 1018 1987 vocor
1042 1934 1193 1988 viridi
1224 1935 1411 2004 folium
1431 1936 1499 1990 de
1522 1936 1725 2004 cespite
1748 1946 1955 1991 natum.
2287 1934 2333 1993 B
2361 1946 2413 1996 Si
2437 1953 2595 2012 caput
2619 1946 2856 2000 aufertur
2894 1948 3025 2001 mihi
3058 1957 3167 2003 toto
3196 1966 3423 2020 corpore
3454 1953 3672 2023 dempto
3700 1973 3708 2003 :

683 2023 886 2077 Idcirco
911 2024 1089 2079 decies
1114 2036 1397 2080 centenum
1426 2042 1618 2082 nomen
1644 2027 1883 2094 habebo,
2358 2035 2428 2087 At
2454 2049 2580 2087 vero
2609 2036 2795 2104 capitis
2823 2040 2864 2091 si
2888 2053 3073 2106 passus
3106 2041 3245 2094 mole
3271 2043 3560 2109 gravabor,

684 2112 971 2167 (Iauliculis
995 2114 1194 2169 florens
1222 2118 1469 2182 quoniam
1493 2118 1572 2169 sie
1596 2118 1736 2170 nulla
1762 2119 2005 2172 frutcscit
2361 2126 2463 2177 Ima
2494 2137 2677 2194 petens
2698 2128 2893 2198 iugiter
2924 2130 3175 2184 minorari
3208 2141 3358 2200 parte
3387 2133 3631 2189 videbor.

685 2203 859 2258 llerba
891 2220 988 2275 per
1013 2206 1326 2261 innumeros
1353 2208 1561 2262 telluris
1583 2209 1751 2264 limite
1778 2210 1977 2262 sulcos.
2882 2222 2931 2272 7.
2976 2221 3051 2275 De
3090 2222 3412 2277 Strutln'oue.

1143 2297 1230 2352 l’t.
1278 2298 1351 2350 De
1390 2315 1512 2351 arca
1553 2300 1785 2354 libraria.
2359 2307 2590 2361 Grandia
2625 2310 2862 2363 membra
2898 2312 3026 2363 mihi
3059 2313 3397 2380 plumescunt
3421 2327 3645 2384 corpore
3669 2315 3859 2382 denso,

686 2386 835 2442 Nunc
865 2403 982 2443 mea
1015 2390 1209 2444 divinis
1234 2392 1572 2459 complentur
1604 2394 1803 2447 viscera
1836 2395 2011 2447 verbis
2041 2412 2055 2447 :
2361 2403 2464 2456 Par
2489 2403 2638 2455 color
2666 2404 2934 2471 accipitri,
2967 2405 3059 2459 Sed
3094 2407 3274 2473 dispar
3293 2421 3453 2461 causa
3484 2408 3719 2463 volandi.

682 2476 925 2571 Ἱόιειιιυθ
956 2489 1196 2534 δίιεΐειιοδ
1227 2490 1436 2549 805⁸³01
1470 2483 1760 2549 Primo“!ia
1793 2483 1966 2536 ὓίωυε
1998 2500 2009 2534 ε
2360 2493 2490 2547 Nam
2522 2510 2727 2549 summa
2757 2496 2960 2564 exiguis
2983 2511 3088 2550 non
3122 2507 3275 2551 trano
3302 2515 3398 2567 per
3423 2500 3622 2556 aethera
3650 2503 3864 2571 pennis,

680 2569 750 2624 At
780 2573 884 2623 non
917 2584 984 2624 ex
1012 2570 1201 2625 iisdem
1234 2586 1441 2639 nequeo
1468 2587 1794 2640 cognoscere
1824 2574 2111 2643 quidquam
2133 2616 2148 2639 ,
2361 2585 2469 2639 Sed
2501 2588 2674 2655 potius
2706 2587 2933 2656 pedibus
2964 2588 3164 2654 spatior
3191 2603 3286 2657 per
3307 2592 3542 2657 squalida
3576 2569 3720 2657 rura,

682 2657 870 2713 Ῑιποιίι
902 2660 1007 2714 Γειιο
1035 2660 1323 2716 "Midam?
1359 2677 1583 2717 ηιυηοΐθ
1614 2663 1701 2717 la“
1729 2703 1742 2727 ι
2362 2677 2595 2731 Ovorum
2630 2688 2825 2733 teretes
2855 2679 3099 2747 prtcbens
3129 2680 3193 2733 ad
3225 2683 3409 2747 pocula
3440 2691 3624 2738 testas.

677 2747 808 2802 Nam
839 2748 1060 2805 demum
1084 2752 1214 2807 dim
1241 2753 1496 2807 “brorum
1529 2753 1728 2807 ιιιτηίηλ
1759 2753 1961 2808 Pam-1%
2366 2766 2545 2822 Africa
2578 2767 2866 2823 I’mnorum
2901 2783 2986 2822 me
3014 2768 3184 2822 fertur
3205 2770 3419 2839 gignere
3450 2772 3626 2826 tellus.

1260 2842 1348 2899 15.
1389 2843 1468 2897 De
1502 2842 1700 2899 Urtica.

680 2931 1124 2998 lUltiu.u5_v¢rsns
1158 2932 1301 2993 hujus
1343 2935 1635 2998 preutastichi
1677 2934 1824 2998 deest
1864 2935 1914 2998 in
1941 2935 2108 2995 editis;
2138 2948 2260 2998 quo-

894 2995 1022 3043 circa
1043 2997 1171 3043 inter
1194 2997 1473 3045 tetrasticha
1495 2996 1652 3044 locum
1674 2997 1841 3046 habet.
1868 2997 2052 3059 Otii-25.]

2868 2860 2921 2914 8.
2964 2856 3043 2912 De
3081 2858 3424 2930 Sanguisuga.

2365 2950 2559 3005 Lurida
2592 2966 2683 3019 per
2714 2951 2898 3006 latices
2928 2966 3175 3007 caenosas
3205 2953 3376 3008 lustro
3407 2954 3646 3023 paludes,

684 3075 932 3144 'l'orqueo
962 3084 1303 3145 torquentes,
1335 3075 1430 3131 sed
1462 3076 1666 3130 nullum
1698 3087 1920 3144 turquco
1948 3042 2159 3146 sponte.
2522 3042 2651 3149 mihi
2673 3044 2970 3149 θοιφιροξυίί
2991 3057 3190 3149 “om”:
3212 3045 3429 3149 [0”"m_
3449 3056 3691 3149 enim”:

687 3135 908 3218 led-ere
938 3180 1037 3219 nec
1063 3135 1383 3235 quemquam
1414 3165 1560 3231 volo,
1596 3165 1647 3219 ni
1672 3135 1818 3235 prius
1850 3167 1964 3235 ipse
1978 3135 2198 3222 .reatum
2367 3135 2548 3235 ξξυὶξξο
2574 3135 2699 3235 ΜΨ
2728 3135 2922 3235 “fauis
2951 3150 3139 3190 vescor
3159 3136 3227 3192 de
3247 3138 3502 3235 ῗ³ξ¹8¹¹ί¹¹ίξ
3533 3137 3738 3235 δυθέίδο

682 3257 1000 3326 tiontrahat,
1032 3267 1087 3313 et
1127 3258 1349 3312 viridem
1380 3258 1597 3313 studeat
1620 3258 1909 3327 decerpere
1937 3259 2142 3313 caulem
2169 3275 2184 3311 :

1943 3259 2142 3313 caulem
2169 3275 2184 3311 ε
2288 3288 2334 3351 c
2368 3224 2590 3278 Ossibus
2614 3233 2666 3279 et
2697 3224 2924 3294 pedibus
2951 3239 3108 3280 careo
3132 3226 3463 3296 geminisque
3486 3227 3726 3292 lacertis,

2366 3320 2602 3351 [κη-ιη...-
2638 3321 2949 3351 uulua-II“...
2977 3322 3072 3351 ρηοι
3105 3322 3325 3351 ΜΛιςιΙΛΛ
3356 3322 3466 3351 .lz-..
3495 3322 3724 3351 ...ξρηιηςο

684 3346 911 3402 Fervida
943 3364 1063 3403 mox
1101 3349 1336 3404 hominis
1367 3357 1675 3417 turgescunt
1703 3350 1942 3405 membra
1979 3351 2257 3407 nocentis:
2288 3320 2334 3351 υ
2366 3320 2604 3425 ςοτνοτθ
2631 3321 2951 3425 ,νηξξθξίωξδ
2977 3322 3073 3376 sed
3105 3322 3325 3377 mordeo
3355 3322 3470 3425 dif?
3495 3322 3749 3425 ίξξῗυιθίει

688 3440 912 3497 Vindico
951 3443 1028 3496 sic
1059 3455 1272 3507 noxam,
1306 3442 1642 3510 stimulisque
1670 3442 1900 3496 ulciscor
1928 3442 2115 3496 acutis.

1943 3442 2115 3496 mutis.
2365 3417 2538 3485 .‘Jque
2567 3413 2852 3469 salutiferis
2876 3415 2954 3469 sic
2981 3429 3162 3469 curam
3191 3424 3383 3483 [πωπω
3405 3414 3631 3471 labellis.

971 3535 1059 3589 tu.
1105 3505 1482 3591 mutatura
1522 3505 1979 3592 tt'Exasrtcna.

1943 3553 1979 3592 λ.
2919 3507 2974 3562 9.
3017 3505 3093 3560 De
3130 3506 3396 3562 Columba.

1288 3627 1338 3682 ι,
1387 3625 1461 3681 οε
1487 3644 1643 3697 aqua.
2161 3664 2164 3666 γ
2541 3597 2682 3653 Deus
2709 3597 2952 3697 infandas
2978 3599 3085 3697 iam
3120 3599 3377 3667 plecteret
3403 3614 3616 3697 mnu-ore
3647 3614 3818 3697 noxas

684 3718 814 3785 Quis
845 3732 951 3771 non
982 3717 1269 3787 obstupcat
1299 3716 1469 3772 nostri
1497 3688 1803 3786 spectacula
1839 3718 1959 3785 fati,
2369 3689 2735 3787 θίξιυθτθίίιυθ
2759 3688 2919 3743 Sim"!
2944 3688 3212 3787 Fceler'l'“
3233 3690 3486 3787 ,αἶηυῧὴ
3520 3688 3784 3787 ¹Ϊ⁰¹Ρ¹ξίξῖ

690 3812 823 3863 ltum
856 3811 1050 3865 virtute
1080 3810 1197 3865 fero
1225 3811 1481 3865 silvarum
1514 3812 1707 3865 robora
1740 3810 1926 3865 mille?

1948 3778 1957 3785 '
2372 3780 2547 3834 Prima
2575 3795 2674 3851 ego
2704 3780 2956 3850 prmcepti
2984 3780 3246 3850 complevi
3286 3778 3408 3851 jura
3442 3783 3646 3850 parenti
3690 3779 3871 3853 [Pur.,

685 3902 783 3956 Ast
827 3914 956 3956 acus
1002 3898 1194 3973 [Par.,
1236 3902 1406 3957 Arcus
1449 3899 1523 3972 at]
1570 3901 1725 3957 exilis
1773 3909 1918 3956 tanta
1967 3901 2265 3971 gestamina
2373 3966 2404 3973 _
2586 3965 2600 3973 _
2727 3965 2747 3973 _
3040 3966 3053 3973 _
3219 3964 3234 3973 .
3393 3872 3586 3973 .ljussa
3617 3872 3872 3942 Ρπθηιίδν

1943 3964 2160 4063 [ﬁmum
2180 4031 2196 4058 ν
2370 3965 2702 4063 [attendens
2724 3965 2897 4021 fructu
2927 3966 3084 4020 terris
3114 3964 3299 4020 venire
3328 3964 3578 4063 salutem.

687 4081 819 4137 Nam
852 4082 1098 4137 volucres
1126 4083 1248 4139 caeli
1280 4091 1576 4153 nantesque
1603 4098 1697 4153 per
1725 4097 1939 4152 :equora
1968 4082 2142 4153 pisces

1945 4055 2142 4153 “pisc'cs
2181 4055 2188 4058 ’
2370 4057 2511 4111 blitia
2543 4066 2868 4127 quapropter
2890 4072 3107 4127 seraper
3134 4055 3427 4127 prmeordia
3459 4066 3632 4124 gesto,

683 4176 822 4232 Olim
856 4184 1203 4246 sumpserunt
1232 4191 1298 4231 ex
1329 4190 1416 4231 me
1446 4145 1737 4244 primordia
1770 4145 1916 4230 vitat.
1968 4145 1984 4153 '
2372 4147 2437 4202 Et
2461 4147 2585 4202 rem
2617 4162 2826 4217 l‘mpes
2856 4147 3008 4218 "i3"
3031 4147 3148 4202 Sine
3177 4145 3297 4201 “me
3328 4146 3576 4200 ma'wbo'

686 4266 868 4322 Tertia
905 4280 1030 4337 pars
1059 4266 1244 4321 mundi
1273 4266 1404 4320 mihi
1430 4276 1642 4320 constat
1664 4267 1787 4335 jure
1819 4267 2071 4322 tenenda.
2950 4262 3040 4318 10.
3082 4262 3158 4316 De
3195 4259 3368 4317 Pisce.

1006 4358 1061 4412 2.
1104 4357 1183 4412 De
1211 4357 1408 4412 Cancro
1437 4358 1523 4428 qui
1553 4357 1703 4427 Ncpa
1734 4368 1958 4413 vocatur.
2374 4356 2455 4411 Me
2485 4355 2708 4425 pedibus
2734 4354 3089 4424 manibusque
3118 4355 3279 4409 simul
3311 4355 3647 4409 fraudaverat
3674 4355 3852 4409 almus

687 4449 831 4519 Ncpa
857 4448 985 4504 mihi
1014 4464 1213 4505 nomen
1244 4459 1453 4506 veteres
1484 4449 1673 4504 dixere
1702 4449 1909 4516 Latini,
2374 4448 2606 4512 Arbiter,
2637 4449 2955 4502 immensum
2982 4447 3154 4515 primo
3183 4446 3309 4501 dum
3343 4453 3595 4515 pangeret
3622 4444 3838 4499 orbem.

689 4540 913 4594 llumida
948 4539 1227 4607 spumiferi
1258 4539 1462 4608 spatior
1487 4556 1579 4609 per
1606 4540 1785 4594 littora
1813 4538 1980 4610 ponti,
2373 4541 2588 4596 Fulcior
2617 4538 2756 4593 haud
2785 4540 3013 4594 volitans
3036 4537 3207 4592 veloci
3233 4538 3482 4607 praepetis
3512 4536 3618 4602 ala,

689 4630 947 4686 l’assibus
970 4631 1240 4686 Oceanum
1274 4631 1585 4701 retrograda
1620 4640 1836 4685 transeo
1859 4631 2048 4685 versis.
2296 4657 2348 4717 Ι)
2374 4631 2607 4700 Spiritus
2633 4629 2844 4685 alterno
2873 4636 3084 4698 vegetat
3112 4643 3214 4682 nec
3243 4641 3467 4695 corpora
3498 4626 3648 4690 flatu,

691 4722 757 4776 Et
781 4731 955 4777 tamen
986 4722 1242 4778 aetherius
1266 4738 1361 4791 per
1389 4737 1472 4778 me
1497 4721 1785 4777 decoratur
1808 4722 2088 4793 Olympus,
2375 4724 2625 4789 Quamvis
2655 4723 2707 4777 in
2739 4722 2891 4777 cmlis
2920 4734 3155 4775 convexa
3189 4719 3465 4773 cacumina
3494 4730 3735 4779 cernam,

696 4815 831 4869 Dum
862 4814 1022 4869 ruber
1049 4814 1102 4868 in
1133 4815 1272 4870 caelo
1304 4822 1356 4870 et
1385 4814 1598 4869 bisseno
1626 4813 1801 4868 sidere
1844 4812 2068 4879 scando,
2374 4813 2490 4867 Non
2522 4823 2697 4869 tamen
2728 4812 2918 4867 undosi
2948 4821 3234 4866 contemno
3263 4823 3526 4863 marmora
3558 4809 3731 4879 ponti.

691 4906 877 4959 Ostrea
906 4919 1061 4974 quem
1091 4911 1343 4960 metuunt
1371 4902 1503 4957 diris
1535 4902 1817 4972 perterrita
1855 4903 2017 4957 saxis.
2708 4905 2795 4958 ll.
2839 4903 2915 4956 De
2953 4902 3108 4967 Boce,
3149 4902 3252 4956 sive
3287 4901 3351 4954 de
3386 4898 3628 4953 Juvcuco.

1272 4997 1325 5051 5.
1366 4994 1443 5049 De
1467 4995 1713 5067 Tippula.
2376 4994 2541 5049 Arida
2566 4992 2836 5064 spumosis
2864 4990 3170 5048 dissolvens
3213 4989 3453 5045 faucibus
3476 5003 3567 5043 ora
3589 4987 3770 5061 [ωιτη
3800 4990 3953 5060 arva]

700 5088 867 5158 l‘ergo
906 5102 1069 5157 super
1106 5087 1292 5143 latices
1350 5085 1560 5159 [Par.,
1629 5084 1875 5157 laticum]
1918 5087 2108 5155 plantis
2163 5085 2271 5140 suf-
2378 5088 2465 5142 Bis
2496 5087 2634 5141 binis
2665 5085 2880 5142 bibulus
2912 5092 3095 5153 potum
3125 5083 3193 5138 de
3218 5083 3451 5137 fontibus
3478 5081 3652 5136 hausi.

1746 5176 1901 5250 [fulta
1927 5175 2203 5247 quaternis
2379 5178 2574 5232 Vivens
2605 5190 2727 5230 nam
2761 5184 2916 5230 terra:
2944 5173 3125 5244 glebas
3146 5186 3267 5227 cum
3293 5170 3547 5240 stirpibus
3571 5171 3689 5226 imis

700 5271 807 5326 Nec
835 5279 1009 5325 tamen
1036 5271 1089 5326 in
1118 5270 1359 5343 lymphas
1386 5283 1575 5326 vereor
1602 5268 1743 5338 quod
1786 5284 1995 5339 mergar
2021 5282 2269 5338 aquosas.
2376 5274 2508 5329 Μειι
2536 5273 2749 5330 virtutis
2775 5270 2966 5326 validae
2991 5270 3268 5339 disrumpo
3293 5271 3496 5324 feraces
3524 5284 3540 5321 :

697 5364 803 5419 Sed
840 5366 1040 5433 pariter
1071 5374 1240 5419 terras
1266 5375 1323 5421 et
1347 5365 1564 5421 flumina
1591 5366 1741 5420 calco
1768 5364 2054 5434 pedestris.
2378 5370 2447 5422 At
2476 5381 2604 5421 vero
2636 5365 2827 5436 linquit
2847 5364 2974 5419 dum
3005 5362 3223 5432 spiritus
3251 5358 3424 5430 algida
3454 5358 3716 5423 membra,

699 5454 808 5509 Nec
837 5462 1025 5509 natura
1056 5456 1183 5509 sinit
1208 5455 1439 5511 celerem
1469 5464 1652 5511 natare
1680 5470 1776 5525 per
1804 5471 2015 5521 amnes,
2378 5458 2614 5513 Nexihus
2641 5454 2923 5511 horrendis
2954 5455 3200 5509 homines
3229 5450 3594 5520 constringere
3627 5462 3875 5518 possum.

702 5546 957 5601 Pontibus
985 5556 1076 5602 aut
1100 5548 1305 5602 ratibus
1340 5548 1528 5603 fluvios
1558 5548 1788 5603 transire
1814 5549 2048 5614 feroces,
2913 5544 2999 5599 i2.
3042 5541 3219 5598 Caseus
3258 5552 3427 5596 natus.

701 5633 836 5703 Quin
867 5639 1040 5705 potius
1068 5637 1290 5706 pedibus
1316 5640 1531 5708 gradior
1560 5654 1720 5710 super
1748 5654 1962 5708 aequora
1990 5640 2162 5697 siccis.
2378 5640 2495 5696 Jam
2521 5636 2745 5693 referam
2775 5635 2950 5691 verbis
2979 5634 3095 5699 tibi,
3128 5633 3268 5703 quod
3299 5634 3386 5687 vix
3416 5631 3637 5687 erodere
3668 5632 3860 5699 possis,

1289 5731 1342 5786 4.
1387 5731 1461 5784 οε
1499 5731 1684 5787 Leone.
2378 5732 2510 5787 Cum
2543 5740 2749 5785 constet
2778 5742 2988 5793 verum,
3021 5725 3209 5780 fallant
3239 5739 3337 5778 nec
3369 5721 3557 5777 frivola
3587 5730 3848 5777 mentem.

702 5820 909 5890 Scliger
938 5822 990 5875 in
1019 5823 1182 5894 sylvis
1210 5833 1445 5881 armatos
1474 5824 1723 5880 dentibus
1751 5841 1930 5894 apros,
2381 5825 2511 5879 Nam
2542 5822 2737 5876 dudum
2768 5818 3021 5873 dederam
3045 5815 3214 5871 soboli
3251 5815 3558 5869 munuscula
3590 5822 3740 5880 grata

705 5916 1129 5992 Cornigerosque
1160 5922 1317 5979 simul
1345 5937 1531 5981 cervos
1561 5922 1686 5977 licet
1717 5937 1809 5978 ore
1841 5922 2093 5977 rudentes
2383 5915 2620 5972 Tradere
2651 5927 2765 5982 «pne
2797 5924 3063 5978 nunquam
3097 5917 3300 5979 poterat
3328 5907 3455 5961 mihi
3482 5905 3729 5975 quislibet
3760 5906 3921 5970 alter,
