4172 6536
231 413 331 463 I89

228 527 364 578 Dum
399 525 536 579 Deus
560 538 620 578 cx
654 526 760 577 alto
784 523 1050 576 fraudaret
1083 523 1288 579 lumine
1317 527 1485 591 claro,

228 617 285 668 lu
309 632 411 684 quo
440 626 755 669 cunctorum
784 615 1016 684 gaudent
1049 618 1339 683 praecordia
1370 618 1529 671 dono.

836 706 920 760 15.
964 706 1206 776 Clypeus.

228 799 305 852 De
335 799 517 853 salicis
546 809 755 865 trunco,
791 801 996 868 pecoris
1028 816 1239 869 quoque
1272 811 1479 870 tergore
1508 817 1629 855 raso

224 890 553 957 (Ioniponor,
587 893 791 960 patiens
822 892 1129 945 discrimina
1162 892 1297 945 dura
1322 892 1507 947 duelli.

227 984 453 1052 Semper
482 999 581 1053 ego
611 986 831 1055 proprio
852 987 1108 1054 gestantis
1135 1000 1362 1053 corpore
1389 1001 1585 1055 corpus

228 1077 597 1143 tiunservabo,
637 1078 738 1131 viri
771 1079 932 1130 vitam
966 1093 1033 1131 ne
1063 1077 1355 1145 dempserit
1385 1078 1575 1132 Orcus.

228 1170 359 1233 Quis
388 1177 566 1223 tantos
592 1184 769 1237 casus,
801 1180 893 1224 aut
923 1172 1040 1239 quis
1069 1184 1174 1227 tam
1211 1172 1433 1241 plurima
1467 1172 1595 1227 lctlii

229 1264 464 1333 Suscipit
494 1264 548 1318 in
575 1264 717 1320 bello
748 1265 985 1320 crudelis
1010 1268 1230 1321 vulnera
1263 1267 1458 1322 miles?

494 1355 583 1410 IV.
623 1356 999 1412 ENIGMATA
1041 1356 1539 1413 IIEPTASTICIIA.

534 1446 583 1499 1.
630 1446 704 1500 De
742 1449 997 1502 elementis
1036 1450 1139 1503 sire
1177 1450 1502 1504 Abecedario.

227 1538 339 1592 Nos
359 1538 512 1592 denm
542 1549 598 1593 et
627 1551 829 1609 septem
854 1543 1049 1609 genitas
1081 1543 1197 1597 sine
1229 1558 1355 1597 voce
1383 1558 1629 1605 sorores;

228 1630 335 1683 Sex
366 1629 497 1683 alias
524 1631 711 1684 nothas
734 1647 839 1685 non
871 1633 1096 1687 dicimus
1118 1635 1551 1690 annumerandas
1584 1655 1596 1690 ;

227 1720 507 1776 Nascimur
536 1737 598 1777 ex
630 1722 795 1787 ferro,
828 1740 1015 1778 rursus
1047 1726 1186 1779 ferro
1214 1728 1574 1791 moribunda),

232 1816 341 1867 Nec
366 1828 470 1866 non
493 1821 547 1867 et
574 1815 808 1868 volucris
837 1831 1010 1881 penna
1042 1817 1317 1871 volitantis
1342 1818 1406 1871 ad
1433 1819 1654 1873 mtliram
1688 1840 1699 1874 ε

227 1904 389 1958 'l‘erni
423 1918 518 1957 nos
546 1904 737 1958 fratres
769 1905 970 1958 incerta
1002 1916 1170 1960 matre
1202 1917 1469 1962 crearunt.

224 1996 325 2061 Qui
358 1996 505 2064 cupit
535 1996 793 2050 instanter
819 1997 1009 2051 sitiens
1035 1997 1221 2051 audire
1254 1999 1533 2065 docentes,

228 2090 365 2143 Tum
398 2092 504 2143 cito
530 2099 773 2158 prompta
802 2090 989 2143 damus
1017 2091 1265 2159 rogitauti
1300 2092 1461 2145 verba
1495 2092 1731 2146 silcutcr.

795 2182 848 2234 2.
893 2181 969 2235 Dc
1009 2183 1236 2237 Ciconio.

227 2273 463 2328 (Iaudida
497 2272 663 2328 forma
696 2274 892 2337 nitens,
929 2289 1136 2328 necnon
1167 2286 1218 2329 et
1249 2275 1396 2329 furva
1428 2277 1735 2344 nigresccns

230 2369 325 2419 list
356 2367 506 2432 mihi,
539 2368 663 2422 dum
696 2367 841 2421 varia
874 2383 1169 2437 componor
1204 2370 1431 2439 imagine
1466 2386 1652 2439 pennae
1685 2388 1697 2426 :

228 2457 374 2512 Voce
401 2472 591 2513 carens
624 2460 852 2514 tremulo
882 2460 1003 2513 faxo
1031 2461 1353 2530 crepitacula
1379 2460 1553 2532 [Par.,
1592 2478 1709 2515 nam

1060 2552 1183 2607 faxo
1214 2553 1516 2623 crepacula]
1540 2566 1731 2608 rostro.

228 2642 487 2707 Quamvis
517 2644 884 2712 squamigeros
915 2643 1213 2712 discerpam
1242 2644 1358 2697 dira
1390 2645 1640 2698 colubros

225 2734 343 2789 Non
374 2749 490 2789 mea
523 2735 780 2789 letltiferis
812 2744 1122 2804 turgescunt
1156 2736 1393 2790 membra
1426 2736 1645 2790 venenis
1681 2753 1691 2789 :

222 2826 314 2880 Sic
341 2837 554 2880 teneros
580 2827 752 2895 pullos
784 2827 1094 2894 prolemque
1126 2828 1331 2881 nutrire
1364 2842 1554 2881 suesco

222 2917 401 2971 Carne
431 2925 714 2981 venenata,
744 2925 989 2985 tetroque
1016 2932 1208 2973 cruore
1238 2917 1556 2971 draconum.

816 3010 867 3063 5.
914 3010 987 3063 De
1024 3010 1202 3064 lorica.

222 3098 452 3153 Roscida
485 3114 570 3154 me
598 3099 779 3169 genuit
810 3101 983 3166 gelido
1011 3102 1077 3157 de
1107 3103 1314 3157 viscere
1346 3104 1522 3158 tellus.

217 3190 339 3245 Non
369 3205 485 3245 sum
513 3192 744 3262 setigero
774 3193 1012 3247 lanarum
1040 3195 1239 3249 vellere
1271 3198 1429 3262 facta,

220 3285 365 3339 Licia
389 3284 532 3339 nulla
560 3285 794 3353 trahunt,
828 3300 927 3341 nec
952 3286 1159 3356 garrula
1183 3286 1269 3341 fila
1302 3288 1585 3356 resultant,

217 3376 331 3431 Nec
359 3390 546 3432 crocca
588 3377 747 3433 Seres
780 3387 965 3432 texunt
991 3380 1242 3449 lanugine
1271 3395 1517 3444 vermes,

217 3470 332 3525 Nec
360 3470 523 3524 radiis
549 3484 764 3539 carpor,
797 3471 933 3527 duro
965 3488 1061 3527 nec
1095 3474 1309 3541 pectine
1338 3473 1521 3542 pulsor
1547 3492 1560 3527 :

221 3558 289 3612 Et
317 3568 491 3612 tamen
524 3573 589 3613 en
621 3558 787 3612 vestis
818 3560 959 3628 vulgi
988 3574 1235 3615 sermone
1263 3563 1518 3616 vocabor.

218 3647 439 3716 Spicula
470 3661 574 3701 non
603 3661 795 3702 vereor
827 3647 998 3717 longis
1028 3659 1274 3718 exempta
1299 3650 1587 3718 pharetris.

789 3738 844 3796 4.
890 3740 964 3793 De
1000 3740 1220 3797 locusta.

217 3829 475 3896 Quamvis
504 3830 752 3900 agricolis
776 3846 881 3885 non
909 3831 1009 3884 sim
1052 3831 1332 3886 laudabilis
1364 3833 1583 3902 hospes,

219 3920 445 3977 Fructus
476 3937 719 3991 agrorum
742 3921 895 3976 viridi
929 3922 996 3979 de
1025 3922 1227 3990 cespite
1261 3923 1401 3977 ruris

218 4012 395 4082 Carpo
421 4014 753 4078 catervatim,
786 4012 982 4068 rodens
1005 4012 1073 4068 de
1103 4014 1283 4081 stipite
1313 4013 1501 4075 libros.

218 4106 325 4159 Cor
352 4104 486 4159 mihi
514 4105 613 4159 sub
634 4104 857 4175 genibus
889 4123 903 4159 :
935 4119 1054 4158 nam
1087 4116 1294 4159 constat
1320 4121 1536 4160 carcere
1567 4115 1797 4174 septum.

218 4196 444 4250 l‘cctora
477 4196 767 4264 peplitihus
796 4195 1096 4249 subduntur
1129 4209 1277 4248 more
1308 4194 1532 4250 rubette.

215 4286 538 4342 Jamdudum
570 4286 801 4341 celebris
830 4286 1066 4352 spolians
1094 4285 1319 4339 Nilotica
1353 4302 1540 4356 regna,

214 4377 442 4444 Quaado
470 4378 656 4433 decem
687 4377 868 4448 plagas
897 4391 1085 4446 spurca
1115 4392 1235 4431 cum
1267 4388 1425 4447 gente
1456 4377 1691 4432 luebant.

716 4466 769 4520 5.
813 4468 887 4522 De
928 4468 1284 4537 Nycticorace.

220 4562 465 4631 Duplicat
492 4574 579 4615 ars
607 4560 836 4630 geminis
866 4559 991 4613 mihi
1022 4575 1215 4615 nomen
1246 4560 1347 4614 rite
1382 4560 1588 4629 figuris,

220 4653 351 4709 Nam
381 4662 584 4722 partem
619 4651 854 4707 tenebrae
903 4651 1156 4717 retinent,
1188 4661 1503 4720 partemque
1536 4651 1797 4706 volucres.

222 4745 364 4800 Raro
390 4758 475 4799 me
511 4743 792 4813 quisquam
822 4750 1009 4797 cernet
1036 4742 1135 4795 sub
1159 4743 1277 4797 luce
1305 4756 1497 4796 serena
1534 4759 1547 4796 :

220 4835 360 4903 Quin
392 4834 560 4903 magis
583 4832 855 4889 astriferas
886 4847 987 4902 ego
1015 4844 1171 4888 nocte
1202 4832 1396 4888 fovebo
1419 4834 1669 4889 latebras.

220 4925 522 4981 Baucisono
546 4923 778 4979 medium
811 4926 1076 4993 crepitare
1106 4939 1200 4994 per
1237 4940 1358 4979 aera
1392 4934 1597 4990 suetus,

224 5016 499 5071 llomnleis
524 5016 736 5072 scribor
759 5015 958 5088 byblis,
983 5016 1074 5071 sed
1099 5031 1228 5071 voce
1254 5016 1500 5087 Pelasga,

222 5108 447 5164 Nomine
471 5116 764 5162 nocturnas
791 5106 917 5161 dum
941 5122 1156 5177 semper
1178 5122 1336 5164 servo
1365 5109 1632 5164 tenebras.

787 5198 839 5253 6.
881 5196 959 5252 De
995 5196 1243 5269 Cinyphe.

218 5290 457 5359 corpore
483 5304 599 5345 sum
627 5289 832 5362 gracili,
865 5289 1094 5345 stimulis
1123 5300 1361 5346 armatus
1385 5291 1613 5347 acerbis.

218 5384 435 5439 Scando
460 5383 772 5440 catervatim
802 5383 1030 5439 volitans
1058 5397 1221 5454 super
1249 5384 1415 5439 ardua
1448 5384 1652 5453 pennis,

219 5478 555 5542 Sanguineas
579 5492 796 5532 sumens
828 5476 1036 5547 prmdas
1064 5492 1320 5532 mucrone
1342 5487 1591 5541 cruento,

222 5570 565 5639 Quadrupedi
595 5583 820 5638 parcens
844 5568 996 5633 nulli,
1021 5568 1113 5623 sed
1138 5566 1316 5639 [Par.,
1341 5565 1493 5638 dum]
1524 5566 1724 5633 spicula

1549 5658 1730 5731 [trudo

220 5755 490 5821 Sctigeras
516 5752 775 5821 pecudum
801 5752 1080 5807 stimulans
1109 5765 1204 5819 per
1234 5751 1448 5806 vulnera
1479 5750 1688 5821 pulpas.

220 5850 359 5905 Olim
391 5848 626 5903 famosus
656 5861 855 5903 vexatis
889 5844 1228 5915 Memphitica
1269 5860 1413 5899 rura.

1193 411 1387 466 LIBER
1433 413 1519 466 DE
1561 412 1993 468 Slil‘TlﬁXARlU
2035 414 2120 467 El‘
2165 417 2249 469 DE
2295 418 2569 473 METlliS.

3404 437 3495 487 ἱΘύ

1842 528 1885 582 Α
1919 527 2154 596 Namque
2188 541 2330 585 toros
2364 545 2649 601 penetrans
2682 548 2953 593 taurorum
2992 543 3250 610 sanguine
3288 561 3493 602 \‘t‘SL‘ul'.

2537 630 2589 681 7.
2631 626 2709 681 De
2740 633 2886 698 fusis.

1920 712 2419 779 [Alidordine‘apud
2458 720 2575 767 alios
2619 720 2756 769 codd.
2797 722 3027 776 leguntur
3072 741 3242 775 versus
3278 732 3360 777 oui
3408 733 3498 779 hoc

1980 776 2451 852 aenigmaplliriuii't.
2474 784 2610 852 quod
2638 783 2789 852 semel
2817 793 3045 834 mendum
3081 791 3142 835 de
3170 793 3278 839 aliis
3300 776 3496 852 quoque.

1977 841 2313 895 muigmatihus
2334 841 2553 889 sutliciat.
2580 843 2762 905 times]

1922 918 1974 971 lu
2001 918 2133 971 saltu
2166 937 2357 975 nascor
2388 939 2602 978 ramosa
2635 930 2821 983 lronde
2852 931 3127 985 VerSCCtlS
3159 952 3169 985 :

1918 1012 2021 1065 Sed
2053 1023 2237 1067 natura
2270 1032 2443 1071 meum
2484 1032 2785 1074 mtttaverat
2813 1026 3003 1078 ordine
3037 1027 3224 1090 fatum,

1921 1103 2050 1162 Dum
2075 1104 2209 1157 veho
2239 1121 2331 1172 per
2359 1108 2534 1162 colum
2569 1118 2796 1165 teretem
2828 1116 3087 1181 vertigine
3121 1120 3316 1171 mulam
3352 1139 3360 1169 :

1922 1194 1996 1247 Ex
2030 1209 2136 1262 quo
2162 1196 2439 1250 conficitur
2464 1200 2657 1264 regalis
2689 1204 2923 1271 stragula
2964 1207 3124 1273 pepli.

1920 1286 2047 1339 'l'am
2080 1287 2231 1355 longa
2263 1290 2439 1343 nullus
2464 1307 2592 1343 zona
2622 1296 2959 1361 pra'cingiiur
2985 1298 3143 1351 heros
3169 1316 3181 1352 :

1923 1378 2020 1432 l‘er
2042 1395 2127 1435 me
2156 1380 2261 1436 fata
2296 1383 2464 1437 virum
2491 1384 2674 1437 dicunt
2702 1386 2994 1441 decernere
3026 1391 3239 1445 Parcas.

1923 1469 2136 1537 Frigora
2174 1472 2306 1525 dura
2340 1476 2483 1527 viros
2513 1485 2755 1529 sternent
2790 1476 2841 1529 ni
2878 1476 3014 1532 forte
3046 1480 3314 1535 resistam.

2101 1561 2155 1614 8.
2187 1562 2261 1613 De
2289 1579 2499 1617 curuum
2532 1566 2698 1635 {l’ar.,
2735 1567 2811 1620 De
2838 1585 3045 1622 coruum
3073 1570 3315 1641 duplici].

1920 1647 2151 1705 Credere
2180 1652 2298 1719 quis
2324 1654 2519 1721 poterit
2549 1663 2813 1709 tantarum
2860 1658 3062 1712 foedera
3100 1677 3275 1714 rerum
3317 1660 3490 1732 [Pnr.,

2682 1746 2871 1818 [tantis
2904 1752 3203 1818 spectacula
3230 1752 3424 1823 causis]

1922 1837 2223 1904 Temperet,
2260 1849 2309 1891 et
2341 1838 2458 1891 fatis
2489 1855 2693 1893 morum
2728 1842 2998 1894 contraria
3032 1841 3179 1895 fata?

1919 1928 2053 1981 Ecce
2083 1927 2271 1989 larem,
2310 1928 2522 1981 laticem
2557 1946 2766 1997 quoque
2791 1940 2942 1998 gesto
2968 1933 3019 1984 in
3046 1935 3253 1986 viscere
3272 1935 3491 1996 vi-ntri~,

1913 2020 2019 2074 Nec
2046 2029 2219 2074 tamen
2253 2021 2511 2076 undantes
2543 2023 2762 2076 vincunt
2793 2023 3033 2077 incendia
3068 2024 3320 2094 lymplue,

1914 2110 2122 2177 Ignibus
2152 2122 2241 2163 aut
2272 2113 2420 2165 tetris
2450 2114 2717 2166 siccantur
2746 2116 2963 2168 flumina
2997 2115 3159 2169 fontis

1916 2202 2135 2255 Fmdcra
2162 2203 2253 2255 sed
2288 2202 2433 2268 pacis
2463 2214 2588 2258 sunt
2617 2203 2857 2257 [laminas
2900 2206 3036 2257 inter
3065 2217 3118 2258 et
3154 2209 3339 2259 undas.

1912 2292 2133 2346 Malleus
2164 2294 2213 2346 in
2248 2295 2421 2361 primo
2452 2304 2647 2347 memet
2677 2294 2939 2347 formabat
2969 2306 3021 2348 et
3053 2297 3227 2351 incus.

2267 2386 2320 2438 9.
2369 2384 2444 2438 De
2475 2384 2703 2452 Hespero
2742 2387 2844 2440 sire
2893 2387 3132 2456 Vespero.

1912 2475 2182 2543 Tempore
2211 2476 2276 2529 de
2306 2478 2475 2545 primo
2504 2480 2670 2531 noctis
2694 2480 2818 2531 mihi
2852 2495 3044 2534 nomen
3077 2481 3320 2535 adhwsii.

1910 2563 2169 2617 Occiduas
2208 2566 2389 2617 mundi
2422 2568 2751 2633 complector
2782 2570 3000 2624 cardine
3036 2584 3236 2639 partes,

1910 2655 2122 2707 Oceano
2154 2654 2307 2707 Titan
2338 2656 2463 2708 dum
2492 2671 2685 2725 corpus
2720 2660 2936 2713 tinxerit
2974 2663 3186 2727 -.lnium,

1913 2748 1976 2801 Et
2004 2751 2151 2815 polus
2180 2749 2229 2800 in
2258 2748 2458 2817 glaucis
2489 2751 2821 2805 descendens
2855 2755 3084 2807 volvitur
3112 2758 3265 2809 undis
3300 2776 3312 2811 ;

1909 2840 2041 2893 Tum
2068 2856 2262 2909 sequor
2294 2843 2345 2894 in
2374 2842 2556 2895 vitreis
2586 2843 2922 2899 abscondens
2962 2848 3158 2900 lumina
3189 2864 3413 2918 ennius,

1912 2930 1978 2985 Et
2003 2933 2300 2986 fortunatus
2330 2934 2514 2986 subito
2542 2948 2664 2987 mox
2700 2937 2860 2988 tollor
2892 2939 2958 2992 ab
2981 2939 3170 3001 :t-thra,

1912 3020 1981 3075 Ut
2008 3021 2188 3076 furvas
2220 3023 2399 3077 lumen
2432 3027 2606 3078 noctis
2635 3024 2925 3093 depelleret
2949 3030 3182 3083 umbras.

2267 3115 2351 3168 iO.
2388 3114 2463 3166 De
2492 3118 2714 3184 pugione
2744 3118 2820 3169 vel
2846 3118 3081 3186 Spalica.

1830 3245 1878 3309 Ο
1914 3203 1994 3258 Me
2026 3212 2180 3258 terra:
2222 3205 2455 3273 gremius
2498 3207 2757 3259 formabat
2807 3208 2979 3278 [Pnr.,
3017 3211 3087 3265 De
3118 3221 3218 3266 ter.
3266 3215 3484 3280 gremiis

2688 3299 2973 3371 formabar]
3006 3305 3244 3370 primitus
3272 3314 3406 3369 arte,

1909 3386 2127 3441 Materia
2160 3388 2393 3441 trucibus
2423 3390 2686 3456 processit
2714 3398 2906 3443 caetera
2942 3379 3145 3456 tauris,

1907 3479 2013 3531 Aut
2039 3478 2211 3548 potius
2244 3480 2444 3547 putidis
2474 3490 2687 3534 constat
2718 3480 2970 3534 fabricata
3001 3484 3237 3549 capellis.

1906 3570 2035 3623 Nam
2060 3570 2246 3625 domus
2276 3583 2356 3625 est
2387 3581 2687 3625 constructa
2721 3574 2848 3625 mihi
2877 3574 2943 3627 de
2975 3584 3185 3643 tergore
3210 3587 3381 3643 secto,

1910 3658 2017 3711 Nec
2046 3674 2147 3713 non
2178 3668 2230 3713 et
2260 3661 2453 3714 tabulis
2485 3676 2615 3728 quas
2646 3662 2852 3715 findunt
2882 3664 3063 3731 stipite
3093 3667 3227 3719 rasis

1907 3748 2009 3802 Per
2041 3765 2123 3804 me
2155 3751 2443 3804 multorum
2477 3752 2796 3804 clauduntur
2830 3753 3030 3807 lumina
3069 3756 3236 3823 letho,

1906 3842 2002 3909 Qui
2029 3843 2227 3896 domini
2258 3844 2431 3896 nudus
2462 3844 2603 3897 nitor
2634 3844 2922 3900 defendere
2954 3847 3140 3902 vitam.

2127 3936 2212 3989 Η.
2244 3936 2321 3988 De
2346 3935 2652 4004 Famfaluca
2683 3939 2781 3990 sive
2802 3936 2957 3990 Bulla
2981 3940 3243 4008 Aquatica.

1908 4025 1982 4079 De
2010 4025 2223 4079 madido
2256 4042 2449 4080 nascor
2481 4028 2785 4081 rorantibus
2817 4030 3019 4083 aethere
3043 4033 3205 4098 guttis

1904 4116 2157 4185 Turgida,
2191 4132 2548 4172 cuncrcscens
2580 4119 2781 4188 liquido
2811 4120 2877 4173 de
2907 4122 3122 4175 flumine
3152 4124 3332 4192 lapsu;

1905 4208 2009 4263 Sed
2040 4224 2122 4262 me
2154 4209 2295 4262 nulla
2327 4210 2469 4262 valet
2501 4224 2692 4263 manus
2717 4211 2821 4263 udo
2846 4212 3058 4279 gurgite
3087 4222 3304 4269 nantem

1904 4302 2173 4371 Tangere,
2208 4304 2257 4356 ui
2289 4303 2467 4357 statim
2503 4312 2820 4371 rumpantur
2851 4306 3056 4357 viscera
3089 4316 3228 4359 tactu

1906 4393 1969 4447 Et
1996 4393 2207 4464 fragiles
2239 4395 2411 4448 tenuis
2442 4394 2596 4447 ﬂatus
2628 4394 2875 4447 discedat
2904 4396 2957 4447 in
2989 4409 3167 4449 auras.

1905 4487 2043 4541 Ante
2073 4488 2383 4541 catervatim
2418 4502 2511 4557 per
2541 4488 2784 4559 lymphas
2814 4492 2952 4545 duco
2982 4492 3232 4548 cohortes

1830 4583 1874 4641 ο
1909 4577 2038 4631 Dum
2064 4578 2241 4647 plures
2265 4588 2379 4631 orta
2402 4579 2625 4635 comites
2649 4582 2924 4650 potiuntur
2950 4581 3123 4654 [Par.,
3149 4584 3474 4654 spatinuturl

3176 4676 3407 4743 [eodenn

1844 1898 1884 1953 ll

2473 4760 2561 4813 12.
2598 4760 2672 4816 De
2703 4761 2867 4818 Mala.

1908 4851 2034 4912 [Duo
2054 4850 2205 4899 ultimi
2226 4864 2402 4918 versus
2428 4852 2569 4911 huius
2591 4854 2903 4915 heptastichi,
2934 4857 3028 4905 imo
3053 4856 3189 4906 multi
3217 4856 3319 4912 alii,
3364 4870 3481 4918 quos

2014 4925 2138 4961 nunc
2162 4916 2369 4974 primum
2395 4919 2700 4976 evulgamus,
2725 4918 2772 4965 iu
2799 4920 2948 4968 editis
2970 4920 3167 4967 desunt.
3194 4918 3375 4983 ϐιιεε.]

1904 4996 2014 5050 Nos
2044 5010 2225 5049 sumus
2256 4997 2489 5065 :equales
2520 4999 2788 5052 communi
2819 5009 2965 5053 sorte
2993 5015 3224 5061 sorores,

1905 5091 2031 5154 Quae
2064 5087 2251 5142 damus
2284 5102 2349 5141 ex
2384 5097 2570 5143 nostro
2601 5091 2808 5143 cunctis
2838 5091 3090 5144 alimenta
3125 5091 3342 5148 labore:

1905 5181 2004 5233 l'ar
2034 5179 2182 5232 labor
2211 5180 2517 5244 ambarum,
2550 5180 2731 5249 dispar
2764 5181 2975 5235 fortuna
3008 5180 3268 5247 duarum;

1906 5273 2081 5325 Altera
2111 5284 2230 5324 nam
2260 5271 2449 5339 currit,
2480 5271 2623 5339 quod
2654 5286 2925 5340 nunquam
2954 5272 3121 5326 altera
3154 5274 3336 5343 gessit,

1903 5368 2009 5421 Nec
2041 5375 2215 5419 tamen
2247 5366 2460 5421 invidia:
2486 5366 2719 5421 stimulis
2747 5368 3011 5436 agitantur
3038 5370 3265 5423 acerbis.

1907 5460 2133 5528 l-'traque
2157 5460 2297 5525 quod
2333 5460 2557 5525 mandit,
2589 5458 2731 5527 quod
2761 5461 2993 5513 ruminat
3018 5475 3112 5515 ore
3147 5462 3370 5529 patenti,

1903 5548 2280 5606 Comtninueus
2310 5551 2479 5604 reddit
2510 5550 2768 5604 famulans
2798 5554 2914 5606 sine
2938 5550 3123 5605 fraude
3154 5551 3406 5619 maligna.

2046 5641 2130 5697 15.
2168 5642 2240 5696 De
2263 5642 2436 5713 Spelta
2466 5642 2635 5711 [Par.,
2664 5640 2833 5713 Pelth
2878 5644 3003 5711 (sive
3029 5643 3298 5711 Tortella).

1907 5737 1978 5790 De
2009 5736 2159 5790 terris
2190 5735 2335 5789 orior
2360 5734 2611 5790 candenti
2642 5750 2873 5803 corpore
2903 5736 3069 5803 spclta

1910 5833 1973 5887 lit
2006 5832 2125 5887 nive
2154 5831 2401 5897 fecunda,
2434 5830 2657 5887 Vulcani
2698 5842 2839 5886 torre
2869 5829 3158 5901 rigcsrcns,
