4172 6534
696 415 785 467 19!
1478 409 1533 462 s.
1581 405 1927 461 ALDllE-Lllfl
1969 403 2249 460 OPERUM
2296 403 2472 459 rans
2516 401 2579 458 tt.
2621 432 2688 443 -
2728 401 3164 459 rnacnrcs.
3858 409 3959 463 ,εί

690 529 913 584 (lhnrinr
941 536 993 583 et
1021 526 1188 582 multo
1216 540 1373 597 quam
1404 534 1597 581 caztera
1625 536 1769 581 scuta
1801 526 1986 589 duelli,

689 623 797 674 Nec
829 629 1003 674 tamen
1036 620 1085 672 in
1119 619 1295 674 medio
1325 619 1499 690 elypei
1531 628 1633 673 stat
1664 618 1874 672 ferreus
1904 619 2084 671 umbo.

689 713 772 765 Mc
800 712 914 765 sine
943 710 1067 778 quid
1099 709 1314 779 prodest
1344 712 1578 765 dirorum
1610 725 1792 778 parma
1823 708 2094 763 virorum?

689 803 786 854 \‘ix
817 811 963 854 artus
989 801 1294 870 anitnreque
1324 811 1574 856 carerent
1607 803 1822 854 tramite
1852 801 2058 865 mortis,

688 897 745 948 Μ
778 897 953 948 forsan
977 894 1168 948 validis
1198 895 1495 961 rel'tztgarer
1527 894 1724 948 viribus
1749 895 1908 947 Orco.

1260 989 1344 1042 1-1.
1381 986 1455 1040 De
1482 989 1638 1056 fonte.

686 1078 788 1131 l‘er
820 1094 946 1131 cava
981 1078 1187 1132 telluris
1215 1080 1349 1132 elatn
1381 1095 1543 1147 serpo
1573 1079 1892 1134 celerrimus
1923 1086 2077 1133 antra

691 1173 882 1224 l-‘le-tos
911 1187 1168 1227 venarum
1200 1188 1394 1243 gyrans
1423 1171 1751 1227 anfractibus
1782 1173 1942 1227 orbes
1969 1190 1979 1224 :

685 1264 818 1317 Cum
848 1279 1056 1318 caream
1090 1265 1216 1327 vita,
1246 1281 1408 1319 sensu
1431 1280 1644 1334 qunque
1678 1265 1915 1319 funditus
1949 1276 2169 1330 expers,

689 1358 820 1421 Quis
853 1372 1106 1411 numerus
1134 1358 1332 1426 capiat,
1367 1359 1450 1412 vel
1481 1358 1599 1426 quis
1636 1356 1925 1411 latcrculus
1953 1363 2128 1424 mquct

692 1448 809 1503 Vita
840 1452 1106 1505 viventum
1140 1466 1391 1520 generem
1417 1461 1546 1519 quot
1577 1452 1740 1504 millia
1777 1451 1976 1520 partu?

690 1541 782 1594 llis
816 1557 983 1611 neque
1015 1558 1107 1610 per
1138 1543 1330 1596 coelum
1361 1543 1626 1597 rutilantis
1655 1544 1829 1597 sidera
1862 1545 2087 1612 sphzerte
2108 1589 2122 1611 ,

691 1635 1015 1704 Fluctivaga:
1045 1635 1193 1702 ponti
1227 1652 1324 1691 nec
1355 1647 1767 1703 compensantur
1796 1651 1993 1690 arente.

975 1733 1061 1785 15.
1095 1731 1169 1783 De
1200 1733 1334 1782 malo
1363 1731 1561 1794 arbore,
1597 1730 1672 1780 vel
1696 1729 1937 1780 .llclario.

691 1821 883 1873 Fausta
913 1822 982 1872 fui
1007 1821 1179 1889 primo
1203 1819 1385 1873 tnundi
1416 1818 1683 1872 nascentis
1711 1820 1858 1885 origo

690 1913 870 1966 Donec
900 1921 1199 1980 prostratus
1231 1911 1606 1964 succumberet
1638 1920 1750 1962 arte
1782 1908 2035 1975 maligni:

691 2005 766 2056 lix
803 2019 885 2057 me
914 2014 1038 2057 tunc
1071 2005 1257 2070 prisca:
1289 2004 1548 2071 processit
1583 2018 1737 2056 causa
1772 2005 1960 2068 ruinae,

691 2095 874 2148 Dnli-ia
909 2110 1025 2160 qua:
1057 2093 1278 2146 rudibus
1311 2092 1582 2146 tradebant
1619 2094 1754 2144 mala
1787 2093 2014 2146 colonis.

691 2184 768 2237 En
802 2185 991 2236 iterum
1024 2183 1219 2235 tnnndo
1252 2192 1417 2236 testor
1449 2197 1719 2236 remeasse
1746 2183 2000 2247 Salutem,

687 2275 878 2342 Stipite
905 2275 969 2328 de
1001 2275 1182 2342 patulo
1210 2274 1335 2327 dum
1369 2273 1626 2341 penderet
1659 2275 1858 2327 arbiter
1885 2274 2055 2336 orbis,

691 2367 755 2420 Et
785 2383 969 2434 pllfnils
997 2365 1166 2420 lueret
1195 2364 1410 2418 soboles
1441 2364 1742 2418 veneranda
1767 2364 2044 2418 Tonantis.

1221 2459 1304 2512 16.
1353 2457 1426 2510 De
1453 2458 1695 2525 ﬁculnea.

687 2552 820 2616 Quis
845 2551 989 2617 prior
1019 2551 1070 2603 in
1096 2549 1294 2603 mundo
1320 2549 1651 2617 deprompsit
1683 2547 1914 2616 tegmina
1943 2545 2143 2600 vestis?

691 2647 798 2696 Ant
820 2642 937 2710 quis
968 2643 1260 2694 clement:.r
1287 2643 1541 2694 miserum
1575 2640 1807 2707 protexit
1834 2652 2061 2706 egenum
2087 2639 2109 2690 ’ἒ

691 2730 844 2785 Irrita
877 2745 982 2783 non
1013 2728 1241 2783 referam
1276 2730 1454 2782 verbis
1487 2743 1583 2782 nec
1609 2728 1794 2781 frivola
1823 2729 2012 2796 fingam
2041 2743 2052 2778 :

691 2823 946 2876 l‘rimitns
971 2822 1022 2875 in
1053 2832 1192 2876 terra
1226 2822 1440 2889 proprio
1471 2821 1533 2874 de
1562 2834 1785 2887 corpore
1814 2819 2051 2888 peplum,

696 2917 765 2971 L't
797 2917 931 2968 fama
965 2915 1151 2980 fertur,
1179 2914 1426 2984 produxi,
1460 2912 1734 2966 frondibus
1763 2913 1910 2964 altis:

688 3007 874 3060 tiarica
907 3023 990 3061 nte
1021 3014 1208 3060 eurvat
1233 3006 1358 3060 dum
1390 3006 1581 3060 massis
1606 3005 1793 3074 pabula
1822 3010 2035 3072 prmstat

689 3097 915 3150 Sedulus
946 3097 1199 3164 agricola,
1232 3097 1434 3149 brumre
1462 3109 1593 3164 quas
1625 3104 1864 3164 tempore
1893 3092 2118 3146 mandit.

1221 3186 1307 3238 1⁸7.
1340 3185 1414 3238 Dc
1442 3187 1735 3238 "elleboro.

690 3277 930 3346 Ostriger
961 3279 1013 3331 in
1044 3292 1173 3332 arvo
1195 3277 1480 3331 vernabam
1514 3276 1792 3331 frondibus
1820 3275 1973 3330 hirtis

693 3369 933 3424 Concilio
963 3370 1153 3424 similis
1182 3369 1260 3424 sic
1287 3369 1424 3422 cncti
1457 3370 1658 3422 murice
1686 3368 1871 3431 rubro,

696 3459 1000 3527 l‘nrpureus
1029 3459 1192 3512 stillat
1219 3461 1433 3527 sanguis
1462 3459 1528 3512 de
1557 3462 1756 3514 vertice
1787 3460 1950 3527 guttis

698 3549 932 3602 Exuvias
961 3551 1080 3602 vita:
1111 3549 1378 3603 mandenti
1414 3551 1600 3605 tollere
1628 3551 1775 3618 nolo,

693 3643 834 3697 lllitia
864 3659 960 3698 nec
994 3645 1205 3714 penitus
1235 3645 1541 3714 spoliabunt
1569 3656 1746 3700 mente
1777 3661 2016 3699 venena:

691 3734 796 3790 Sed
823 3744 998 3789 latnen
1024 3735 1269 3790 insanum
1301 3747 1460 3792 vexat
1487 3737 1754 3791 dementia
1784 3737 1984 3803 cordis,

701 3827 837 3881 Dum
871 3837 1008 3882 rotat
1034 3827 1086 3880 in
1117 3842 1249 3898 gyro
1278 3842 1462 3882 vecors
1483 3824 1752 3896 'vertigiue
1783 3829 2046 3883 membra.

1222 3919 1310 3974 18.
1344 3917 1420 3972 De
1447 3917 1672 3972 Cantelo.

694 4007 890 4062 Consul
922 4023 1067 4061 cram
1099 4006 1367 4077 quondam
1396 4008 1689 4074 Romanus,
1723 4008 1897 4073 miles,
1928 4019 2194 4077 equester,

696 4098 912 4153 Arbiter
945 4098 1168 4166 imperio
1193 4098 1317 4152 dum
1349 4099 1499 4166 regni
1527 4109 1739 4167 sceptra
1767 4101 2016 4169 regebat:

696 4190 849 4244 Nunc
878 4205 1015 4244 onus
1039 4192 1360 4245 horrendum
1393 4201 1710 4246 convectant
1737 4206 1961 4257 corpora
1995 4193 2156 4260 gibbi,

698 4277 766 4334 Et
798 4281 991 4347 premit
1021 4282 1342 4335 immensum
1369 4282 1683 4336 truculentae
1710 4284 1918 4336 sarcina
1948 4285 2126 4338 molis.

697 4370 900 4426 'l‘erreo
929 4371 1274 4439 cornipedum
1308 4385 1446 4427 nunc
1471 4373 1624 4427 velox
1655 4388 1848 4441 agmen
1881 4390 2162 4444 equorum,

697 4461 798 4526 Qui
835 4461 1026 4529 trepidi
1056 4461 1264 4530 fugiunt
1292 4478 1418 4516 mox
1447 4464 1884 4533 quadrupedante
1917 4476 2093 4519 meatu

701 4551 834 4606 Dum
861 4553 1022 4608 trucis
1049 4551 1358 4620 adspectant
1389 4555 1676 4609 immensos
1705 4557 1942 4624 corporis
1969 4566 2142 4611 artus.

1055 4644 1141 4699 19.
1177 4644 1253 4698 De
1282 4647 1456 4714 aspide
1487 4646 1564 4699 vel
1586 4645 1856 4700 Basilisco.

947 4733 1140 4792 [Totum
1164 4737 1367 4796 tenigma
1389 4735 1534 4784 deest
1558 4739 1604 4783 in
1628 4738 1787 4785 editis.
1815 4738 1995 4799 GILES.]

699 4813 949 4868 Callidior
976 4817 1180 4870 cunctis
1205 4832 1332 4870 aura
1360 4819 1696 4873 vescentibus
1722 4821 1926 4885 tethrtc,

705 4907 835 4961 Late
859 4923 952 4972 per
981 4908 1234 4962 mundum
1262 4910 1488 4978 dispersi
1515 4913 1716 4966 semina
1750 4914 1956 4976 mortis.

701 4995 851 5051 Unde
877 4999 1137 5052 horrenda
1167 5014 1318 5068 seges
1343 5000 1474 5054 diris
1501 5003 1766 5056 succrevit
1794 5005 1998 5058 aristis.

695 5091 869 5152 Quam
902 5093 1052 5144 metit
1080 5092 1145 5143 ad
1179 5093 1382 5146 scelera
1413 5104 1680 5148 scortator
1709 5095 1848 5151 falce
1875 5097 2120 5167 maligna.

695 5179 973 5246 (Zornigeri
1005 5181 1228 5236 multum
1263 5199 1449 5239 vereor
1473 5188 1764 5242 certamina
1795 5191 1945 5244 cervi

697 5270 938 5338 Namque
960 5273 1260 5328 senescenti
1287 5277 1554 5343 Spoliabor
1580 5280 1716 5346 pelle
1746 5291 1985 5336 vetustus

698 5361 874 5428 Atque
905 5375 1044 5414 nova
1078 5378 1262 5419 rursus
1290 5366 1455 5420 fretus
1487 5371 1772 5423 remancbo
1798 5371 2033 5439 inventa.

983 5452 1046 5508 ν.
1088 5453 1466 5512 ᾹΞΝΙΟΜΔΤΑ
1505 5460 1948 5517 OCTOSTICIIA.

1052 5545 1102 5600 1.
1146 5545 1222 5600 De
1243 5547 1466 5604 Candela
1497 5554 1572 5605 vel
1601 5554 1900 5608 linamento.

700 5634 919 5691 Materia
940 5637 1134 5707 duplici
1167 5643 1354 5710 palmis
1376 5646 1681 5713 plastnabar
1703 5651 1923 5714 apertis,

702 5727 959 5782 Interiora
987 5729 1116 5782 mihi
1140 5732 1466 5788 candescunt
1488 5736 1686 5790 viscera
1721 5738 1849 5802 lino,

702 5820 808 5876 Seu
833 5832 977 5878 certe
1005 5825 1187 5894 gracili
1219 5826 1380 5896 junco
1413 5829 1637 5902 spoliata
1659 5834 1922 5890 nitescunt
1951 5851 1961 5885 :

2301 524 2348 584 Λ
2380 521 2482 576 Sed
2526 538 2665 578 nunc
2695 525 2933 580 exterius
2961 527 3260 581 flavescunt
3291 541 3514 596 corpora
3541 529 3673 582 flore

2375 614 2504 679 Qua:
2544 614 2901 685 flammasque
2933 617 3186 686 focosque
3217 618 3382 673 larem
3414 621 3666 673 fumantia
3699 619 3955 676 fundunt.

2377 707 2442 759 lit
2469 709 2662 760 crebro
2690 708 2940 777 lacryma:
2970 709 3178 762 stillant
3207 710 3273 763 de
3305 709 3570 765 frontibus
3597 710 3736 774 udm,

2373 795 2462 848 Sic
2489 806 2665 849 tamen
2693 795 2991 851 horrendas
3021 799 3192 852 noctis
3219 800 3503 869 exstinguo
3531 800 3790 862 latebras,

2373 887 2667 960 llelliquias
2698 889 2936 946 cinerum
2967 906 3093 946 mox
3122 893 3328 947 viscera
3361 901 3500 947 torta
3528 893 3855 963 relinquunt.

2948 986 3005 1038 ‘2.
3044 983 3121 1038 De
3149 985 3351 1054 Aquila.

2377 1076 2623 1145 Armiger
2646 1075 2862 1130 infausti
2884 1077 3034 1132 Jovis
3060 1089 3117 1133 et
3145 1089 3327 1146 raptor
3354 1077 3702 1149 Ganymedis,

2375 1171 2689 1241 Quanquam
2715 1172 2952 1241 pellaces
2983 1172 3254 1226 cantarint
3282 1174 3520 1227 carmine
3550 1183 3722 1240 vates,

2375 1262 2489 1318 Non
2516 1266 2717 1318 fueram
2748 1279 2957 1334 prmpes
2987 1279 3094 1334 quo
3126 1265 3292 1319 fertur
3325 1263 3571 1318 Dardana
3602 1264 3808 1332 proles,

2374 1355 2478 1410 Sed
2506 1357 2673 1424 magis
2703 1358 2754 1411 in
2787 1358 3013 1412 summis
3040 1371 3239 1427 cycnos
3267 1357 3481 1426 agitabo
3507 1357 3739 1426 fugaces.

2376 1449 2743 1515 Arsantcsque
2770 1461 2928 1516 grues
2958 1447 3211 1516 proturbo
3239 1448 3338 1501 sub
3367 1447 3583 1502 aetheris
3611 1462 3731 1502 axe.

2375 1537 2608 1603 Corpora
2637 1538 2764 1590 dum
2795 1539 2948 1592 senio
2977 1539 3272 1605 corrumpit
3303 1537 3439 1592 fessa
3471 1547 3727 1603 vetustas,

2376 1628 2635 1681 Fontibus
2667 1629 2720 1682 in
2753 1629 2966 1698 liquidis
2993 1630 3281 1698 mergentis
3310 1614 3546 1684 membra
3575 1629 3918 1693 madescunt,

2376 1719 2500 1774 l'ost
2532 1719 2645 1774 haec
2674 1729 2946 1774 restauror
2979 1720 3238 1787 praaclaro
3266 1719 3470 1774 lumine
3501 1719 3705 1774 [’htebi.

2803 1811 2854 1866 5.
2881 1811 2958 1866 De
2982 1829 3152 1880 penna
3179 1813 3493 1880 Scriptoria.

2301 1891 2346 1949 Β
2381 1903 2460 1955 Me
2485 1904 2690 1972 pridem
2720 1903 2905 1972 genuit
2935 1904 3171 1958 candens
3200 1904 3536 1956 onocratalus
3568 1904 3742 1958 albam

2377 1998 2602 2051 Gutture
2630 1997 2716 2065 qui
2747 1997 2926 2064 patulo
2955 1998 3139 2050 sorbet
3163 1997 3229 2050 de
3255 1998 3462 2064 gurgite
3493 1997 3755 2066 lymphas.

2371 2089 2540 2156 Pergo
2567 2104 2660 2157 per
2689 2090 2932 2143 albentes
2963 2090 3170 2144 directo
3204 2093 3418 2145 tramite
3448 2105 3688 2158 campos,

2369 2182 2732 2252 Candentiquc
2764 2187 2860 2238 via:
2893 2186 3115 2254 vestigia
3165 2185 3362 2240 merula
3399 2186 3598 2252 linquo,

2372 2277 2570 2331 Lucida
2605 2279 2830 2346 nigratis
2863 2278 3081 2332 fuscatis
3111 2277 3436 2332 anfractibus
3467 2292 3613 2331 arva.

2373 2369 2480 2424 Nec
2511 2371 2640 2424 satis
2671 2378 2753 2424 est
2780 2385 2944 2423 unum
2976 2385 3072 2439 per
3101 2383 3320 2438 campos
3349 2369 3586 2438 pandere
3612 2368 3802 2424 callem

2381 2460 2584 2514 Semita
2621 2459 2747 2528 quin
2777 2459 2952 2527 potius
2983 2457 3200 2512 milleno
3231 2460 3446 2512 tramite
3481 2458 3668 2525 tendit,

2373 2553 2504 2617 Qua:
2533 2565 2638 2605 non
2666 2559 2908 2606 errantes
2933 2549 2999 2603 ad
3029 2550 3154 2603 caeli
3180 2549 3412 2602 culmina
3433 2549 3599 2603 vexit.

2909 2642 2968 2696 4.
2995 2639 3073 2692 De
3102 2639 3369 2710 Salpingc.

2381 2734 2513 2790 Sum
2545 2747 2700 2800 cava,
2732 2732 3026 2787 bellantum
3056 2729 3262 2797 crepitu
3290 2729 3416 2798 quia
3445 2727 3606 2782 corda
3634 2727 3790 2784 ciebo

2375 2826 2610 2881 Vocibus
2642 2824 2924 2880 horrendis
2954 2823 3236 2878 stimulans
3268 2823 3318 2876 in
3347 2822 3490 2878 bella
3519 2823 3790 2877 cohortes.

2376 2917 2578 2971 Idcirco
2611 2917 2840 2970 reboans
2872 2924 3020 2968 tanto
3051 2913 3288 2968 clamore
3319 2913 3541 2980 resulto,

2376 3012 2528 3077 Quod
2574 3010 2717 3064 nulla
2762 3009 2989 3063 interius
3025 3008 3303 3063 retrudant
3329 3005 3507 3076 [Par.,
3531 3001 3840 3073 retundant]
3874 3004 3951 3054 vi-

3457 3095 3629 3168 [scera
3656 3109 3841 3150 vocem
3866 3111 3879 3144 :

2379 3189 2609 3258 Spiritus
2637 3189 2688 3242 in
2723 3199 2833 3244 toto
2862 3188 2957 3243 sed
2982 3194 3205 3256 regnant
3229 3199 3456 3255 corpore
3479 3185 3665 3240 ﬂabra.

2297 3267 2345 3331 C
2378 3283 2598 3336 tiarrula
2627 3296 2712 3336 me
2747 3281 2941 3350 poterit
2967 3293 3238 3349 nunquam
3265 3292 3519 3348 superare
3543 3276 3744 3342 cicada,

2375 3376 2482 3431 Aut
2511 3386 2690 3443 arguta
2727 3375 2884 3429 simul
2918 3383 3142 3428 cantans
3174 3371 3391 3426 luscinia
3419 3369 3591 3424 ruscis
3618 3385 3633 3433 ;

2373 3469 2541 3536 Quam
2573 3469 2749 3538 lingua
2776 3467 2987 3537 prepria
3017 3467 3200 3520 dicunt
3224 3463 3571 3519 Acalanthida
3601 3461 3749 3517 Graii

2977 3560 3032 3614 5.
3064 3558 3138 3614 De
3175 3567 3315 3612 taxo.

2376 3651 2600 3720 Semper
2640 3649 2845 3703 habens
2873 3647 3068 3702 virides
3097 3644 3361 3700 frondenti
3401 3645 3453 3700 in
3493 3658 3716 3714 corpore
3744 3645 3948 3707 crines,

2374 3742 2638 3810 Tempore
2665 3756 2769 3794 non
2801 3740 2907 3793 ullo
2939 3738 3194 3793 viduabor
3225 3737 3458 3805 tegmine
3483 3738 3679 3805 Spisso,

2376 3832 2578 3886 Circius
2607 3839 2660 3886 et
2685 3831 2884 3884 Boreas
2915 3828 3157 3899 quamvis
3188 3835 3244 3883 et
3273 3828 3486 3882 flamina
3516 3826 3675 3883 Cauri

2379 3927 2592 3980 Viribus
2624 3925 2911 3979 horrendis
2944 3925 3191 3978 studeant
3218 3920 3462 3978 evertere
3487 3923 3736 3978 frondes:

2377 4015 2482 4068 Sed
2517 4030 2600 4068 mc
2626 4012 2932 4082 pestiferam
2965 4010 3209 4066 fecerunt
3235 4011 3341 4064 fata
3373 4027 3610 4078 reorum,

2380 4105 2618 4174 Cumque
2645 4112 2940 4156 venenatus
2963 4102 3138 4170 gliscit
3164 4101 3232 4156 de
3257 4116 3486 4168 corpore
3513 4102 3701 4172 stipes.

2376 4195 2648 4250 Lurcones
2678 4195 2848 4248 rabidi
2883 4209 3040 4264 quem
3081 4203 3306 4262 carpunt
3336 4193 3558 4247 rictibus
3587 4193 3696 4247 oris

2376 4289 2578 4342 Occido
2608 4288 2955 4341 mandentum
2988 4301 3109 4340 mox
3142 4287 3289 4353 plura
3318 4286 3579 4341 cadavera
3611 4283 3780 4341 letho.

2947 4377 2996 4431 6.
3029 4376 3106 4429 De
3127 4376 3354 4430 Colosso.

2377 4468 2566 4522 Omnia
2597 4466 2834 4522 membra
2865 4464 2993 4519 mihi
3029 4465 3314 4534 plasmavit
3340 4465 3579 4534 corporis
3605 4474 3814 4530 auctor,

2382 4559 2488 4612 Nec
2518 4570 2690 4612 tamen
2723 4572 2785 4611 ex
2827 4555 3014 4611 eodem
3046 4556 3406 4610 membrorum
3444 4557 3620 4609 munia
3651 4555 3878 4624 sumpsi,

2303 4637 2356 4695 Ι)
2386 4655 2609 4720 l’ergere
2648 4664 2743 4702 nec
2773 4648 2989 4716 plantis,
3022 4647 3196 4700 oculis
3225 4659 3324 4700 nec
3352 4659 3577 4701 cernere
3605 4661 3845 4713 possum.

2379 4743 2691 4808 Quanquam
2715 4752 2853 4791 nunc
2880 4736 3072 4805 patula:
3095 4746 3337 4791 constent
3360 4736 3461 4790 sub
3485 4737 3658 4791 fronte
3681 4737 3950 4802 fenestra,

2381 4831 2566 4886 Nullus
2595 4829 2862 4882 anhelanti
2895 4826 3137 4896 procedit
3162 4826 3370 4880 viscere
3397 4827 3573 4880 ﬂatus.

2377 4924 2591 4994 Spicula
2624 4937 2722 4976 nec
2753 4919 2979 4990 geminis
3007 4920 3150 4974 nitor
3185 4929 3435 4988 torquere
3464 4919 3695 4974 lacertis.

2383 5016 2495 5068 Ileu
2523 5013 2718 5068 frustra
2751 5013 2920 5066 factor
2945 5011 3201 5064 confinxit
3229 5024 3424 5078 corpus
3451 5023 3692 5076 enorme,

2378 5104 2523 5159 Totis
2553 5102 2912 5158 membrorum
2937 5100 3063 5155 dum
3095 5100 3311 5153 fraudor
3333 5101 3582 5155 sensibus
3613 5101 3774 5157 intus.

2947 5195 3000 5248 7.
3038 5191 3113 5245 De
3145 5192 3384 5248 Mustela.

2381 5286 2622 5341 Discolor
2656 5287 2708 5340 in
2738 5299 2924 5339 curvas
2956 5283 3184 5337 deﬂecto
3217 5284 3453 5337 membra
3487 5298 3742 5340 cavernas

2378 5377 2585 5447 Pugnas
2615 5391 2874 5432 exercens
2900 5376 3011 5428 dira
3041 5389 3162 5428 cum
3197 5386 3358 5443 gente
3389 5374 3701 5442 draconum,

2379 5473 2491 5528 Non
2525 5487 2623 5536 ego
2647 5471 2838 5524 dilecta
2869 5477 3113 5536 turgesco
3143 5467 3291 5535 prole
3314 5467 3524 5531 mariti;

2378 5564 2486 5619 Nec
2517 5562 2740 5618 fecunda
2766 5562 2878 5614 viro
2907 5560 3147 5614 sobolem
3176 5559 3254 5612 sic
3281 5558 3447 5612 edidit
3474 5559 3646 5622 alvus,

2380 5656 2621 5709 llcsidum
2653 5662 2850 5708 matres
2881 5662 2937 5704 ut
2980 5659 3198 5705 sumunt
3229 5649 3431 5704 semina
3465 5658 3665 5718 partus,

2378 5749 2505 5801 t‘ttnt
2529 5748 2538 5816 |
2559 5745 2704 5811 Pati,
2734 5744 2891 5814 Quin]
2916 5743 3082 5813 magis
3113 5757 3178 5797 ex
3215 5757 3358 5796 altrm
3387 5751 3726 5813 praegncttttlr
3749 5757 3941 5798 Vtsccrt

3705 5833 3879 5903 Illam,
