4172 6534
240 431 339 485 ξθὸ
1194 424 1394 481 [ABER
1440 423 1527 479 DE
1566 422 2006 479 SEPTENARIU
2051 422 2140 473 ΕΤ
2186 422 2272 475 [lli
2314 421 2588 475 allil'lilS.

1847 538 1897 598 Α
1926 533 2020 587 Cui
2052 549 2171 603 pars
2200 534 2422 590 inferior
2455 538 2636 606 Stygia
2672 538 2979 610 Letlieaqne
3010 522 3201 610 palule

233 544 290 597 Si
318 558 443 598 vero
471 542 647 611 proles
676 541 871 611 patitur
900 535 1209 595 discrimina
1245 536 1458 604 mortis,

238 635 397 689 Dicor
428 632 624 688 habere
663 634 847 688 rudem
876 644 1203 700 componens
1231 640 1345 684 arte
1385 626 1671 683 medelam.

799 721 852 774 8.
889 719 964 774 De
992 720 1181 773 Ariete.

241 818 373 870 Sum
407 828 639 885 namque
663 823 900 868 armatus
938 813 1144 881 rugosis
1173 810 1427 866 cornibus
1459 810 1707 875 horrens,

240 907 445 961 llerbas
473 920 723 960 arvorum
759 904 938 959 buccis
969 904 1200 971 decerpe
1230 902 1481 968 virentes,

236 998 303 1053 Et
324 1008 501 1052 tamen
548 995 793 1051 astrifero
832 994 1127 1064 procedens
1166 990 1374 1062 ag‘mine
1408 993 1599 1060 stipor,

235 1088 485 1142 Culmina
516 1087 775 1142 cmlorutn
798 1100 916 1155 quae
948 1082 1210 1139 scandunt
1236 1084 1377 1137 celsa
1418 1083 1680 1147 catervis;

235 1178 482 1233 'l'urritas
514 1177 675 1233 urbes
706 1177 896 1246 capitis
937 1175 1234 1231 certamine
1265 1190 1460 1244 quasso

232 1269 438 1339 Oppida
468 1282 746 1323 murorum
776 1276 1117 1337 prosternens
1143 1266 1353 1320 arcibus
1409 1266 1529 1319 altis
1562 1281 1576 1319 :

243 1365 411 1419 lnduo
434 1364 691 1419 mortales
720 1372 967 1417 contorto
996 1363 1224 1416 stamine
1254 1361 1394 1430 popli
1428 1377 1442 1415 :

230 1456 431 1513 Littera
457 1457 795 1527 quindecima
817 1464 1036 1525 prtestat
1064 1456 1203 1523 quod
1239 1447 1360 1521 pars
1383 1453 1572 1506 domus
1600 1460 1775 1505 exsto.

730 1548 785 1603 9.
842 1548 917 1601 De
961 1548 1317 1617 pugillaribus.

230 1643 524 1713 Melligeris
552 1642 743 1713 apibus
775 1655 891 1696 mea
923 1640 1090 1709 prima
1121 1641 1384 1709 processit
1429 1640 1600 1707 origo,

229 1736 339 1790 Sed
372 1749 495 1804 pars
521 1734 753 1788 exterior
774 1732 1051 1789 crescebat
1082 1743 1276 1787 caatera
1336 1732 1489 1785 silvis
1516 1750 1527 1783 :

224 1824 603 1879 Calceamenta
634 1823 765 1877 mihi
791 1822 1072 1877 tradebant
1116 1832 1327 1889 tergora
1376 1820 1528 1874 dura.

228 1915 385 1970 Nunc
417 1915 542 1969 ferri
573 1914 819 1969 stimulus
850 1914 1036 1968 faciem
1064 1912 1355 1980 proscindit
1380 1928 1669 1977 amoenam,

226 2005 485 2061 Flexibus
512 2014 563 2060 ct
592 2004 772 2059 sulcos
802 2005 1039 2071 obliquat
1059 2004 1123 2057 ad
1149 2006 1316 2057 instar
1366 1998 1527 2057 aratri
1559 2021 1574 2057 :

230 2098 341 2152 Sed
365 2111 546 2151 semen
572 2095 740 2165 segeti
769 2096 835 2151 de
865 2096 1005 2149 cmlo
1050 2094 1260 2148 ducitur
1307 2095 1528 2159 almum,

222 2191 381 2256 Quod
418 2190 594 2260 largos
626 2197 849 2260 generat
876 2189 1091 2243 millena
1129 2188 1278 2258 fruge
1328 2188 1590 2255 maniplos
1620 2205 1632 2240 :

227 2282 346 2336 lleu
380 2290 486 2336 tam
519 2288 701 2335 sancta
735 2295 885 2349 seges
909 2281 1037 2333 diris
1066 2279 1421 2348 exstinguitur
1447 2277 1633 2331 armis.

847 2371 930 2424 10.
968 2370 1042 2423 De
1070 2371 1205 2439 igne.

224 2464 308 2517 Ile
340 2473 486 2530 pater
514 2473 569 2517 et
600 2470 773 2517 mater
804 2463 981 2529 gelido
1012 2475 1243 2528 genuere
1274 2462 1479 2529 uigore,

225 2554 525 2609 Fomitibus
556 2552 708 2625 [Pan
740 2592 756 2619 ,
786 2552 1043 2607 Fontibus
1070 2552 1130 2623 υ]
1162 2552 1316 2606 siccis
1336 2553 1460 2605 dum
1492 2566 1613 2605 mox
1660 2550 1809 2605 rudi—

1220 2644 1417 2716 [tnenta
1450 2644 1729 2712 vigebant,

221 2738 465 2803 Quorum
492 2739 541 2792 vi
563 2738 773 2808 propria
800 2739 1066 2793 fortunam
1096 2738 1315 2792 vincere
1340 2752 1593 2805 possum;

220 2829 359 2883 Cum
384 2830 515 2882 nihil
542 2829 592 2883 in
618 2830 806 2883 latices
828 2845 947 2882 mea
974 2838 1195 2897 possunt
1228 2828 1445 2882 vincere
1486 2828 1587 2881 fata
1615 2845 1627 2879 :

220 2919 329 2973 Sed
363 2921 553 2986 saltus,
580 2922 832 2990 scopulos
853 2924 1025 2989 stagni
1059 2920 1294 2990 ferrique
1342 2920 1557 2974 metalla

219 3006 608 3065 Comminuens
632 3010 838 3077 penitus
868 3019 1071 3065 natur-.e
1118 3012 1235 3079 jura
1274 3012 1557 3065 resolvam.

218 3097 359 3150 Cum
386 3113 472 3152 me
498 3100 601 3153 vita
625 3098 790 3164 fovet,
816 3098 944 3153 clari
967 3115 1082 3152 sum
1113 3100 1303 3154 sideris
1342 3100 1510 3154 instar
1544 3120 1554 3152 :

218 3188 351 3243 Post
374 3188 488 3243 haec
512 3198 566 3244 et
596 3189 704 3242 fato
734 3189 905 3243 victus
936 3190 1051 3257 pice
1089 3192 1289 3257 nigrior
1311 3200 1483 3246 exsto.

482 3296 570 3350 Vl.
622 3294 1002 3353 ΑΞΝΙΟΜΑΤΑ
1053 3296 1553 3355 ENNEASTICHA.

757 3390 809 3443 l.
857 3390 933 3442 De
979 3390 1271 3443 hirundine.

218 3479 436 3549 Absque
458 3478 578 3534 cibo
607 3479 785 3550 plures
809 3480 1065 3550 degebam
1097 3480 1327 3535 marcida
1380 3497 1589 3537 menses

217 3569 329 3624 Sed
357 3584 521 3637 scpor
540 3580 594 3626 et
620 3585 842 3626 somnus
863 3570 1065 3641 jejunia
1098 3572 1249 3642 longa
1281 3572 1548 3638 tulerunt;

214 3662 423 3716 Pallida
454 3676 715 3731 purpureo
736 3663 861 3716 dum
885 3662 1115 3730 gliscunt
1136 3663 1379 3733 gramine
1420 3680 1563 3726 rura,

218 3749 443 3805 Garrula
475 3766 598 3805 mox
620 3754 845 3820 crepitat
867 3752 1214 3807 rubicundum
1259 3754 1496 3807 carmina
1527 3765 1724 3823 guttur.

216 3842 349 3895 Post
378 3851 591 3896 teneros
623 3841 759 3896 fetus
781 3851 833 3895 ct
865 3843 1067 3911 prolem
1098 3843 1271 3912 gentis
1299 3844 1530 3897 adultam

216 3932 426 4000 Sponte
453 3947 572 3987 mea
605 3933 810 4003 fugiens
835 3933 1113 3990 umbrosas
1142 3950 1322 4004 quam:
1348 3935 1600 3991 latebras.

214 4023 275 4079 Si
299 4038 432 4079 vero
453 4026 733 4095 quisquam
764 4025 1025 4093 pullorum
1054 4026 1253 4079 lumina
1285 4026 1466 4093 lzcdat,
1616 4084 1623 4091 η

216 4114 420 4170 Adfero
450 4125 786 4184 compertum
818 4117 1091 4171 medicans
1136 4119 1455 4185 cataplasma
1487 4119 1693 4185 salutis,

216 4204 480 4272 Quaerens
507 4216 866 4278 campestrem
895 4207 1114 4277 pr0prio
1146 4208 1211 4262 de
1245 4210 1458 4264 nomine
1480 4210 1691 4266 florem.

681 4301 736 4355 2.
767 4298 845 4355 De
891 4299 1145 4371 Vertigine
1194 4299 1334 4354 Peli.

213 4386 309 4443 Sic
336 4402 424 4443 me
455 4388 700 4443 formavit
724 4398 933 4444 natura:
959 4390 1205 4444 conditor
1235 4391 1429 4454 almus.

213 4477 414 4534 Lustro
436 4488 547 4534 tota
578 4488 717 4535 teres
746 4481 995 4551 spatiosis
1040 4482 1232 4536 saecula
1274 4484 1461 4553 cyclis,

216 4569 381 4626 Latas
414 4571 465 4625 in
495 4572 699 4640 gremio
729 4582 944 4642 portans
966 4589 1084 4628 cum
1112 4577 1348 4643 pondere
1374 4586 1540 4630 terras
1572 4594 1585 4631 :

215 4660 309 4718 Sic
338 4661 502 4715 maris
530 4663 791 4717 undantes
819 4664 1064 4718 cumulos
1092 4674 1145 4719 et
1172 4666 1363 4719 emrula
1414 4666 1623 4720 claudo.

213 4751 350 4809 Nam
380 4751 511 4806 nihil
540 4752 591 4806 in
620 4767 796 4808 rerum
821 4764 1009 4808 natura
1036 4764 1143 4809 tam
1169 4756 1311 4810 celer
1334 4766 1505 4821 esset,

214 4842 371 4911 Quod
395 4841 617 4911 pedibus
646 4854 833 4914 pergat
854 4845 995 4915 quod
1028 4847 1216 4915 pennis
1244 4850 1441 4902 aethera
1470 4857 1669 4914 tranet,

215 4934 413 4990 Accola
444 4949 548 4990 nec
575 4935 721 5005 ponti
750 4937 978 4992 volitans
1009 4952 1103 5008 per
1122 4939 1313 4993 caerula
1345 4941 1579 5010 squamis
1598 4981 1614 5005 ,

212 5026 330 5083 Nec
357 5035 474 5081 rota
506 5041 599 5095 per
627 5026 799 5097 girum
825 5042 983 5098 quam
1014 5028 1177 5083 trudit
1198 5029 1440 5085 machina
1474 5032 1701 5103 lymphae

212 5117 450 5176 Currere
476 5119 555 5173 sic
577 5127 794 5188 possent
816 5120 869 5174 ni
894 5129 1100 5190 septem
1128 5120 1304 5178 sidera
1336 5123 1554 5181 triceni.

786 5212 844 5269 3.
877 5210 951 5265 De
989 5214 1223 5267 Arcturo.

212 5299 457 5358 Sidereis
484 5299 657 5369 stipor
682 5301 873 5356 turmis
897 5303 948 5357 in
974 5306 1174 5361 vertice
1202 5307 1381 5364 mundi

213 5391 420 5448 Esseda
450 5390 657 5446 famoso
681 5401 832 5462 gesto
866 5397 1187 5464 cognomine
1218 5398 1383 5466 vulgi,

213 5480 275 5535 ln
304 5481 421 5549 giro
444 5481 667 5537 volvens
690 5481 890 5552 iugiter
918 5499 1023 5539 non
1048 5501 1210 5557 vergo
1233 5488 1510 5556 deorsum,

212 5568 426 5625 Czetera
449 5582 544 5625 seu
574 5581 863 5640 properant
883 5573 1143 5629 caelorum
1176 5576 1371 5632 lumina
1404 5589 1586 5648 ponta.

212 5660 331 5716 Hoc
362 5661 504 5715 dono
529 5660 672 5715 ditor
696 5663 945 5731 quoniam
972 5678 1089 5718 sum
1115 5667 1387 5734 proximus
1420 5671 1503 5724 axi

212 5746 453 5813 Riihzeis
481 5746 717 5819 Scythize
733 5750 827 5819 ,qui
861 5750 982 5806 latis
1012 5754 1282 5811 montibus
1311 5768 1473 5824 errat,

216 5837 468 5909 Virgilias
500 5853 720 5912 aequatis
744 5842 980 5903 numeris
1007 5842 1059 5900 in
1090 5859 1214 5902 arce
1244 5847 1510 5917 polorum,

3406 434 3507 487 195

1926 625 2115 680 Fertur
2141 636 2195 681 et
2216 626 2405 682 inferni
2436 627 2595 681 fundo
2624 633 2971 688 succumbere
3002 636 3172 703 nigro.

2273 719 2332 775 4.
2370 718 2444 772 Dc
2466 717 2710 773 Crismnle
2730 725 2830 776 sive
2868 723 3145 779 Crismaro.

1920 808 2071 863 Alma
2102 807 2294 863 domus
2317 827 2542 866 veneror
2564 813 2747 866 divino
2779 831 2997 871 munere
3024 820 3211 887 plena;

1922 900 2117 955 Valvas
2145 900 2237 955 sed
2262 903 2436 956 nullus
2463 914 2686 967 reserat,
2727 920 2825 959 nec
2851 906 3030 962 limina
3062 913 3262 978 pandit,

1918 992 2158 1045 Culmina
2192 994 2243 1047 ni
2268 993 2461 1047 fuerint
2488 996 2619 1050 aulis
2651 998 2861 1051 sublata
2889 1004 3183 1068 quaternis,

1921 1086 1988 1139 Et
2010 1087 2133 1141 licet
2158 1089 2397 1143 exterius
2426 1088 2643 1142 rtuilent
2668 1091 2733 1143 de
2762 1107 2988 1161 corpore
3008 1109 3255 1161 genuum,

1922 1179 2094 1231 Aurea
2124 1178 2250 1232 dum
2276 1179 2433 1233 fulvis
2464 1179 2702 1234 flavescit
2724 1180 2863 1235 bulla
2910 1185 3142 1239 metallis
3176 1203 3189 1239 :

1920 1266 2024 1321 Sed
2053 1277 2229 1323 tamen
2253 1272 2467 1325 uberius
2497 1272 2732 1325 ditantur
2757 1273 2979 1336 viscera,
3010 1292 3188 1331 crassa

1921 1359 2063 1416 Petis
2093 1360 2281 1433 [Par.,
2315 1364 2480 1434 Intus]
2513 1381 2615 1434 qua
2668 1368 2875 1436 species
2918 1370 3104 1437 flagrat
3143 1373 3498 1441 pulcherrima

3186 1463 3420 1535 [Cbristi.

1918 1542 2154 1599 Candida
2185 1554 2486 1601 sanctarum
2513 1547 2590 1602 sic
2611 1547 2761 1603 floret
2786 1550 2953 1619 gloria
2987 1566 3163 1606 rerum

1920 1633 2026 1689 Nec
2055 1637 2229 1691 trabes
2254 1638 2304 1692 in
2338 1640 2534 1707 templo
2556 1650 2802 1708 surgunt,
2839 1657 2937 1696 nec
2962 1652 3099 1697 tacta
3139 1646 3426 1701 columnis.

2133 1724 2187 1777 5.
2246 1727 2319 1779 De
2363 1728 2569 1782 Castore
2596 1733 2683 1799 qui
2717 1731 2897 1787 Latine
2924 1734 3052 1802 ﬁber
3078 1736 3285 1791 dicitur.

1923 1814 2123 1882 llospes
2157 1819 2437 1886 prmruptis
2467 1818 2709 1873 habitans
2734 1820 2784 1873 in
2818 1824 3055 1892 margine
3079 1825 3227 1894 ripis,

1849 1918 1887 1976 υ
1920 1905 2032 1959 Non
2061 1921 2176 1959 sum
2214 1919 2547 1978 tor-poscens,
2572 1912 2680 1964 oris
2710 1913 2801 1964 sed
2836 1913 3056 1983 belliger
3085 1916 3250 1967 armis

1916 1998 2052 2063 Quin
2086 2001 2258 2068 potius
2281 2002 2416 2055 duro
2445 2002 2610 2055 vitam
2639 2013 2882 2058 sustento
2906 2006 3108 2070 labore,

1917 2089 2221 2160 Grossaque
2247 2103 2590 2160 prosternens
2621 2111 2745 2149 mox
2779 2098 2918 2165 ligna
2962 2101 3240 2152 securibus
3269 2103 3437 2165 uncis,

1916 2179 2175 2235 llumidus
2206 2183 2257 2236 in
2286 2183 2446 2237 fundo
2475 2195 2651 2239 tranat
2674 2202 2775 2255 qua
2811 2187 2969 2255 piscis
3001 2205 3221 2258 aquoso,

1914 2276 2067 2346 Szepe
2099 2287 2257 2348 caput
2282 2280 2551 2349 proprium
2596 2282 2803 2352 tingeus
2829 2286 2877 2338 in
2907 2289 3111 2356 gurgite
3134 2304 3336 2358 mergo.

1919 2368 2145 2423 Vulnera
2170 2371 2446 2437 fibrarum,
2480 2387 2579 2426 nec
2601 2389 2702 2427 non
2730 2388 2782 2427 et
2814 2375 2982 2429 lurida
3012 2378 3139 2431 tabo

1914 2460 2148 2514 Membra
2179 2464 2419 2530 medens,
2448 2476 2757 2533 pes'.emque
2790 2466 3036 2537 luemque
3059 2470 3267 2525 resplvo
3295 2487 3495 2526 uecan~

3249 2564 3265 2633 |'
3294 2574 3423 2619 teut.

1912 2642 2087 2699 Libris
2110 2644 2340 2699 corrosis
2371 2654 2425 2699 et
2454 2646 2654 2702 cortice
2686 2664 2874 2704 vescor
2896 2666 3096 2707 amara.

2155 2735 2208 2789 6.
2241 2735 2317 2790 De
2344 2738 2489 2790 Catia
2520 2741 2594 2791 vel
2644 2739 2897 2809 Muricipe
2926 2744 3003 2796 vel
3038 2743 3238 2798 Pilnce.

1914 2822 2039 2877 Fida
2062 2826 2192 2880 satis
2217 2834 2398 2882 custos
2428 2843 2755 2885 conservans
2788 2834 3004 2903 pervigil
3031 2836 3195 2895 mdes,

1910 2915 2164 2973 Noctibus
2192 2920 2245 2972 in
2278 2919 2443 2973 furvis
2476 2935 2645 2975 caecas
2676 2923 2909 2978 lus:rabo
2943 2928 3189 2980 tenebras

1908 3008 2055 3062 A'ris
2085 3009 2224 3063 baud
2260 3010 2489 3079 perdcns
2518 3014 2799 3068 oeulurum
2831 3016 3009 3071 lumen
3040 3017 3090 3071 in
3122 3020 3288 3073 antris
3318 3037 3334 3084 ;

1914 3097 2143 3154 Furibus
2169 3102 2384 3165 invisis,
2418 3112 2627 3157 vastant
2659 3106 2746 3173 qui
2780 3107 2937 3162 farris
2964 3124 3208 3177 acervos,

1910 3188 2119 3243 lnsidiis
2162 3193 2320 3245 tacite
2349 3192 2576 3261 dispono
2603 3196 2853 3250 scandala
2883 3199 3067 3252 mortis
3090 3242 3107 3267 ,

1833 3264 1877 3326 (ἶ
1914 3280 1979 3334 Et
2009 3296 2137 3351 vaga
2170 3285 2410 3338 venatrix
2433 3286 2665 3340 rimabor
2688 3288 2850 3341 lustra
2878 3288 3131 3355 ferarum,

1906 3370 2015 3425 Nec
2041 3374 2161 3428 volo
2186 3388 2307 3428 cum
2338 3378 2555 3429 canibus
2584 3384 2784 3431 turmas
2816 3380 3014 3449 agitare
3041 3383 3270 3451 fugaces,

1907 3463 2005 3529 Qui
2042 3464 2171 3518 milii
2204 3465 2460 3520 latrantes
2487 3466 2722 3521 crudelia
2752 3469 2887 3522 bella
2916 3471 3163 3527 ciebunt.

1909 3553 2051 3609 Gens
2082 3570 2244 3611 exosa
2274 3558 2401 3612 mihi
2431 3558 2667 3613 tradebat
2694 3576 2885 3615 nomen
2918 3562 3238 3621 habendum.

2469 3649 2530 3701 7.
2563 3650 2637 3703 De
2677 3650 2917 3705 Cribeffo.

1910 3735 2061 3790 Sicca
2094 3738 2399 3806 pruinosam
2431 3740 2633 3793 crebris
2661 3740 2877 3797 efi‘undo
2908 3742 3190 3811 fenestris,

1909 3826 2351 3895 Candentemque
2384 3829 2559 3883 nivem
2590 3831 2796 3897 jactans
2823 3833 2891 3886 de
2915 3835 3113 3888 vertice
3145 3838 3315 3898 furvo,

1907 3917 1972 3971 Et
2000 3932 2095 3970 nos
2122 3934 2205 3972 om
2224 3920 2293 3974 iis
2323 3929 2463 3974 amat
2494 3921 2732 3989 quamvis
2762 3925 2860 3977 sim
2886 3925 3071 3995 frigida
3105 3930 3286 3981 nimbo

1911 4008 2138 4063 Densior
2162 4021 2213 4065 et
2242 4013 2446 4065 nebulis
2477 4014 2577 4068 late
2607 4026 2886 4083 spargatur
2916 4019 2969 4071 in
3001 4022 3119 4073 aula
3139 4059 3153 4073 .

1905 4100 2020 4165 Qua
2055 4101 2168 4156 sine
2200 4106 2449 4158 mortales
2478 4120 2790 4175 grassantur
2821 4110 3004 4166 funere
3034 4112 3161 4167 lcthi
3185 4156 3199 4177 ,

1906 4187 1968 4242 Et
2001 4207 2101 4258 qua
2131 4192 2274 4247 dilati
2303 4203 2646 4251 contemnunt
2679 4199 2865 4253 limina
2901 4200 3053 4256 Ditis.

1907 4279 1994 4333 Sic
2026 4283 2219 4335 animm
2246 4286 2444 4351 pariter
2468 4298 2692 4352 pereunt
2715 4289 2839 4343 dum
2872 4294 2976 4346 vita
3010 4291 3236 4348 fatescit.

1907 4372 2149 4440 Liquitur
2182 4374 2231 4438 in
2265 4376 2445 4443 prunis
2476 4393 2745 4447 nunquam
2779 4386 3109 4439 torrentibus
3132 4387 3243 4440 hare
3269 4388 3381 4453 uix,

1905 4463 2030 4530 Sed,
2064 4465 2259 4519 miuum
2291 4468 2456 4534 dictu,
2485 4473 2652 4539 magis
2684 4473 2971 4531 indurescit
2998 4478 3061 4531 ad
3089 4478 3286 4548 ignem.

2435 4559 2489 4615 8.
2522 4561 2599 4614 De
2640 4561 2957 4619 Fundibulo.

1826 4634 1877 4694 D
1907 4646 2101 4702 Glauca
2136 4664 2290 4721 seges
2324 4654 2415 4707 lini
2442 4670 2669 4719 vernans
2697 4671 2765 4710 ex
2793 4674 3008 4727 aequore
3036 4663 3175 4718 ruris

1904 4736 1970 4790 Et
2000 4748 2176 4807 tergus
2207 4744 2332 4795 mihi
2363 4744 2645 4799 tradebant
2677 4748 2962 4815 primordia
2991 4751 3082 4808 fati
3114 4774 3127 4808 :

1903 4825 2032 4880 Bina
2064 4830 2194 4882 mihi
2226 4843 2473 4887 constant
2503 4842 2639 4889 torto
2672 4852 2793 4890 nam
2825 4839 3041 4896 brachia
3076 4846 3212 4911 loro,

1903 4916 1981 4971 Ex
2015 4920 2205 4987 quibus
2236 4920 2552 4979 immensum
2577 4928 2905 4985 trucidabam
2938 4935 3077 4989 mule
3107 4948 3387 5009 tyranuun.‘

1900 5007 2033 5064 Cum
2059 5024 2314 5080 cuperent
2342 5016 2467 5069 olim
2498 5019 2671 5084 gentis
2704 5022 2892 5077 saevire
2922 5007 3232 5098 phalanges.

1902 5100 2023 5157 Plus
2051 5118 2172 5158 amo
2199 5120 2320 5160 cum
2349 5111 2499 5163 tereti
2533 5109 2729 5165 bellum
2759 5113 3051 5173 decernere
3076 5135 3230 5191 saxo,

1900 5189 2071 5255 Quam
2092 5194 2238 5248 duris
2269 5211 2507 5265 pugnans
2535 5198 2729 5255 ferrata
2754 5206 2975 5273 cuspide
3000 5214 3193 5267 contis.

1905 5282 2039 5337 'l'res
2067 5284 2213 5353 digiti
2245 5295 2412 5342 totum
2441 5302 2655 5346 versant
2685 5308 2847 5362 super
2866 5298 3030 5353 ardua
3054 5316 3246 5372 corpus
3276 5323 3293 5361 :

1904 5371 2041 5429 Erro
2060 5383 2220 5445 caput
2242 5377 2463 5445 circum,
2492 5389 2677 5436 tenues
2707 5394 2761 5438 et
2786 5386 2974 5441 tendor
3003 5391 3054 5444 in
3087 5371 3268 5451 auras.

2405 5492 2457 5548 9.
2486 5492 2564 5546 De
2583 5494 2755 5550 Colice
2782 5501 2959 5554 vitreo.

1904 5578 1978 5633 De
2004 5578 2155 5634 rimis
2185 5579 2418 5651 lapidum
2451 5584 2675 5653 profluxi
2706 5587 2924 5645 flumine
2958 5590 3125 5658 lento,

1901 5670 2033 5725 Dum
2065 5671 2312 5745 frangunt
2345 5675 2572 5733 flamma
2604 5694 2853 5735 saxorum
2878 5690 3080 5740 viscera
3110 5690 3264 5753 dura,

1903 5761 1965 5814 lit
1996 5760 2130 5816 laxis
2156 5767 2313 5819 ardor
2336 5766 2564 5823 fornacis
2587 5768 2739 5822 ardet
2772 5771 3020 5828 habenis.

1901 5850 2048 5912 Nunc
2071 5856 2198 5912 mihi
2228 5855 2393 5914 forma
2418 5874 2610 5931 capax,
2634 5860 2906 5934 glacieque
2933 5865 3193 5923 simillima
3229 5871 3344 5926 lucc
