4172 6536
766 395 866 450 .35
1577 386 1636 439 s.
1682 383 2024 438 .\t.our.t..tu
2068 382 2360 439 optatum
2406 380 2585 438 rans
2626 383 2688 438 ll.
2732 414 2798 425 —
2838 384 3272 441 TRACTATUS.
3935 392 4035 451 iac

763 509 965 578 Nempe
996 508 1178 563 volunt
1207 506 1382 576 plures
1407 504 1603 557 collum
1635 503 1972 570 confringere
2001 500 2191 554 dextra

766 603 827 655 lit
859 602 1077 668 pulcbrc
1106 601 1279 665 digitis
1311 597 1570 651 lubricum
1604 594 1990 662 comprendere
2013 606 2228 660 corpus.

762 693 862 743 Sed
891 701 1096 745 litettlt's
1122 697 1267 743 muto
1290 688 1415 739 dum
1442 686 1604 739 labris
1630 685 1807 739 oscula
1834 682 2008 737 trado.

767 781 948 834 llulcia
973 778 1293 843 compre-sis
1324 777 1637 847 impendens
1668 774 1886 827 liaccbia
1916 773 2099 827 buccis

769 880 940 938 Atque
974 870 1165 939 pedum
1197 884 1410 939 gressus
1434 869 1722 921 titubantes
1748 875 1933 918 sterno
1956 862 2135 917 ruina.

1172 963 1258 1015 Ill.
1288 963 1360 1014 lle
1390 960 1579 1024 Scrofa
1624 967 1938 1026 prazguanle.

763 1052 913 1108 Nunc
940 1053 1067 1108 milii
1098 1064 1217 1108 sunt
1248 1052 1385 1105 oculi
1418 1051 1499 1103 bis
1527 1052 1639 1104 seni
1670 1050 1720 1101 in
1746 1061 1969 1114 corpore
1996 1046 2133 1099 solo.

767 1146 855 1200 llis
881 1157 1192 1212 ternumque
1214 1153 1392 1210 caput,
1419 1144 1511 1196 sed
1533 1150 1723 1195 caetera
1756 1137 1992 1191 membra
2024 1137 2304 1207 gubernat.

765 1236 893 1290 Nam
924 1237 1134 1304 gradior
1165 1237 1387 1302 pedibus
1412 1233 1657 1286 sull'ulttts
1696 1230 1776 1284 liis
1798 1230 2093 1292 duodenis,

764 1328 865 1383 Sed
891 1327 1071 1381 novies
1097 1327 1219 1381 deni
1251 1336 1372 1379 sunt
1400 1334 1452 1378 et
1473 1339 1565 1378 sex
1591 1323 1832 1391 corporis
1860 1338 2082 1391 ungues.

763 1419 1054 1489 Synzygias
1085 1433 1305 1470 numero
1336 1419 1538 1484 pariter
1579 1414 1844 1467 simulabo
1878 1414 2170 1481 pedestres,

763 1512 995 1580 Populus
1022 1520 1076 1564 et
1105 1519 1278 1577 taxus,
1321 1509 1471 1563 viridi
1497 1521 1707 1575 quoque
1731 1504 1916 1559 l'ronde
1946 1503 2128 1557 salicta

761 1604 896 1655 Sunt
922 1602 1085 1656 invisa
1117 1603 1267 1663 mihi,
1298 1600 1389 1653 sed
1420 1599 1566 1667 fagus
1596 1597 1875 1667 glandibus
1904 1610 2094 1661 uocas,

761 1692 1082 1747 Fructiferas
1113 1691 1292 1746 itidem
1332 1690 1542 1745 ﬂorenti
1576 1690 1774 1743 vertice
1798 1704 2026 1755 quercus

763 1786 950 1854 Diligo,
983 1785 1060 1838 sic
1091 1799 1369 1838 numerosa
1399 1782 1556 1836 simul
1583 1795 1687 1835 non
1718 1779 1991 1848 spernitur
2020 1778 2145 1831 ilex.

1354 1874 1440 1927 1i.
1477 1871 1550 1922 De
1581 1871 1747 1923 cbulo.

763 1970 1061 2026 Sambucus
1093 1968 1144 2021 in
1168 1967 1296 2021 silva
1329 1966 1498 2035 putris
1524 1964 1648 2017 dum
1684 1962 1873 2017 fronde
1900 1962 2154 2023 rubescit,

765 2065 859 2116 l-Zst
889 2061 1016 2114 milii
1049 2075 1144 2129 par
1172 2059 1327 2123 foliis,
1361 2073 1481 2111 nam
1512 2057 1677 2126 gliseo
1709 2056 1953 2109 surculus
1984 2055 2143 2116 arvis,

760 2154 948 2221 bigros
977 2152 1255 2205 baccarum
1292 2159 1509 2217 portans
1538 2149 1587 2201 in
1620 2148 1794 2200 fronte
1827 2145 2124 2200 coritnbos.

760 2244 927 2308 Quem
959 2240 1147 2295 medici
1175 2241 1394 2293 multum
1429 2240 1566 2290 ruris
1592 2253 1690 2309 per
1721 2246 1862 2306 terga
1895 2237 2189 2299 virentem,

759 2333 889 2387 tium
916 2331 1121 2384 scabies
1151 2331 1320 2384 lllOl'bi
1351 2331 1535 2398 pulpas
1560 2329 1812 2382 invaserit
1837 2341 2009 2397 mgras

763 2425 1074 2478 lustrantes
1097 2422 1282 2477 orbem
1309 2422 1498 2477 crebro
1530 2424 1788 2491 quaesisse
1817 2418 2084 2474 feruntur.

764 2517 1013 2573 Lladibus
1044 2516 1309 2570 horrende
1335 2515 1460 2568 dum
1496 2526 1689 2567 vexant
1716 2514 1919 2567 viscera
1951 2515 2095 2578 tabo,

764 2606 844 2660 l\'e
868 2608 1012 2660 virus
1043 2614 1222 2673 serpat
1251 2618 1468 2672 possunt
1495 2617 1808 2656 succurrere
1835 2602 2017 2669 leprte,

761 2696 849 2750 bic
878 2697 1046 2750 olidas
1068 2696 1335 2749 hominum
1369 2705 1674 2749 rcstanrans
1702 2693 1939 2764 germine
1963 2695 2144 2747 libras.

1049 2786 1161 2840 \‘ll.
1196 2785 1573 2841 AiNlCMATA
1606 2784 2061 2841 DECASTlCIlA.

1370 2879 1421 2931 ί.
1462 2877 1535 2931 De
1555 2894 1722 2931 carro.

765 2970 898 3026 Dum
923 2985 1088 3039 genus
1121 2970 1406 3022 liumanum
1432 2970 1726 3023 truculenta
1758 2967 1954 3022 ﬂuenta
1986 2975 2267 3033 necarent,

767 3063 833 3115 lit
862 3076 994 3115 nova
1026 3060 1278 3114 mortales
1308 3060 1595 3113 multarent
1624 3073 1839 3128 aequora
1868 3070 2109 3113 cunctos.

761 3152 1016 3220 Exceptis
1043 3152 1198 3216 raris,
1226 3151 1446 3221 gignunt
1475 3149 1561 3217 qui
1594 3149 1797 3204 semina
1826 3150 2001 3214 saecli;

764 3245 973 3301 Primus
1003 3245 1268 3299 viventum
1311 3242 1595 3309 perdebam
1628 3242 1830 3296 hedera
1850 3240 2009 3310 juris,

759 3335 987 3403 imp-tio
1017 3336 1182 3403 patris
1211 3343 1559 3387 contemnens
1587 3333 1817 3387 subdere
1843 3332 2000 3397 colla,

766 3428 914 3482 Unde
949 3436 1074 3495 puto
1101 3425 1299 3479 dudum
1331 3439 1484 3478 versu
1515 3423 1716 3477 dixisse
1746 3432 1953 3492 poetam
1984 3439 1997 3486 ;

761 3516 936 3572 Abluit
972 3515 1022 3568 in
1051 3515 1204 3568 terris
1235 3513 1491 3583 quidquid
1520 3513 1748 3582 deliquit
1777 3514 1829 3567 in
1853 3513 2027 3577 undis,

760 3607 891 3660 Nam
922 3605 1158 3659 sobolem
1185 3604 1412 3672 dapibus
1446 3620 1711 3673 nunquam
1748 3607 1998 3658 saturabo
2026 3604 2290 3669 ciborum,

759 3698 821 3753 Ni
848 3698 993 3767 prius
1016 3699 1066 3750 in
1099 3698 1268 3767 pulpis
1299 3699 1506 3767 plumas
1536 3699 1840 3766 nigrescere
1870 3711 2108 3753 cernam.

764 3791 958 3845 Littera
985 3790 1222 3855 tollatur,
1252 3799 1369 3858 post
1395 3790 1508 3843 liarc
1529 3793 1643 3843 s‘ne
1668 3791 1816 3859 prole
1844 3793 2090 3846 manebo.

1261 3879 1317 3934 ἓ.
1361 3878 1436 3934 De
1464 3880 1641 3949 συπρα
1666 3882 1877 3935 rinaria.

761 3972 840 4025 En
872 3971 1049 4038 plures
1076 3969 1321 4025 debrians
1349 3972 1596 4037 impendo
1629 3974 1818 4042 pocula
1850 3974 2067 4037 Bacchi,

761 4062 967 4116 Vinitor
991 4063 1252 4132 expressit
1280 4079 1396 4133 qua:
1427 4062 1835 4119 ﬂavescentibus
1858 4067 1998 4131 uvis,

761 4155 1049 4223 l’ampinus
1079 4165 1134 4209 et
1164 4154 1316 4208 viridi
1343 4158 1525 4225 genuit
1557 4158 1623 4211 de
1653 4159 1867 4226 palmite
1898 4159 2087 4223 bolris,

759 4244 984 4301 Nectare
1014 4246 1265 4314 cauponis
1294 4248 1564 4315 complens
1593 4265 1653 4302 ex
1685 4248 1789 4303 vite
1814 4249 2109 4304 tabernam.

760 4337 852 4391 Sic
881 4351 996 4392 mea
1030 4348 1337 4404 turgescunt
1362 4338 1428 4392 ad
1460 4340 1672 4408 plenum
1705 4342 1901 4396 viscera
1933 4355 2108 4396 musto
2138 4361 2153 4400 :

760 4429 825 4483 Et
854 4436 1027 4481 tamen
1058 4427 1296 4481 inﬂatum
1322 4445 1426 4483 non
1458 4440 1611 4485 vexat
1634 4432 1850 4500 crapula
1875 4448 2093 4501 corpus,

757 4521 1009 4587 Quamvis
1036 4521 1137 4575 ltoc
1164 4531 1348 4574 nectar
1376 4524 1616 4577 centenis
1648 4522 1886 4577 hauserit
1918 4526 2085 4579 urnis.

759 4610 941 4666 Proles
970 4626 1086 4665 sum
1118 4620 1271 4665 terra)
1302 4613 1531 4680 gliscens
1564 4614 1614 4667 in
1642 4615 1864 4669 saltibus
1894 4616 2035 4669 altis.

756 4703 1026 4757 Materiam
1055 4703 1240 4757 cuneis
1272 4705 1422 4758 findit
1449 4706 1542 4759 sed
1570 4706 1743 4760 cultor
1773 4708 2023 4777 agrestis,

760 4795 919 4849 Pines
945 4803 1190 4850 evertens
1211 4797 1345 4850 altas
1376 4805 1427 4851 et
1458 4796 1650 4851 robora
1681 4798 1844 4853 ferro.

1324 4890 1377 4942 5.
1406 4890 1479 4940 De
1504 4889 1764 4959 Lucifero.

759 4977 985 5044 Semper
1006 4991 1106 5048 ego
1132 4977 1337 5032 clarum
1368 4981 1615 5049 pra-cedo
1642 4979 1846 5034 lumine
1868 4980 2047 5035 lumen

762 5064 995 5136 Signifer
1025 5076 1079 5120 et
1101 5067 1309 5131 Plimbi,
1345 5070 1532 5123 lustrat
1562 5069 1650 5137 qui
1678 5070 1927 5138 limpidus
1952 5073 2161 5137 orbem,

764 5157 860 5210 l‘er
888 5158 1080 5211 caelum
1115 5159 1359 5226 gradiens
1388 5159 1605 5227 obliquo
1635 5162 1844 5217 tramite
1866 5161 2049 5216 ﬂector
2078 5181 2090 5215 ;

765 5248 899 5301 lioas
935 5256 1109 5316 partes
1132 5246 1198 5301 ad
1230 5248 1459 5302 medium
1491 5248 1665 5320 (Pan,
1693 5250 2001 5322 admodum]
2026 5252 2183 5321 jubar
2213 5253 2335 5307 inde

2095 5343 2331 5415 fmeablt.

765 5431 983 5483 Finibus
1011 5431 1256 5485 ludorum
1286 5442 1514 5486 cernunt
1545 5436 1632 5501 qui
1666 5435 1866 5489 lumina
1900 5436 2054 5504 primi

765 5523 808 5574 υ
842 5520 964 5575 felix
996 5520 1121 5572 olitn
1146 5532 1354 5575 servata
1385 5524 1497 5591 lege
1525 5524 1800 5579 Tonantis.

767 5612 890 5675 lien,
909 5621 1025 5679 post
1048 5613 1147 5664 boc
1169 5612 1330 5665 cecidi
1365 5624 1611 5682 proterva
1643 5627 1818 5671 mente
1846 5618 2132 5684 superbus,

767 5699 907 5755 Ultio
933 5713 1251 5772 quapropter
1272 5703 1537 5761 funestum
1570 5711 1797 5780 perculit
1819 5713 2048 5765 hostem.

766 5795 865 5851 Sex
901 5798 1055 5867 igitur
1078 5799 1298 5855 comites
1321 5816 1526 5856 mecum
1554 5819 1715 5875 super
1735 5805 1932 5860 a-tltera
1963 5805 2243 5872 scandunt,

2377 504 2421 558 Λ
2454 497 2663 555 Gnarus
2686 514 2818 569 quos
2840 503 3035 570 poterit
3063 517 3157 571 per
3181 501 3368 573 byblos
3398 501 3637 573 pandere
3669 503 3858 558 lector.

3037 592 3091 645 4.
3125 590 3203 645 De
3233 590 3431 645 Pharo.

2449 676 2688 746 llupibus
2715 680 2765 733 in
2793 679 2952 735 celsis
2974 694 3078 750 qua
3107 682 3337 736 tundunt
3360 683 3554 738 eterula
3578 699 3764 739 cau'es

2450 766 2514 820 lﬁt
2551 768 2678 823 salis
2718 768 2981 827 undantes
3012 777 3320 841 turgescunt
3359 788 3574 844 mquore
3602 776 3794 828 ﬂuctus
3833 775 3986 848 (Par.

3371 866 3711 936 [undantis...
3745 868 3959 939 [muli];

2445 955 2686 1012 Machina
2719 973 2805 1015 me
2832 960 3059 1015 summis
3088 963 3394 1016 construxit
3423 962 3653 1017 molibus
3682 964 3941 1034 amplam.

2446 1047 2732 1120 Navigeros
2758 1052 2920 1107 calles
2938 1062 2995 1107 ut
3026 1054 3250 1124 pandam
3278 1053 3538 1109 classibus
3564 1055 3741 1109 iudex.

2445 1140 2561 1196 Non
2592 1144 2753 1198 maris
2777 1160 3056 1213 aequoreos
3082 1147 3375 1203 lustrabam
3399 1148 3600 1216 remige
3629 1163 3867 1219 campos,

2445 1232 2552 1287 Nec
2582 1234 2783 1289 ratibus
2812 1248 3030 1302 pontum
3057 1239 3332 1293 sulcabam
3360 1242 3568 1295 tramite
3588 1240 3743 1303 ﬂexo,

2447 1325 2515 1382 Et
2540 1335 2715 1382 tamen
2745 1328 3017 1385 immensis
3046 1342 3289 1387 errantes
3320 1334 3571 1390 ﬂuctibus
3599 1348 3750 1391 actos

2447 1418 2672 1473 Arcibus
2698 1420 2930 1474 excelsis
2956 1421 3173 1492 signans
3193 1422 3257 1476 ad
3289 1424 3463 1477 littora
3493 1425 3628 1479 duco
3648 1467 3663 1490 ,

2451 1510 2769 1581 l~‘latnttiiger
2797 1511 3075 1580 imponens
3105 1525 3272 1569 torres
3305 1517 3356 1569 in
3390 1519 3623 1571 turribus
3647 1519 3790 1578 aliis,

2448 1597 2600 1664 Ignea
2633 1598 2898 1654 brumales
2929 1601 3053 1654 dntn
3083 1604 3320 1656 condunt
3343 1606 3516 1659 sidera
3549 1608 3735 1659 nimbi.

2649 1706 2780 1760 Vill.
2814 1708 3189 1765 1ENIGMA'1‘.\
3232 1712 3817 1771 liEleECASTICIM.

2588 1796 2640 1849 1.
2673 1796 2749 1848 De
2783 1796 2963 1850 Polum
2990 1802 3191 1874 arbore,
3230 1818 3344 1866 quo:
3372 1804 3575 1873 dactylo
3606 1805 3883 1874 [renudata

3085 1872 3381 1936 frondescit.

2443 1958 2787 2027 Omnipotens
2811 1968 2987 2015 rector
3017 1972 3144 2015 nutu
3171 1963 3261 2032 qtti
3291 1970 3481 2018 cuncta
3507 1967 3728 2021 creavit.

2443 2046 2541 2112 Qui
2563 2047 2711 2102 dedit
2736 2050 2786 2101 in
2812 2051 3011 2104 mundo
3043 2058 3147 2104 tam
3173 2053 3361 2105 victrix
3397 2068 3589 2108 nomen
3617 2057 3942 2110 habendum.

2444 2137 2672 2193 Nomine
2702 2154 2894 2206 nempe
2921 2156 3039 2195 meo
3069 2141 3303 2196 ﬂorescit
3329 2143 3494 2212 gloria
3529 2162 3729 2211 rerum,

2444 2226 2761 2297 lllartyribus
2794 2245 2890 2283 nec
2921 2244 3024 2283 non
3055 2231 3181 2284 dum
3215 2234 3433 2285 vincunt
3459 2236 3640 2303 prtulia
3672 2238 3856 2290 mundi

2446 2317 2598 2371 Edita
2626 2318 2858 2373 caelestis
2889 2332 3140 2390 prensant
3166 2332 3220 2377 et
3248 2324 3466 2392 praemia
3493 2325 3632 2391 vita‘,

2445 2408 2784 2479 Frondigeris
2816 2415 3011 2482 tegitur
3039 2416 3330 2469 bellantum
3360 2427 3529 2471 turnia
3555 2421 3785 2486 coronis,

2444 2501 2511 2556 Et
2534 2504 2682 2557 viridi
2712 2520 2859 2560 ramo
2885 2507 3052 2561 victor
3074 2510 3366 2563 certamine
3400 2512 3574 2565 miles.

2446 2594 2499 2646 In
2531 2609 2738 2648 smnmo
2763 2596 2953 2664 capitis
2980 2597 3247 2652 densescit
3272 2602 3469 2654 vertice
3500 2604 3632 2655 vello
3668 2645 3683 2667 ,

2446 2683 2520 2739 lix
2544 2701 2650 2756 qtto
2677 2687 2984 2757 multiplicis
3013 2695 3330 2758 torquentur
3356 2694 3590 2760 tegmina
3619 2695 3755 2762 pel-li

2444 2778 2533 2832 Sic
2565 2793 2771 2849 quoque
2800 2780 3069 2836 melliﬂuis
3097 2797 3337 2836 escarum
3373 2800 3529 2852 pasco
3560 2787 3775 2855 saginis,

2445 2870 2669 2925 Nectare
2695 2887 2792 2940 per
2822 2874 3044 2941 populos
3071 2875 3309 2930 tribuens
3341 2878 3589 2932 alimenta
3617 2881 3877 2934 ciborum.

2759 2962 2814 3014 2.
2847 2959 2924 3016 De
2954 2961 3227 3018 Monaccro
3256 2967 3359 3019 sire
3392 2967 3662 3025 Unicorui.

2446 3051 2679 3105 Collibus
2708 3051 2758 3106 in
2786 3053 2945 3107 celsis
2968 3055 3093 3108 Stevi
3119 3055 3425 3111 disc:imina
3457 3057 3661 3123 Martis,

2445 3145 2696 3209 Quamvis
2728 3154 2949 3199 venator
2980 3146 3173 3201 frustra
3204 3148 3431 3202 latrante
3457 3151 3691 3204 molosso

2448 3234 2659 3288 Garriat
2690 3243 2804 3289 arte
2825 3236 2921 3291 feri
2946 3246 3303 3306 contorquens
3331 3238 3532 3306 Spicula
3562 3240 3705 3303 ferri,

2444 3324 2526 3378 Nil
2556 3340 2768 3395 vereor,
2803 3327 3007 3395 magnis
3030 3328 3120 3382 sed
3155 3328 3319 3381 frctus
3340 3330 3541 3382 vir.bus
3569 3330 3705 3384 altos

2445 3418 2674 3488 Belliger
2699 3419 3015 3490 impugnans
3038 3420 3350 3490 elephantes
3375 3424 3590 3478 vulnere
3618 3434 3821 3488 sterno,

2443 3509 2557 3564 lleu
2589 3511 2795 3564 fortuna
2825 3509 2995 3576 ferox,
3030 3528 3148 3581 quae
3179 3527 3264 3566 me
3292 3514 3370 3567 sic
3398 3526 3513 3568 arte
3543 3515 3721 3570 fefellit
3752 3519 3767 3571 l

2447 3609 2579 3661 L‘um
2613 3609 2819 3663 trucido
2841 3610 3066 3677 grandes
3097 3618 3152 3665 et
3176 3611 3379 3680 virgine
3401 3613 3583 3668 vincor
3611 3617 3826 3678 inermi.

2443 3698 2573 3753 Nam
2596 3701 2855 3768 gremium
2888 3701 3124 3770 pandens
3149 3719 3268 3757 mox
3296 3705 3517 3772 pulchra
3549 3722 3810 3775 puerpera

3693 3799 3948 3870 lprendit,

2443 3883 2507 3938 Et
2533 3886 2640 3939 voti
2664 3900 2882 3955 compos
2906 3885 3105 3941 celsam
3135 3885 3349 3942 deducit
3376 3887 3439 3942 ad
3473 3888 3685 3945 urbem.

2446 3976 2637 4031 lndidit
2663 3992 2726 4032 ex
2753 3992 2920 4033 cornu
2952 3992 3145 4032 nomen
3174 3977 3304 4032 milii
3336 3979 3507 4047 lingua
3532 3980 3772 4052 Pelasga.

2442 4070 2529 4124 Sic
2559 4070 2738 4125 itidem
2770 4070 2980 4139 propria
3010 4070 3264 4123 dixerunt
3283 4086 3412 4125 voce
3443 4071 3636 4126 Latini.

2941 4163 2995 4218 5.
3024 4164 3102 4216 De
3129 4161 3252 4218 Sale
3273 4173 3321 4216 et
3344 4163 3510 4218 Luna.

2441 4251 2555 4306 Non
2587 4266 2682 4306 nos
2704 4250 2916 4305 Saturni
2941 4253 3122 4322 genuit
3150 4252 3490 4319 spurcissima
3515 4253 3693 4322 proles

2439 4341 2711 4412 luppiter,
2739 4342 3054 4397 immensum
3090 4343 3295 4413 lingunt
3320 4359 3477 4413 queat
3506 4345 3743 4399 carmina
3770 4355 3946 4401 vatum
3976 4363 3992 4403 :

2442 4434 2550 4488 Nec
2580 4436 2675 4487 fuit
2705 4436 2755 4487 in
2782 4434 2909 4488 Delo
2939 4444 3109 4488 mater
3139 4433 3336 4489 Latona
3364 4436 3615 4489 creatrix.

2370 4554 2416 4612 ο
2442 4525 2667 4595 Cynthia
2694 4539 2797 4578 non
2822 4523 2992 4589 dicor,
3022 4539 3121 4579 nec
3148 4523 3313 4579 frater
3341 4524 3530 4593 Apollo
3561 4537 3802 4580 vocatur.

2446 4617 2551 4673 Sed
2582 4617 2754 4685 potius
2779 4618 2971 4671 summi
2995 4618 3177 4686 genuit
3203 4626 3448 4686 regnator
3472 4619 3704 4688 Olympi,

2442 4709 2540 4773 Qui
2572 4723 2712 4761 nunc
2742 4709 2793 4761 in
2822 4709 2977 4763 C(elis
3007 4708 3234 4763 excelsa:
3266 4708 3514 4776 [παιδεύει
3539 4711 3673 4764 arci.

2446 4797 2738 4852 Dividimus
2764 4797 3021 4852 mundum
3053 4796 3320 4852 communi
3351 4798 3464 4869 lege
3493 4799 3837 4867 quadratum,

2441 4892 2742 4946 Nocturnus
2771 4896 3004 4963 regimns
3029 4907 3216 4947 cursus
3244 4901 3298 4947 et
3321 4892 3467 4946 frena
3493 4892 3723 4951 dierum.

2441 4983 2503 5037 Ni
2532 4998 2683 5038 soror
2709 4995 2760 5039 et
2791 4983 2953 5037 frater
2977 4997 3104 5052 vaga
3136 4983 3328 5037 saecula
3356 4983 3474 5052 jure
3502 4984 3827 5054 gubernem,

2445 5075 2556 5129 lleu
2586 5077 2748 5129 cliaos
2779 5074 3095 5129 immensum
3127 5071 3360 5127 fuscaret
3381 5085 3567 5128 cuncta
3592 5076 3836 5145 latebris,

2440 5170 2674 5234 Atraque
2696 5178 2835 5219 nunc
2863 5164 3016 5219 Erebi
3047 5174 3330 5232 regnarent
3361 5163 3582 5221 Tartara
3611 5168 3772 5236 nigri.

2995 5256 3023 5308 4
3036 5293 3051 5308 .
3087 5256 3162 5308 De
3185 5255 3445 5311 Scintilla.

2439 5346 2567 5413 Quae
2595 5361 2681 5401 res
2711 5348 2762 5401 in
2790 5347 2948 5402 terris
2970 5356 3207 5401 armatur
3228 5347 3419 5401 robore
3449 5355 3614 5413 tanto,

2439 5443 2539 5493 Aut
2566 5440 2778 5508 paribus
2806 5440 2946 5507 fungi
2980 5440 3177 5492 nitatur
3200 5438 3400 5492 viribus
3429 5439 3640 5492 audax?

2441 5530 2610 5583 Parva
2644 5529 2771 5583 milii
2802 5530 2973 5598 primo
3001 5537 3248 5583 constant
3272 5528 3487 5582 exordia
3519 5531 3662 5598 vitm,

2438 5621 2539 5675 Sed
2570 5621 2783 5688 gracilis
2809 5619 3035 5689 grandes
3066 5620 3215 5673 seleo
3235 5630 3574 5688 prosternere
3602 5620 3750 5674 letho
3783 5640 3798 5675 :

2438 5710 2586 5778 Quod
2619 5709 2815 5764 letltum
2848 5710 3047 5779 proprii
3076 5718 3283 5779 gestant
3311 5711 3599 5777 penetralia
3628 5713 3854 5769 ventris.

2438 5802 2565 5856 Nam
2594 5801 2760 5857 saltus
2792 5817 3069 5855 nemorum
3102 5803 3292 5856 densos
3324 5803 3625 5874 pariterque
3656 5803 3911 5873 frutecta,
