4172 6570
230 460 327 515 ίεη
1179 446 1379 499 LIBER
1426 444 1511 497 DE
1552 439 1979 497 SEPTENARIO
2020 439 2105 494 ET
2150 438 2237 492 DE
2280 437 2544 492 ME'l'lllS.
3376 444 3474 499 198

231 571 594 637 l‘inil‘erosque
624 563 777 619 simul
812 571 1019 617 montes
1056 574 1177 612 cum
1211 556 1437 610 molibus
1468 555 1624 619 altos,

226 664 495 731 'l‘ruxque,
532 672 820 727 rapaxque,
852 653 1124 720 feroxque,
1160 649 1257 703 sub
1281 647 1478 702 mthere
1514 658 1723 713 spargo.

227 756 288 808 Et
325 754 498 806 minor
525 752 761 805 existens
788 744 970 815 gracili
993 758 1147 812 quam
1181 755 1406 809 corpore
1432 736 1677 804 Sciniphs
1702 754 1713 795 ;

224 842 433 913 Frigida
465 843 588 896 dum
616 837 841 908 genitrix
870 836 997 889 dura
1029 840 1306 903 generaret
1327 830 1397 883 ab
1421 828 1540 882 alvo

226 939 476 992 Primitus
498 951 560 988 ex
593 942 744 987 utero
771 930 1069 998 produccns
1101 928 1321 996 pignora
1352 922 1547 992 gentis.

506 1026 596 1082 IX.
625 1023 905 1078 IENIGMA
939 1013 1513 1075 DODECASTICIION.

829 1113 905 1167 De
934 1111 1208 1167 Crabrouc.

225 1212 360 1264 Aera
384 1223 481 1276 per
511 1208 699 1263 sudum
734 1218 872 1259 nunc
898 1203 1035 1256 binis
1066 1201 1267 1268 remigo
1291 1200 1476 1268 pennis

226 1300 510 1363 llorridus,
542 1308 594 1353 et
624 1310 824 1366 grossa:
847 1294 1100 1362 depromo
1123 1306 1394 1345 nutrmura
1421 1290 1581 1345 \‘ttt‘lS,

223 1393 387 1459 Inque
425 1405 554 1445 cavo
581 1389 758 1442 densis
789 1401 1077 1441 conversor
1103 1386 1281 1451 stipite
1312 1384 1522 1445 turmis,

226 1484 404 1537 Dulcia
439 1482 730 1535 conﬁciens
760 1480 988 1549 propriis
1012 1478 1260 1529 alimenta
1286 1476 1537 1528 catervis.

222 1579 289 1633 Et
322 1588 496 1632 tamen
530 1577 772 1632 humanis
798 1577 1018 1629 horrent
1047 1573 1159 1626 haec
1191 1571 1379 1639 pabula
1408 1568 1607 1623 buccis.

222 1671 330 1726 Sed
362 1672 659 1740 quicunque
684 1669 846 1736 cupit,
878 1667 1213 1734 disrumpens
1246 1664 1443 1719 fortiora
1476 1663 1653 1732 pacis,

223 1762 379 1815 Dirus
407 1758 797 1814 commaculare
825 1758 1038 1811 domum
1069 1758 1168 1809 sub
1201 1756 1429 1809 culmine
1457 1770 1678 1823 querno,

222 1850 485 1918 Exemplo
512 1850 684 1904 socias
714 1849 766 1902 in
796 1847 995 1902 beliqu
1026 1848 1199 1901 clamo
1221 1845 1470 1900 cohortes
1502 1862 1515 1908 ;

222 1938 463 2006 Dumque
491 1938 797 1991 catervatim
826 1936 1080 1999 stridunt,
1113 1945 1167 1989 et
1197 1936 1395 2004 spicula
1433 1933 1667 1995 trttdunt,

221 2030 446 2096 Agmina
478 2027 965 2094 ditl‘ugiuntjacolis
994 2025 1245 2079 exterrita
1275 2025 1424 2076 diris.

221 2118 464 2171 Insontes
489 2118 625 2171 hosti
648 2119 723 2171 sic
750 2125 1003 2184 torquent
1033 2117 1135 2169 tela
1159 2116 1370 2169 nocenti

220 2209 474 2271 Plurima,
508 2223 622 2274 qua:
645 2216 891 2261 constant
921 2209 1068 2260 tetris
1094 2208 1281 2261 inlecta
1314 2208 1551 2261 venenis.

416 2297 506 2350 XI.
538 2296 814 2352 [ENIGMA
848 2294 1605 2352 TlllSCAIDECASTlCIION.

444 2394 449 2399 ’
738 2389 815 2441 De
848 2389 1025 2458 St'ylia
1060 2390 1275 2441 marina.

221 2480 359 2533 Ecce
385 2480 735 2533 molosorum
760 2493 949 2531 nomen
980 2479 1106 2530 mihi
1140 2480 1243 2531 fata
1274 2472 1555 2531 dederunt.

222 2571 487 2639 Argolica:
518 2572 689 2641 gentis
720 2572 795 2625 sic
824 2570 1017 2638 promit
1047 2570 1219 2638 lingua
1253 2569 1496 2637 loqui-lis,

223 2660 304 2713 Ex
336 2675 441 2729 quo
468 2676 551 2715 me
580 2661 710 2715 dine
743 2661 992 2715 fallebant
1016 2660 1250 2713 carmina
1283 2659 1483 2722 Circes,

221 2752 356 2817 Quae
380 2750 542 2806 fontis
565 2752 762 2821 liquida
795 2753 1091 2807 maculabat
1115 2752 1329 2805 [Iumina
1358 2751 1552 2812 verbis,

219 2838 493 2906 Cruraqne
518 2854 637 2893 cum
671 2840 837 2902 coxis,
872 2839 1055 2907 pulpas
1078 2837 1251 2909 lex,
1279 2838 1450 2905 suras]
1478 2852 1596 2890 cum

1345 2927 1568 2998 [paplite
1598 2926 1721 2981 bino

218 3021 471 3086 Abstulit,
508 3021 812 3076 immiscens
842 3021 1071 3076 crudelis
1102 3020 1258 3074 verba
1284 3022 1483 3090 virago.

219 3110 447 3180 Pignora
469 3125 609 3165 nunc
633 3110 805 3178 pavidi
836 3110 1076 3164 referunt
1107 3110 1357 3163 ululantia
1391 3117 1584 3168 nauta}.

215 3199 413 3254 Tonsis
440 3200 563 3253 dum
589 3201 805 3254 trudunt
830 3201 1049 3265 classes,
1075 3210 1127 3253 et
1158 3199 1351 3253 caerula
1377 3198 1581 3251 lindunt

220 3289 412 3342 Vastos
436 3300 705 3344 verrentes
728 3288 916 3344 ﬂuctus
939 3299 1215 3357 grassante
1250 3289 1501 3356 procella.

222 3380 456 3433 l’almula
489 3394 603 3449 qua:
631 3380 792 3435 remis
819 3380 1081 3434 succurrit
1116 3379 1283 3446 panda
1322 3393 1415 3447 per
1444 3379 1613 3432 undas
1650 3396 1662 3431 :

217 3472 537 3527 Auscultare
566 3474 747 3541 procul
778 3487 893 3541 qua:
923 3473 1115 3526 latrant
1144 3471 1356 3542 inguina
1381 3472 1602 3526 circum.

218 3563 312 3618 Sic
333 3579 418 3618 me
446 3564 661 3633 pellexit
686 3564 881 3618 dudum
914 3564 1116 3618 Titania
1149 3566 1342 3631 proles,

220 3655 292 3709 L't
317 3656 505 3708 merito
527 3656 694 3708 vivam
723 3656 875 3708 salsis
900 3656 949 3708 in
978 3655 1224 3708 ﬂuctibus
1248 3656 1419 3708 exsul.

367 3744 479 3798 XII.
508 3743 783 3798 A'ZNIGSIA
822 3743 1649 3799 PENTECAIDECASTICIION.

794 3835 867 3887 De
892 3834 1197 3903 Et'c'pltanto.

221 3926 471 3981 Fcrratas
503 3925 646 3980 acies
675 3933 729 3981 et
756 3926 922 3981 denso
947 3928 1113 3982 milite
1146 3938 1372 3992 turmas,

222 4015 461 4069 Bellandi
493 4018 714 4071 miseros
738 4016 971 4071 stimulat
994 4033 1125 4086 quos
1150 4033 1281 4072 vana
1310 4020 1466 4087 cupid
1490 4035 1525 4083 ι,

220 4106 359 4160 Dum
388 4107 653 4161 maculare
679 4107 890 4161 student
916 4107 1076 4161 armis
1104 4109 1185 4177 pia
1217 4109 1412 4163 l'tcdera
1443 4110 1613 4178 regni,

218 4196 447 4265 Salpinx
475 4206 527 4251 et
558 4198 736 4251 sorbet
763 4202 997 4252 ventosis
1020 4198 1231 4252 ﬂatibus
1260 4215 1437 4264 auras,

220 4288 486 4356 Savaque
507 4289 772 4359 clangenti
798 4290 1021 4344 reboant
1044 4291 1168 4343 dum
1201 4292 1422 4345 classica
1455 4293 1633 4354 sistro,

219 4381 460 4437 Cernere
487 4396 590 4436 non
621 4382 839 4451 pavidus
861 4382 1016 4436 didici
1050 4394 1164 4435 trux
1196 4398 1465 4435 murmura
1490 4383 1685 4435 Martis.

217 4475 534 4543 Quanquam
564 4488 648 4528 me
679 4483 882 4542 turpem
915 4472 1163 4527 nascendi
1195 4471 1377 4526 fecerit
1397 4484 1580 4524 auctor

225 4564 416 4618 Editus
442 4578 507 4617 ex
536 4563 654 4616 alvo
677 4561 801 4616 dum
824 4563 1027 4628 sumpsi
1052 4575 1269 4614 munera
1302 4560 1420 4613 vita:
1446 4579 1457 4612 :

222 4655 365 4709 Ecce
392 4664 563 4707 tamen
595 4654 749 4707 morti
778 4654 1027 4707 successit
1056 4652 1226 4721 gloria
1258 4653 1441 4706 forante

218 4743 461 4800 Lethil‘er
484 4743 536 4797 in
567 4744 725 4798 libras
752 4742 880 4796 dum
906 4743 1073 4811 serpit
1096 4742 1215 4795 linis
1242 4752 1475 4810 apertas.

222 4837 448 4891 Bractca
472 4848 575 4888 non
603 4834 718 4888 auri
750 4833 902 4887 fulvis
926 4833 1153 4902 pretiosa
1177 4831 1425 4895 metallis,

220 4928 473 4995 Quamvis
503 4939 828 4994 gemmarum
859 4931 1103 4977 constent
1131 4931 1315 4977 ornata
1349 4921 1596 4984 lucernis,

224 5019 457 5072 \fincere
489 5030 591 5068 non
622 5014 840 5082 qnibunt
864 5012 1199 5081 pbalerarum
1230 5011 1448 5065 ﬂoribus
1473 5026 1723 5079 unquam.

221 5108 309 5164 He
341 5107 481 5162 ﬂecti
509 5104 729 5177 genibus
762 5104 959 5160 fessum
991 5114 1176 5159 natura
1211 5106 1419 5173 negavit

226 5198 438 5267 I’oplite
465 5197 566 5250 sub
593 5210 753 5250 curva
786 5196 1053 5265 palpebris
1084 5195 1292 5250 tradere
1317 5210 1555 5250 somnos.

223 5290 363 5356 Quin
396 5291 566 5353 potius
588 5288 749 5341 vitam
773 5289 1063 5356 compellor
1085 5287 1279 5357 degere
1310 5287 1519 5340 stando.

399 5378 529 5433 XIII.
573 5377 853 5433 [ENIGMA
885 5376 1623 5432 IIECCAIDECASTICIION.

872 5466 950 5520 De
982 5466 1167 5521 Nocte.

230 5560 441 5616 Florida
472 5576 559 5616 me
584 5560 766 5631 genuit
793 5561 1087 5630 nigrantem
1116 5573 1339 5627 corpore
1372 5559 1550 5625 tellus,

229 5654 299 5707 Et
330 5652 399 5704 nil
428 5651 707 5705 fecundum
737 5652 906 5705 sterili
931 5650 996 5704 de
1016 5650 1219 5703 viscere
1249 5664 1435 5717 promo
1464 5666 1474 5699 :

226 5739 480 5809 Quamvis
503 5741 852 5794 Eumenidum
881 5746 1155 5793 narrantes
1180 5738 1415 5791 carmine
1443 5750 1588 5790 vates

229 5832 539 5886 Tartaream
572 5840 723 5899 partu
751 5840 1009 5887 teStcntur
1032 5831 1247 5902 gignere
1275 5830 1473 5899 prolem
1511 5848 1522 5881 :

1829 552 1878 612 Α
1908 549 2057 603 Nulla
2085 549 2211 602 mihi
2239 557 2447 603 constat
2471 550 2599 602 certi
2630 549 2921 602 substantia
2959 557 3137 614 partus

1902 640 2005 693 Sed
2034 637 2192 693 modo
2222 640 2535 708 quadratum
2570 638 2893 708 complector
2921 639 3114 692 caerula
3140 637 3415 692 mundum.

1900 732 2105 786 Smcula
2133 730 2255 784 dum
2283 731 2470 784 lustrat
2495 730 2696 796 lampas
2725 730 2929 783 Titania
2956 728 3138 783 thbi

1900 826 1991 879 Est
2019 822 2225 877 inimica
2255 824 2405 891 mihi,
2431 838 2551 893 quin
2573 823 2776 876 cunctis
2802 831 3013 877 constat
3043 823 3233 877 antica.

1899 913 2010 967 Diri
2042 914 2269 967 latrones
2301 929 2384 967 me
2411 928 2623 978 semper
2649 926 2827 965 amare
2854 913 3117 977 solebant,

1898 1009 2041 1069 Quos
2074 1007 2274 1071 gremio
2306 1013 2469 1059 tectos
2501 1004 2638 1058 nitor
2666 1002 2953 1057 defendere
2984 1003 3147 1056 fusco.

1901 1096 2173 1165 Virgilium
2195 1105 2397 1150 constat
2427 1094 2598 1169 lex,
2638 1093 2824 1163 fateor]
2854 1094 3068 1147 charatn
3099 1095 3354 1147 ceciniss‘

3127 1185 3410 1257 [sororr-m,

1898 1279 2189 1332 Monstrum
2218 1278 2564 1345 horrendum,
2601 1281 2807 1349 ingens,
2840 1279 2923 1333 cai
2945 1288 3076 1349 quot
3103 1289 3225 1333 sunt
3249 1294 3473 1347 corpore

3177 1372 3413 1441 “duntur,

1900 1461 1996 1515 Tot
2020 1461 2202 1531 vigi'es
2234 1461 2368 1516 oculi
2399 1462 2600 1525 subter,
2634 1461 2875 1514 mirabile
2901 1461 3065 1525 dictu,

1897 1552 1996 1606 Tot
2028 1554 2238 1622 lingua},
2270 1553 2486 1607 totidem
2520 1568 2610 1607 ora
2640 1563 2853 1617 sonant,
2887 1562 2961 1605 tot
2985 1553 3205 1621 subrigit
3238 1568 3411 1608 aures.

1898 1642 2059 1697 Nocte
2087 1645 2225 1697 volat
2251 1644 2369 1699 cmli
2401 1644 2596 1708 medio,
2628 1653 2887 1713 terrreque
2919 1658 3012 1711 per
3038 1642 3271 1707 umbras,

1900 1732 2295 1799 lngrediturque
2329 1736 2461 1798 solo,
2495 1746 2547 1789 et
2572 1743 2729 1803 caput
2762 1736 2897 1789 inter
2927 1735 3104 1788 nubila
3129 1735 3330 1789 condit.

2198 1845 2336 1899 XIV.
2376 1844 2553 1899 :ENIG
2566 1846 2658 1899 MA
2692 1844 3178 1899 l’OLYSTICIION.

2507 1936 2581 1991 De
2618 1948 2873 1990 creatura.

1902 2026 2181 2091 Conditor,
2213 2028 2427 2081 aeternis
2459 2026 2602 2081 fulsit
2627 2027 2715 2096 qui
2746 2029 2902 2082 βινοίη
2934 2028 3211 2089 columnis,

1904 2114 2094 2169 llector
2127 2132 2409 2184 regnorum
2448 2118 2665 2170 frenans
2695 2128 2746 2170 et
2782 2118 2999 2169 fulmina
3028 2119 3163 2185 lege,

1903 2204 2133 2257 Pendula
2159 2207 2280 2257 dum
2308 2206 2467 2274 patuli
2504 2213 2783 2259 vertuntur
2807 2206 3038 2260 culmina
3071 2208 3272 2268 mundi,

1902 2294 1983 2347 Ide
2024 2296 2223 2348 variant
2260 2296 2381 2349 fecit
2413 2300 2583 2364 primo
2613 2296 2737 2349 dunt
2769 2298 3027 2351 conderet
3053 2299 3258 2353 orbem.

1901 2384 2129 2453 Pervigil
2161 2387 2401 2440 excubiis
2436 2402 2703 2454 nunquam
2735 2388 2967 2440 dormire
2992 2387 3220 2456 juvabit,

1902 2476 2003 2527 Sed
2039 2484 2214 2528 tamen
2249 2478 2517 2544 extemplo
2547 2477 2870 2531 clauduntur
2896 2477 3093 2532 lumina
3124 2494 3329 2532 somno.

1899 2564 2027 2618 Nam
2063 2566 2197 2619 Deus
2230 2576 2281 2621 ut
2315 2568 2526 2636 propria
2558 2568 2809 2621 mundum
2841 2569 3039 2623 ditione
3066 2570 3346 2638 gubernat,

1899 2653 1984 2707 Sic
2014 2670 2112 2722 ego
2135 2657 2464 2725 complector
2492 2658 2590 2711 sub
2620 2659 2740 2711 eteli
2769 2660 2986 2714 cardine
3012 2672 3223 2714 cuneta.

1897 2743 2121 2813 Segnior
2150 2757 2230 2799 est
2263 2748 2460 2812 nullus,
2486 2749 2733 2815 quoniam
2766 2765 2849 2803 me
2876 2750 3077 2804 Iarvula
3111 2760 3295 2817 terret,

1897 2832 2135 2901 Setigero
2168 2848 2351 2888 rursus
2384 2846 2636 2890 constans
2666 2836 2918 2892 audacior
2948 2854 3095 2908 apro.

1897 2923 2083 2979 Nullus
2113 2942 2196 2981 nte
2227 2939 2441 2996 superat
2464 2930 2683 2997 cupiens
2714 2932 2903 2984 vexilla
2937 2932 3212 3001 triumphi,

1897 3016 1958 3071 Ni
1996 3017 2133 3072 Deus
2168 3019 2373 3072 rethrali
2403 3035 2642 3074 summus
2672 3023 2758 3090 qui
2786 3032 2970 3091 regnat
3002 3024 3052 3077 in
3084 3040 3226 3079 arce.

1896 3107 2121 3161 Prorsus
2151 3108 2376 3162 odorato
2410 3110 2566 3165 thure
2597 3111 2920 3182 fragrantior
2952 3113 3136 3169 halans

1896 3196 2157 3249 Olfactum
2190 3199 2494 3262 ambrosiae,
2528 3215 2626 3253 nec
2654 3215 2757 3253 non
2787 3203 3078 3255 crescentia
3110 3204 3295 3274 glebae.

1901 3284 2033 3339 Lilia
2070 3287 2349 3354 purpureis
2381 3302 2597 3355 possum
2627 3304 2868 3345 connexa
2902 3294 3096 3347 rosetis

1902 3375 2151 3441 Vincere,
2185 3376 2436 3445 spirantis
2467 3379 2617 3433 nardi
2651 3379 2934 3435 dulcedine
2960 3383 3111 3451 plena
3140 3403 3153 3437 :

1900 3465 2051 3521 Nunc
2081 3467 2217 3521 olida
2249 3470 2387 3523 cceni
2412 3472 2704 3539 squalentis
2734 3474 2891 3527 sorde
2920 3488 3185 3543 putresco.

1901 3556 2086 3611 Omnia
2120 3575 2343 3629 qua-que
2374 3562 2496 3630 polo
2520 3573 2645 3616 sunt
2671 3566 2854 3619 subter
2884 3575 2937 3620 et
2958 3580 3058 3622 axe
3089 3579 3342 3638 reguntur

1902 3647 2034 3701 Dum
2062 3659 2209 3714 pater
2231 3652 2531 3705 arcitenens
2560 3655 2846 3719 concessit,
2877 3657 2994 3723 jure
3021 3658 3277 3725 guberno.

1903 3737 2128 3791 Grossas
2156 3749 2210 3793 et
2238 3741 2465 3805 graciles
2496 3758 2671 3795 rerum
2699 3759 3014 3814 comprenso
3047 3750 3259 3817 ﬁguras,

1904 3827 2071 3879 Allitll‘
2100 3844 2164 3882 cn
2190 3832 2324 3883 cosio
2351 3830 2516 3885 rinzor
2545 3842 2753 3887 secreta
2778 3835 3054 3902 Tonantis,

1906 3916 1969 3970 Iit
2000 3926 2176 3972 tamen
2215 3920 2435 3975 iul‘erior
2464 3925 2619 3976 terris
2649 3933 2783 3978 tetra
2815 3924 3035 3981 Tartara
3064 3944 3243 3983 cerno.

1904 4005 2030 4059 Nam
2066 4009 2246 4061 senior
2278 4012 2475 4065 ntundo
2505 4011 2680 4083 [μαι-η
2711 4014 2918 4085 mundi]
2952 4020 3200 4085 pra-cessi
3236 4031 3471 4091 tetnp‘tra

3171 4112 3360 4183 [prisca
3389 4133 3401 4177 ;

1906 4189 2039 4244 I-Icce
2072 4202 2245 4248 tamen
2287 4197 2474 4251 matris
2518 4196 2683 4253 horna
2725 4202 3217 4276 generabaril'ar.,
3253 4222 3475 4273 genera-

3018 4293 3135 4366 bur]
3166 4297 3231 4348 ab
3263 4297 3402 4348 alvo.

1916 4372 2193 4427 Pulchrior
2213 4377 2412 4430 auratis
2435 4377 2559 4430 dum
2592 4377 2753 4448 fulget
2780 4380 2935 4434 libula
2968 4382 3155 4448 bullis;

1904 4461 2179 4519 llorridior
2206 4466 2466 4534 rhamnis,
2501 4479 2550 4522 ct
2581 4472 2774 4537 spretis
2801 4472 2953 4526 vilior
2980 4474 3130 4541 a'gls.

1910 4553 2087 4608 Latior
2114 4570 2177 4610 eu
2211 4557 2405 4625 patulis
2438 4568 2692 4614 terrarum
2729 4560 2921 4616 ﬁnibus
2951 4575 3127 4628 exsto,

1911 4645 1970 4697 Et
2006 4655 2177 4698 tamen
2211 4647 2261 4699 in
2292 4650 2465 4701 media
2497 4650 2790 4705 concludor
2820 4663 2969 4719 parte
3000 4656 3202 4723 pugilli.

1905 4732 2165 4803 Frigidior
2190 4736 2415 4803 brumis,
2444 4754 2540 4793 nec
2562 4756 2668 4795 non
2695 4742 2960 4798 candente
2984 4746 3189 4813 pruina,

1904 4827 2035 4879 Cum
2068 4828 2167 4881 sim
2200 4828 2413 4883 Vulcani
2440 4830 2668 4886 ﬂammis
2697 4835 3020 4887 torrentibus
3046 4838 3259 4891 ardens.

1909 4920 2121 4973 ltulcior
2148 4920 2196 4972 in
2227 4921 2402 4988 palato
2430 4938 2587 4992 quam
2616 4924 2747 4978 lenti
2778 4930 3005 4980 nectaris
3030 4928 3248 4983 haustus

1906 5010 2083 5063 Ilirior
2110 5020 2163 5064 ct
2186 5027 2371 5064 rursus
2393 5030 2549 5081 quam
2579 5015 2762 5082 glauca
2786 5017 3047 5071 absinthia
3071 5025 3265 5088 eanzpi.

1911 5101 2100 5153 Mando
2122 5102 2282 5167 dapes
2313 5104 2530 5155 mordax
2568 5106 2837 5158 lurcorum
2872 5121 3019 5160 more
3050 5109 3368 5178 Cyclopum,

1903 5190 2035 5243 Cum
2070 5192 2262 5257 rossin
2292 5193 2490 5261 jngiter
2511 5194 2625 5246 sine
2649 5196 2786 5248 victu
2818 5196 2999 5251 vivere
3029 5198 3153 5252 felix

1908 5283 2030 5335 Plus
2065 5285 2244 5349 pernix
2278 5286 2493 5352 aquilis,
2521 5284 2752 5357 Zephyri
2782 5288 3014 5342 velocior
3041 5291 3161 5353 alis,

1907 5373 2015 5427 Nec
2048 5390 2147 5426 non
2177 5375 2428 5442 accipitre
2460 5380 2854 5443 pronerantior,
2879 5388 2930 5431 et
2958 5389 3131 5431 tamen
3158 5382 3375 5435 horrens

1910 5462 2219 5515 Lurubricus
2246 5475 2297 5516 et
2328 5464 2489 5519 Iimax
2520 5476 2573 5520 et
2598 5468 2747 5520 tarda
2773 5466 2979 5520 testudo
3009 5470 3280 5535 palustris,

1911 5560 2079 5621 Atque
2108 5555 2214 5608 ﬁmi
2238 5552 2449 5611 soboles
2476 5559 2741 5612 sordentis
2770 5557 3060 5613 can:harus
3088 5568 3203 5613 ater

1913 5648 2015 5715 Me,
2040 5648 2184 5702 dicto
2213 5649 2395 5714 citius,
2434 5650 2651 5704 vincunt
2680 5652 2969 5704 certamine
2997 5665 3206 5712 cursus,

1914 5740 1999 5794 Sic
2021 5740 2231 5809 gravior
2254 5741 2471 5809 plumbo
2499 5741 2841 5809 scopulorum
2874 5741 3107 5805 pondera
3140 5756 3298 5808 vergit
3327 5758 3339 5804 ;

1916 5835 2042 5889 Sum
2078 5836 2245 5891 levior
2276 5836 2450 5904 pluma
2481 5838 2619 5892 cedit
2649 5835 2731 5891 cui
2765 5835 2963 5904 tippula
2997 5835 3245 5905 lymphae.
