4172 6536
770 422 869 478 190

1546 410 1602 466 S.
1648 405 1992 462 ALDllELMl
2032 398 2316 458 υιιιειιυιι
2361 395 2533 452 PARS
2573 394 2635 448 ιι.
2662 394 2750 435 ’-
2788 391 3216 449 ΤΒᾹΟΪΛΤΙΞέ.

3934 391 4034 448 200

767 539 899 594 Nam
943 533 1074 590 silici
1112 532 1308 587 densas
1359 525 1533 582 fundit
1575 527 1697 593 quia
1749 523 1928 595 [Pnr.,
1956 514 2102 587 qum]
2145 515 2349 568 viscere
2370 506 2425 574 Ἀ
2457 510 2828 581 quadragenos
2873 522 2926 566 et
2969 520 3258 581 quaternus
3306 518 3537 578 constat,
3596 508 3697 563 hoc
3736 519 3816 563 cst
3846 522 4029 563 cmv.

2011 608 2279 680 mammas

785 718 973 773 limior
995 723 1085 769 aut
1114 712 1273 774 ferro,
1306 709 1459 764 tostis
1486 709 1580 764 sed
1612 705 1820 763 mollior
1848 702 2005 758 extis.

770 829 879 889 [llic
906 828 1056 875 Puris.
1079 827 1247 873 inserit
1268 830 1459 882 septem
1484 835 1654 889 versus
1671 818 1750 889 qui
1775 815 1980 889 prorimi
2004 816 2136 889 sunt,
2166 828 2188 856 α
2208 809 2354 889 Senis

863 872 975 937 ecce
1001 872 1247 948 plagis":
1278 872 1437 946 usque
1460 886 1517 933 ad
1548 901 1635 929 ι...
1663 872 1821 929 vibrat
1845 885 2067 925 atomo.»
2093 872 2272 932 611.55.]

775 974 1061 1024 Cincinnos
1092 971 1282 1038 capitis
1305 984 1426 1021 nam
1457 976 1605 1034 gesto
1633 961 1910 1017 cacumine
1939 958 2142 1021 nullos,

777 1066 981 1116 Ornent
1009 1062 1097 1132 qui
1124 1061 1351 1115 frontem
1379 1057 1583 1125 pompis
1616 1063 1670 1107 et
1698 1065 1935 1119 tempora
1968 1052 2097 1103 setis
2123 1064 2136 1113 ;

778 1155 913 1206 tium
945 1153 1070 1206 mihi
1097 1150 1343 1206 caesaries
1369 1148 1591 1201 volitent
1619 1146 1685 1199 de
1715 1144 1916 1197 vertice
1947 1141 2157 1207 crispat,

784 1246 906 1299 l‘lns
932 1243 1303 1298 ralamistratis
1326 1255 1384 1295 se
1406 1248 1628 1295 comunt
1654 1252 1772 1307 qua:
1797 1233 2127 1293 calamistro,

787 1334 1037 1404 l’iugnior
1062 1348 1127 1387 en
1157 1333 1327 1385 multo
1354 1331 1648 1384 scrofarum
1672 1327 1899 1395 exungia
1925 1326 2122 1393 glesco,

781 1424 1113 1480 Glandileris
1140 1424 1332 1479 iterum
1358 1422 1599 1476 referunt
1628 1421 1752 1474 dum
1779 1432 2000 1486 corpora
2024 1414 2176 1483 fagis,

783 1517 958 1583 Atque
981 1516 1221 1584 saginata
1251 1515 1499 1568 lattantttr
1527 1527 1686 1567 carne
1718 1509 1957 1574 subulci;

785 1608 891 1662 Sed
926 1621 1011 1661 me
1038 1609 1149 1659 dira
1181 1606 1348 1659 fames
1380 1605 1549 1657 macie
1582 1602 1844 1669 torquebit
1875 1612 2120 1667 egenam,

785 1699 985 1753 Pallida
1016 1698 1139 1751 dum
1166 1696 1363 1766 jugiter
1386 1695 1612 1765 dapibus
1639 1694 1874 1747 satiabor
1896 1690 2088 1759 opimis

784 1789 1026 1854 Limpida
1054 1802 1168 1842 sum
1202 1787 1372 1841 fateor
1400 1786 1606 1840 Titanis
1627 1784 1820 1839 clarior
1848 1785 1997 1848 orbe,

786 1882 1075 1936 Candidior
1111 1879 1318 1933 nivibus
1344 1878 1466 1932 dtttn
1492 1877 1660 1944 ningit
1687 1877 1884 1929 vellere
1915 1877 2161 1942 nimbus;

785 1973 1031 2027 Carceris
1060 1980 1112 2025 ct
1142 1972 1309 2024 multo
1343 1971 1576 2024 tenebris
1603 1970 1880 2023 obscurior
1907 1970 2055 2033 atris,

783 2064 959 2129 Atque
987 2061 1266 2117 latebrosis
1293 2062 1461 2115 ambit
1492 2076 1625 2129 quas
1652 2060 1908 2115 Tartarus
1938 2062 2166 2116 umbris.

791 2152 861 2207 llt
890 2153 1079 2221 globus
1121 2162 1388 2204 aSIrorum
1438 2152 1673 2219 plasmor
1720 2161 1858 2205 teres
1908 2162 2065 2221 atque
2115 2154 2363 2221 rotunda,

790 2241 1067 2309 Splitcrula
1098 2253 1192 2294 seu
1223 2241 1363 2308 pilm,
1400 2255 1498 2291 nec
1527 2256 1633 2291 non
1661 2250 1714 2293 et
1747 2243 1912 2292 forma
1942 2244 2177 2312 crystalli
2203 2261 2217 2308 ;

794 2333 859 2386 lit
884 2344 1034 2384 versa
1066 2330 1179 2384 vice
1208 2329 1502 2399 protendor
1528 2343 1620 2382 seu
1652 2328 1824 2384 serica
1850 2344 2012 2399 pensa

790 2423 1041 2475 l‘orrccta
1072 2419 1122 2473 in
1149 2419 1400 2489 gracilem
1436 2433 1669 2488 pamuun
1693 2434 1789 2473 ceu
1820 2420 2044 2473 stamina
2071 2420 2231 2490 pepli.

792 2514 949 2567 Senis
978 2526 1103 2566 cccc
1130 2512 1300 2580 plagis
1331 2512 1466 2564 latus
1497 2526 1596 2579 qua
1628 2511 1880 2580 panditur
1906 2513 2053 2569 orbis

794 2603 1027 2658 Ulterior
1053 2601 1219 2654 multo
1249 2600 1456 2663 tendor,
1491 2601 1734 2654 mirabile
1766 2599 1875 2654 fatu
1900 2618 1915 2668 ;

791 2695 932 2749 Infra
964 2708 1048 2746 me
1071 2707 1298 2761 suprave
1328 2691 1453 2745 nihil
1488 2707 1578 2760 per
1608 2692 1804 2746 sazcula
1832 2700 2083 2759 constat;

790 2785 855 2839 Ni
889 2798 1064 2838 rerum
1093 2784 1303 2851 gruitor
1332 2782 1590 2835 mundum
1620 2797 1875 2837 sermone
1911 2796 2187 2839 coercens.

794 2875 1063 2930 Grandior
1090 2876 1141 2927 in
1171 2875 1370 2942 glaucis
1393 2888 1550 2942 quam
1579 2874 1790 2927 ballena
1819 2874 2068 2929 ﬂuctibus
2096 2883 2234 2942 atra,

796 2969 863 3022 lit
892 2965 1065 3019 minor
1092 2964 1283 3033 exiguo
1306 2964 1479 3018 sulcat
1507 2963 1598 3033 qui
1630 2976 1852 3031 corpora
1884 2979 2064 3021 verme

792 3058 903 3112 Aut
925 3054 1133 3107 modico
1161 3053 1348 3107 Phoebi
1381 3053 1543 3106 radiis
1574 3055 1661 3124 qui
1692 3055 1864 3108 vibrat
1892 3066 2094 3112 atomo.

786 3141 1045 3196 Centenis
1071 3140 1295 3210 pedibus
1323 3141 1542 3211 gradior
1569 3155 1665 3211 per
1687 3143 1929 3211 gramina
1967 3143 2131 3207 ruris,

790 3233 858 3287 Et
890 3232 1105 3301 penitus
1134 3247 1407 3302 nunquam
1433 3247 1530 3301 per
1561 3240 1755 3288 terram
1789 3247 1950 3301 pergo
1986 3232 2252 3300 pedester,

790 3327 883 3381 Sic
911 3339 1027 3379 mea
1054 3324 1347 3393 prudentes
1377 3334 1598 3391 superat
1628 3324 1901 3388 Sapientia
1934 3324 2155 3391 sophos.

790 3419 901 3474 Nec
936 3429 1110 3471 tamen
1144 3415 1198 3469 in
1224 3415 1386 3470 biblis
1408 3416 1590 3470 docuit
1623 3431 1705 3469 me
1732 3416 1904 3469 littera
1934 3416 2105 3478 dives,

791 3513 902 3566 Aut
934 3526 1168 3578 unquam
1190 3509 1358 3579 quivi,
1394 3507 1522 3578 quid
1550 3517 1761 3562 constet
1787 3509 2011 3579 syllaba,
2042 3521 2218 3562 nosse.

793 3604 1009 3659 Siccior
1031 3603 1220 3656 mstivo
1250 3603 1506 3656 torrentis
1531 3613 1775 3656 caumate
1803 3602 1953 3666 Solis,

795 3692 939 3746 Rere
968 3692 1189 3746 madens
1220 3691 1411 3745 iterum
1450 3693 1565 3758 plus
1597 3692 1701 3746 udo
1726 3692 1944 3747 ﬂumine
1981 3691 2162 3756 fontis,

795 3785 1005 3839 Salsior
1034 3794 1088 3838 et
1120 3786 1285 3837 multo
1315 3784 1503 3837 tutnidi
1536 3800 1694 3854 quam
1730 3800 1994 3839 marmora
2024 3784 2194 3854 ponti,

796 3877 866 3927 tit
895 3874 1087 3941 gelidis
1119 3885 1276 3928 terra:
1306 3873 1537 3942 lymphis
1561 3874 1810 3930 insulsior
1834 3890 1980 3942 erro,

798 3955 929 4009 Mult
950 3956 1074 4025 plici
1103 3956 1282 4022 specie
1308 3966 1625 4010 cunctorum
1659 3970 1868 4026 compta
1898 3962 2163 4026 colorum,

803 4046 882 4099 Ex
913 4046 1105 4113 quibus
1135 4057 1358 4100 ornatur
1387 4049 1665 4114 prmsentis
1694 4050 1936 4104 machina
1966 4054 2168 4119 nmndi,

802 4136 997 4190 Lurida
1027 4149 1146 4187 cum
1176 4144 1288 4189 toto
1314 4150 1454 4189 nunc
1490 4137 1591 4191 sim
1623 4138 1860 4192 fraudata
1886 4140 2091 4206 colore,

801 4226 1115 4280 Auscultate
1141 4226 1242 4280 mei
1270 4227 1554 4280 exedentes
1582 4226 1778 4281 famina
1806 4229 1973 4292 verbi,

802 4316 1047 4370 Pandere
1075 4330 1192 4384 quae
1216 4316 1413 4384 poterit
1436 4331 1633 4384 gnarus
1663 4318 1747 4371 vix
1775 4332 1866 4372 ora
1892 4320 2164 4389 magiStcr,

803 4406 867 4459 lit
898 4414 1074 4461 tamen
1104 4404 1348 4459 inlicians
1378 4420 1482 4459 non
1514 4417 1663 4461 retur
1688 4408 1871 4463 frivola
1902 4410 2104 4476 lector;

799 4497 1061 4554 Sciscitor
1090 4495 1324 4563 inﬂatos,
1347 4512 1458 4566 quo
1488 4499 1672 4569 fungar
1694 4501 1933 4566 nomine,
1956 4503 2177 4569 sophos.

1000 4629 1185 4689 (Codex
1211 4628 1362 4679 Paris.
1383 4629 1514 4678 addit
1535 4642 1645 4692 quae
1671 4639 1956 4693 sequuntur.
1985 4632 2163 4693 Clu-:3)

797 4738 975 4790 Aurea
1003 4733 1132 4789 dum
1155 4733 1281 4787 exili
1302 4731 1517 4787 Christo
1541 4732 1624 4787 fila
1654 4734 1803 4801 virgo
1825 4751 1920 4789 acu
1951 4736 2190 4791 dedicata

799 4826 958 4880 Manu
989 4822 1180 4891 pallida
1207 4830 1419 4891 torquet
1446 4836 1609 4887 aereo,
1637 4831 1745 4876 tum
1776 4837 1877 4894 ego
1906 4825 2113 4879 calamo

801 4913 1093 4981 Crinigeris
1116 4911 1272 4980 pingo
1296 4912 1514 4979 paginas
1536 4912 1804 4980 lacrymis.

802 5007 1010 5073 Pauper
1040 5012 1195 5071 poeta
1220 5003 1390 5056 nescit
1410 5013 1560 5056 antra
1590 5017 1858 5058 musarum
1887 5005 2041 5060 sicuti
2072 5023 2193 5076 ego.

799 5093 941 5146 Crux
971 5093 1247 5147 benedicta
1286 5094 1421 5147 nitet
1447 5092 1642 5147 Christi
1673 5095 1917 5150 dedicata
1943 5111 2157 5152 cruore.

879 5365 942 5419 D.
986 5364 1258 5433 Expositis
1302 5369 1637 5436 aenigmatum
1695 5372 2146 5442 propositionibus
2193 5389 2246 5433 et
2289 5379 2373 5433 di-

808 5466 954 5524 gesta
980 5467 1267 5510 netrorum
1297 5458 1549 5527 melodia,
1576 5462 1682 5528 jam
1710 5465 2006 5531 promissus
2034 5483 2209 5522 rerum
2242 5470 2374 5526 ordo

807 5547 1060 5614 ulnagitat
1087 5556 1143 5601 ut
1168 5548 1524 5604 multiformes
1571 5552 1761 5619 pedum
1803 5557 2014 5626 regulas
2052 5574 2115 5613 ex
2148 5561 2375 5617 diversis

808 5638 1109 5691 orationum
1152 5637 1389 5707 partibus
1439 5643 1717 5710 propalare
1762 5662 1866 5701 non
1912 5648 2132 5717 abnuas,
2187 5668 2372 5708 eorum

809 5731 1110 5793 praesertim
1139 5745 1275 5799 quos
1302 5736 1630 5801 grammatici
1655 5738 1754 5792 sibi
1784 5755 2039 5811 usurpare
2062 5758 2368 5801 noscuntur.

814 5841 881 5850 -
931 5822 996 5874 Μ.
1054 5821 1389 5879 Generaliter
1443 5827 1677 5881 omnium
1734 5830 1926 5899 pedum
1977 5836 2244 5905 catalogus
2293 5846 2375 5893 ter

2402 3216 2449 3279 Ο

2456 604 2562 659 Sed
2590 618 2655 658 ex
2694 603 2791 657 hac
2817 602 3066 669 perplexa
3108 603 3487 656 numerositate
3527 615 3694 655 xxviii
3735 599 3904 668 pedes
3952 614 4039 652 se-

2455 706 2819 766 questrantur,
2844 695 3035 762 quibus
3068 695 3273 749 metrici
3303 703 3606 762 poematum
3633 692 3881 746 facundia
3916 691 4035 744 t’reti

2457 788 2769 857 funguntur,
2805 788 3001 856 quique
3022 793 3399 855 quaternarum
3448 799 3758 839 mensuram
3805 784 4035 854 syllaba-

2457 896 2575 935 rum
2608 881 2826 934 minime
2852 878 3255 934 transcendunt.

2529 971 2593 1025 D.
2638 970 2966 1024 Manifestius
3013 969 3114 1022 hoc
3158 978 3211 1024 et
3260 967 3453 1023 clarius
3491 969 3811 1037 patefactum
3850 969 4036 1023 audire

2457 1062 2712 1131 gratulor.
2755 1090 2827 1100 —
2859 1062 2925 1113 ill.
2960 1061 3033 1115 De
3062 1061 3282 1114 duarum
3314 1068 3499 1111 natura
3539 1062 3871 1128 syllabarum
3903 1074 4035 1128 qua—

2461 1163 2581 1207 tuor
2608 1150 2771 1221 pedes
2797 1161 3147 1220 generantur,
3188 1151 3253 1204 de
3293 1151 3463 1204 tribus
3505 1150 3729 1220 syllabis
3781 1167 3873 1204 vm
3918 1167 4037 1219 pro-

2462 1247 2679 1310 cedunt,
2710 1245 2777 1298 de
2801 1254 3034 1311 quatuor
3063 1260 3175 1298 xvi.
3201 1244 3291 1299 Isti
3325 1253 3451 1297 sttnt
3481 1244 3786 1313 specialiter
3817 1246 4038 1312 legitimi

2462 1339 2932 1404 grammaticorum
2967 1339 3153 1406 pedes,
3178 1338 3243 1391 de
3268 1338 3460 1406 quibus
3489 1349 3711 1393 centena
3742 1348 4037 1392 metrorum

2461 1428 2741 1496 disciplina
2770 1427 3134 1496 pullulaverat.

2534 1519 2598 1574 Ι).
2636 1519 2775 1586 Quot
2803 1530 2927 1573 sunt
2952 1530 3220 1574 oratorum
3255 1520 3437 1588 pedes,
3470 1519 3557 1588 qui
3598 1518 3885 1574 rhetorica:
3914 1520 4038 1573 artis

2464 1613 2644 1682 regula
2691 1612 3054 1678 continentur,
3102 1622 3156 1666 et
3184 1628 3356 1680 prosa:
3394 1613 3678 1667 nrbanitati
3720 1612 4037 1680 mancipati-

2467 1710 2584 1761 tur?
2606 1738 2673 1748 -—
2694 1709 2761 1763 Μ.
2792 1708 2896 1764 Ter
2926 1709 3108 1764 triceni
3134 1720 3187 1763 et
3211 1720 3288 1762 ter
3320 1710 3453 1773 bini,
3482 1711 3622 1777 quod
3646 1720 3727 1764 est
3753 1712 4039 1778 nonaginta

2466 1813 2515 1853 et
2542 1817 2658 1865 sex,
2693 1818 2826 1870 quos
2853 1801 3036 1857 Crmca
3067 1802 3381 1855 di-ertitudo
3431 1802 3712 1872 synzygias
3764 1804 4038 1855 vocitarit.

2394 1879 2440 1937 Β
2473 1893 2603 1946 Nam
2632 1893 2699 1946 de
2728 1895 2964 1960 quinque
2992 1893 3212 1959 syllabis
3252 1909 3394 1945 xxxii
3434 1892 3594 1961 pedes
3628 1896 3948 1953 formantur,
3980 1895 4039 1943 de

2466 2000 2559 2037 sex
2603 1986 2822 2054 syllabis
2869 2001 2989 2040 Lstv
3029 1988 3294 2056 synzygiae
3333 1987 3613 2055 reciproca
3656 1986 3920 2040 varietate
3951 2002 4042 2039 ll‘t-

2467 2086 2705 2130 sentitur.

2543 2166 2604 2220 Ι).
2649 2168 2789 2233 Quot
2835 2177 2959 2221 sunt
3003 2168 3291 2221 accidentia
3334 2167 3569 2235 pedatu?
3597 2165 3761 2219 --M.
3795 2166 4041 2232 Septem,

2470 2259 2523 2313 id
2553 2266 2657 2324 est,
2687 2260 2821 2313 arsis
2849 2270 2903 2313 ct
2946 2260 3130 2322 thesis,
3160 2274 3412 2314 numerus
3440 2259 3781 2326 syllabarum,
3812 2268 4043 2326 tempus,

2478 2350 2761 2426 resolutio,
2795 2350 2981 2419 figura,
3011 2361 3260 2406 metrum.

2540 2440 2604 2495 D.
2639 2441 2713 2494 Da
2736 2442 3089 2494 differentiam
3117 2443 3254 2497 inter
3281 2443 3423 2494 arsin
3450 2451 3501 2494 et
3525 2441 3717 2495 thesin.
3752 2470 3819 2480 —
3852 2442 3922 2494 lii.
3950 2445 3987 2493 Λ
4000 2458 4046 2491 r-

2471 2534 2546 2587 sis
2578 2535 2963 2601 interpretatur
2986 2535 3233 2593 elcvatio.
3262 2534 3425 2587 thesis
3452 2548 3517 2603 po
3549 2533 3682 2595 itio;
3712 2533 3803 2587 scd
3835 2534 3970 2586 areis
4000 2537 4047 2585 iri

2473 2624 2640 2691 prima
2692 2634 2839 2690 parte
2886 2624 3118 2677 nominis
3143 2637 3238 2676 seu
3274 2625 3419 2678 verbi
3454 2626 3697 2692 ponenda
3730 2635 3832 2689 est,
3885 2627 4045 2676 thesis

2474 2714 2525 2766 iit
2554 2712 2808 2768 secunda.
2842 2713 2971 2767 Nam
3005 2714 3088 2767 ha:
3116 2714 3389 2782 partienti:
3422 2724 3639 2782 propter
3667 2714 4046 2768 discretionem

2473 2813 2773 2873 temporum
2838 2803 3161 2872 pedestrium
3225 2804 3455 2858 inventae
3518 2803 3837 2867 traduntur;
3901 2805 4047 2857 verbi

2478 2899 2644 2967 gratia
2675 2910 2859 2961 POLUS,
2903 2911 2969 2964 po
3012 2895 3153 2949 atsis
3194 2906 3295 2961 cst,
3348 2896 3427 2948 lus
3479 2896 3665 2948 thesis.
3708 2896 3797 2950 Sic
3847 2912 4045 2953 crocos.

2475 2986 2706 3048 thronus,
2759 2994 2924 3048 torua,
2970 2994 3115 3048 alas,
3157 2994 3330 3047 testas,
3378 2994 3433 3038 et
3475 2986 3653 3038 omnia
3703 2986 3919 3039 nomina
3967 2990 4045 3038 τρι

2475 3078 2632 3133 verba
2659 3093 2781 3146 qua:
2807 3078 2858 3129 in
2885 3076 3193 3146 pyrrhichio
3219 3076 3540 3147 spondmove
3563 3081 3745 3132 subter
3761 3079 4048 3132 adnectere

2477 3170 2843 3238 exemplorum
2868 3168 3095 3224 formula
3121 3169 3429 3238 compellet,
3456 3170 3578 3224 huic
3600 3168 3794 3239 regula:
3813 3169 4047 3239 legione

2480 3262 2873 3329 mancipantur.

2550 3350 2614 3404 ι).
2647 3351 2787 3419 Quot
2810 3361 2934 3405 sunt
2964 3351 3283 3407 divisionum
3313 3355 3518 3421 Species
3554 3356 3606 3408 in
3636 3355 3879 3424 pedibus,
3914 3371 4047 3424 pra:-

2475 3442 2660 3497 scrtim
2709 3443 2800 3511 qui
2857 3442 2924 3497 ad
2971 3446 3348 3512 grammaticos
3400 3448 3667 3514 pertinere
3712 3450 4049 3501 noscuntur?

2473 3561 2543 3574 --
2579 3532 2650 3588 Μ.
2701 3531 2859 3587 Juxta
2909 3534 3050 3601 quod
3099 3550 3485 3603 prmcessorum
3537 3541 3825 3593 auctoritas
3879 3543 4045 3593 tradi-

2475 3621 2619 3677 disse
2648 3632 3001 3689 memoratur,
3037 3628 3170 3679 trina
3195 3626 3467 3680 divisionis
3497 3629 3733 3684 conditio
3758 3630 4043 3693 detinitttr;

2477 3714 2829 3783 quorumdam
2876 3731 3103 3786 namque
3134 3718 3329 3785 pedum
3368 3735 3517 3787 a'qua
3549 3720 3758 3781 divisio,
3791 3738 4046 3787 quorum-

2476 3804 2600 3857 dam
2640 3804 2825 3873 dupla,
2868 3808 3242 3861 nonnullorum
3274 3822 3401 3861 vero
3425 3811 3664 3878 scscnpla
3692 3825 3706 3874 ;
3739 3819 3789 3863 et
3823 3813 4044 3878 ptittiattt

2474 3895 2817 3965 dactyiicam,
2850 3898 3138 3952 secundam
3172 3900 3475 3965 iambicatn,
3507 3904 3714 3957 tertiam
3746 3906 4042 3958 lucanica":

2476 3988 2768 4054 nuncupari
2805 3990 2984 4043 solere
3008 3989 3295 4059 antiquitas
3327 3995 3524 4047 sanxit.

2552 4098 2616 4153 D.
2652 4098 2799 4153 llanc
2844 4101 3161 4168 tripertitam
3207 4100 3525 4157 divisionum
3568 4108 3865 4162 normulam
3918 4112 4045 4164 nhe-

2477 4187 2587 4241 rins
2617 4189 2812 4259 exponi
2845 4191 3110 4259 supplico.
3138 4220 3209 4232 —-
3236 4192 3305 4247 Μ.
3358 4193 3548 4249 Decem
3601 4208 3727 4251 sunt
3774 4201 3936 4267 pedes
3962 4206 4043 4270 qui

2477 4299 2683 4352 aquam
2728 4285 3050 4340 divisionem
3096 4288 3413 4351 sortiuntur.
3444 4298 3499 4344 et
3528 4291 3669 4345 velut
3701 4295 3812 4361 pari
3849 4302 4046 4363 tempo-

2477 4390 2595 4428 Ιίιιιι
2628 4378 2775 4429 hince
2806 4375 3188 4445 ponderantur,
3231 4394 3365 4447 quos
3402 4381 3537 4436 arsis
3573 4392 3627 4437 et
3669 4384 3835 4440 thesis
3856 4390 4043 4455 mquali

2479 4465 2821 4518 discretioois
2864 4476 3065 4521 statera
3112 4468 3392 4536 gubernat,
3444 4471 3494 4525 id
3544 4483 3645 4541 est,
3677 4478 4041 4543 pyrrhichius,

2404 4560 2452 4618 Β
2481 4552 2788 4622 spondamS,
2830 4554 3092 4625 dactylus,
3142 4570 3473 4629 anapazstus,
3522 4565 4039 4631 proceleusmaticus,

2477 4643 2836 4711 dispondzeus,
2860 4646 3142 4713 diiambus,
3167 4648 3507 4719 ditrochmus,
3539 4657 3893 4727 antispasms,
3922 4664 4039 4715 cho-

2478 4732 2737 4785 riamhns.

2551 4824 2612 4877 υ.
2646 4827 2787 4890 Quot
2830 4835 2953 4882 sunt
3000 4828 3161 4897 pedes
3199 4833 3290 4899 qui
3319 4832 3598 4892 divisionis
3634 4841 3892 4908 qualitate
3929 4860 4038 4913 par-

2480 4914 2715 4969 tiuntur?
2739 4945 2808 4958 --
2833 4916 2901 4972 Μ.
2932 4918 3064 4987 Sex,
3111 4921 3163 4975 id
3196 4931 3300 4990 est,
3341 4925 3564 4988 iambus.
3611 4933 3905 5000 trochaeus,
3936 4953 4035 4988 mo-

2476 5006 2670 5071 iossus,
2695 5007 3015 5079 tribrachys,
3040 5008 3243 5067 ionicus
3264 5016 3456 5079 minor,
3476 5017 3681 5074 ionicus
3704 5024 3897 5091 major,
3914 5041 4039 5093 quos

2481 5113 2622 5152 nunc
2670 5100 2831 5165 arsis,
2873 5116 3016 5156 nunc
3055 5104 3217 5159 thesis
3242 5104 3580 5164 discordante
3605 5121 3904 5182 temporum
3932 5129 4034 5172 tru-

2486 5186 2587 5243 tina
2615 5203 2837 5258 vergunt
2870 5202 2923 5246 et
2953 5193 3227 5250 inclinant.

2550 5280 2611 5334 Ι).
2664 5283 2795 5347 Qua:
2817 5291 2897 5338 est
2924 5286 3166 5355 seseupla
3210 5286 3421 5355 divisio,
3466 5301 3521 5347 et
3547 5309 3711 5363 quare
3758 5298 3900 5355 dicta
3937 5314 4035 5366 est,

2476 5373 2562 5427 vel
2590 5382 2720 5443 quot
2756 5375 2920 5440 pedes
2960 5377 3137 5433 eidem
3181 5379 3425 5439 divisioni
3468 5390 3829 5445 serviunti—
3856 5397 3923 5451 ιι.
3951 5400 4037 5453 sc.

2477 5465 2661 5559 seupla
2692 5466 2832 5521 dicta
2876 5476 2958 5523 est
2984 5471 3133 5539 quasi
3161 5474 3324 5529 semis
3351 5476 3531 5545 dupla,
3567 5483 3688 5550 quia
3722 5485 3890 5543 altera
3923 5508 4035 5559 pars

2477 5557 2700 5613 alteram
2750 5574 2853 5615 non
2894 5561 3056 5630 duplo
3094 5564 3278 5631 vincit,
3308 5570 3401 5623 sed
3433 5573 3719 5630 medietate
3758 5557 3933 5647 dupli;
3965 5586 4038 5638 id-

2477 5650 2622 5703 circo
2664 5664 2867 5718 mquam
2909 5651 3226 5711 divisionem
3268 5663 3538 5729 temporis,
3585 5678 3872 5733 augmento
3902 5674 4035 5729 velut

2480 5752 2850 5799 momentanee
2898 5746 3120 5816 hexagio
3164 5752 3406 5821 sescupla
3437 5772 3701 5825 superans
3732 5767 4034 5830 prmponde-

2480 5849 2585 5908 rat,
2616 5840 2856 5909 quamvis
2877 5840 3031 5913 dupla
3059 5844 3270 5912 gemino
3296 5858 3495 5902 armata
3541 5860 3774 5922 tempore
3803 5858 4032 5911 eaindcia
