4172 6610
196 534 292 585 ποι

1130 523 1330 579 LIBER
1376 523 1462 578 DE
1504 517 1942 578 SEPTENARIO
1983 515 2069 573 ET
2117 519 2203 574 DE
2243 517 2518 574 METRIS.

3376 524 3479 577 202

195 641 494 707 sescuplam
521 638 811 706 praecellat.
858 637 1096 704 Denique
1127 635 1192 687 ad
1227 636 1472 689 eamdem
1505 635 1779 703 pertinent
1812 635 1855 688 Α
1886 630 2084 684 schola.
2123 628 2314 698 Plaga,
2339 630 2385 682 si
2412 630 2621 682 climata
2646 628 2934 683 cardinalia
2963 629 3234 700 designat,
3269 637 3481 703 pyrrhi-

195 733 492 800 sescuplam
519 731 570 784 hi
602 739 806 799 septem
833 729 1012 798 pedes,
1037 727 1312 792 bacchius,
1340 727 1780 796 palimbacdiius,

197 823 593 891 amphimacer,
628 832 681 876 et
711 837 923 890 parones
951 837 1022 874 tv.

270 915 330 966 D.
360 915 477 981 Quo
499 921 815 983 argumento
863 911 1125 981 quibusve
1167 909 1380 966 indiciis
1420 910 1596 978 colligi
1629 917 1790 975 queat

195 1016 372 1060 utrum
405 1005 470 1060 ad
502 1005 645 1058 arsin
688 1019 752 1058 an
784 1005 848 1058 ad
900 1003 1074 1058 thesin
1124 1004 1274 1072 plura
1318 1012 1558 1071 tempora
1605 999 1788 1054 confe-

202 1099 424 1152 rantur?
453 1126 522 1136 —
556 1097 624 1152 Μ.
661 1095 860 1151 Omnes
910 1098 1129 1166 syllaba:
1164 1106 1269 1150 tam
1301 1098 1577 1149 nominum
1629 1109 1786 1162 quain

195 1190 508 1256 verborum,
540 1203 634 1243 seu
665 1188 949 1257 cujuslibet
979 1190 1166 1258 partis,
1216 1203 1243 1240 a
1277 1188 1401 1253 fine,
1455 1202 1560 1240 non
1592 1186 1786 1254 princi-

199 1283 324 1349 pio,
379 1291 766 1338 numerantur:
818 1294 1145 1351 quapropter
1195 1289 1432 1348 tempora
1486 1278 1536 1330 iu
1589 1280 1692 1330 arsi
1741 1287 1794 1330 ct

197 1374 337 1428 thesi
365 1376 672 1429 accentibus
704 1375 1104 1440 disceinuntur,
1135 1375 1224 1444 qui
1258 1376 1427 1428 tribus
1457 1371 1696 1425 locorum
1731 1372 1764 1424 li

197 1467 422 1519 miti-bus
451 1466 788 1528 clauduntur,
823 1466 872 1518 id
907 1477 1010 1530 est,
1044 1468 1254 1527 ultimo,
1290 1464 1606 1532 penultimo,
1641 1471 1791 1514 ante-

203 1558 518 1626 penullitno.
574 1558 703 1610 Nam
753 1558 1174 1625 antepenultima
1228 1558 1458 1617 acuitur,
1507 1572 1625 1624 quin
1657 1571 1790 1606 nun-

198 1665 358 1719 quam
389 1652 847 1703 circumflectitur.
885 1651 938 1702 ln
968 1655 1070 1702 arsi
1108 1650 1255 1718 plura
1283 1659 1637 1716 supputantur
1666 1657 1797 1699 tem-

202 1756 331 1809 pora
364 1757 376 1804 ;
426 1743 562 1809 quod
596 1742 640 1794 si
675 1742 962 1809 penultima
993 1753 1152 1796 acuto
1184 1755 1274 1795 aut
1319 1741 1666 1796 circumﬂexo
1711 1754 1800 1794 ac-

198 1845 364 1887 centu
393 1837 786 1902 pronuntiatur,
823 1837 989 1887 thesis
1023 1836 1325 1888 uberiorem
1360 1842 1657 1902 temporum
1688 1833 1800 1885 cal-

199 1929 526 1982 culationcin
554 1943 934 1996 prmoccopans
969 1928 1266 1996 usurpabit.

279 2020 340 2074 D.
375 2021 491 2073 Jam
517 2035 655 2073 nunc
678 2020 1045 2086 exemplorum
1072 2020 1327 2072 formulas
1345 2018 1408 2070 ad
1429 2016 1791 2086 pyrrhichium
1831 2001 1871 2055 Β

199 2112 392 2181 pedem
439 2113 763 2179 pertinentes
794 2113 1061 2163 inhianter
1090 2120 1272 2176 satago
1321 2110 1526 2171 audire,
1577 2117 1629 2159 et
1660 2123 1786 2173 prie-

202 2203 393 2256 scrtim
425 2216 490 2255 ex
527 2201 904 2269 principalibus
952 2202 1252 2252 orationum
1297 2198 1532 2264 partibus
1556 2238 1570 2261 ,
1614 2198 1662 2249 id
1696 2206 1797 2259 cst,

203 2293 439 2344 nominis
469 2303 520 2346 et
554 2292 701 2345 verbi
750 2292 929 2358 regula
977 2302 1280 2359 congestus.
1313 2319 1381 2327 —
1415 2291 1486 2343 M.
1520 2291 1643 2342 llaec
1677 2301 1799 2342 sunt

202 2385 423 2436 nomina
467 2398 584 2450 qua:
619 2381 930 2434 multiformi
961 2381 1194 2449 quinque
1243 2379 1664 2432 declinationum
1711 2395 1795 2430 ra-

200 2472 330 2526 dice
361 2473 516 2539 vulgo
545 2474 832 2540 pullulasse
856 2484 1169 2540 noscuntur,
1197 2481 1252 2523 ut
1285 2472 1438 2536 (reus,
1462 2471 1637 2535 decus,
1663 2471 1796 2537 pius,

198 2578 385 2630 genus,
417 2577 590 2628 pecus,
622 2563 804 2625 bonus,
841 2566 1043 2626 modus,
1081 2562 1284 2622 domus,
1315 2561 1486 2626 lupus,
1523 2558 1686 2627 lepus,
1719 2559 1798 2610 la-

199 2669 304 2721 tus,
337 2658 543 2724 chorus,
574 2673 773 2724 crocus,
807 2666 966 2722 torus,
1002 2656 1240 2719 ti‘u'ouus,
1276 2654 1451 2716 dolus,
1483 2668 1682 2714 nemus,
1709 2668 1799 2702 uo-

203 2765 320 2814 vus,
357 2751 540 2812 scelus,
576 2764 723 2816 opus,
780 2749 944 2812 locus,
990 2761 1163 2814 equus,
1215 2745 1376 2807 cibus,
1418 2759 1553 2808 reus,
1610 2759 1799 2806 cautes,

203 2843 380 2907 Ceres,
411 2858 573 2910 seges,
619 2857 762 2906 acus,
804 2857 1008 2892 manus.
1044 2839 1238 2902 Malus,
1290 2837 1334 2890 si
1369 2852 1598 2905 nequam
1633 2837 1800 2904 signi-

205 2935 373 2984 ticare
404 2929 692 2993 videbitur,
734 2945 796 2981 ex
830 2928 1041 2982 duobus
1072 2928 1328 2981 brevibus
1359 2934 1592 2994 constat,
1625 2938 1674 2980 et
1701 2925 1804 2982 erit

203 3024 571 3090 pyrrhichius,
606 3033 660 3075 ut
694 3034 775 3076 est
809 3023 968 3075 ctiam
999 3038 1012 3075 :

394 3113 485 3163 llle
511 3113 665 3162 malus
685 3113 904 3164 Calabris
931 3127 1098 3162 errans
1124 3115 1169 3160 in
1195 3112 1397 3162 saltibus
1421 3115 1613 3174 anguis.

203 3201 276 3252 tit.
303 3199 357 3252 in
392 3199 650 3254 Bucolicis
673 3215 686 3251 :

749 3291 812 3340 Et
834 3305 914 3342 me
940 3291 1092 3342 malus
1109 3292 1301 3341 abstulit
1328 3292 1492 3342 error!

205 3399 306 3450 Ast
337 3411 463 3452 vero
491 3397 534 3450 si
567 3397 734 3449 malus
775 3397 925 3452 navis
963 3396 1140 3460 fuerit,
1171 3397 1257 3449 cui
1289 3404 1644 3451 antenuarum
1677 3409 1798 3450 car-

204 3491 339 3545 basa
371 3499 426 3544 et
476 3489 730 3543 rudentes
778 3491 1156 3554 adnectuntur,
1205 3489 1269 3542 ad
1315 3489 1535 3542 troclimi
1566 3490 1802 3557 regulam

204 3582 484 3648 redigitur,
516 3597 580 3636 ex
606 3583 762 3651 longa
785 3591 838 3635 et
861 3581 1035 3646 brevi,
1063 3579 1386 3650 utYirgilius
1411 3581 1546 3635 libro
1575 3598 1602 3632 v
1621 3581 1804 3635 [linei-

202 3678 310 3726 dus
340 3673 416 3726 nil.
449 3692 460 3724 :

397 3765 549 3823 Queis
580 3766 761 3814 innexa
788 3766 968 3827 pedem
994 3765 1122 3815 malo
1147 3765 1393 3828 pendebat
1416 3766 1476 3814 ab
1501 3765 1614 3815 alto.

279 3847 389 3900 Nec
435 3861 540 3900 non
589 3849 748 3900 etiam
781 3850 984 3914 vitulus,
1035 3850 1081 3903 si
1112 3850 1272 3902 arbor
1298 3847 1573 3903 fructifera
1623 3848 1803 3911 fuerit,

203 3955 327 4007 qum
379 3938 635 3993 melarius
693 3948 937 4006 vocatur,
997 3954 1196 4008 genere
1247 3939 1533 4006 feminino,
1577 3939 1640 3991 ad
1694 3950 1804 3992 tro-

203 4035 418 4085 chtcum
453 4031 757 4100 pertinebit,
793 4042 848 4086 ut
881 4033 935 4084 in
964 4031 1238 4100 Georgicis
1270 4047 1283 4084 :

401 4119 459 4173 Et
481 4124 682 4171 steriles
705 4123 885 4184 platani
906 4123 1056 4172 malos
1082 4135 1290 4185 gessere
1317 4121 1555 4172 valentes.

208 4209 364 4277 Apis,
395 4208 546 4275 lapis,
567 4208 692 4270 avis,
718 4208 880 4269 nucis,
906 4208 1070 4271 cauis,
1095 4207 1270 4275 famis,
1290 4206 1423 4272 sitis,
1448 4207 1642 4275 chelys,
1665 4206 1807 4258 chla-

207 4317 347 4367 mgs,
378 4298 531 4361 cutis,
565 4299 735 4366 polus,
791 4297 996 4366 globus,
1051 4299 1227 4364 homo,
1285 4299 1384 4363 leo,
1439 4314 1582 4361 curo,
1633 4296 1804 4362 Maro,

206 4393 343 4456 ocis,
374 4389 586 4443 scrobis.
619 4389 878 4444 Similiter
909 4398 966 4443 et
997 4391 1049 4442 in
1079 4405 1104 4440 r
1135 4391 1366 4443 litteram
1399 4391 1682 4456 praedictus
1715 4405 1806 4458 pes

209 4485 554 4545 terminatur,
581 4482 671 4535 sed
689 4497 793 4535 non
813 4497 914 4534 una
935 4481 1230 4550 eademque
1255 4482 1611 4535 declinatione
1635 4496 1808 4548 gene-

209 4587 382 4641 ratus,
417 4583 472 4626 ut
499 4585 661 4643 pater,
693 4590 836 4641 puer,
868 4576 1034 4645 piper,
1069 4575 1231 4644 niger,
1259 4575 1403 4635 siler,
1431 4588 1594 4636 socer,
1629 4589 1805 4642 geurr,

206 4683 364 4737 ηραν,
395 4682 568 4734 caper,
593 4677 752 4732 tener,
775 4668 949 4734 miser,
979 4667 1132 4732 celer,
1160 4667 1277 4732 iter,
1307 4667 1504 4730 scaber,
1526 4681 1687 4730 sacer,
1723 4682 1808 4719 ru-

211 4764 324 4824 ber,
349 4775 516 4821 amor,
550 4758 764 4826 glouter,
789 4758 970 4826 jubar,
1002 4775 1173 4823 cruor,
1209 4759 1392 4826 honor,
1435 4770 1593 4825 sator,
1637 4776 1805 4824 soror,

205 4857 384 4910 labor.
429 4854 580 4918 Qriod
612 4854 656 4908 si
704 4854 923 4908 verbum
954 4853 1112 4908 fuerit
1141 4855 1440 4924 deponens,
1487 4857 1536 4909 la
1565 4856 1813 4924 produci-

211 4962 331 5013 tur,
366 4959 460 5000 ut:

408 5039 606 5088 Labitur
629 5038 849 5088 invalida;
881 5037 1113 5089 deformis
1136 5038 1290 5092 aloria
1310 5040 1532 5090 ﬂammm.

208 5125 403 5182 Jrcur,
433 5121 577 5185 ebur,
610 5136 752 5190 ager,
806 5122 980 5174 timor.
1036 5120 1247 5191 .Liquor,
1305 5123 1351 5176 si
1399 5138 1594 5177 nomen
1644 5130 1812 5180 tertia:

214 5211 387 5268 luerit
418 5211 822 5276 declinationis,
856 5211 1200 5281 pyrrhichius
1235 5221 1338 5282 est,
1371 5223 1428 5266 ut
1457 5214 1680 5268 Arator:

418 5339 429 5352 .
468 5339 481 5352 .
521 5342 533 5352 .
559 5304 622 5352 de
647 5316 761 5353 rore
780 5303 960 5366 dapes,
983 5303 1046 5354 de
1070 5311 1214 5355 caute
1239 5305 1470 5368 liquores.

226 5391 292 5443 Et
329 5387 461 5440 infra
488 5402 503 5440 :

417 5481 706 5542 Aereusque
731 5480 890 5541 liquor
909 5481 1076 5531 solidis
1098 5483 1310 5532 induruit
1334 5486 1474 5534 escis.

220 5566 362 5621 fiam
391 5565 436 5616 si
461 5563 630 5632 liquor
658 5563 878 5618 verbum
909 5564 1071 5619 fuerit
1116 5564 1286 5620 tertia:
1316 5565 1704 5636 coniugationis
1732 5567 1815 5620 vel

225 5657 373 5714 tertii
402 5656 627 5719 ordinis,
675 5665 732 5710 ut
777 5655 990 5710 Valerio
1016 5661 1370 5727 grammatico
1418 5674 1610 5714 vocare
1645 5661 1817 5723 libuit,

227 5748 520 5812 trochaeus,
555 5758 608 5802 ut
643 5747 892 5818 Virgilius
927 5750 976 5802 in
1012 5750 1325 5820 Georgicis:

420 5874 431 5886 .
470 5873 483 5889 .
524 5877 533 5886 .
575 5876 586 5887 .
625 5875 636 5887 .
678 5874 689 5887 .
727 5873 741 5887 .
776 5843 910 5889 canis
932 5855 1040 5891 cum
1061 5845 1303 5893 montibus
1324 5845 1498 5895 bumor

419 5902 642 5964 Liquitur
670 5909 719 5951 et
742 5901 964 5966 Zephyro
991 5915 1143 5967 putus
1166 5919 1220 5956 se
1246 5909 1388 5970 gleba
1417 5908 1633 5958 resolvit.

227 6007 393 6068 Busa,
437 6005 577 6070 faba,
611 6022 765 6074 aqua,
797 6023 958 6072 mora,
988 6019 1120 6072 rota,
1165 6026 1333 6066 ccum.
1369 6015 1466 6075 ria,
1501 6024 1635 6083 Ιηρτ.
1675 6015 1817 6084 quin,

517 6098 786 6160 Parant.
827 6101 929 6160 LX
949 6101 1187 6175 XXXX.

1895 723 2046 777 chius
2075 733 2178 787 est,
2227 732 2287 777 ut
2317 722 2630 777 Ambrosius
2663 723 3073 779 Mediolaneusis
3104 726 3343 793 pontifex
3378 729 3473 781 lie-

1891 825 2134 869 xametro
2167 816 2503 886 deprompsit
2529 814 2712 870 dicens
2735 833 2749 869 :

2077 905 2303 968 Dumque
2329 905 2529 955 colorati
2555 905 2722 955 rutilat
2745 906 2884 967 plaga
2911 905 3089 955 carrula
3115 907 3296 956 mundi.

1895 989 1960 1045 Ει
1989 989 2234 1043 Sedulius
2266 1009 2279 1045 :

2080 1081 2292 1139 Quatuor
2315 1083 2427 1133 inde
2454 1083 2618 1146 plagas
2639 1081 2861 1145 quadrati
2883 1083 3069 1145 co‘ligit
3091 1086 3240 1134 orbis.

1895 1167 1950 1220 Si
1984 1181 2111 1220 vero
2150 1167 2303 1236 plaga
2346 1167 2504 1221 ultrix
2551 1168 2783 1221 vindicta
2819 1166 3002 1232 fuerit,
3058 1168 3123 1220 ad
3155 1169 3479 1223 trochaicum

1897 1256 2132 1326 regulam
2166 1258 2440 1325 redigitur,
2479 1267 2533 1310 ut
2566 1258 2851 1328 pr.cdictus
2877 1269 3025 1313 vates
3055 1261 3346 1329 evangelici
3369 1278 3480 1315 nic—

1899 1348 1961 1400 tri
1996 1347 2242 1401 vaticinio
2275 1347 2438 1401 refert
2471 1366 2482 1404 :

2083 1437 2174 1496 Qui
2202 1444 2343 1499 tegit,
2374 1448 2421 1486 et
2445 1441 2630 1500 plaga'n
2655 1443 2866 1501 trepidat
2887 1445 3069 1491 nudare
3097 1445 3337 1494 medenti.

1902 1519 2206 1574 Notandum
2225 1537 2455 1590 quoque,
2480 1523 2692 1576 nomina
2719 1525 3080 1592 monosyllaba
3105 1527 3346 1596 quasdam
3365 1542 3488 1582 esse

1900 1625 2019 1680 quae
2052 1612 2104 1666 in
2136 1613 2364 1682 obliquis
2397 1613 2632 1676 casbus,
2659 1613 2711 1667 id
2743 1624 2845 1680 est,
2881 1615 3118 1683 genitivo
3149 1627 3201 1670 et
3226 1617 3486 1684 ablativi»,

1905 1707 2269 1772 pyrrhichium
2294 1709 2537 1776 gignunt,
2574 1716 2629 1761 ut
2656 1723 2786 1760 crua:
2809 1709 2998 1774 crucis,
3031 1726 3138 1763 nua:
3167 1713 3332 1777 nucis,
3365 1726 3494 1781 grex

1903 1797 2093 1864 gregis,
2123 1815 2209 1864 pes
2236 1800 2398 1866 pedis,
2431 1800 2508 1850 lar
2540 1800 2686 1863 laris,
2733 1802 2812 1853 sal
2838 1801 2987 1866 salis,
3041 1819 3148 1857 tuas
3179 1805 3368 1870 maris,
3401 1808 3494 1859 nix

1903 1889 2061 1948 uicis,
2106 1906 2204 1940 uer
2251 1891 2408 1952 necis,
2462 1891 2549 1956 pix
2596 1892 2746 1956 picis,
2781 1908 2909 1958 prex
2948 1895 3134 1959 precis,
3174 1913 3296 1965 grus
3324 1899 3491 1966 gruis,

1905 1983 2035 2030 n-ub.
2062 1980 2238 2041 trabis,
2274 1979 2363 2032 bos
2390 1981 2547 2046 boris,
2579 1982 2689 2034 (lux
2713 1983 2879 2048 ducis,
2911 1995 3029 2037 trux
3058 1987 3237 2042 trucis.

1979 2075 2036 2124 ι).
2092 2075 2361 2141 Expositi:
2406 2087 2532 2130 suut
2580 2077 2738 2147 igitur
2795 2079 3025 2132 strictim
3078 2085 3494 2153 summatimque

1905 2164 2179 2216 nominum
2206 2165 2427 2234 regular,
2461 2182 2577 2236 quae
2607 2170 2764 2235 primi
2789 2171 2941 2236 pedis
2968 2171 3172 2239 legibus
3195 2174 3493 2240 suffragan—

1905 2261 2006 2303 tur.
2039 2281 2102 2290 -—
2143 2254 2212 2305 Μ.
2248 2253 2419 2310 Verba
2451 2271 2666 2326 quoque
2719 2266 2824 2321 tam
2879 2261 3064 2327 prima:
3104 2263 3497 2332 conjugationii

1904 2357 2061 2409 quam
2099 2347 2269 2397 tertiie
2323 2359 2588 2414 correpta:
2632 2348 2742 2415 pari
2793 2350 3104 2405 conditione
3145 2365 3493 2421 concurrunt,

1905 2442 1958 2484 ut
1990 2448 2133 2498 voco,
2165 2444 2296 2502 ceto,
2331 2437 2459 2499 levo,
2490 2453 2624 2502 seco,
2664 2454 2808 2503 ueco,
2843 2457 2988 2507 pulo,
3021 2457 3166 2506 caro,
3200 2445 3315 2508 lito,
3349 2462 3494 2510 coro,

1906 2537 2058 2589 nego,
2092 2538 2231 2586 amo,
2267 2525 2416 2592 frica,
2449 2527 2607 2595 plico,
2640 2527 2754 2580 dico
2782 2529 2924 2584 dicas
2947 2532 3099 2596 dicat,
3127 2546 3374 2605 correpta
3409 2554 3495 2606 pc-

1908 2614 2152 2679 uultinia,
2189 2625 2243 2668 ut
2267 2627 2464 2685 poeta:

2089 2709 2240 2771 Virgo
2267 2711 2430 2771 Maria,
2462 2713 2548 2761 tibi
2570 2714 2739 2763 Sixtus
2763 2728 2883 2763 nova
2910 2717 3088 2780 templa
3113 2719 3266 2771 dicail

1905 2791 2044 2860 quod
2070 2802 2153 2846 est
2185 2795 2368 2861 prima:
2398 2796 2810 2864 conjugationis.
2837 2801 2934 2852 Ast
2959 2815 3085 2854 vero
3111 2805 3225 2856 dico
3257 2805 3391 2862 dicis
3413 2809 3492 2862 di-

1906 2883 2002 2946 cit,
2039 2883 2236 2949 l0l‘lliP,
2269 2883 2360 2937 ubi
2394 2889 2680 2954 penultima
2716 2891 3065 2957 producitur:

2094 2973 2264 3022 Dicitis
2287 2976 2513 3033 agricolis
2538 2979 2797 3039 mutisque
2827 2983 2994 3029 \‘cnit‘c
3020 2983 3281 3042 fragosum.

1911 3053 2070 3121 l'aro,
2099 3073 2209 3123 aro,
2239 3074 2413 3128 crepo,
2468 3075 2613 3125 sono,
2648 3072 2789 3129 tono,
2824 3080 2972 3131 novo,
3002 3069 3133 3133 cibo,
3177 3071 3327 3138 cubo,
3372 3074 3498 3143 ligo,

1907 3146 2058 3211 miro,
2083 3164 2218 3214 creo,
2247 3165 2376 3214 meo,
2404 3151 2512 3215 beo,
2539 3153 2671 3220 riga,
2700 3154 2813 3218 lito,
2841 3155 2982 3221 laba,
3016 3154 3323 3228 [αυξτ-090,
3344 3163 3498 3232 jugo,

1909 3235 2055 3307 fugo,
2081 3238 2218 3304 lubo,
2254 3255 2374 3294 nam
2410 3241 2588 3294 differt
2614 3258 2644 3295 ει
2673 3242 2788 3297 laba
2818 3247 2960 3314 quod
3005 3259 3084 3300 est
3127 3261 3272 3318 nuto,
3305 3262 3360 3306 et
3387 3259 3502 3306 [αξ-ο

1834 3361 1881 3424 C
1913 3329 2143 3383 activum
2175 3339 2281 3396 est,
2315 3330 2432 3386 labo
2463 3343 2731 3399 neutrum,
2766 3345 2903 3401 rato,
2937 3337 3042 3407 pio,
3073 3339 3181 3405 Ilio,
3209 3343 3360 3411 cujus
3389 3343 3498 3397 frv-

1915 3424 2280 3493 quentativum
2307 3426 2390 3480 vel
2422 3427 2727 3482 iterativum
2755 3437 2840 3483 est
2861 3430 2996 3485 lucto
3026 3433 3190 3488 hietas
3216 3434 3374 3489 hietat
3399 3455 3419 3501 ,ο
3442 3449 3502 3492 et

1915 3517 2278 3572 inchoativum
2326 3518 2467 3572 hisco
2495 3519 2646 3573 Iliscis
2690 3521 2884 3586 liiscit;
2927 3525 3102 3592 domo,
3151 3536 3294 3593 nato,
3325 3545 3501 3598 gravo,

1917 3609 2096 3676 probo,
2136 3612 2291 3680 jugo,
2343 3609 2479 3680 gelo,
2532 3611 2672 3665 unde
2699 3623 2781 3666 est
2810 3615 3132 3684 congelasco,
3175 3617 3334 3681 volo;
3384 3622 3499 3673 volo

1916 3706 2020 3750 tam
2052 3699 2278 3752 volantis
2311 3715 2468 3768 quam
2499 3701 2729 3757 volentis
2775 3719 3054 3772 personam
3087 3707 3490 3773 demonstrans,

1919 3789 1983 3840 ad
2019 3790 2382 3859 pyrrhichium
2417 3793 2686 3859 pertinere
2714 3793 3039 3858 declaratur,
3069 3808 3122 3850 ut
3155 3814 3167 3851 :

1917 3938 1932 3991 1
2506 3878 2709 3927 volitans
2734 3895 2820 3940 per
2852 3891 3070 3945 tempora
3093 3885 3302 3936 mundus

1943 3952 2044 3991 teni
2081 3957 2094 3991 ;
2895 3984 2900 3988 -

1943 3952 2044 3992 lClll
2081 3957 2094 3993 ζ

2474 4019 2524 4058 et
2549 4009 2686 4071 plura
2713 4011 2962 4064 volentem

2100 4070 2282 4119 Dicere
2307 4071 2541 4120 deseruit.

1916 4153 2078 4221 Cupo,
2113 4155 2262 4218 cado,
2296 4156 2480 4224 frame,
2515 4171 2681 4220 genio,
2717 4157 2848 4225 fero,
2882 4175 3024 4227 gero,
3059 4174 3185 4227 tero,
3207 4180 3341 4230 sera,
3366 4167 3506 4234 sino,

1916 4261 2033 4314 ago,
2056 4257 2206 4309 meto,
2237 4255 2372 4315 pcto,
2399 4253 2533 4314 tego,
2560 4244 2692 4305 colo,
2720 4248 2854 4314 laba,
2882 4266 3023 4319 rego,
3055 4253 3188 4322 lego,
3214 4258 3385 4321 traho,
3410 4261 3504 4326 ﬁo,

1913 4337 2041 4398 scio,
2077 4335 2216 4389 unde
2240 4336 2452 4389 exscire.
2494 4336 2679 4406 Vomo,
2713 4339 2857 4406 pluo,
2892 4356 3039 4409 spuo,
3070 4352 3122 4396 et
3153 4348 3505 4419 mouuo(sic),

1905 4428 2054 4495 juro,
2089 4441 2218 4489 meo,
2248 4441 2385 4491 creo,
2433 4426 2546 4490 beo,
2590 4445 2738 4497 queo,
2785 4431 2915 4498 ﬂuo,
2949 4431 3056 4496 luo,
3095 4449 3214 4501 ruo,
3249 4439 3395 4500 atrio,
3431 4439 3509 4493 lo-

1916 4533 2065 4586 quor,
2119 4533 2318 4586 precor,
2364 4532 2571 4586 sequor,
2621 4535 2841 4588 queror,
2893 4538 3042 4591 reor,
3091 4525 3262 4594 fruor,
3315 4546 3504 4586 moror.

1923 4610 2097 4666 Verba
2123 4611 2318 4664 similia
2345 4611 2608 4665 defectiva
2635 4611 2687 4664 in
2719 4613 2858 4668 hanc
2885 4617 3121 4681 regulam
3167 4622 3504 4690 copulantur,

1839 4735 1890 4794 Β
1920 4712 1974 4756 ut
2021 4704 2155 4767 libet,
2209 4704 2404 4769 placet,
2449 4703 2606 4773 piget,
2659 4705 2843 4772 pudet,
2887 4707 3066 4777 juvat,
3117 4712 3280 4782 decet,
3320 4715 3502 4785 liquat,

1915 4797 2048 4849 licet.

1991 4889 2050 4942 ι).
2099 4889 2238 4958 Ergo
2285 4888 2537 4956 praedicta
2588 4889 2750 4944 verba
2801 4891 3041 4947 confusa:
3089 4895 3502 4966 conjiigutiouis,

1926 4980 2435 5050 quieiuolittcraiu
2487 4983 2865 5046 terminantur,
2917 4999 3130 5054 semper
3176 4987 3239 5040 ad
3293 4992 3507 5058 pyrrhi-

1925 5075 2100 5128 chium
2154 5073 2541 5141 pertinebunt?
2586 5103 2657 5112 —
2703 5075 2769 5127 Μ.
2818 5076 3038 5142 Qu0ties
3089 5077 3260 5132 ﬁnalis
3299 5082 3497 5150 syllaba

1924 5167 2228 5234 corripitur,
2258 5165 2442 5234 procul
2472 5165 2636 5219 dubio
2669 5168 3006 5235 pyrrhichius
3035 5178 3345 5238 generatur,
3376 5185 3435 5228 ut
3461 5193 3473 5229 :

1925 5323 1959 5375 ι,
2103 5258 2226 5306 Malo
2250 5269 2453 5306 manere
2478 5259 2654 5319 niger:
2675 5259 2833 5306 minus
2856 5259 3020 5310 ultima
3042 5261 3136 5310 fata
3153 5263 3379 5313 verebor.

1951 5335 1988 5374 ιι
2023 5340 2034 5375 :

2105 5391 2207 5439 Nec
2224 5403 2346 5452 gero
2369 5403 2542 5452 magna
2569 5391 2731 5453 simul,
2757 5392 2845 5442 sed
2863 5404 3081 5456 congero
3098 5395 3252 5445 multa
3277 5398 3510 5452 vicissxm.

1930 5479 1990 5530 I-lt
2024 5478 2215 5530 iterum
2247 5493 2258 5528 :

2106 5566 2226 5616 Nolo
2245 5567 2465 5629 sepulcra
2492 5570 2610 5630 pati,
2637 5569 2736 5619 scio
2758 5583 2837 5620 me
2861 5570 3188 5634 submergere
3215 5578 3379 5624 terrm.

1925 5655 1979 5706 Si
2032 5668 2156 5704 vero
2203 5651 2390 5704 eadem
2433 5652 2636 5721 syllaba
2693 5653 3023 5720 producitur,
3074 5654 3280 5711 iambus
3307 5659 3498 5715 certis-

1925 5752 2058 5801 sime
2084 5755 2424 5815 proi-reatur:
2459 5756 2514 5800 ut
2545 5743 2835 5814 Virgilius:

2115 5841 2460 5899 Ascrznumque
2490 5850 2608 5887 Cano
2632 5837 2844 5888 Romana
2872 5852 2960 5901 per
2982 5841 3152 5902 oppida
3171 5854 3388 5892 carruca.

1927 5923 2198 5979 scanditur
2229 5923 2404 5978 enim:
2440 5924 2630 5988 .lsrra',
2669 5942 2848 5994 nmque
2871 5942 2948 5991 ea,
2992 5941 3055 5978 no
3094 5925 3188 5992 Ilo,
3218 5945 3368 5983 manu
3397 5947 3501 5999 per,

1928 6018 2136 6086 api-irin,
2173 6030 2395 6066 carmen.

3059 6129 3077 6166 ι
