4172 6540
717 439 816 487 Ξ(ιῖ

718 439 818 491 203
1473 431 1529 484 Β.
1579 427 1922 485 ALDHELMI
1965 424 2245 482 ()PERUM
2292 422 2465 477 PARS
2506 421 2567 474 ll.
2611 454 2677 465 --
2720 421 3148 479 TRACTATL'S.
3895 422 3995 478 Sf;

792 556 853 609 l).
905 554 1151 607 l'otcstne
1204 549 1541 620 pyrrhichius
1593 556 1683 600 aut
1727 546 1934 599 iambus
1982 542 2298 595 hexametro
2332 545 2373 598 Α
2406 535 2642 591 secunda
2701 536 3025 606 conjngatio.
3082 537 3133 589 ln
3190 538 3418 588 secanda
3472 548 3695 602 persona
3742 543 3796 589 et
3845 538 4003 588 tertia

721 648 937 701 heroico
965 645 1148 705 inseri,
1206 642 1330 694 dum
1382 639 1626 705 exempla
1681 635 2010 691 hexametris
2064 632 2305 687 vctsibus

723 736 1028 802 protulisti?
1062 764 1124 773 —
1160 733 1227 786 Μ.
1276 732 1329 786 Si
1363 731 1622 800 prmdicta
1656 727 2089 795 conjugationum
2142 722 2304 778 verba

720 827 839 880 sine
867 831 1118 878 contextu
1154 822 1382 890 partium
1431 819 1721 881 orationis,
1756 827 1808 872 et
1856 818 2060 884 absque
2110 824 2303 868 metro-

720 931 835 968 tum
863 912 1260 966 vcrsilicatione
1293 911 1658 979 proferuntur,
1700 906 1995 978 pyrt‘ltichii
2025 916 2113 958 aut
2142 902 2303 957 iambi

718 1005 915 1073 regulis
944 1004 1343 1063 mancipantur.
1395 998 1546 1068 Quod
1577 999 1619 1052 si
1656 999 1706 1051 in
1750 996 2016 1067 dactylico
2065 993 2306 1047 carmine

716 1093 1007 1148 st-andcndi
1050 1096 1184 1148 ratio
1237 1101 1289 1146 et
1331 1104 1657 1145 cwsurarum
1705 1088 1899 1143 divisio
1948 1100 2044 1155 per
2086 1085 2201 1138 cola
2251 1093 2307 1138 et

716 1194 981 1239 commata
1023 1192 1365 1252 sequestrate
1394 1180 1742 1250 compulerit,
1775 1180 2013 1249 spend-xi
2049 1177 2305 1232 duntaxat

720 1284 808 1327 aut
857 1274 1052 1343 dactyli
1106 1275 1323 1341 legibus
1384 1272 1772 1342 subiugantur,
1861 1268 2001 1338 quod
2078 1266 2306 1320 millenis

720 1369 1089 1436 exemplorum
1140 1366 1381 1419 lornmlis
1428 1366 1546 1418 sine
1598 1365 1913 1431 imposturtc
1962 1372 2015 1414 ct
2063 1358 2306 1413 falsitatis

721 1459 913 1510 lt-ivolo
948 1458 1167 1526 prolatis
1200 1456 1341 1509 facili
1371 1469 1457 1509 mc
1489 1454 1828 1522 comprobari
1864 1459 2061 1519 potest.

796 1550 855 1602 Ι).
890 1550 1017 1602 'l'atn
1052 1548 1327 1616 multiplex
1378 1542 1674 1600 nominum
1700 1554 1748 1598 et
1784 1544 2065 1596 verborum
2117 1554 2309 1606 congc-

722 1646 850 1711 stio,
884 1660 1002 1713 qum
1032 1645 1095 1697 atl
1120 1642 1485 1713 pyrrhichium
1515 1639 1783 1703 pertinere
1813 1635 2165 1704 dignuscitnr,
2200 1650 2307 1701 quo

723 1744 946 1788 accentu
978 1736 1056 1787 vel
1087 1732 1330 1800 prtisodia
1389 1727 1806 1799 pronuntiatur?
1838 1755 1903 1764 —-
1938 1724 2003 1777 Μ.
2046 1723 2097 1775 ltt
2140 1721 2306 1788 disyl-

723 1830 855 1884 labis
888 1831 972 1882 ulii
1001 1830 1173 1883 amba!
1206 1828 1395 1882 breves
1428 1826 1651 1891 fuerint,
1678 1824 1973 1893 penultima
2003 1836 2123 1875 cum
2150 1829 2305 1872 acuto

721 1931 939 1974 accentu
971 1919 1256 1988 profertur.

1152 2025 1400 2065 liXPLlCl‘r
1437 2025 1500 2064 DE
1527 2022 1868 2063 ιιιῐιῐιιιιωιιῡ.

1223 2103 1411 2169 Ξιιεὶρὶι
1444 2103 1505 2153 de
1534 2100 1797 2169 spondae.

796 2197 851 2246 Il.
886 2195 1031 2246 Nam:
1079 2192 1313 2260 siiontlxi
1362 2192 1575 2260 regulas
1603 2206 1665 2244 ex
1718 2187 1946 2241 diversis
1997 2186 2302 2240 orationum

720 2286 954 2350 partibus
972 2281 1202 2349 exempli
1223 2283 1390 2350 gratia
1412 2288 1694 2346 congestas
1732 2277 1982 2346 promito.
2004 2274 2157 2326 --t\l.
2180 2273 2302 2326 lla-c

719 2388 842 2428 sunt
874 2374 1091 2428 secundi
1126 2373 1273 2441 pedis
1318 2372 1559 2437 exempla
1587 2386 1615 2423 a
1647 2369 1957 2423 nominibus
1990 2365 2255 2422 venientia
2287 2383 2300 2429 ,

720 2481 777 2523 ut
801 2473 948 2540 felix,
975 2471 1173 2539 pernix,
1207 2470 1417 2535 perdcx,
1453 2468 1628 2529 index,
1684 2465 1828 2529 illex,
1864 2473 2058 2526 cortex,
2109 2476 2302 2523 remex,

716 2566 915 2626 cornix,
958 2562 1178 2625 bombix,
1224 2561 1415 2624 cervix,
1458 2559 1655 2622 audax,
1713 2557 1903 2625 forfex,
1957 2555 2181 2621 forceps,
2210 2569 2305 2603 an-

718 2672 855 2723 ceps,
880 2670 1089 2722 auceps,
1136 2652 1391 2722 princeps,
1438 2664 1683 2719 pra'ccps,
1714 2650 1893 2712 rirtus,
1927 2647 2101 2710 tellus,
2154 2652 2301 2708 (etas,

719 2768 889 2820 «cstas,
923 2770 1127 2824 pumcx,
1167 2753 1353 2823 judcx,
1384 2765 1584 2815 runtsx,
1616 2759 1809 2813 t'crtcx,
1857 2748 2076 2812 caudex,
2122 2745 2305 2807 codex,

720 2850 959 2914 mordax,
1008 2846 1215 2913 fornax,
1254 2844 1442 2911 fallax,
1493 2842 1683 2909 pollex,
1718 2855 1920 2904 murex,
1953 2838 2075 2903 ilca‘,
2131 2854 2301 2901 carex,

721 2942 775 2995 id
806 2949 907 3005 est,
940 2938 1104 2993 herba
1135 2934 1454 3004 asperrima,
1483 2940 1542 2985 ut
1572 2931 1823 3000 Virgilius
1849 2948 1859 2982 :

1030 3065 1043 3079 .
1081 3065 1094 3080 .
1133 3067 1143 3078 .
1171 3037 1217 3077 et
1243 3030 1402 3077 carice
1428 3034 1593 3087 pastus
1612 3032 1785 3085 acuta;

721 3135 843 3174 nam
892 3116 1066 3169 carica
1114 3112 1315 3167 fructus
1365 3110 1432 3163 de
1482 3107 1707 3163 liculnea
1756 3115 2113 3175 nuncupatur,
2166 3103 2306 3158 unde

723 3223 928 3264 massas
982 3204 1276 3261 caricirutu
1336 3201 1631 3257 conficiunt
1689 3199 1757 3254 de
1815 3198 2121 3253 recentibus
2168 3196 2300 3251 ficis.

726 3300 877 3357 [inde
907 3295 1349 3354 inconvenienter
1388 3306 1418 3345 a
1451 3290 1773 3360 quibusdam
1808 3290 2043 3343 famosus
2065 3288 2154 3342 ille
2187 3300 2310 3342 ere-

727 3393 853 3446 mita
882 3390 1139 3460 Syrorum
1169 3394 1223 3440 ct
1268 3382 1660 3440 Saracenorum
1690 3380 1926 3435 confinio
1953 3379 2155 3434 strictis
2187 3391 2309 3446 par-

725 3484 974 3539 cimonia:
1016 3477 1222 3549 legibus
1252 3475 1414 3529 vitam
1446 3472 1743 3528 solitariam
1791 3469 2014 3541 degens,
2049 3469 2309 3524 exhausta

729 3577 1092 3631 membrorum
1137 3568 1316 3622 vitalia
1367 3574 1422 3620 et
1468 3563 1702 3619 marcida
1754 3563 2173 3631 praeordiorum
2224 3563 2310 3615 ilia

725 3670 961 3738 quinque
992 3660 1258 3718 caricibus
1283 3666 1472 3714 contra
1500 3672 1679 3712 rerum
1705 3664 1947 3711 naturam
1976 3664 2311 3711 sustentasse

728 3767 781 3812 ct
810 3755 1010 3809 aluisse
1036 3751 1382 3814 describitur,
1412 3763 1534 3802 cum
1562 3747 1810 3802 humana:
1839 3748 1908 3801 sit
1937 3755 2141 3802 natura:
2172 3748 2309 3802 Cari-

728 3853 805 3906 cis
833 3863 949 3919 qlae
990 3854 1109 3916 post
1137 3858 1259 3914 gros
1294 3859 1354 3896 os
1380 3849 1745 3895 tttatwescunl
1777 3840 1991 3905 nutriri,
2034 3840 2310 3894 brutoruat

728 3956 857 3996 vero
886 3938 1206 3993 bubulcium
1246 3942 1299 3989 et
1342 3932 1771 4001 tragelapborum
1819 3931 2084 4001 simulque
2112 3931 2308 3985 ibicmn

728 4034 993 4089 uaricibus
1019 4027 1237 4085 educari
1268 4035 1321 4081 et
1348 4023 1513 4081 vesci.
1564 4024 1817 4094 Simplex,
1851 4025 2064 4093 duplex,
2098 4025 2302 4094 triplex,

728 4138 928 4186 νει-νοεῖ,
961 4122 1157 4189 fornix,
1181 4118 1355 4182 radix,
1388 4117 1595 4181 matrix,
1647 4114 1813 4179 lodix,
1861 4115 2067 4180 t'ictrix,
2117 4121 2311 4181 nutrix,

728 4217 896 4280 uicax,
929 4226 1102 4278 t'erax,
1136 4208 1333 4280 pcllax,
1386 4209 1538 4271 edax,
1590 4207 1763 4271 radix,
1810 4207 2053 4271 mendax,
2097 4207 2312 4272 imbrex,

730 4324 851 4379 qua:
876 4306 944 4361 ab
966 4301 1214 4360 arcendis
1237 4298 1496 4355 imbribus
1521 4296 1718 4352 dicitur
1737 4313 1750 4363 ;
1770 4313 1985 4368 auspex,
2019 4296 2069 4352 id
2098 4309 2198 4361 cst,
2226 4295 2313 4366 qui

730 4405 910 4459 avium
939 4397 1155 4469 auguria
1182 4393 1434 4460 intendit,
1485 4408 1674 4459 auceps
1716 4406 1851 4447 vero
1895 4392 1982 4461 qui
2032 4391 2313 4459 aucupium

733 4502 969 4558 exercet,
1000 4487 1252 4561 complex,
1275 4486 1489 4554 duplex,
1523 4483 1735 4554 triplex,
1763 4483 1907 4548 elix;
1958 4482 2106 4537 elices
2131 4481 2317 4537 dicun-

735 4598 822 4640 tur
850 4583 982 4638 sulci
1007 4580 1241 4649 majores
1288 4576 1356 4632 ad
1406 4574 1688 4631 siccandos
1732 4587 1893 4645 agros
1920 4574 2098 4636 ducti;
2149 4576 2311 4641 velox,

734 4688 903 4737 atrox,
937 4671 1147 4735 Pollux,
1184 4670 1395 4739 conjux,
1426 4667 1569 4736 quod
1592 4680 1785 4722 nomen
1817 4666 1868 4720 in
1902 4665 2231 4719 nominativo
2261 4673 2317 4718 et

735 4766 976 4823 vocativo
1007 4778 1128 4820 cum
1173 4760 1540 4815 additamenta
1569 4774 1601 4811 n
1634 4757 1826 4812 littera:
1874 4756 2012 4811 libro
2041 4772 2094 4810 vt
2127 4756 2193 4810 de
2224 4770 2316 4809 no-

740 4861 880 4914 tuine
911 4856 1089 4911 recolo
1116 4853 1457 4917 disseruisse,
1493 4851 1617 4906 licet
1646 4850 1698 4906 in
1732 4850 1968 4920 obliquis
1991 4850 2201 4905 casibus
2228 4864 2317 4917 pe-

738 4951 880 5005 nitus
911 4946 1147 5001 deficiat.
1183 4942 1416 4997 Veniunt
1443 4940 1603 4996 etiam
1644 4953 1673 4992 a
1698 4940 2081 5009 monosyllabis
2112 4954 2231 4995 cum
2264 4941 2316 4994 in

746 5039 1068 5097 nominativo
1098 5033 1485 5090 ctaccusativo
1536 5030 1728 5102 plurali
1760 5031 2064 5096 flectuntur,
2119 5041 2175 5087 ut
2220 5034 2317 5102 ﬂos

742 5139 914 5201 flores,
946 5146 1053 5185 mos
1075 5143 1258 5193 mores,
1290 5143 1374 5181 ros
1402 5142 1566 5194 rores,
1595 5141 1723 5196 pons
1753 5135 1952 5195 pontes,
1986 5126 2100 5195 fons
2129 5129 2315 5194 fontes,

745 5238 832 5278 rex
851 5237 1008 5291 rcges,
1037 5220 1117 5272 lex
1141 5219 1292 5288 lcgcs,
1340 5217 1464 5270 lanx
1507 5217 1698 5279 lances,
1730 5214 1877 5284 glans
1924 5213 2157 5283 glandes,
2204 5213 2319 5280 plus

740 5313 934 5375 plures,
959 5325 1068 5361 mus
1095 5322 1286 5374 mures,
1332 5321 1444 5360 cors
1469 5314 1653 5369 certes,
1695 5319 1778 5358 cos
1813 5314 1968 5367 cotes,
2002 5318 2111 5355 sors
2138 5313 2316 5367 sortes,

741 5409 834 5459 dos
864 5404 1026 5468 dotes,
1078 5416 1160 5453 ars
1208 5408 1361 5465 artes,
1405 5413 1526 5467 pars
1563 5408 1752 5463 partes,
1785 5396 1907 5449 calx
1948 5395 2134 5460 calces,
2179 5410 2322 5447 merx

746 5511 952 5558 merces,
979 5492 1054 5545 sol
1076 5492 1230 5551 soles,
1260 5503 1379 5542 cum
1408 5487 1475 5541 ad
1508 5487 1621 5541 dies
1654 5484 1962 5555 pertinebit,
1989 5493 2044 5538 ut
2069 5500 2080 5536 :

958 5601 1286 5662 Quadraginta
1312 5598 1378 5649 illi
1403 5599 1597 5651 fuerunt
1619 5612 1681 5649 ex
1708 5598 1880 5648 ordine
1905 5598 2033 5646 soles
2058 5612 2071 5657 ;

743 5724 838 5761 vox
861 5722 1021 5770 voces,
1053 5720 1157 5757 nox
1200 5711 1389 5767 noctes,
1422 5702 1482 5756 lis
1526 5703 1662 5771 lites,
1697 5703 1773 5755 dis
1828 5703 1978 5769 dites,
2024 5701 2119 5771 glis
2149 5700 2322 5771 glircs,

748 5796 857 5864 pals
886 5798 1065 5862 pultes.

820 5885 877 5943 D.
918 5887 992 5943 Da
1019 5886 1442 5957 totijugazionum
1490 5888 1753 5958 exempla.
1787 5916 1852 5927 —
1913 5886 1981 5948 Μ.
2037 5885 2211 5941 Prima
2267 5897 2320 5943 ct

2415 629 2560 697 plura
2592 629 2939 690 concordant,
2969 639 3021 679 ιιι
3054 628 3153 680 libo
3187 628 3313 679 filias
3344 628 3534 693 libant,
3568 627 3687 680 sedo
3733 627 3885 680 sedas
3923 643 4006 679 se-

2412 724 2573 788 dant,
2606 720 2733 774 sudo
2755 722 2911 773 sudas
2941 721 3149 772 sudant.
3194 723 3321 771 Ιιιιιι
3372 735 3525 772 canco
3590 733 3738 771 canes
3790 729 3999 781 canent,

2411 816 2579 884 polleo
2640 814 2802 881 polles
2852 814 3075 883 pollent,
3105 813 3322 882 froluleo
3365 812 3577 882 frondes
3632 812 3893 881 frondent.
3942 811 3998 863 lu

2410 914 2596 973 quarta
2621 913 2795 957 autem
2826 904 3220 973 coniugatione,
3247 905 3476 959 secunda
3512 914 3710 957 tantum
3746 916 4000 972 persona,

2411 1005 2467 1048 ιιι
2498 996 2672 1049 Ιιὶηιιῖο
2704 996 2895 1059 Inanis,
2931 997 3090 1048 linnio
3123 998 3298 1062 titinis,
3328 996 3548 1068 grunnio
3576 997 3808 1067 grumtis,
3838 1012 3999 1067 grun-

2411 1088 2497 1139 dio
2526 1088 2759 1157 grandis,
2787 1087 2978 1140 trinnfo
3003 1088 3206 1148 trinuis,
3232 1089 3426 1159 grincio
3443 1087 3652 1157 grincis.
3676 1088 3811 1141 Sunt
3835 1088 3996 1142 etiam

2414 1181 2575 1235 verba
2624 1180 2871 1235 secunda:
2917 1179 3340 1249 conjngationis,
3368 1196 3487 1249 qua:
3519 1178 3805 1234 indicativo
3837 1184 3999 1234 moto

2413 1281 2653 1339 temporc
2702 1272 2973 1342 prmtvt'ito
3028 1276 3292 1339 pctlcczo,
3330 1274 3499 1339 ptima
3556 1286 3777 1340 persona
3839 1287 4002 1341 spen-

2411 1363 2582 1416 tltenm
2632 1373 2871 1433 gigtmat.
2923 1362 3178 1416 Simildcr
3221 1373 3270 1416 ct
3323 1362 3638 1431 imperativo
3670 1362 3829 1415 modo
3866 1373 4002 1415 tcta-

2416 1470 2447 1523 p
2471 1470 2544 1509 .re
2577 1456 2824 1523 prae-senti
2857 1454 3091 1509 secunda
3122 1468 3344 1523 persona
3376 1468 3603 1508 numero
3632 1454 3907 1522 singulari,
3943 1465 4001 1507 ut

2404 1546 2561 1616 jubeo
2583 1546 2885 1615 jussijube,
2922 1546 3095 1613 fulgeo
3146 1543 3268 1612 fulsi
3323 1545 3488 1613 fulge,
3517 1545 3656 1596 rideo
3706 1544 3797 1595 risi
3846 1543 3997 1608 ride,

2413 1638 2612 1702 mulgeo
2642 1635 2791 1688 mulsi
2821 1640 3009 1703 mutgc.
3034 1636 3169 1688 Sunt
3199 1635 3297 1688 alia
3331 1637 3570 1701 ejusdem
3600 1635 4000 1703 comjngatiunis

2413 1744 2531 1798 qua:
2566 1729 2616 1781 in
2657 1728 2926 1795 prmterito
2956 1726 3193 1796 perlecta
3222 1725 3550 1781 concordant
3571 1769 3584 1793 ,
3615 1726 3706 1779 scd
3760 1726 3998 1793 impera-

2415 1822 2523 1875 tivo
2553 1821 2802 1888 praedem
2836 1835 3063 1888 persona
3095 1820 3327 1873 iambum
3350 1859 3364 1885 ,
3399 1834 3502 1873 non
3532 1819 3862 1888 sponda-unt,
3899 1818 4002 1872 eli-

2340 1910 2379 1966 Β
2410 1916 2573 1978 ciunt,
2608 1923 2659 1965 ut
2691 1917 2831 1980 faveo
2858 1913 2960 1980 favi
2992 1915 3121 1978 fare,
3151 1920 3207 1965 ut
3237 1931 3245 1962 ε

2656 2004 2864 2061 Christe,
2886 2004 2992 2051 t'avc
3027 2004 3161 2051 votis.

2412 2104 2582 2142 moveo
2632 2088 2761 2140 mori
2817 2102 2978 2151 more,
3011 2101 3190 2139 maneo
3237 2085 3399 2140 mansi
3447 2100 3616 2149 mane,
3670 2101 3827 2153 put-eo
3883 2086 3996 2151 pars

2410 2197 2554 2248 pace,
2584 2189 2639 2233 ut
2668 2197 2677 2230 :

2653 2266 2805 2317 tiliam
2833 2267 2960 2316 corvi
2986 2266 3224 2330 quoniam
3250 2276 3427 2328 pavere
3453 2264 3677 2314 m'nistri.

2412 2352 2473 2405 Et
2506 2352 2659 2419 longe
2694 2347 2915 2404 inferius
2944 2366 2954 2401 ;

3153 2458 3328 2508 agmen
3355 2447 3481 2506 pavit
3510 2447 3709 2495 inerme.

2411 2534 2575 2587 Scdco
2602 2533 2707 2586 sedi
2733 2534 2872 2597 scde,
2898 2532 3041 2585 rideo
3068 2530 3172 2583 ridi
3202 2529 3312 2581 cide
3332 2568 3347 2592 ,
3369 2538 3422 2583 et
3465 2538 3656 2582 caetera
3700 2528 3914 2582 similia.
3951 2531 3993 2582 Α

2412 2626 2567 2680 tertia
2595 2638 2806 2694 quoque
2834 2621 3210 2691 conjugatione
3235 2634 3356 2674 cum
3401 2621 3454 2674 in
3500 2619 3825 2687 praeteritum
3874 2634 3998 2685 per-

2411 2720 2609 2772 fectum
2665 2717 2831 2785 prima
2881 2727 3110 2786 persona
3164 2712 3355 2780 vergit,
3386 2710 3669 2779 spondacus
3711 2709 3994 2778 ﬁguratur,

2412 2820 2468 2864 ut
2497 2810 2661 2864 scriba
2691 2808 2897 2879 scripsi,
2920 2804 3094 2874 scalpe
3124 2803 3335 2869 scalpsi,
3383 2802 3560 2869 sculpo
3606 2801 3817 2867 scalpsi,
3867 2815 3996 2866 repo

2412 2902 2577 2968 repsi,
2607 2915 2777 2967 mergo
2806 2896 2991 2963 mersi,
3026 2910 3173 2964 serpo
3209 2892 3404 2960 serpsi,
3447 2892 3581 2944 cudo
3618 2890 3767 2959 cudi,
3808 2906 3997 2954 rumpo

2411 2991 2564 3056 rupi,
2611 2991 2736 3041 cedo
2786 2986 2932 3050 cessi,
2984 2984 3124 3050 sepio
3175 2986 3327 3049 scpsi,
3362 2982 3551 3047 plaudo
3598 2982 3786 3051 plausi,
3830 2982 3998 3049 farcio

2414 3081 2561 3150 farsi,
2592 3078 2773 3130 haurio
2797 3075 2965 3137 hausi,
2991 3074 3157 3127 sarcio
3184 3072 3338 3137 sarsi,
3372 3072 3523 3138 ﬂecto
3546 3071 3688 3138 ﬂexi,
3716 3086 3835 3139 rego
3860 3073 3994 3133 rexi,

2411 3172 2534 3225 veho
2570 3169 2701 3233 rexi,
2733 3168 2834 3237 [iga
2865 3166 2977 3233 fixi,
3002 3166 3109 3218 uiro
3136 3165 3265 3229 rixi,
3299 3163 3428 3216 meio
3455 3162 3636 3225 minxi,
3666 3162 3808 3232 tinge
3838 3162 3990 3225 tinxi,

2336 3259 2379 3320 C
2413 3265 2559 3334 cingo
2607 3265 2769 3330 cinxi,
2795 3277 2924 3333 sugo
2963 3262 3100 3328 suxi,
3144 3275 3235 3313 uro
3282 3260 3419 3322 ursi,
3451 3258 3600 3311 trado
3639 3259 3786 3323 trusi,
3832 3275 3996 3328 coquo

2413 3355 2566 3420 coxi,
2621 3354 2756 3407 duco
2803 3353 2950 3407 duxi.
3005 3351 3300 3409 Sumuntur
3353 3350 3513 3404 etiam
3553 3347 3791 3418 ejusdem
3845 3349 3997 3417 pedis

2413 3447 2661 3516 exempla
2715 3447 2783 3517 ab
2838 3446 3096 3500 adverbio
3146 3444 3419 3515 qualitatis
3473 3450 3528 3496 et
3571 3441 3998 3511 quantitatis,ut

2414 3550 2619 3604 sancte,
2650 3548 2787 3592 caste
2808 3578 2824 3604 ,
2855 3539 3030 3600 docte,
3061 3552 3179 3590 care
3198 3578 3210 3601 ,
3246 3535 3366 3598 late,
3395 3537 3561 3604 longe.
3591 3532 3647 3588 Si
3676 3542 3852 3587 autem
3886 3536 4001 3588 ba-c

2415 3632 2629 3687 nomina
2686 3630 2886 3687 fuerint
2932 3629 3161 3685 vocativi
3187 3642 3380 3693 casus,
3411 3628 3477 3682 ad
3508 3630 3798 3683 troclneum
3854 3627 3998 3681 rctli~

2413 3733 2630 3795 guntur,
2664 3738 2769 3779 non
2798 3723 2863 3778 ad
2890 3722 3225 3791 spondceum.
3284 3720 3517 3775 Plurima
3565 3733 3777 3789 quoque
3824 3720 3990 3786 parti-

2415 3816 2552 3884 cipia
2612 3825 2853 3883 tempore
2901 3813 3150 3884 praesenti
3192 3810 3428 3882 spondazi
3460 3810 3663 3881 legibus
3691 3826 3795 3864 non
3828 3811 3992 3864 refra-

2415 3921 2605 3978 gantur
2637 3908 2729 3963 sed
2785 3907 3163 3978 suffragantur,
3214 3915 3273 3962 ut
3328 3907 3518 3971 dicens,
3548 3906 3755 3967 ducens,
3801 3908 3990 3967 cit-ens.

2417 4012 2644 4067 turgens,
2675 4001 2904 4064 trudens,
2929 4008 3175 4064 sternens,
3208 4006 3443 4061 stertens,
3475 3995 3743 4050 scandens.

2489 4091 2553 4145 D.
2595 4091 2783 4146 Partes
2807 4089 3110 4143 orationum
3144 4103 3263 4156 quas
3293 4085 3548 4155 spondteo
3574 4084 3871 4141 subdantur
3889 4099 3994 4154 quo

2417 4189 2640 4235 accentu
2672 4179 3007 4249 proferendus
3032 4178 3192 4233 sunt?
3221 4205 3290 4218 —
3313 4176 3386 4233 M.
3418 4177 3617 4233 Omnes
3646 4176 3863 4245 quidem
3890 4187 3992 4230 tam

2418 4270 2678 4341 positione
2704 4282 2861 4340 quam
2895 4278 3084 4324 natura
3126 4268 3297 4341 longa:
3348 4266 3663 4338 regulariter
3715 4278 3991 4323 acuuntur.

2951 4361 2975 4412 Ι
2985 4361 3066 4413 nci
3071 4360 3143 4428 pit
3175 4361 3236 4414 de
3278 4361 3460 4413 iambo.

2493 4456 2553 4509 υ.
2586 4453 2801 4508 lambici
2837 4452 2992 4522 pellis
3020 4451 3260 4520 exempla
3289 4450 3537 4521 primitus
3565 4464 3593 4502 a
3641 4448 3860 4504 nomine
3908 4462 3994 4503 ve-

2425 4548 2623 4603 nientia
2667 4558 2958 4614 congerere
3000 4558 3106 4599 non
3161 4544 3359 4613 pigeat.
3410 4571 3482 4584 —
3510 4541 3579 4597 st.
3611 4541 3857 4609 Nomina,
3884 4555 3996 4610 qux

2349 4608 2400 4668 D
2427 4638 2668 4695 ian‘tbicis
2691 4637 2897 4707 legibus
2922 4608 3270 4699 concurrunt,
3298 4634 3414 4688 haec
3435 4645 3557 4689 esse
3600 4608 3916 4695 noscuntur,
3944 4640 3999 4685 ιιι

2419 4733 2567 4794 silex,
2592 4744 2764 4794 senex,
2791 4726 3029 4798 culix[F.
3052 4725 3229 4797 salix],
3261 4726 3425 4790 calex,
3460 4739 3612 4792 apex,
3644 4725 3802 4788 latex,
3826 4734 3994 4787 tenax,

2419 4836 2602 4891 rapax,
2619 4821 2799 4890 fugax,
2824 4834 3007 4889 sagax,
3029 4832 3239 4888 procax,
3256 4815 3450 4880 minax,
3470 4817 3624 4880 edax,
3648 4830 3818 4880 emax,
3836 4816 3994 4879 varix,

2421 4914 2563 4968 unde
2609 4912 2879 4967 varicosus
2907 4909 3102 4965 dicitur
3127 4907 3217 4978 qui
3249 4907 3536 4975 varicibus,
3562 4904 3611 4960 id
3639 4915 3720 4961 est
3747 4906 3998 4961 tortuosis

2423 5017 2679 5060 venarum
2724 5000 3055 5057 anfractibus
3095 4999 3149 5053 in
3193 4999 3395 5068 peplite
3451 5009 3503 5053 et
3549 4997 3689 5051 suris
3722 4996 3996 5066 pulparum

2421 5096 2776 5159 deformatur;
2810 5094 2978 5159 trilex,
3028 5092 3234 5161 triplex,
3286 5091 3461 5154 salex,
3506 5090 3685 5154 culex,
3727 5097 3785 5142 ut
3827 5085 3995 5156 Virgi-

2422 5189 2549 5243 lium
2581 5187 2848 5242 distichon
2874 5185 3061 5241 fecisse
3086 5182 3469 5239 commeutaria
3497 5180 3772 5236 declarant
3797 5195 3812 5231 :

2607 5281 2764 5329 Parve
2787 5278 2929 5327 culex
2959 5275 3196 5339 pecudum
3215 5283 3376 5325 custos
3398 5274 3485 5324 tibi
3517 5271 3850 5339 talemerenti

2609 5341 2818 5393 Funeris
2841 5334 3050 5390 ofﬁcium
3082 5343 3191 5390 vitae
3218 5349 3304 5399 pro
3327 5347 3535 5386 munere
3552 5334 3733 5384 reddit.

2424 5427 2707 5487 Scanditur
2731 5426 2802 5481 ita
2830 5442 2843 5477 :
2875 5439 3028 5495 parve
3049 5438 3137 5489 cu,
3183 5422 3265 5475 lex
3284 5435 3428 5491 pecu,
3461 5417 3585 5472 dum
3613 5432 3703 5471 cus
3726 5457 3742 5483 ,
3785 5424 3863 5468 tos
3891 5416 3991 5477 tibi,

2426 5520 2647 5584 taleme,
2706 5517 2867 5583 renti;
2932 5525 2988 5572 et
3043 5514 3128 5570 hic
3179 5527 3369 5568 versus
3420 5508 3693 5565 bucolicus
3746 5516 3989 5563 vocatur:

2427 5616 2590 5681 ferox,
2624 5613 2792 5681 ferax,
2822 5624 3031 5677 sequax,
3050 5610 3260 5679 loquax,
3285 5620 3500 5675 procax,
3519 5617 3720 5673 parens,
3749 5603 3990 5671 frequens,

2427 5717 2618 5768 recens,
2652 5699 2828 5766 cliens,
2863 5699 3011 5767 fides,
3040 5698 3175 5763 dies,
3205 5696 3388 5759 salus;
3416 5694 3565 5763 palus
3595 5691 3795 5762 paludis
3817 5692 3864 5749 si
3889 5700 3990 5745 ter-

2429 5794 2513 5848 tia.-
2568 5791 2940 5847 declinationis
2996 5790 3177 5855 fuerit,
3207 5788 3272 5843 ad
3301 5786 3533 5843 iambum
3568 5783 3833 5857 pertinere
3861 5781 3991 5837 haud

2427 5884 2646 5940 dubiant
2670 5891 2773 5951 cst,
2805 5891 2860 5938 ut
2892 5881 3161 5952 Virgilius,
3193 5880 3329 5937 libro
3356 5893 3406 5938 vt
3440 5896 3453 5935 ;
