4172 6552
206 408 314 459 ςλᾛῖ

834 528 1021 587 gemuit
1046 526 1137 573 sub
1162 525 1381 585 pondere
1412 525 1579 586 cymb1

399 587 596 645 Sutilis,
623 596 673 637 et
697 587 897 637 multam
930 594 1119 649 accepit
1146 600 1317 635 rimosa
1345 588 1583 647 paludem.

210 670 311 723 Ast
339 683 499 735 vero,
532 672 575 724 si
609 670 845 725 secunda
880 670 1238 724 declinatione
1269 670 1538 737 genitivus
1580 672 1629 721 in
1656 669 1671 718 i
1703 676 1806 719 ter-

220 761 540 825 minabitur,
599 759 884 814 trochaicis
956 760 1159 828 legibus
1229 759 1329 811 rite
1396 756 1804 823 mancipabitur,

215 859 280 901 nt
310 850 399 903 ille
427 849 722 909 versiliCus,
752 851 982 918 septimo
1007 851 1199 903 divina:
1233 849 1363 918 legis
1394 848 1532 901 libro
1574 849 1640 899 de
1684 847 1807 913 pcl-

218 942 327 994 liee
365 938 697 995 fraudulenta
748 941 1047 1006 Samsonis,
1081 957 1197 1011 quae
1246 940 1467 994 subdola
1528 936 1805 1007 pellicatus

219 1036 576 1098 persuasione
608 1049 890 1103 synagoga:
925 1044 1106 1104 typum
1141 1032 1398 1101 prmtulit,
1421 1031 1694 1100 eleganter
1719 1048 1805 1085 ce-

217 1142 230 1169 ι
255 1123 417 1178 inisse
443 1135 788 1190 memoratur,
821 1128 1006 1180 dicens
1041 1142 1052 1177 :

403 1216 647 1277 Suspensa
673 1219 827 1266 nectit
852 1217 1027 1265 dextra
1053 1214 1271 1278 palisque
1298 1215 1579 1265 reﬂectens.

214 1298 280 1349 lit
318 1298 450 1351 intra
483 1313 499 1352 :

406 1388 650 1439 Exsiliens
673 1392 830 1451 reﬁcit.
856 1389 985 1452 palos
1008 1393 1294 1453 crinemque
1318 1389 1539 1438 renouat.

205 1474 468 1539 Quasdam
528 1477 688 1529 etiam
750 1478 909 1531 verba
955 1488 1060 1531 tam
1110 1477 1297 1547 prima:
1354 1491 1510 1545 quam
1559 1475 1804 1530 secunda:

210 1566 606 1633 ton‘jugatiouis
638 1566 814 1621 iambo
844 1567 1173 1621 conveniunt
1204 1569 1254 1622 in
1296 1568 1528 1621 secnmla
1581 1580 1803 1633 persona

212 1676 445 1715 numero
473 1662 755 1729 singulari,
782 1662 1073 1716 indicativo
1101 1675 1152 1715 et
1187 1662 1502 1729 imperativo
1526 1659 1717 1724 modo,
1752 1669 1809 1712 ut

205 1770 355 1806 antas
387 1771 525 1817 ama,
553 1764 702 1820 putas
737 1764 881 1821 puta,
916 1771 1068 1821 paras
1099 1770 1246 1821 para,
1275 1770 1392 1805 aras
1423 1769 1536 1819 ara,
1565 1767 1704 1805 sccas
1730 1767 1807 1804 se-

206 1861 293 1907 ca,
328 1860 475 1896 necas
507 1860 650 1907 ncca,
680 1860 825 1897 vocas
848 1861 987 1908 voca,
1007 1845 1142 1897 locas
1167 1843 1294 1897 loca.
1330 1843 1458 1896 Item
1484 1842 1551 1896 de
1571 1842 1802 1898 secunda

206 1934 589 2002 coniugatione
622 1935 951 1989 tantumdem
1004 1936 1345 2002 reperiuntur
1364 1977 1378 1999 ,
1402 1944 1458 1988 ut
1487 1937 1635 1987 (loces
1658 1936 1804 1995 doce,

207 2042 383 2077 mores
416 2042 591 2090 more,
634 2027 769 2094 viges
804 2028 913 2094 t‘igt’
938 2066 951 2089 ,
989 2028 1122 2094 riges
1147 2028 1289 2094 rige,
1327 2036 1466 2095 pales
1498 2037 1640 2093 pale,
1673 2025 1811 2079 unde

210 2119 517 2171 inchoativa
550 2118 715 2172 forma
752 2131 972 2187 patesce,
1007 2130 1141 2171 tenes
1167 2129 1307 2181 tene,
1339 2120 1481 2170 times
1507 2119 1645 2181 time,
1672 2135 1810 2170 cares

217 2228 359 2275 care,
386 2227 529 2263 cures
557 2229 707 2276 care,
738 2213 907 2264 studes
936 2214 1099 2278 stude,
1133 2228 1306 2264 manes
1334 2227 1502 2277 mane,
1533 2214 1659 2264 lates
1687 2212 1807 2263 late.

213 2303 325 2355 Sed
372 2312 585 2370 accepta
635 2304 890 2371 loquelari
938 2304 1203 2371 positione
1253 2320 1284 2356 a
1333 2303 1716 2372 corrumpitur,
1755 2314 1811 2356 ut

214 2394 354 2445 lateo
387 2394 511 2445 la!es
554 2394 697 2457 latet,
730 2395 969 2446 delitesca
1012 2395 1270 2447 delitescis
1299 2396 1565 2458 delitescit,
1591 2406 1642 2449 et
1671 2414 1807 2463 pra:-

214 2484 376 2537 terito
401 2483 640 2552 perfecto
663 2485 862 2535 delituit
886 2499 989 2537 non
1015 2484 1231 2535 delatuit
1261 2482 1509 2547 dicimus,
1527 2494 1585 2538 ut
1610 2493 1763 2553 ροριπ
1796 2504 1805 2537 τ

1023 2572 1089 2621 sol
1122 2573 1251 2620 nube
1278 2586 1507 2623 coruscus

404 2633 627 2683 Delituit.

286 2718 331 2772 Α
389 2722 544 2773 tertia
600 2732 815 2788 quoque
884 2719 1257 2788 conjugatione
1324 2720 1591 2773 inﬁnitivo
1652 2722 1808 2775 modo

218 2818 464 2875 tempore
489 2810 738 2878 prmscuti
770 2818 875 2862 tam
904 2812 1050 2863 verbi
1082 2812 1275 2878 passivi
1307 2827 1464 2880 quam
1492 2814 1810 2881 deponentis

215 2904 456 2955 iambum
487 2902 703 2956 formari
728 2916 946 2966 censeo,
973 2911 1029 2955 ut
1052 2905 1180 2972 geri,
1214 2904 1331 2968 teri,
1354 2905 1474 2967 seri,
1510 2906 1637 2974 tegi,
1672 2906 1804 2974 legi,

212 2998 349 3065 regi,
383 2998 538 3061 trahi,
572 2997 704 3060 vehi,
736 2997 883 3047 mori.
912 2997 953 3049 Α
986 2996 1256 3063 prtetlictis
1287 3013 1499 3065 quoque
1533 2998 1807 3067 monosyl-

215 3086 380 3149 iabis,
410 3100 542 3153 quas
574 3086 625 3139 in
652 3084 962 3154 pyrrhichio
988 3085 1445 3154 esplanandarum
1479 3102 1657 3140 rerum
1689 3102 1807 3155 gra-

217 3178 290 3228 tia
329 3176 683 3243 praetulimus,
716 3190 836 3229 cum
870 3175 1049 3229 dativo
1074 3176 1325 3243 singulari
1360 3186 1449 3229 aut
1477 3178 1805 3231 nominativo

211 3269 409 3338 plurali
443 3268 796 3335 declinantur,
829 3269 1086 3323 iambicos
1111 3270 1273 3338 pedes
1299 3268 1533 3322 derivari
1573 3271 1805 3324 certissi-

214 3377 306 3417 ma
331 3371 622 3416 metrorum
653 3364 789 3417 ratio
814 3362 1079 3430 declarat,
1133 3372 1188 3418 ut
1239 3379 1369 3418 crux
1421 3364 1559 3417 cruci
1608 3381 1804 3431 cruces,

212 3453 540 3521 astipulante
565 3453 826 3522 Prospero
860 3476 873 3510 '.

402 3546 503 3595 Nec
525 3551 682 3597 crucis
704 3550 938 3609 asperitas
966 3552 1119 3609 potuit
1144 3555 1337 3600 terrere
1367 3550 1626 3601 volentem.

213 3630 337 3681 Fax
361 3630 461 3697 fuci
490 3634 649 3698 faces,
677 3642 793 3683 trux
825 3632 956 3684 truci
988 3642 1149 3685 truces
1172 3672 1186 3697 ,
1212 3648 1317 3683 una:
1350 3635 1469 3684 nuci
1498 3650 1670 3699 nuces,
1699 3638 1806 3688 dua:

214 3723 338 3773 duci
362 3723 531 3773 duces.
568 3722 655 3775 Sic
686 3739 854 3793 grues,
888 3740 1001 3776 sues
1026 3733 1079 3777 et
1100 3732 1295 3778 caetera
1321 3724 1529 3777 similia.
1566 3725 1799 3780 Sumun-

220 3823 309 3865 tur
331 3816 491 3867 etiam
524 3814 730 3868 iambici
763 3816 923 3883 pedes
972 3829 1003 3868 a
1046 3815 1339 3882 participiis
1384 3815 1600 3869 illorum
1656 3816 1791 3868 dun-

214 3915 376 3958 lanl
405 3907 686 3961 verborum
712 3923 826 3975 qure
855 3908 905 3961 in
940 3905 1247 3977 pyrrhichio
1282 3908 1528 3975 superius
1580 3907 1805 3977 digessi-

211 4010 361 4059 mus,
394 4005 449 4049 ut
471 4000 664 4066 rigans,
687 3997 859 4060 litans,
892 3998 1031 4051 sicut
1065 4004 1217 4064 pocla
1242 3996 1469 4065 probat:

616 4108 873 4169 stellisque
898 4109 1033 4158 litant
1055 4124 1163 4171 (tum
1185 4107 1296 4159 luce
1324 4109 1568 4171 fugantur.

206 4213 502 4269 Scauditur
537 4230 548 4267 :
583 4215 745 4285 lisque
768 4216 823 4279 li,
845 4216 1123 4286 dactylus;
1148 4233 1566 4284 secans,necans,
1592 4233 1803 4286 negans,

206 4320 422 4369 rorans,
453 4306 656 4367 volans,
684 4322 929 4370 curvans,
959 4307 1164 4371 levans,
1194 4309 1361 4377 ligans
1380 4347 1394 4370 ,
1423 4310 1637 4361 micans.
1695 4308 1805 4361 Ve-

202 4396 368 4449 niunt
399 4393 750 4449 nihilominus
797 4410 826 4448 a
877 4398 1108 4450 secunda
1156 4397 1552 4466 conjugatione,
1587 4397 1803 4465 quando

202 4484 514 4553 tribrachys
546 4484 597 4538 in
630 4486 864 4539 iambum
890 4495 1297 4553 transmittatur,
1333 4487 1383 4541 id
1436 4500 1679 4553 est,cum
1726 4489 1800 4541 si-

200 4577 583 4648 gniﬁcationes
616 4579 760 4631 verbi
809 4578 966 4633 activi
1006 4589 1059 4635 et
1111 4582 1365 4635 neutralis
1418 4582 1468 4635 in
1527 4582 1797 4649 participia
1836 4586 1880 4640 D

203 4670 492 4737 praesentis
524 4668 781 4736 temporis
810 4679 1214 4737 convertuntur,
1243 4672 1397 4725 doceo
1428 4673 1795 4735 docens,careo

196 4778 414 4825 carens,
450 4762 591 4832 rigeo
618 4764 788 4830 rigens
810 4804 824 4827 ,
856 4766 998 4832 [ai-eo
1024 4764 1227 4833 fovens,
1261 4764 1389 4819 sileo
1430 4767 1586 4821 silens
1610 4807 1624 4833 ,
1657 4769 1799 4819 calco

197 4859 402 4919 calens,
424 4856 581 4909 rubea
612 4857 820 4921 rubens,
850 4869 903 4910 ut
937 4856 1209 4911 iuvencus
1243 4876 1253 4909 :

396 4948 445 4995 Si
471 4946 624 4996 ruber
650 4946 874 4996 astrifero
899 4949 1116 5009 prtceJit
1141 4963 1314 5011 νεεμιει·
1343 4950 1561 5012 Olympo.

202 5032 275 5084 Et
314 5030 563 5099 Virgilius
592 5048 602 5080 :

448 5157 460 5169 .
499 5157 510 5169 .
535 5126 685 5171 vento
709 5134 907 5184 semper
936 5123 1082 5173 rubet
1108 5134 1256 5172 aurea
1283 5124 1486 5173 l‘hoabe.

200 5203 319 5256 Nec
346 5216 374 5253 a
407 5202 563 5256 tertia
585 5202 965 5273 coniugatione
994 5218 1239 5274 correpta
1272 5208 1547 5277 participia
1582 5210 1797 5264 vehicu-

202 5296 277 5347 tia
308 5293 540 5348 iambum
574 5296 714 5365 gigni
746 5296 1011 5361 arbitror;
1046 5312 1072 5350 a
1104 5310 1291 5368 quarta
1323 5308 1498 5355 autem
1532 5316 1795 5370 nusquam

202 5388 381 5455 reperi
416 5396 473 5441 ut
501 5398 622 5457 puta
655 5405 773 5459 gero
803 5405 977 5458 gerens
999 5430 1013 5455 ,
1044 5408 1188 5461 gemo
1222 5409 1445 5462 gemens,
1481 5403 1585 5447 tere
1613 5404 1796 5458 terens,

198 5497 319 5536 sero
341 5497 530 5545 serens,
556 5497 648 5534 ruo
670 5497 841 5545 ruens,
866 5492 1007 5536 struo
1036 5494 1257 5545 struens,
1279 5486 1362 5539 alo
1385 5487 1548 5550 alens,
1575 5489 1685 5541 colo
1715 5504 1801 5542 co-

202 5578 338 5632 lens.
392 5590 503 5626 emo
546 5589 737 5635 emens.
771 5572 883 5643 lego
926 5577 1119 5645 legens,
1154 5594 1326 5644 premo
1385 5594 1638 5645 premens,
1672 5599 1797 5635 cano

201 5681 417 5720 canens.
443 5664 631 5719 Omnia
662 5665 1055 5733 igiturnomina
1090 5683 1184 5722 seu
1218 5667 1379 5722 verba
1413 5668 1495 5724 vel
1524 5673 1795 5739 participia

206 5757 465 5821 manlicta
492 5755 554 5809 ad
592 5755 825 5811 iambum
855 5757 1176 5825 pertinentia
1210 5770 1365 5812 acuto
1396 5772 1618 5814 accentu
1671 5779 1795 5830 pro-

204 5848 445 5904 tuzntiari
472 5848 700 5919 legitima
724 5851 1195 5918 grammaticorum
1232 5851 1418 5904 suadet
1445 5853 1648 5922 regula.

1147 410 1346 466 LIBER
1390 410 1477 463 DE
1518 406 1952 464 SEPTENARIO
1991 407 2074 462 ΕΤ
2119 408 2204 463 DE
2248 408 2522 464 METRlS.

3389 415 3496 469 206

2525 520 2602 577 De
2626 524 2866 579 trochtco.

1983 611 2043 662 ll.
2082 613 2151 664 Da
2176 613 2422 681 exempla
2452 614 2517 668 ad
2543 615 2866 671 trochaicam
2892 614 3060 687 legem
3106 628 3488 691 competentia.

1909 730 1973 739 α-
2001 701 2068 753 Μ.
2096 702 2318 757 Nomina
2348 704 2592 773 primitus
2622 722 2742 777 quae
2780 710 3018 764 trochteo
3064 726 3365 782 congruere
3416 717 3494 773 vi-

1908 790 2123 855 dentur,
2156 792 2266 847 hrcc
2297 802 2443 859 sunt,
2478 795 2664 861 almus,
2699 810 2938 866 sanctus,
2972 808 3231 872 nympha,
3256 806 3489 877 lympha,

1911 885 2215 952 abba,o/fa,
2252 903 2391 954 occa,
2446 906 2602 959 sapa,
2664 891 2714 944 id
2744 900 2846 959 est,
2908 896 3223 967 defructum,
3277 909 3490 966 ostrum,

1909 989 2149 1045 rostrum,
2174 990 2419 1048 rastrum,
2451 993 2733 1053 sceptrum,
2759 988 3034 1057 scalprum,
3070 1008 3100 1047 a
3128 1007 3236 1064 quo
3260 995 3496 1051 diminu-

1911 1070 2374 1157 tivesealpellum;
2402 1074 2622 1141 labrum,
2656 1078 2800 1133 unde
2825 1079 3087 1150 labellum,
3112 1087 3253 1141 bulla
3271 1128 3286 1153 ,
3313 1090 3492 1157 bucca,

1909 1155 2086 1229 gibbus
2103 1202 2117 1228 ,
2140 1164 2325 1232 cippus
2346 1205 2361 1229 ,
2394 1165 2578 1219 burrus
2598 1208 2611 1229 ,
2639 1172 2817 1225 barrus
2835 1216 2850 1240 ,
2883 1175 3109 1247 ﬂoccus,
3131 1195 3326 1248 soccus,
3358 1200 3499 1238 τηκε-

1909 1269 2018 1316 cus,
2045 1254 2217 1309 luscus
2237 1297 2249 1317 ,
2278 1258 2481 1325 fuscus,
2508 1268 2698 1313 luscus.
2735 1262 2926 1319 Verum
2953 1266 3069 1324 hcce
3115 1272 3384 1329 sulliciant
3429 1276 3499 1331 de

1914 1352 2177 1418 positione
2202 1351 2395 1421 longis,
2427 1369 2545 1421 qua:
2579 1356 2776 1424 passim
2805 1358 2858 1413 in
2889 1360 3099 1426 publico
3125 1374 3180 1420 et
3219 1366 3272 1422 in
3300 1383 3496 1438 prolui-

1910 1445 2021 1498 tulo
2050 1446 2148 1499 sita
2180 1460 2207 1498 a
2242 1448 2479 1502 metricis
2527 1447 2782 1507 facillime
2808 1452 3305 1521 deprehenduntur.
3348 1462 3499 1517 Nune

1912 1539 2000 1594 i.la
2031 1553 2151 1607 quae
2202 1539 2522 1596 naturaliter
2572 1544 2926 1611 productione
2978 1552 3236 1620 gaudent,
3269 1564 3325 1611 et
3381 1573 3501 1627 qua:

1912 1631 2116 1699 poetica
2142 1632 2512 1700 exemplorum
2544 1635 2923 1704 astipulatinne
2950 1641 3236 1709 plurimum
3257 1646 3504 1718 indigent

1913 1718 2147 1775 breviter
2171 1724 2472 1790 aduectam,
2504 1736 2560 1779 ut
2591 1745 2757 1794 musa,
2792 1741 2949 1799 meta,
2978 1744 3104 1799 seta,
3137 1747 3294 1804 creta,
3338 1742 3499 1809 theta,

1912 1812 2037 1876 feta,
2088 1812 2271 1881 spina,
2305 1812 2489 1884 Roma,
2543 1831 2711 1883 ruma,
2739 1819 2894 1887 rima,
2939 1825 3084 1891 lima,
3110 1828 3311 1895 bruma,
3336 1833 3500 1899 fama,

1838 1883 1882 1941 Β
1917 1904 2093 1969 mirus,
2118 1903 2282 1969 dirus,
2316 1908 2488 1974 funus,
2518 1923 2723 1976 munus,
2754 1914 2945 1978 fumus,
2989 1932 3205 1982 prunus,
3240 1922 3402 1987 pirus,
3432 1926 3504 1992 pi-

1914 2012 2028 2059 nus,
2062 2006 2231 2062 taxus,
2266 2002 2452 2067 mulus,
2480 2005 2665 2071 ﬂavus,
2694 2021 2872 2071 canus,
2899 2025 3075 2077 sanus,
3107 2011 3279 2080 fatus,
3314 2033 3501 2083 nanus,

1917 2087 1964 2138 id
1987 2100 2091 2152 est,
2117 2092 2353 2155 pumilio,
2382 2093 2560 2158 crinis,
2582 2096 2725 2163 ﬁnis,
2750 2097 2908 2164 funis,
2937 2101 3125 2167 clunis,
3157 2106 3297 2159 unde
3318 2109 3493 2161 clune.

1917 2180 2090 2231 culum
2115 2182 2329 2235 dicitur.
2356 2184 2445 2239 Sic
2468 2185 2641 2241 Julius
2663 2188 2877 2243 Solinus
2903 2190 2953 2243 in
2978 2191 3299 2251 Collectanea
3322 2217 3496 2254 rerum

1914 2274 2318 2327 memorabilia»:
2351 2294 2362 2328 :
2401 2294 2418 2326 ι
2457 2274 2521 2329 Ει
2546 2278 2808 2334 lassorum
2839 2281 3059 2354 (inquit)
3104 2287 3278 2356 capita
3325 2287 3501 2345 cluni-

1914 2364 2010 2417 bus
2040 2381 2133 2433 per
2162 2366 2304 2422 vices
2325 2369 2611 2423 sustinent.
2638 2390 2655 2421 ι
2685 2370 2895 2437 Nudus,
2927 2375 3077 2439 udus,
3104 2376 3277 2446 ludus,
3308 2393 3501 2446 mutus,

1912 2469 2095 2523 nutus,
2131 2470 2286 2525 tutus,
2327 2466 2483 2531 fotus,
2517 2465 2671 2530 lotus,
2707 2476 2861 2533 totus,
2895 2481 3083 2539 motus,
3116 2485 3289 2541 natus,
3314 2490 3502 2544 nodus,

1914 2548 2072 2614 nisus,
2104 2551 2261 2616 risus,
2295 2555 2448 2618 visus,
2483 2559 2666 2626 fretus,
2698 2570 2918 2626 spretus,
2952 2574 3137 2627 cretus,
3169 2570 3388 2637 fulmen,
3417 2578 3500 2641 [a-

1911 2658 2043 2705 men,
2076 2646 2283 2711 ﬂamen,
2313 2645 2363 2699 id
2396 2657 2499 2713 est,
2530 2651 2783 2706 sacerdos
2814 2653 3043 2721 delubri,
3067 2674 3274 2728 numen,
3302 2664 3494 2729 lumen,

1911 2751 2110 2800 rumen,
2133 2738 2353 2803 plemen,
2386 2740 2559 2805 limen,
2582 2744 2792 2807 crimen,
2817 2746 3000 2813 vimen,
3026 2765 3254 2818 gramen,
3282 2764 3499 2811 stamen.

1916 2825 2064 2881 L‘ride
2098 2826 2343 2882 Lucanus
2370 2830 2436 2885 de
2458 2831 2672 2899 Orpheo
2701 2833 2773 2889 ait
2807 2854 2819 2889 :

2097 2916 2234 2983 Nunc
2262 2920 2427 2978 plenas
2452 2935 2665 2979 posuere
2695 2926 2824 2973 colos
2847 2935 2900 2977 et
2923 2932 3125 2979 stamina
3153 2932 3317 2983 I’arctu

2097 2977 2345 3043 Multaque
2366 2977 2540 3032 delatis
2566 2987 2812 3038 haeserunt
2831 2992 3005 3039 szecula
3033 2977 3138 3043 lilis.

1912 3061 1955 3114 A
1987 3064 2389 3128 pronominibus
2427 3084 2638 3138 quoque
2693 3074 2949 3128 trochaici
3004 3079 3167 3145 pcdcs
3198 3077 3498 3139 formantur

1916 3154 2177 3218 positione
2227 3158 2418 3226 longis,
2467 3170 2523 3213 ut
2570 3160 2675 3227 ille,
2729 3165 2845 3226 iste,
2892 3166 3019 3234 ipse,
3070 3184 3258 3240 noster,
3317 3187 3498 3239 vester,

1912 3245 2205 3312 quisquam,
2251 3253 2503 3317 quisnam,
2550 3252 2731 3307 isdem.
2783 3256 3003 3313 Veniunt
3046 3271 3098 3315 et
3142 3282 3169 3316 a
3216 3268 3500 3323 verborqu

1912 3334 2415 3405 signiﬁcationibus,
2444 3356 2566 3408 qua:
2608 3344 2930 3409 positionum
2962 3348 3167 3419 legibus
3196 3356 3502 3423 producun~

1915 3434 2020 3489 tur,
2069 3438 2123 3479 ut
2173 3432 2384 3497 prendo,
2436 3436 2645 3499 scando,
2691 3448 2856 3503 necto,
2905 3453 3067 3507 pecto,
3116 3461 3287 3511 cerno,
3319 3452 3497 3520 pingo,

1911 3518 2086 3585 ningo,
2131 3521 2319 3591 mitigo,
2344 3523 2502 3592 ﬁngo,
2546 3526 2715 3594 pinso,
2742 3528 2900 3596 hisco,
2929 3547 3136 3601 quasso,
3168 3536 3325 3604 lasso,
3359 3518 3499 3605 (auo,

1912 3615 2047 3670 taxo,
2068 3611 2355 3678 [axo,quod
2378 3618 2680 3670 anomalum
2700 3627 2799 3685 cst,
2825 3637 3028 3687 sperno,
3044 3634 3177 3691 tero,
3196 3645 3339 3694 vexo,
3358 3648 3503 3685 man-

1908 3700 2211 3769 do,ipando,
2246 3703 2443 3773 linquo,
2480 3708 2647 3773 vinco,
2684 3710 2867 3777 subdo,
2897 3713 3048 3778 abdo,
3074 3718 3258 3785 condo,
3302 3738 3496 3794 pango.

1908 3792 2077 3859 cingo,
2133 3794 2291 3864 tingo,
2334 3812 2525 3866 pungo,
2561 3798 2701 3867 quod
2746 3804 2940 3871 pupugi
2983 3808 3251 3869 praeterito
3280 3792 3497 3866 dicitur.

1983 3882 2041 3933 D.
2074 3882 2202 3950 Qua:
2253 3893 2378 3939 sunt
2422 3887 2607 3953 verba,
2640 3904 2758 3957 quae
2807 3904 3009 3947 natura:
3050 3898 3247 3967 regulis
3281 3902 3498 3968 [-ruduci

1910 3972 2169 4039 majorum
2199 3976 2493 4030 auctoritas
2523 3978 2796 4033 decrevit?
2823 4010 2894 4021 -—
2924 3983 2990 4036 Μ.
3027 3986 3243 4056 Absque
3273 4005 3499 4060 scrupu-

1908 4063 2078 4117 lurutn
2124 4067 2401 4123 obstaculo
2450 4069 2564 4124 hmc
2612 4086 2734 4127 esse
2780 4076 3071 4131 creduntur
3109 4095 3122 4132 :
3156 4082 3301 4148 rado,
3332 4084 3498 4152 fumo.

1907 4156 2040 4222 dico,
2074 4159 2225 4224 duco,
2255 4162 2387 4229 giro,
2431 4178 2630 4230 promo,
2663 4165 2845 4232 prodo,
2896 4168 3045 4236 cudo,
3081 4170 3212 4240 lego,
3242 4172 3401 4244 legas,
3446 4189 3500 4230 at

1912 4262 2039 4300 vero
2070 4249 2181 4318 lege
2213 4252 2338 4320 legis
2385 4254 2694 4322 corripitur,
2742 4260 2924 4324 subdo,
2979 4262 3122 4325 sedo,
3179 4267 3306 4332 udo,
3352 4283 3496 4339 cogo,

1905 4343 2055 4406 drdo,
2090 4346 2258 4411 trado,
2293 4356 2350 4401 ut
2378 4346 2430 4401 in
2462 4346 2735 4419 Georgicis
2768 4368 2782 4405 :

2088 4431 2320 4484 Truditur
2341 4448 2369 4483 e
2394 4438 2526 4488 sicco
2554 4441 2689 4488 radix
2719 4440 2941 4504 oleagina
2968 4443 3118 4506 ligno.

1906 4514 2086 4579 Credo,
2120 4535 2150 4571 η
2174 4519 2262 4586 ilo,
2293 4522 2446 4585 malo,
2482 4532 2537 4575 ut
2570 4540 2581 4573 :

2092 4606 2217 4655 Malo
2242 4622 2441 4658 manere
2467 4612 2631 4673 niger,
2653 4616 2815 4664 minus
2840 4616 3005 4672 ul..im)
3032 4619 3123 4669 fata
3150 4622 3375 4673 verebor.

1910 4685 2073 4754 Pono,
2106 4692 2279 4757 laudo,
2308 4694 2461 4759 (cedo,
2492 4711 2604 4763 oro,
2652 4698 2835 4761 clamo,
2865 4703 3014 4767 duro,
3047 4704 3161 4767 edo,
3194 4707 3321 4774 ﬁdo,
3368 4709 3493 4772 libo,

1907 4780 2067 4848 priro,
2110 4783 2241 4848 vivo,
2283 4800 2457 4853 qua'ro
2502 4789 2729 4856 gttcesiei,
2766 4806 2884 4844 nam
2912 4809 3096 4861 queror
3133 4806 3356 4865 quwstus
3383 4817 3496 4853 sum

1908 4871 2245 4940 pyrrhichius
2272 4885 2376 4940 est,
2409 4877 2550 4941 ludo,
2578 4894 2741 4946 sumo,
2770 4898 2879 4947 suo,
2906 4884 3118 4954 plaudo,
3140 4888 3316 4956 demo,
3342 4892 3491 4961 dego.

1911 4966 2041 5021 lluic
2066 4969 2261 5039 regula:
2289 4970 2619 5025 concordant
2665 4974 2823 5027 etiam
2856 4978 3064 5045 passiva
3104 4984 3411 5036 communia
3441 4996 3497 5037 et

1910 5058 2228 5126 (leponentia
2280 5068 2385 5114 tam
2441 5063 2701 5129 positione
2756 5084 2914 5132 quam
2967 5079 3156 5126 natura
3208 5072 3385 5145 longa,
3440 5088 3498 5130 ut

1908 5167 2137 5216 pronior,
2186 5153 2396 5221 prodor,
2439 5166 2655 5218 scrutor,
2702 5156 2879 5225 vador,
2914 5162 3141 5228 pra’dor,
3167 5163 3333 5225 la'tor,
3379 5166 3495 5217 bac-

1904 5240 2049 5299 chor.
2084 5258 2283 5304 nascor,
2316 5253 2506 5307 ructor,
2561 5252 2717 5309 tutor,
2748 5260 2919 5312 t-enor,
2978 5250 3182 5319 fungar.
3230 5251 3402 5318 tVitor,
3445 5254 3492 5307 si

1905 5332 2123 5385 verbum
2154 5332 2424 5401 depluens
2452 5344 2552 5396 est,
2587 5336 2851 5391 trochaeus
2877 5339 2998 5401 erit,
3034 5349 3089 5393 ut
3115 5357 3135 5396 .'

2094 5461 2107 5473 .
2146 5462 2155 5472 .
2196 5462 2206 5473 .
2248 5461 2259 5473 .
2299 5461 2309 5474 .
2336 5426 2522 5488 aliquos
2546 5428 2669 5475 nitor
2693 5432 2980 5492 contingere
3004 5443 3181 5481 ramos.

1909 5511 1973 5565 Et.
2014 5510 2148 5565 inira
2198 5532 2205 5564 :

2093 5606 2270 5655 Nititur
2295 5610 2451 5653 aversi
2479 5608 2551 5654 vel
2579 5606 2704 5655 lium
2736 5616 2941 5670 tangere
2966 5606 3160 5656 Christi.

1906 5690 2052 5755 Quul
2088 5692 2132 5743 si
2165 5692 2297 5742 nilot'
2328 5705 2520 5744 nomen
2553 5689 2730 5755 fuerit,
2752 5690 3087 5759 pyrrhichius
3114 5690 3237 5757 erit,
3273 5704 3327 5744 ut
3355 5692 3490 5745 idem

1905 5774 2056 5829 pectit
2094 5780 2104 5814 ἶ

2094 5856 2209 5916 Quis
2229 5855 2306 5902 iuit
2342 5855 2420 5903 il'c
2448 5855 2572 5902 tritor
2602 5853 2803 5901 .‘luil’i‘?
