4172 6532
727 422 828 474 Qtt'.‘
1475 422 1530 479 S.

732 537 790 588 lit
825 535 1090 605 Virgilius,
1121 535 1256 589 libro
1287 536 1374 604 qui
1404 537 1727 606 Ptedagngus
1776 539 2124 605 prmtitulatur
2163 556 2169 585 :

915 627 1160 676 Ileddelur
1185 626 1355 677 titulus
1379 641 1748 691 purpureusque
1776 635 1917 678 nitor.

723 712 828 767 Sed
877 713 960 766 Itic
990 727 1174 766 versus
1208 727 1311 765 non
1356 712 1425 764 ita
1469 713 1804 768 scandendus
1833 723 1914 767 est
1955 721 2010 766 ttt
2037 713 2300 776 heroicus,

723 807 843 871 quin
874 803 1133 873 coIOpItOu
1169 805 1220 857 iu
1251 801 1427 857 medio
1452 813 1507 858 et
1537 804 1640 860 line
1685 806 1963 859 retinetur.
2010 804 2200 869 Labor,
2242 805 2304 856 li-

723 910 871 960 quor,
921 910 1106 954 vescor,
1160 908 1365 959 causai,
1405 891 1598 958 tristor,
1643 901 1817 956 testor,
1862 910 2079 960 mercor,
2123 894 2302 955 rimor,

725 987 909 1051 piscor,
943 995 1119 1050 metor,
1151 994 1348 1054 grator,
1381 984 1574 1053 ringor,
1601 983 1776 1046 miror,
1814 985 2051 1053 frustror,
2077 998 2298 1052 grassor.

729 1077 1002 1144 I’articipia
1047 1076 1294 1130 similiter
1320 1074 1571 1144 praeteriti
1602 1075 1857 1142 temporis
1901 1073 2161 1128 interdum
2191 1080 2302 1126 tro-

725 1169 909 1221 t-liaico
934 1167 1050 1236 pedi
1068 1177 1385 1237 congruunt,
1411 1175 1464 1218 ut
1482 1165 1669 1230 dictus,
1690 1167 1862 1229 lectus,
1887 1174 2084 1234 captus,
2100 1175 2300 1232 raptus,

723 1261 960 1329 srriptus,
1005 1270 1189 1320 tensus,
1236 1272 1449 1324 mersus,
1496 1259 1676 1325 flexus,
1726 1270 1900 1320 vexas,
1951 1269 2130 1308 nexus.
2172 1254 2301 1308 Nam

726 1354 1005 1417 prwscntia
1034 1361 1088 1405 et
1119 1354 1288 1404 futura
1319 1351 1763 1419 significationum
1795 1348 2066 1418 participia
2094 1349 2156 1402 ad
2192 1359 2302 1402 tro-

723 1447 928 1496 rttauum
965 1443 1304 1511 pertinentia,
1339 1442 1386 1493 ni
1420 1439 1594 1505 fallor,
1628 1455 1730 1494 non
1757 1441 1949 1508 repeti.

799 1535 856 1587 D.
893 1533 1169 1588 Troeliaici
1204 1531 1364 1600 pedes
1393 1546 1497 1601 quo
1547 1541 1734 1586 tenore
1778 1531 2034 1600 quibusve
2075 1531 2302 1583 accenti-

725 1627 824 1680 bus
856 1623 1228 1693 pronuntiandi
1273 1623 1437 1677 sunt?
1487 1638 1579 1676 seu
1627 1622 1761 1674 arsis
1791 1632 1841 1674 et
1890 1622 2056 1674 thesis
2095 1635 2195 1689 qua
2226 1620 2304 1672 di-

726 1720 986 1770 visionum
1034 1715 1256 1770 formula
1310 1714 1650 1777 dzrintuntur,
1687 1722 1738 1766 et
1777 1713 1968 1780 quibus
2007 1722 2302 1780 temporum

727 1809 968 1863 lancibus
1011 1808 1370 1861 trutinantur?
1405 1836 1470 1846 —
1513 1806 1582 1859 Μ.
1617 1806 1667 1861 Si
1716 1807 1982 1860 troclia-us
2023 1805 2301 1870 exstiterit,

1578 422 1922 476 ALIHIELSII
1966 423 2244 476 UI‘IiilUM
2291 424 2462 476 ΡΑ.ῐῶ
2502 424 2559 478 il.
2608 456 2672 462 -~-
2717 425 3146 482 TRACTATIJS.

2335 543 2382 599 Λ

3885 431 3990 487 sne.

2596 578 2605 587 .
2631 539 2660 587 ’.
2698 578 2710 591 .
2739 547 2885 604 atque
2911 541 3038 591 olido
3063 550 3348 593 consuetum
3377 547 3542 594 vivere
3569 560 3722 594 cn-nn.

2414 625 2588 690 Cureo,
2624 622 2786 692 jaceo,
2828 642 2998 690 caveo,
3031 643 3230 695 maneo,
3276 636 3462 693 tumea,
3507 639 3669 694 teneo,
3722 632 3876 695 raleo,
3906 632 3987 683 nio

2413 724 2512 778 teo,
2541 715 2692 778 lateo,
2726 724 2894 783 patro,
2929 715 3054 777 cito,
3085 731 3253 780 cocco,
3287 717 3440 780 rireo,
3470 733 3670 780 moueo,
3703 733 3878 783 pareo,
3912 724 3991 786 fo-

2411 821 2519 868 vco,
2571 820 2760 858 moveo.
2815 805 2943 858 Item
2995 806 3064 858 de
3113 805 3305 860 tertia:
3339 807 3501 875 fodio,
3541 809 3730 874 quotio,
3771 809 3988 873 redimo,

2411 897 2576 962 venio,
2609 896 2765 966 facio,
2795 897 2963 966 rapio,
2995 897 3161 964 capio,
3193 898 3358 968 fugio,
3383 899 3555 967 cupio,
3587 909 3772 964 metuo,
3796 901 3986 961 tribuo.

2409 995 2598 1051 statua,
2632 987 2788 1053 potio,
2804 987 2972 1057 jacio,
3009 988 3159 1056 ferio,
3185 1003 3396 1056 nequeo.
3421 987 3549 1044 Item
3575 989 3728 1044 verba
3756 990 3986 1059 passiva.

2409 1077 2735 1143 communia,
2763 1084 2818 1132 et
2845 1077 3183 1145 deponenda,
3216 1093 3334 1147 quae
3372 1078 3515 1132 finali
3544 1094 3572 1131 r
3602 1078 3770 1133 littera
3799 1079 3850 1132 in
3884 1082 3990 1149 pii-

2409 1185 2492 1224 ma
2524 1184 2750 1240 persona
2781 1170 3149 1234 terminantur,
3196 1169 3465 1226 tribraclto
3510 1170 3854 1233 conveniunt,
3894 1188 3989 1224 nu-

2409 1279 2600 1329 meror,
2644 1272 2888 1329 temeror,
2936 1278 3142 1330 operor,
3192 1263 3393 1326 imitor,
3443 1278 3678 1327 reiteror,
3727 1263 3987 1319 dominor,

2410 1355 2670 1420 modulor,
2697 1355 2942 1423 famulor,
2961 1354 3189 1421 jacnlar,
3214 1354 3462 1416 stabulor,
3497 1356 3728 1416 comitor,
3749 1353 3987 1419 stipulor,

2411 1446 2653 1508 medicor,
2681 1454 2733 1498 ct
2763 1445 2963 1498 medeor
2995 1451 3097 1498 tam
3149 1444 3333 1512 prima:
3375 1457 3531 1511 quam
3579 1443 3826 1498 secundae
3865 1459 3989 1497 con.

2410 1534 2696 1603 iugatiouis
2729 1544 2900 1603 poetae
2929 1536 3222 1589 declarant.
3255 1535 3504 1590 Sedulius
3539 1553 3550 1588 :

2595 1625 2699 1674 Nec
2717 1626 2800 1674 tibi
2828 1638 2970 1686 parva
2993 1625 3140 1686 saltis,
3167 1625 3369 1674 Domino
3393 1625 3684 1685 medicante,
3711 1625 3864 1673 Maris

2413 1712 2540 1765 Item
2576 1709 2803 1778 Prosper
2836 1725 2847 1761 :

2599 1803 2755 1865 Inque
2779 1809 2946 1866 putres
2971 1802 3110 1850 libras
3127 1799 3390 1850 descendat
3412 1811 3525 1848 cura
3556 1797 3819 1848 medentis.

725 1912 880 1955 acuto
929 1911 1150 1954 accentu
1199 1899 1482 1967 profertur,
1539 1909 1592 1951 ttt
1641 1898 1816 1966 lappa,
1868 1915 2074 1966 mappa,
2124 1909 2300 1965 napta,

2417 1883 2669 1951 Popular,
2712 1885 2941 1952 jaculor,
2974 1885 3171 1948 epular,
3206 1883 3436 1945 romitor,
3487 1883 3695 1949 spatior,
3737 1881 3991 1946 speculor,

723 1993 904 2052 cirrus,
937 1991 1124 2055 bii-rus,
1171 1991 1372 2053 burrus,
1407 1989 1609 2047 burrus,
1646 1990 1840 2054 poples,
1876 2003 2064 2054 cespes.
2100 1986 2152 2041 Si
2183 2001 2307 2040 vero

724 2095 908 2135 natura
954 2082 1125 2133 littera
1174 2079 1500 2148 produtitur,
1535 2078 1877 2132 circumflexo
1927 2088 2148 2130 accentu
2182 2093 2306 2144 Iro-

724 2174 952 2225 tttltlllztl‘i
989 2173 1070 2224 lex
1108 2172 1328 2223 metrica
1364 2170 1557 2223 sanxit.
1595 2169 1743 2220 Arsis
1775 2183 1899 2221 vero
1947 2168 2134 2235 recipit
2175 2179 2308 2220 tetu-

723 2277 848 2331 pora
879 2261 1005 2324 duo,
1037 2269 1090 2314 et
1138 2261 1300 2313 thesis
1352 2275 1530 2321 unum,
1569 2269 1623 2310 ut
1672 2261 1869 2325 fanum,
1909 2262 2131 2327 frenum,
2184 2273 2304 2328 gra-

720 2371 861 2424 num,
893 2354 1039 2419 bubo,
1074 2355 1215 2421 lufo,
1256 2355 1414 2421 tufus,
1452 2353 1614 2420 tubus,
1649 2353 1814 2418 limes,
1846 2355 2019 2422 stipes,
2051 2369 2230 2407 remes.

1324 2467 1398 2520 De
1430 2468 1701 2520 tribrarho.

789 2584 851 2638 D.
917 2583 1182 2652 Expositis
1231 2581 1608 2652 disyllaborum
1657 2581 1848 2650 pedum
1911 2582 2144 2648 regulis,
2191 2582 2301 2649 jam

721 2692 858 2730 nunc
911 2678 1158 2745 pedester
1210 2675 1451 2743 deposcit
1499 2684 1553 2726 ut
1603 2674 1912 2743 trisyllatos
1965 2673 2124 2740 pedes
2156 2671 2306 2741 juxta

720 2768 1154 2835 pollicitationem
1187 2767 1385 2836 prologi
1421 2764 1730 2834 patelacias.
1763 2794 1830 2803 —
1858 2763 1926 2817 Μ.
1961 2764 2021 2817 lli
2063 2772 2186 2818 sunt
2213 2765 2308 2817 tri-

721 2861 921 2924 brat-lii,
958 2876 1021 2913 ex
1054 2860 1218 2912 tribus
1255 2859 1502 2912 brevibus
1534 2859 1720 2911 Gra'ce
1758 2858 1834 2910 sic
1865 2857 2171 2925 uuncupali,
2203 2857 2308 2925 pri-

718 2971 816 3006 ma:
866 2951 1235 3007 declinationis
1267 2968 1279 3002 :
1313 2951 1506 3014 anima,
1537 2949 1733 3017 aquila,
1778 2950 1977 3016 pedica,
2023 2952 2194 3014 pulea,
2227 2958 2303 3000 to-

724 3049 866 3106 uina,
916 3046 1140 3109 macula,
1192 3046 1408 3113 famula,
1443 3054 1640 3108 patera,
1687 3041 1892 3106 hedera,
1935 3042 2095 3105 ulula,
2138 3043 2304 3109 galea,

715 3144 960 3210 lacryma,
1007 3141 1144 3201 Asia,
1183 3137 1366 3206 Libya.
1411 3136 1538 3190 Item
1569 3135 1638 3190 de
1686 3137 1920 3190 secunda
1950 3136 2304 3190 declinatione

2413 1976 2668 2039 moderor,
2699 1975 2938 2043 medicor,
2971 1986 3184 2036 mereor,
3219 1973 3401 2040 fateor,
3436 1985 3625 2032 rerear,
3658 1979 3824 2032 tueor,
3872 1985 3992 2037 gm-

2412 2066 2545 2129 dior,
2599 2064 2786 2133 patiar,
2843 2063 3034 2130 potior,
3089 2060 3296 2114 morior.
3338 2060 3380 2112 A
3429 2057 3827 2126 pranoniinibus
3870 2073 3994 2110 rem

2411 2157 2495 2212 vel
2544 2156 2834 2226 participiis
2877 2151 3160 2223 cujuslibet
3211 2149 3802 2218 temporistriliraclium
3855 2147 3992 2200 haud

2414 2262 2641 2313 unquam
2692 2245 2985 2298 derivatum
3037 2241 3375 2304 reminiscor,
3409 2237 3649 2308 quamvis
3681 2237 3735 2291 in
3782 2239 3994 2291 exteris

2411 2339 2710 2390 arationtnu
2763 2335 3002 2404 partibus
3030 2333 3220 2388 crebro
3253 2331 3584 2400 poematibus
3613 2330 3867 2384 insertum
3910 2345 3992 2383 rc-

2410 2429 2618 2487 corder,
2651 2438 2701 2481 ut
2739 2427 2912 2496 igitur,
2945 2435 2998 2479 et
3027 2426 3299 2492 quoniam,
3351 2421 3554 2485 etenim,
3583 2431 3638 2474 et
3666 2421 3746 2474 liis
3775 2421 3986 2474 similia.

2483 2518 2543 2571 Ι).
2583 2517 2840 2572 Praedicta
2884 2530 3190 2570 sermonum
3223 2513 3462 2580 exempla
3493 2525 3596 2578 quo
3619 2519 3839 2565 accentu
3866 2526 3989 2578 pro-

2412 2609 2782 2664 feruntur?—-
2821 2607 2890 2659 Μ.
2943 2605 3138 2658 Omnia
3187 2603 3566 2670 propemodum
3614 2610 3905 2665 acuuntur;
3942 2611 3990 2654 et

2411 2699 2531 2772 quia
2578 2698 2996 2767 autepenultima
3025 2703 3248 2749 accentu
3299 2701 3532 2754 notatur,
3565 2690 3783 2755 idcirco,
3827 2701 3881 2744 ut
3907 2707 3990 2744 ar-

2412 2793 2600 2858 bitror,
2644 2791 2750 2845 duo
2779 2801 3020 2858 tempora
3072 2789 3124 2840 in
3157 2785 3425 2840 tribraclto
3471 2782 3539 2836 ad
3565 2781 3708 2836 arsiu
3749 2791 3803 2836 tt
3830 2797 3988 2836 unum

2410 2885 2474 2939 ad
2506 2884 2677 2938 tltcsin
2712 2881 3073 2952 pertinebunt.

3027 2969 3104 3022 De
3135 2970 3377 3020 motasse.

2482 3065 2546 3120 D.
2593 3064 2666 3118 Da
2715 3062 2976 3117 rationem
3011 3060 3280 3114 nominum
3310 3070 3357 3113 et
3386 3058 3667 3111 verborum
3705 3056 3771 3110 ad
3802 3057 3988 3110 molos-

2409 3174 2528 3214 sum
2579 3157 2768 3228 pedem
2813 3157 3190 3226 pertinentem.
3233 3151 3302 3206 Μ.
3348 3151 3570 3206 Nomina
3603 3149 3844 3218 primitus
3869 3149 3989 3202 stri-

717 3248 819 3286 tam
849 3233 1138 3286 masculina
1170 3246 1324 3297 quam
1356 3228 1613 3282 neutralia
1646 3231 1860 3282 nomina
1884 3228 1948 3281 ad
1975 3229 2297 3281 tribracltutn
2330 3241 2374 3302 ρ
2407 3254 2536 3307 cum
2559 3260 2613 3306 ει
2639 3250 2944 3305 summm",
2973 3249 3212 3318 digerere
3236 3248 3394 3309 ηδιον,
3427 3254 3531 3298 lam
3553 3243 3808 3311 singulari
3837 3259 3992 3310 qua",

717 3324 1036 3392 pertinentia
1071 3341 1080 3374 :
1113 3323 1371 3385 dominus,
1404 3320 1601 3384 radius,
1650 3320 1870 3383 catulus,
1911 3320 2145 3387 capulus,
2173 3335 2294 3386 que-

713 3418 880 3478 rulus,
914 3415 1111 3475 licinus,
1141 3421 1341 3483 puteus,
1385 3410 1613 3478 pavidus,
1646 3411 1874 3479 patulus,
1901 3410 2187 3481 Zephyrus,
2215 3428 2296 3466 so-

713 3510 841 3568 (ius,
874 3507 1087 3569 medius,
1124 3503 1371 3566 medicus,
1406 3517 1670 3565 numerus,
1699 3503 1904 3564 rutilus,
1937 3503 2191 3570 placidus,
2231 3505 2297 3556 ti-

714 3602 872 3661 tulis,
917 3595 1136 3658 loculus,
1188 3594 1448 3658 modulus,
1497 3593 1746 3656 modicus,
1795 3593 2012 3656 bibulus,
2071 3595 2298 3662 gerulus,

715 3690 944 3753 gemitus,
981 3684 1231 3752 fremitus,
1258 3685 1513 3746 humerus,
1548 3684 1805 3750 platanus,
1849 3684 2093 3749 tumidus,
2127 3684 2297 3737 thala-

717 3798 851 3843 mus,
881 3779 1089 3846 fluvius,
1128 3784 1324 3841 uterus,
1355 3775 1553 3841 oculus,
1595 3776 1848 3838 cumulus,
1901 3775 2114 3839 solidus,
2158 3777 2302 3829 stoli-

716 3878 832 3931 dus,
865 3871 1123 3937 stupidus,
1149 3869 1367 3932 rigidus,
1402 3868 1622 3931 calidus,
1651 3868 1872 3929 validus,
1903 3868 2094 3931 varius,
2137 3868 2302 3920 meni-

717 3975 818 4023 tus,
850 3961 1069 4026 sonitus,
1112 3958 1328 4029 gelidus,
1377 3957 1622 4026 trepidus.
1677 3957 1900 4021 timidus,
1950 3958 2178 4026 laqueus,
2205 3969 2303 4012 tre-

719 4055 919 4116 mulus,
972 4050 1167 4104 vetulus
1195 4089 1208 4113 ,
1256 4049 1461 4113 alidus,
1509 4063 1734 4114 cuneus,
1777 4047 2012 4116 pelagus,
2047 4048 2300 4116 geminus,

721 4141 953 4212 cupidus,
985 4141 1201 4206 nitidus,
1229 4139 1435 4208 digitus.
1474 4137 1602 4191 Item
1652 4147 1835 4190 neutra
1875 4139 2111 4204 ejusdem
2142 4138 2304 4191 decli-

723 4234 956 4287 nationis
981 4230 1326 4300 ejusdemquz
1355 4228 1522 4296 pedis,
1555 4237 1612 4280 ut
1640 4232 1895 4292 ineritum,
1925 4231 2161 4295 pretium,
2192 4244 2307 4300 gre-

723 4330 902 4391 mium,
933 4324 1209 4387 stabulum,
1240 4323 1486 4387 studium,
1531 4320 1848 4385 barathrum,
1902 4323 2187 4392 praprium,
2231 4323 2306 4376 lo-

723 4422 869 4482 lium,
918 4416 1178 4488 jugulum,
1225 4415 1482 4484 jaculum,
1528 4415 1772 4484 spolium,
1817 4415 2028 4480 bivium,
2079 4417 2302 4480 trivium,

725 4513 966 4574 spatium,
999 4509 1211 4570 corium,
1237 4507 1432 4571 citium,
1459 4507 1743 4575 speculum.
1775 4507 1863 4562 Sic
1906 4509 2073 4564 tertia:
2098 4525 2308 4581 quoque

725 4599 912 4668 f.-:cilis,
938 4600 1162 4669 gracilis,
1193 4597 1389 4662 viridis,
1419 4601 1634 4667 facinus,
1669 4601 1854 4655 tenuis.

802 4690 968 4742 \‘vrlia
1012 4688 1254 4741 similiter
1301 4703 1363 4741 cx
1413 4689 1604 4756 triplici
1663 4690 2036 4760 coniugatione
2079 4691 2303 4746 oeducta

726 4781 992 4834 tritu-ueho
1022 4780 1366 4833 conveniunt.
1403 4781 1440 4834 Α
1475 4781 1642 4850 prima
1676 4781 1790 4836 haec
1827 4793 1970 4845 ειιιιι,
2003 4793 2099 4838 ut:
2133 4799 2308 4838 nume-

726 4888 802 4934 ro,
848 4871 1035 4940 rogito,
1074 4870 1292 4936 macula,
1349 4886 1585 4940 prapero,
1638 4873 1830 4941 dubita,
1880 4873 2072 4940 habita,
2124 4891 2305 4942 vacuo,

726 4973 932 5024 tcmcro,
963 4959 1125 5024 ulula,
1157 4963 1312 5023 socio,
1340 4961 1560 5030 gemina,
1605 4973 1796 5029 saturo,
1842 4967 1992 5029 satio,
2026 4965 2204 5031 tolero,
2230 4977 2306 5019 te—

729 5066 851 5111 nna,
876 5065 1049 5112 onero,
1072 5049 1261 5115 brevia,
1285 5065 1472 5116 resera,
1490 5051 1642 5117 viola,
1670 5069 1866 5121 revoco,
1893 5058 2063 5122 timeo,
2081 5061 2305 5122 cumulo,

728 5143 970 5208 glonuro,
1000 5140 1168 5204 radio,
1195 5142 1366 5204 rutilo,
1395 5143 1560 5210 titulo,
1593 5145 1773 5212 titubo,
1800 5147 1988 5211 solido,
2016 5151 2176 5213 rario,
2210 5159 2309 5203 trc-

732 5233 870 5297 pido,
906 5231 1114 5300 jugulo,
1157 5232 1340 5300 spolio,
1385 5235 1526 5300 vitia,
1571 5252 1802 5300 nurnero,
1855 5242 2037 5309 rogito,
2088 5244 2307 5306 macula,

729 5338 964 5387 proprro,
1000 5337 1238 5385 memoro,
1279 5323 1446 5391 vigilo,
1491 5341 1691 5395 supero,
1719 5330 1896 5395 e..’uco,
1932 5331 2070 5398 quod
2106 5341 2186 5385 est
2215 5349 2310 5385 itu-

732 5417 846 5477 trio,
875 5426 1062 5474 remeo,
1111 5414 1337 5479 stimulo,
1379 5417 1569 5481 simila,
1621 5419 1825 5486 simula,
1861 5423 2053 5491 lapide,
2097 5427 2307 5494 crepito,

731 5505 902 5569 t-olito,
932 5504 1126 5566 crurio,
1173 5506 1315 5574 itera,
1349 5509 1534 5576 glacie,
1569 5526 1786 5572 macero,
1818 5514 2002 5578 lacera,
2036 5514 2196 5577 lanio,
2222 5534 2310 5588 ge-

733 5612 870 5658 nera,
914 5597 1069 5664 agito.
1125 5595 1250 5648 Item
1298 5600 1362 5652 de
1399 5601 1628 5654 secunda
1681 5603 2081 5670 coniugatione,
2131 5610 2309 5677 jubco,

735 5689 906 5744 docto,
934 5689 1093 5752 soleo,
1120 5691 1317 5754 studeo,
1343 5703 1539 5757 stupeo,
1569 5696 1733 5762 video,
1762 5699 1917 5767 rigea,
1943 5711 2106 5766 tepeo,
2132 5718 2306 5767 noceo,

735 5781 897 5839 ltIltCO,
940 5779 1108 5837 Iul/'60,
1160 5791 1319 5847 li’tt‘CO,
1369 5784 1544 5849 full/'00,
1575 5787 1733 5854 ιιῖηρθδ
1770 5803 1904 5857 pago,
1940 5792 2099 5857 (alca,
2140 5795 2308 5859 ἀοίρο,

735 5877 859 5934 olm,
894 5882 942 5921 ut
983 5881 1130 5936 pulla
1168 5892 1178 5921 :

2413 3345 2602 3414 plurali
2637 3356 2862 3397 numero
2909 3349 3184 3411 congesto,
3219 3344 3277 3392 ut
3319 3338 3576 3407 majestas,
3611 3335 3836 3399 libertus,
3867 3344 3990 3386 tem-

2400 3446 2593 3506 pestas,
2623 3444 2920 3503 paupertas,
2967 3431 3188 3496 ubertas,‘
3218 3443 3494 3491 sermones,
3523 3442 3817 3497 mangones,
3849 3427 3991 3479 leno-

2402 3541 2511 3591 nes,
2547 3524 2831 3592 praedones,
2866 3536 3180 3586 musmones,
3206 3535 3481 3588 caupones,
3505 3533 3737 3587 perones,
3769 3528 3991 3588 sutores,

2401 3631 2682 3686 prazcones,
2714 3618 2969 3680 lurcones,
3019 3614 3270 3678 doctores,
3323 3612 3557 3679 lectores,
3603 3621 3838 3676 tortores,
3877 3625 3992 3664 cra-

2403 3708 2604 3773 brones,
2633 3691 2883 3760 rumores.
2921 3703 2987 3759 Ut
3019 3703 3249 3772 Prosper
3283 3719 3295 3755 :

2465 3799 2570 3851 Non
2593 3800 2760 3849 faciles
2784 3803 2981 3861 pateant
3004 3798 3147 3846 stet-is
3173 3795 3445 3845 rumoribus
3467 3806 3628 3843 aures.

2411 3883 2651 3950 Romani,
2685 3883 2914 3946 humani,
2945 3881 3122 3948 divini,
3147 3879 3375 3948 formosi,
3408 3878 3646 3945 frontosi,
3669 3876 3843 3940 setosi,
3876 3893 3989 3928 ntu-

2404 3981 2566 4044 scosi,
2612 3977 2844 4043 dumosi,
2891 3976 3112 4030 obscwni
3137 4018 3151 4043 ,
3209 3972 3444 4037 cancelli,
3490 3972 3714 4034 rostrati,
3767 3971 3990 4032 nervosi,

2405 4071 2625 4134 herbosi,
2676 4069 2880 4132 Iursuti,
2915 4068 3108 4138 rugosi.
3162 4064 3404 4120 Nascitur
3455 4063 3613 4118 etiam
3655 4062 3919 4116 utolossus
3967 4078 3991 4112 a

2408 4162 2689 4214 verborum
2720 4159 3005 4228 generibus
3053 4165 3290 4224 tempore
3342 4155 3609 4224 praeterito
3656 4155 3913 4222 perlaeta,
3942 4165 3990 4206 ut

2409 4251 2608 4315 dixisti,
2635 4251 2838 4314 nexisti,
2870 4249 3184 4318 prompsisti,
3209 4248 3433 4315 sepsisti,
3457 4245 3681 4315 repsisti,
3711 4246 3990 4312 sculpsisti,

2407 4341 2691 4410 sculpsisti,
2737 4339 2984 4412 serpsisti,
3037 4347 3090 4393 et
3134 4352 3350 4392 cmzera.
3379 4340 3422 4390 Α
3465 4335 3757 4404 participiis
3783 4351 3990 4404 quoque

2411 4443 2520 4488 tam
2551 4435 2827 4502 przeseutis
2877 4433 3132 4502 temporis
3163 4445 3320 4500 quam
3353 4429 3515 4484 futuri
3557 4429 3685 4483 oriri
3725 4429 3989 4483 niolossus

2410 4525 2761 4593 dignoscitur,
2793 4533 2848 4578 ut
2877 4524 3095 4577 dicentes
3123 4523 3331 4585 dicturi,
3375 4522 3585 4575 viventes
3613 4521 3816 4587 victuri,
3866 4536 3988 4573 mer-

2330 4611 2382 4672 D
2405 4627 2579 4689 gentes
2625 4617 2863 4682 mersuri,
2895 4616 3178 4670 scindentes
3220 4615 3448 4680 scissuri,
3504 4614 3804 4684 prandentes
3837 4631 3986 4680 pran-

2408 4710 2535 4773 suri,
2591 4711 2848 4778 pinge-itas
2895 4709 3104 4780 picturi,
3156 4709 3418 4763 tondentes
3463 4707 3679 4763 tonsuri.
3731 4707 3828 4762 llic
3865 4721 3992 4775 erga

2412 4815 2503 4869 pes
2528 4801 2745 4869 duplam
2779 4801 3056 4855 divisionis
3086 4815 3328 4855 normam
3358 4806 3597 4868 partitur,
3627 4807 3867 4853 etiacuto
3907 4813 3986 4851 ac-

2411 4902 2567 4946 centu
2601 4893 2991 4962 pronuntiatur,
3024 4901 3079 4948 et
3105 4891 3225 4962 quia
3266 4891 3555 4961 penultima
3588 4892 3814 4954 acuitur,
3846 4890 3992 4944 arsiu

2415 4986 2611 5042 habere
2640 5001 2763 5042 reor
2791 4997 3028 5057 tempora
3059 4995 3115 5042 et
3143 4985 3316 5042 tltesiu
3343 4997 3588 5057 quatuor.

3017 5077 3092 5132 lle
3118 5087 3396 5148 anapaesto.

2485 5169 2546 5224 D.
2596 5170 2723 5236 ane
2755 5178 2880 5223 sunt
2921 5168 3164 5236 exempla
3191 5165 3524 5238 anapaisticis
3564 5165 3763 5234 regulis
3793 5164 4012 5218 mamil-

2417 5270 2531 5327 pata
2563 5275 2625 5314 ac
2653 5259 2928 5329 Subiecta?
2959 5287 3029 5299 —
3058 5258 3129 5314 Μ.
3162 5258 3287 5314 llznc
3312 5268 3436 5312 sunt
3465 5257 3680 5312 nomina
3718 5265 3996 5324 anapaastu

2415 5352 2759 5420 sull'ragautia
2783 5361 2836 5406 et
2859 5351 3112 5406 concordi
3139 5351 3342 5406 ratione
3367 5349 3762 5419 reSpoudentia,
3789 5359 3844 5402 ut
3870 5355 3995 5418 pote

2414 5444 2594 5509 deitas,
2627 5446 2809 5512 p'etas.
2855 5443 3074 5510 bonitas,
3114 5445 3325 5509 novitas,
3362 5443 3592 5508 brevitas,
3626 5443 3820 5505 leritus,
3868 5457 3988 5513 gru-

2415 5541 2560 5598 vitas.
2595 5537 2839 5604 probitas,
2876 5537 3069 5606 feritas,
3097 5538 3304 5605 species,
3333 5536 3518 5600 sanies,
3549 5537 3750 5600 macies,
3779 5532 3986 5604 glacies.

2416 5629 2600 5694 rabies,
2634 5629 2847 5693 scabies,
2879 5629 3056 5692 series,
3089 5630 3264 5696 facies,
3295 5627 3449 5691 acies,
3477 5635 3528 5680 et
3551 5625 3747 5693 reliqua
3774 5623 3990 5676 similia.

2421 5718 2613 5773 Verum
2645 5718 2755 5772 lucc
2780 5719 3000 5786 paucula
3038 5719 3296 5782 exemplis
3345 5716 3677 5785 anapzesticis
3697 5728 3983 5782 congruen-

2420 5811 2485 5862 tia
2515 5810 2803 5871 sufficiant,
2835 5809 2954 5874 quia
2982 5807 3048 5862 de
3095 5807 3359 5876 praedictis
3405 5807 3728 5870 nominibus,
3775 5819 3894 5873 qua:
3940 5803 3987 5854 io

2423 5903 2689 5956 tribraelio
2718 5901 3104 5970 congessimus,
3135 5909 3431 5967 anapmstus
3483 5899 3715 5967 legitime
3763 5908 3985 5965 genera-
