4172 6536
244 393 346 450 20')

1172 392 1374 449 LIBER
1415 393 1503 449 DE
1543 390 1975 450 SEPTENARIO
2018 391 2106 446 ET
2148 390 2237 446 DE
2278 389 2558 447 METRIS.

3408 401 3514 456 210

235 517 343 570 tur,
379 516 484 561 tam
516 506 770 574 genitivo,
795 504 994 571 dativo,
1022 515 1073 561 et
1101 508 1334 562 ablativo
1364 509 1640 578 singulari,
1661 526 1818 580 quam
1850 507 1900 565 Α
1927 503 2240 571 clanculum,
2273 505 2548 572 ferculum,
2583 503 2864 558 succinum.
2897 504 3045 558 Unde
3067 506 3255 564 Junius
3277 509 3508 565 Juvenaw

234 597 586 663 nominativo,
617 600 943 666 accusativo,
982 603 1248 666 vocativo,
1280 610 1334 654 et
1356 603 1590 657 ablativo
1610 605 1820 671 plurali,

231 693 277 745 si
307 693 597 746 masculina
623 707 714 745 seu
748 693 1000 746 feminina
1034 693 1229 748 fuerint
1256 694 1442 760 prima:
1479 703 1533 748 et
1571 698 1821 748 secunda:

230 782 629 844 declinationis,
657 793 712 836 ut
741 786 934 849 anima,
961 785 1162 854 aquila,
1192 787 1372 852 pedica
1391 828 1404 850 ,
1437 787 1660 850 hedera;
1693 788 1817 840 item

230 876 495 939 dominus,
530 877 728 939 radius,
756 877 978 929 catulus.
1009 877 1276 932 Neutralia
1312 888 1487 932 autem
1520 879 1608 932 illa
1636 880 1686 933 in
1711 881 1820 934 sin-

227 967 400 1032 gulari
432 968 646 1034 quidem
677 983 898 1022 numero
945 984 1038 1033 per
1077 969 1295 1022 eosdem
1346 984 1503 1024 casus
1545 979 1818 1036 anapmsto

225 1059 579 1121 enncordant,
611 1058 703 1110 sed
735 1060 784 1111 in
810 1060 997 1126 plurali
1022 1060 1258 1127 exceptis
1282 1060 1462 1115 dativo
1502 1070 1557 1116 et
1585 1061 1817 1115 ablativo

224 1150 557 1202 discordant.
594 1151 658 1201 At
689 1165 817 1202 vero
848 1159 1038 1218 quarta
1064 1151 1351 1206 declinatio
1381 1152 1597 1206 casibus
1626 1153 1818 1206 disere-

225 1251 338 1307 pat,
372 1250 426 1292 nt
457 1242 670 1300 sonitus.
695 1243 950 1310 fremitus,
977 1246 1214 1312 gemitus,
1235 1247 1457 1314 rugitus,
1477 1244 1690 1308 reditus,
1724 1263 1814 1296 ru-

221 1333 380 1384 ditus.
419 1333 590 1386 Vt-rba
621 1343 797 1386 autem
833 1344 937 1386 tam
983 1336 1168 1402 prima:
1217 1336 1608 1402 conjugatiouis
1657 1351 1814 1402 quam

221 1425 416 1485 tertias,
463 1438 580 1488 qua:
636 1424 684 1475 in
742 1424 1008 1477 tribraelio
1053 1428 1458 1493 proposuimus,
1490 1427 1703 1496 quando
1748 1428 1813 1480 ad

217 1513 645 1580 significationes
705 1517 1105 1584 participiorum
1157 1519 1500 1586 rediguntur,
1551 1519 1814 1574 solutiOnc

217 1609 423 1660 ultimae
455 1609 674 1675 syllabae
707 1611 758 1662 in
783 1627 876 1664 aris
924 1623 1014 1664 aut
1065 1617 1116 1665 in
1165 1631 1272 1676 ens,
1307 1614 1566 1682 anapzesti
1608 1613 1813 1683 legibus

215 1699 322 1752 rite
356 1698 778 1764 famulabuntur,
814 1711 869 1754 ut
911 1719 1204 1766 numerans,
1233 1706 1489 1774 rogitans,
1522 1709 1807 1774 maculans,

217 1804 526 1858 properans,
561 1790 817 1844 dubitans.
850 1793 973 1847 lliec
1005 1811 1130 1849 vero
1152 1796 1218 1850 de
1244 1798 1394 1851 tertia
1428 1817 1438 1849 :
1465 1799 1684 1864 reniens,
1711 1807 1804 1854 ut:

657 1885 854 1944 pulchro
880 1888 1084 1934 veniens
1108 1891 1156 1936 in
1179 1902 1384 1950 corpore
1410 1892 1588 1952 virtus;

213 1965 432 2032 faciens,
459 1968 683 2036 rapiens,
716 1968 942 2035 capiens,
969 1973 1190 2039 fugiens,
1223 1983 1464 2040 metuens,
1492 1985 1548 2028 ut
1572 1976 1622 2030 in
1644 1977 1810 2030 Geor-

216 2056 355 2125 gicis
386 2075 395 2108 :

404 2146 506 2195 lloc
527 2155 754 2197 metuens
779 2150 888 2200 coeli
917 2164 1113 2202 menses
1138 2160 1189 2202 et
1213 2157 1372 2204 sidera
1395 2169 1557 2206 serva.

216 2228 390 2283 Porro
421 2231 581 2284 verba
608 2233 858 2287 secunda:
876 2236 1430 2308 coniugationis,qua:
1453 2241 1506 2295 in
1537 2241 1805 2298 tribracho

212 2321 564 2387 prardixitnus
597 2324 997 2391 participiorurn
1030 2330 1508 2394 significationibus
1534 2334 1802 2400 subnexa,

212 2428 553 2481 nequaquam
601 2426 914 2484 anapaesto,
970 2421 1062 2474 sed
1118 2422 1296 2476 iambo
1350 2427 1639 2494 mancipari
1682 2444 1806 2481 cen-

209 2519 344 2568 seo,
400 2507 872 2575 quandoquidem,
932 2521 1071 2564 statu
1141 2515 1538 2584 trisyllibnrum
1612 2521 1801 2587 pedum

209 2596 436 2656 amisso,
479 2597 541 2648 ad
576 2600 810 2664 regulam
837 2600 1222 2668 disyllaborum
1254 2605 1589 2673 rediguntur,
1626 2619 1680 2661 ut
1713 2611 1804 2679 ju-

209 2686 304 2736 bea
324 2687 527 2752 jubens,
547 2689 700 2742 doceo
731 2689 936 2757 docens,
967 2693 1107 2745 calce
1139 2695 1332 2760 calens,
1367 2699 1544 2750 madeo
1571 2701 1802 2764 madens,

210 2774 280 2826 al.
299 2792 326 2827 ο
355 2778 514 2831 olens.

290 2866 351 2919 D.
388 2869 706 2935 Anapmstus
755 2885 857 2939 qua
903 2873 1182 2927 divisionis
1240 2876 1464 2931 formula
1499 2881 1719 2947 partitur
1747 2891 1802 2936 et

211 2974 324 3026 quo
354 2973 575 3017 accentu
609 2964 994 3031 profertur?-—
1025 2969 1089 3020 Μ.
1127 2969 1308 3022 liidein
1342 2983 1610 3038 anapaesto
1648 2988 1797 3042 aequa

209 3053 408 3108 divisio
446 3059 725 3124 competit,
778 3062 898 3123 quia
958 3061 1180 3115 totidem
1241 3071 1478 3130 tempora
1525 3065 1661 3118 arsis
1697 3065 1798 3118 sibi

205 3158 453 3214 usurpat,
483 3158 613 3218 quot
639 3150 689 3204 in
725 3152 862 3207 thcsi
906 3155 1268 3208 continentur.
1321 3159 1520 3210 Acutus
1552 3173 1680 3212 vero
1710 3173 1796 3212 ac—

204 3249 399 3292 centus
427 3241 478 3294 in
511 3245 932 3310 anlepenultima
950 3247 1484 3317 ponenduscst,dum
1509 3252 1795 3320 penultima

203 3331 531 3386 naturaliter
555 3335 865 3404 corripitur.

823 3427 901 3480 De
934 3429 1158 3498 dactylo.

279 3511 341 3566 υ.
370 3512 626 3583 Dactylus
655 3517 792 3571 unde
819 3519 1138 3574 vocabulum
1191 3522 1422 3576 nominis
1472 3523 1797 3592 proprietate

198 3611 428 3658 sortitus
455 3610 655 3660 est?——
680 3610 748 3662 Μ.
775 3612 1080 3666 Auctoritas
1109 3612 1309 3667 Graecae
1339 3615 1795 3684 interpretationis

197 3696 482 3765 dactylum
542 3697 767 3764 digitum
829 3702 1288 3773 nuncuparit,qni
1337 3705 1506 3760 tribus
1560 3708 1794 3762 articulis

197 3789 483 3852 formatur,
514 3792 592 3844 sic
626 3794 792 3846 isdem
845 3809 935 3861 pes
982 3799 1148 3852 ternis
1200 3800 1420 3868 syllabis
1465 3803 1788 3856 continrtnr.

273 3881 336 3934 Β.
367 3880 539 3938 Dicito
585 3884 838 3954 dactylici
888 3888 1036 3954 pedis
1067 3893 1310 3958 exempla
1338 3894 1402 3944 ad
1433 3895 1677 3947 eumdem
1709 3911 1792 3948 re-

193 3971 461 4041 gulariter
483 3975 856 4042 congruentia.
883 4006 953 4017 —
982 3977 1052 4032 Μ.
1089 3979 1313 4034 Nomina
1343 3983 1589 4049 primitus
1618 3985 1792 4037 brevi-

196 4075 282 4114 ter
315 4064 558 4130 ponenda
581 4075 726 4130 sunt,
760 4075 813 4119 ut
835 4067 1018 4135 fibula,
1039 4071 1238 4138 fabula,
1281 4071 1429 4139 alea;
1453 4074 1590 4129 unde
1613 4075 1788 4142 aliter,

190 4153 444 4219 calculus,
495 4162 549 4207 et
586 4158 782 4209 tesseris
813 4160 992 4212 ludens
1037 4177 1126 4226 per
1167 4163 1355 4216 aleam.
1408 4167 1564 4230 Area,
1608 4169 1786 4230 ardea,

185 4246 363 4308 simia,
393 4247 621 4312 vernula,
653 4250 888 4317 garrula,
914 4251 1134 4320 tippula,
1155 4263 1365 4321 tessera,
1390 4256 1582 4322 ﬁstula,
1617 4269 1788 4310 castu-

187 4340 242 4389 la
264 4378 278 4398 ,
337 4339 585 4404 calculus,
619 4341 820 4396 luridus
849 4383 864 4407 ,
922 4345 1206 4413 squalidus,
1238 4346 1511 4412 horridus,
1546 4349 1783 4418 frigidus,

183 4430 460 4495 humidus,
495 4433 696 4497 aridus,
729 4438 991 4501 carbasus,
1023 4435 1300 4502 Caucasus,
1329 4440 1606 4503 Ma'tialus,
1630 4441 1786 4508 frivo-

184 4523 309 4585 lus,
343 4538 596 4593 cernuus,
646 4527 878 4594 culleus,
929 4531 1182 4595 cwrulus,
1238 4533 1492 4597 annulus,
1551 4543 1607 4588 ut
1655 4535 1781 4589 illud

184 4612 526 4681 Cpitlialamii
561 4632 572 4668 :

377 4704 596 4753 Annulus
622 4717 650 4755 e
675 4706 844 4767 digitis
875 4707 1070 4758 tollatur
1094 4710 1318 4762 mollibus
1341 4727 1502 4775 asper.

181 4786 444 4852 Quaedam
475 4803 539 4841 ex
591 4787 677 4843 his
718 4792 1029 4859 principalia
1078 4804 1222 4859 sunt,
1252 4807 1305 4849 et
1332 4797 1517 4865 prima:
1562 4799 1783 4868 positio-

184 4879 298 4941 nis,
332 4887 388 4930 ut
429 4877 589 4945 Allia,
641 4889 848 4946 tessera,
883 4882 1164 4940 Caucasus.
1221 4887 1475 4951 Quaedam
1526 4891 1780 4959 epitheta,

181 4986 310 5039 qua:
351 4972 654 5027 nominibus
684 4975 1029 5042 capulantur,
1064 4989 1119 5032 ut
1163 4981 1438 5050 garrulus,
1497 4985 1781 5052 squalidus,

182 5062 419 5116 luridus.
453 5061 583 5117 ltem
616 5066 918 5134 papulas,si
937 5069 1002 5122 ad
1035 5070 1282 5125 arborem
1314 5072 1566 5142 pertinet,
1600 5075 1780 5145 dacty-

181 5155 274 5208 lus
307 5162 410 5221 est,
445 5164 542 5211 ut:

379 5246 590 5308 Papulus
615 5247 796 5298 Alcide
819 5253 1095 5312 gratissima
1111 5291 1124 5311 ,
1146 5254 1254 5304 vitis
1280 5253 1467 5304 laccho.

184 5332 252 5386 Et
286 5341 478 5399 quarto
513 5333 653 5388 libro
680 5333 1065 5406 Georgicorum
1098 5357 1110 5391 :

374 5423 541 5482 Qualis
564 5426 771 5487 papulea
793 5441 1008 5479 mmrens
1033 5431 1298 5482 Philomela
1323 5434 1414 5483 sub
1435 5434 1618 5484 umbra.

177 5506 238 5561 Si
281 5508 505 5576 papulas
540 5509 689 5575 plebs
720 5519 822 5575 est,
867 5512 1170 5584 tribrachys
1202 5517 1330 5580 erit,
1365 5527 1458 5570 ut:

375 5600 537 5648 Mores
563 5608 610 5648 ct
631 5605 787 5651 studia
825 5612 876 5653 et
903 5607 1103 5668 papulas
1129 5617 1180 5659 et
1204 5609 1365 5672 pratia
1386 5611 1555 5657 dicam.

175 5684 316 5738 ltcin
361 5695 571 5749 neutra,
601 5696 657 5739 ut
685 5687 968 5754 vinculum,
1001 5692 1301 5758 simpulum,
1327 5692 1608 5758 serpulum,
1633 5709 1776 5763 sym-

172 5777 375 5839 bolum,
433 5778 744 5845 cymbalum,
802 5789 1122 5848 tympanum.
1175 5786 1454 5848 sarculum,
1507 5785 1772 5849 nebulam,

173 5866 366 5927 (Illum.
399 5869 686 5940 «Ψέειιίωηι,
739 5878 1045 5944 cru-stolam,
1079 5881 1359 5935 'l'usrulttm
1390 5923 1400 5950 ,
1454 5879 1771 5951 plusculum,

1929 595 1993 650 iis
2019 592 2311 662 Satyrieos,
2345 595 2483 648 libro
2515 597 2674 650 tertio
2702 613 2718 650 :

2111 688 2181 736 En
2207 691 2280 737 cui
2304 695 2354 738 tu
2383 691 2582 738 viridem
2609 691 2886 750 umbellam,
2912 695 2989 741 cui
3015 694 3210 742 suecina
3231 697 3397 743 mittis.

1928 769 2002 823 De
2043 785 2150 838 quo
2180 770 2378 824 Plinius
2411 773 2697 827 Secundus
2748 775 2995 843 physicas
3028 792 3208 831 rerum
3262 777 3512 831 historias

1923 864 2185 930 sagaciter
2203 864 2494 932 explanatis
2519 866 2654 921 libro
2686 867 2960 935 trigesimo
2989 871 3069 924 sic
3099 871 3172 923 ait
3205 888 3217 922 :
3257 887 3275 920 ι
3314 869 3512 922 Trans.

1921 956 2246 1022 padanorum
2293 959 2600 1026 agrestibus
2643 958 2856 1014 feminis
2909 962 3185 1017 monilium
3217 965 3334 1018 vice
3383 979 3510 1018 suc-

1923 1048 2039 1098 cina
2068 1050 2420 1115 gestantibus.
2461 1070 2480 1102 »
2514 1051 2580 1104 Et
2613 1052 2746 1104 intra
2780 1072 2791 1102 :
2825 1071 2842 1104 ι
2877 1053 3120 1108 Suecinis
3149 1056 3363 1125 (inquit)
3387 1057 3507 1110 inti-

1921 1141 2154 1206 Citttitur,
2195 1153 2454 1198 creterum
2485 1146 2676 1199 attritu
2721 1144 3011 1215 digitorum
3062 1156 3280 1216 accepta
3329 1149 3506 1201 anima

1920 1231 2112 1285 caloris
2144 1233 2360 1286 trahunt
2387 1235 2439 1288 in
2463 1249 2522 1290 se
2551 1236 2731 1305 paleas
2761 1250 2824 1290 ac
2848 1233 2971 1290 folia
3001 1237 3172 1299 arida,
3209 1246 3264 1290 ut
3289 1252 3506 1306 magnes

1920 1324 2150 1392 ferrum,
2186 1345 2202 1377 ι
2242 1334 2296 1380 et
2327 1327 2551 1396 reliqua.

1991 1419 2144 1474 Solet
2162 1421 2321 1474 etiam
2342 1421 2586 1491 dactylus
2603 1435 2632 1474 a
2659 1421 2966 1475 nominibus
2991 1421 3174 1490 figuras
3198 1421 3508 1490 composita:

1921 1512 2223 1578 provenire,
2257 1513 2471 1579 quando
2493 1527 2522 1566 a
2552 1512 2841 1567 verborum
2873 1509 3357 1581 significationibus
3386 1530 3509 1582 gero

1919 1615 1972 1658 et
2001 1609 2109 1673 fero
2151 1616 2568 1673 componuntur,
2606 1615 2663 1659 ut
2685 1607 2892 1674 setiger,
2925 1607 3235 1676 squamiger,
3265 1609 3505 1678 turriger.

1916 1696 2144 1763 nariger,
2160 1696 2467 1764 ﬂammiger,
2489 1696 2717 1766 belliger,
2731 1696 2965 1766 flariger,
2988 1697 3219 1766 fumifer,
3237 1698 3506 1766 sonmifer,

1917 1788 2159 1856 pinuifer,
2185 1787 2365 1857 aliger,
2389 1788 2623 1857 ferriger,
2649 1787 2883 1857 furcifer,
2917 1786 3110 1856 fatifer,
3136 1789 3387 1857 corniger,
3407 1789 3508 1842 cri-

1840 1865 1885 1926 Β
1915 1883 2068 1948 nifer,
2119 1881 2359 1949 armiger,
2405 1882 2646 1950 pomifer,
2691 1880 2926 1949 astrifer,
2980 1879 3204 1948 ostrifer,
3237 1879 3502 1950 umbrifer,

1912 1973 2175 2041 grandifer
2195 2010 2207 2033 ,
2237 1973 2437 2040 buxifer
2458 2013 2473 2038 ,
2505 1972 2780 2040 spumifer,
2815 1971 3017 2037 letifer,
3057 1970 3265 2039 lanifer,
3290 1981 3346 2026 ut
3372 1990 3383 2025 :

2099 2061 2355 2123 Lauigerae
2380 2075 2504 2122 pecu
2523 2061 2598 2111 les
2624 2068 2674 2112 et
2700 2074 2936 2124 equorum
2970 2062 3141 2111 bellica
3168 2063 3344 2123 proles.

2006 2143 2068 2197 D.
2123 2143 2460 2209 Quadrifaria
2511 2145 2954 2214 eonjugationum
3006 2145 3318 2199 discrimina
3380 2160 3501 2214 pos-

1910 2245 2110 2291 suntnc
2165 2237 2434 2307 dactylico
2484 2237 2606 2304 pedi
2663 2237 2983 2306 regulariter
3039 2239 3367 2305 congrueret
3429 2265 3496 2280 --

1909 2327 1978 2379 Μ.
2002 2327 2186 2381 Omnis
2211 2331 2427 2396 quidem
2451 2329 2887 2397 eonjugalionum
2920 2328 3302 2399 quadripertito
3321 2331 3495 2401 quali-

1912 2423 1991 2467 tas
2052 2425 2421 2484 competenter
2475 2417 2688 2488 dactylo
2743 2419 3108 2487 mancipatur,
3159 2430 3213 2474 ut
3265 2421 3492 2486 verbera,

1907 2508 2193 2578 strangulo,
2223 2508 2446 2577 postulo,
2500 2510 2710 2578 castiga,
2758 2511 2992 2578 mastico,
3036 2510 3222 2580 bassio,
3270 2513 3494 2580 pastino,

1906 2599 2093 2665 milita,
2121 2601 2318 2660 exsule,
2348 2603 2571 2667 pectine,
2603 2603 2806 2671 navigo.
2840 2601 2904 2655 Ut
2940 2620 2951 2653 :

2034 2690 2164 2738 Gens
2190 2691 2380 2738 inimica
2405 2691 2522 2739 mihi
2550 2690 2855 2754 Tyrrhenum
2883 2693 3081 2751 navigat
3104 2705 3286 2753 aequor.

1906 2770 2165 2835 Commea,
2193 2789 2384 2836 recrea,
2428 2773 2646 2840 remige,
2684 2787 2938 2842 prwpara,
2972 2775 3178 2839 advola,
3229 2785 3489 2843 computo,

1905 2861 2104 2925 dedico,
2143 2862 2390 2928 confrico.
2416 2860 2668 2930 Virgilius
2704 2880 2716 2914 :

2027 2952 2087 3000 Et
2112 2953 2239 3014 pede
2261 2953 2527 3015 prosubigit
2550 2959 2750 3012 terram,
2779 2953 2914 3002 fricat
2937 2953 3110 3002 arbore
3137 2964 3310 3005 costas.

1979 3036 2042 3088 D.
2070 3036 2143 3088 Da
2168 3035 2417 3088 secundae
2441 3036 2836 3105 conjtigationis
2864 3038 3106 3105 exempla
3137 3053 3255 3106 qua:
3281 3039 3491 3109 dactylo

1905 3127 2270 3197 suppeditent.
2302 3158 2370 3170 —
2404 3129 2472 3182 Μ.
2511 3129 2748 3193 Mordea,
2806 3141 3014 3199 torqnta
3036 3172 3048 3193 ,
3083 3131 3269 3193 litoreo,
3315 3132 3491 3198 deleo,

1824 3214 1868 3274 C
1904 3222 2130 3284 misrrco,
2163 3238 2331 3284 arceo,
2367 3221 2634 3286 splcndeo,
2666 3233 2864 3290 (urgeo,
2898 3222 3063 3287 (neco,
3097 3224 3266 3290 algeo,
3297 3224 3489 3292 pallae,

1902 3325 2078 3378 urgeo,
2104 3325 2302 3374 censeo,
2351 3310 2555 3374 horreo,
2589 3321 2785 3380 torpeo,
2818 3313 3008 3378 pallae,
3045 3323 3232 3381 torreo,
3256 3315 3489 3385 squalco,

1903 3403 2081 3467 fta-eo,
2108 3414 2282 3453 cauea.
2316 3398 2383 3454 Ut
2410 3402 2461 3452 in
2499 3398 2808 3470 Georgicis:

2239 3499 2291 3543 et
2317 3493 2488 3553 glauca
2511 3495 2737 3542 canentia
2768 3491 2941 3542 fronde
2967 3494 3158 3543 salicta.

1902 3575 2134 3642 Mulgeo,
2164 3575 2325 3641 luceo,
2370 3576 2566 3648 fulgeo,
2602 3577 2766 3642 rideo,
2798 3575 3012 3645 impleo,
3056 3579 3252 3645 repleo,
3283 3577 3487 3644 tondeo,

1898 3669 2146 3735 spvttdco,
2183 3677 2368 3730 terrea,
2395 3683 2564 3721 arceo.

1978 3760 2040 3814 D.
2090 3759 2162 3812 Da
2213 3760 2386 3814 tertia:
2415 3760 2809 3828 coiijugationis
2854 3760 3130 3815 formulas.
3161 3791 3233 3802 —-
3261 3761 3328 3816 Ill.
3366 3763 3488 3817 llaec

1900 3860 2026 3904 sunt
2054 3866 2083 3904 a
2112 3852 2269 3906 tertia
2303 3852 2680 3922 eonjugatioue
2712 3853 2873 3907 verba
2906 3854 3193 3917 venientia,
3213 3855 3486 3920 utdesero,

1897 3945 2114 4010 dissero,
2143 3961 2340 4010 assero,
2381 3946 2571 4011 insero,
2619 3963 2850 4012 consero,
2896 3948 3104 4016 degere,
3137 3948 3336 4018 ingere,
3367 3966 3487 4019 sug-

1895 4052 2036 4104 gero,
2079 4052 2291 4106 aggere,
2322 4046 2514 4104 astruo,
2557 4038 2784 4102 destruo,
2811 4039 3031 4104 instrue,
3063 4040 3228 4104 alluo,
3257 4042 3482 4109 can/luo,

1894 4129 2073 4191 induo,
2099 4145 2251 4193 exue,
2279 4131 2474 4193 imbue,
2505 4131 2675 4193 dirue,
2700 4146 2846 4198 eruo,
2869 4132 3045 4195 obrue,
3079 4141 3284 4186 contero
3303 4173 3319 4198 ,
3367 4151 3485 4198 pros

1894 4229 2000 4273 tero
2028 4261 2040 4282 ,
2090 4223 2279 4290 impete
2301 4263 2314 4286 ,
2357 4233 2617 4287 competo,
2669 4224 2886 4291 ingenio,
2921 4233 3219 4290 pct'strepo,
3263 4225 3440 4277 excolo
3468 4269 3479 4286 ,

1895 4314 2145 4376 describo,
2171 4313 2362 4383 dirigo,
2388 4313 2632 4375 convena,
2675 4313 2870 4366 adre/to
2889 4353 2904 4378 ,
2939 4313 3204 4376 contra/ta,
3252 4313 3480 4368 re:ralto.

1971 4405 2030 4456 D.
2067 4404 2140 4457 Da
2165 4414 2390 4472 quartm.
2414 4434 2482 4444 —
2511 4405 2580 4457 Μ.
2619 4402 2826 4467 Fulcio,
2861 4406 3046 4474 farria,
3079 4406 3271 4469 sarcia,
3299 4407 3477 4473 audio,

1894 4497 2068 4558 punio,
2102 4496 2298 4564 mugio,
2322 4495 2487 4564 sapio,
2513 4495 2708 4558 sancio,
2735 4496 2928 4559 pruria,
2972 4497 3167 4564 garrio,
3192 4497 3341 4565 ﬁnio,
3369 4512 3478 4550 ser

1817 4575 1865 4632 υ
1896 4589 1997 4652 υἱο,
2046 4589 2244 4650 munia,
2275 4604 2421 4652 exeo,
2454 4589 2652 4653 ltinnio,
2687 4589 2884 4654 mollia,
2917 4594 3078 4657 sepia,
3107 4590 3269 4651 accio,
3301 4591 3477 4657 sterio,

1888 4681 2076 4743 ambio.
2124 4682 2311 4745 tinnio,
2358 4681 2542 4746 bullio,
2583 4682 2765 4750 gestio.
2811 4682 3001 4744 nutria,
3033 4681 3216 4749 restio,
3256 4682 3478 4746 dormio,

1887 4773 2094 4838 condio,
2127 4771 2335 4840 haurio,
2384 4773 2585 4839 vincia,
2628 4773 2810 4828 sentio.
2856 4773 2984 4828 Item
3032 4774 3084 4828 in
3115 4789 3142 4827 r
3171 4776 3474 4839 terminata,

1884 4867 2151 4931 criminor,
2178 4866 2436 4932 demorer,
2462 4867 2721 4935 suspicor,
2747 4867 3008 4935 auspicar,
3039 4868 3290 4931 cernicor,
3315 4885 3476 4923 a'mu-

1889 4956 1987 5020 lar,
2021 4956 2264 5021 arbitror,
2295 4956 2526 5026 prazliar,
2558 4956 2756 5020 ordiar,
2792 4957 3016 5020 osculor,
3056 4959 3333 5024 nundinar,
3361 4961 3474 5028 glo—

1886 5052 2011 5113 rior,
2057 5048 2310 5119 gratulor,
2339 5063 2602 5117 muneror,
2633 5050 2838 5115 moliar,
2872 5051 3156 5116 machinor,
3181 5053 3470 5120 prwstalor,

1885 5141 2099 5208 partior,
2145 5141 2355 5207 sortiar,
2389 5142 2610 5213 largior,
2652 5141 2913 5207 blandiar,
2957 5144 3197 5196 mentiar.
3227 5142 3318 5196 Sic
3347 5157 3471 5212 pas-

1883 5234 1991 5287 siva
2014 5233 2204 5302 sopior,
2229 5235 2423 5301 sepior,
2445 5234 2656 5303 fulcior,
2687 5235 2878 5296 acciar,
2910 5233 3131 5298 ambiar,
3161 5241 3217 5288 et
3245 5236 3469 5303 reliqua.

1888 5325 2167 5394 Participia
2217 5327 2434 5396 dactylo
2478 5329 2824 5396 congruentia
2859 5329 3344 5399 uspiamreperira
3374 5344 3470 5384 ne-

1883 5418 2176 5485 quiveram,
2223 5430 2448 5486 excepto
2491 5420 2771 5486 praeterito
2815 5427 3060 5488 tempore
3087 5460 3102 5485 ,
3155 5429 3215 5473 ut
3243 5421 3466 5482 deditus.

1883 5509 2069 5575 editus,
2087 5511 2324 5574 traditus,
2343 5510 2558 5575 inditus,
2573 5512 2799 5567 additus.
2818 5511 2950 5567 Nam
2976 5523 3183 5581 tempus
3207 5514 3467 5585 participii

1884 5601 2210 5669 prmtet-itum
2268 5600 2526 5668 triplicem
2575 5605 2816 5658 continet
2861 5603 3125 5672 regulam,
3183 5603 3238 5659 in
3283 5615 3366 5660 tus
3410 5617 3467 5662 ut

1881 5691 2122 5759 scriptus,
2157 5693 2375 5761 sopitus,
2424 5695 2605 5762 fultus,
2665 5696 2877 5758 accitus,
2920 5703 3236 5766 septunaut
3271 5698 3327 5754 in
3356 5717 3464 5764 sus.

1881 5784 2102 5846 occisus,
2134 5783 2293 5848 visus,
2325 5800 2536 5848 mersus,
2566 5796 2748 5849 tersus,
2777 5803 3004 5855 sparsus,
3048 5791 3263 5856 missus;
3291 5799 3386 5846 aut.
3413 5793 3464 5846 iu

1879 5893 1993 5945 Ius,
2012 5876 2312 5944 cruci/iazies.
2331 5877 2625 5948 complexus
2669 5877 2920 5934 adnexus.
2945 5879 3146 5936 Futura
3166 5897 3291 5938 vero
3305 5887 3462 5954 parti-
