4172 6546
712 437 807 490 Elii

1470 430 1526 483 S.
1571 422 1916 482 ALDIlEL‘il
1958 418 2237 478 Ol‘ERUI
2282 414 2457 473 PARS
2500 416 2559 471 ll.
2610 445 2669 455 —
2712 413 3142 469 TRACTATL'S.

3876 414 3992 469 2ῐέ

711 548 849 618 cipia
877 547 1116 616 qualibet
1164 543 1554 615 signiﬁcatione
1587 540 1875 603 venientia,
1923 537 1965 589 si
1999 532 2294 605 penultitna
2328 533 2373 588 Α
2407 530 2573 581 lal‘ant
2605 529 2824 597 rctabat,
2853 531 3055 581 litamus
3075 526 3668 581 litatistitubamtitabrtt.
3694 527 3842 582 lfinlc
3863 525 3913 579 Ρ.
3940 542 3994 578 ro

711 641 1029 698 naturaliter
1061 641 1449 711 producuntur,
1485 637 1830 692 circumﬂexo
1862 642 2085 687 accentu
2119 627 2295 697 profe-

714 745 923 802 runtur,
969 745 1027 790 ut
1055 736 1373 804 scripturus,
1426 734 1669 786 lecturus.
1703 727 1758 784 Si
1806 734 1981 781 autem
2034 722 2295 790 positione

714 832 867 898 longa
898 826 1129 895 fuerint,
1174 837 1461 892 acuuntur,
1508 835 1565 879 ut
1596 823 1905 889 audiendus,
1957 818 2294 881 sarciendus;

712 932 766 974 ct
793 928 1042 975 neutrum
1090 918 1307 988 dactylo
1356 916 1759 986 ssilrragabitur.
1800 913 1930 970 Nam
1964 912 2131 981 sequis
2161 910 2293 963 divi-

715 1011 928 1065 sionum
962 1008 1166 1079 legibus
1213 1010 1538 1063 dirimuntur
1586 1006 1721 1060 arsis
1752 1014 1804 1060 et
1854 1002 2020 1057 thesis
2053 1012 2295 1070 tempore

713 1100 839 1156 bino
869 1109 921 1156 et
950 1099 1096 1156 bino.

1209 1193 1228 1212 -
1266 1170 1344 1226 Dc
1387 1166 1770 1241 antphibraclto.

786 1264 853 1322 D.
885 1263 1061 1330 Quare
1083 1263 1350 1319 vocitatus
1376 1272 1459 1317 est
1486 1256 1939 1328 amphibrachys?
1962 1285 2028 1296 —
2049 1253 2117 1310 Μ.
2142 1253 2292 1321 Quod

713 1369 781 1409 ex
832 1363 1058 1427 utraque
1089 1364 1241 1424 parte
1289 1353 1544 1408 brevibus
1576 1350 1837 1407 ambiatur
1868 1347 2108 1419 syllabis,
2160 1347 2296 1399 sicut

714 1446 1081 1516 amphitapete
1107 1459 1277 1515 genus
1309 1444 1623 1501 vestimenti
1677 1442 1929 1509 utrinque
1958 1439 2199 1491 villosum
2243 1446 2296 1490 et

717 1537 982 1592 hirsutum
1014 1536 1234 1601 dicitur,
1271 1544 1325 1590 ct
1353 1533 1803 1602 amphitheatrum
1845 1529 1933 1583 ubi
1976 1526 2295 1582 altrinsecus

717 1628 1054 1683 scenicorum
1091 1626 1316 1681 ludibria
1360 1623 1795 1692 histrionumque
1838 1620 2129 1675 ridiculosa
2158 1633 2297 1674 com-

716 1727 894 1777 menta
926 1725 1335 1784 exercentur,et
1356 1714 1679 1786 praesidente
1704 1715 2027 1784 agonotheta
2061 1712 2296 1765 theatra-

715 1812 793 1867 les
820 1811 1295 1880 pancratiariorum
1328 1822 1536 1879 pompa:
1568 1808 1618 1861 in
1663 1815 1955 1861 scammatc
1997 1804 2298 1874 palaestrico

713 1912 1060 1973 peraguntur.
1118 1900 1258 1971 Ergo
1286 1902 1413 1975 ἀμφὶ
1457 1901 1720 1970 utrinque,
1773 1899 1985 1975 βραχὺς
2030 1897 2189 1951 brevis

715 2005 1063 2065 terpretatum
1094 1994 1316 2050 dicitur.

784 2086 849 2141 D.
883 2086 956 2140 Da
997 2084 1239 2155 exempla
1270 2084 1337 2141 ad
1381 2083 1820 2154 amphibrachym
1856 2081 2199 2151 pertinentia.
2228 2109 2295 2119 —

712 2177 780 2232 Μ.
809 2176 931 2232 llzec
953 2186 1077 2231 sunt
1109 2176 1320 2231 nomina
1377 2177 1564 2245 prima:
1596 2173 1993 2240 declinationis,
2049 2172 2292 2227 eamdem

713 2268 860 2336 pedis
883 2269 1119 2339 regulam
1139 2267 1505 2335 astipulantia,
1525 2275 1582 2321 ut
1604 2281 1815 2328 corona,
1842 2264 2041 2327 carina,
2065 2265 2289 2327 lacerna,

708 2376 907 2426 acerva,
931 2376 1132 2426 acerra,
1158 2375 1336 2426 arena,
1360 2359 1546 2424 arista,
1576 2358 1796 2429 papilla,
1826 2354 2081 2419 mamilla,
2126 2354 2288 2419 capel-

714 2457 797 2521 ta,
828 2463 1028 2517 catena,
1053 2452 1261 2522 papina,
1295 2451 1489 2516 culina,
1521 2465 1756 2513 amurca,
1808 2447 2015 2512 tabella,
2064 2444 2291 2514 φατρία,

713 2546 933 2613 lucusta,
987 2545 1223 2611 marisca,
1276 2545 1471 2611 rubeta,
1505 2543 1767 2614 pharetra,
1800 2538 2033 2602 camino,
2088 2536 2292 2606 sagitta,

710 2638 935 2709 loquela,
966 2636 1212 2702 medulla,
1237 2635 1476 2700 medella,
1523 2633 1757 2697 taberna,
1791 2646 2028 2694 caverna,
2071 2638 2292 2692 caterva,

729 2730 928 2797 atebra,
954 2730 1172 2782 terebra.
1206 2726 1354 2781 idem
1388 2724 1681 2782 masculina
1712 2741 1723 2776 :
1759 2720 2006 2784 cameius,
2038 2720 2291 2783 caminus,

709 2823 942 2887 caninus,
961 2836 1172 2890 egenus,
1195 2820 1415 2889 apimtts,
1436 2819 1697 2883 alumnus,
1716 2814 1959 2877 eburnus,
1980 2810 2290 2877 cothurnus,

710 2922 932 2986 togatus,
950 2912 1184 2976 anhelus,
1210 2909 1435 2975 libellus,
1455 2907 1675 2972 amicus,
1696 2904 1920 2973 iniquus,
1948 2902 2293 2972 prapinquus,

708 3008 982 3077 profanus,
1015 3002 1226 3067 ocellus,
1250 3007 1435 3066 avitus,
1458 2996 1719 3061 subulcus,
1746 2993 2007 3058 bubulcus,
2041 2989 2294 3053 cinadus,

713 3097 982 3165 Quirinus,
1007 3092 1276 3160 tumultus,
1302 3100 1811 3161 tyrannus,severus,
1830 3085 2091 3143 honestus,
2118 3082 2297 3133 trium-

708 3188 864 3257 phus,
911 3184 1209 3250 cachinnus,
1243 3178 1484 3249 capillus,
1519 3175 1755 3245 lapillus,
1787 3171 2024 3236 Latinus,
2064 3184 2290 3234 amarus,

2404 622 2512 674 sius
2538 620 2754 673 Flaccus
2786 638 2798 675 :

2778 710 3059 760 admoveam
3087 710 3280 770 lt’mplis
3304 716 3354 758 et
3382 707 3507 759 farre
3534 710 3695 758 litabo.

2402 794 2439 845 A
2475 795 2683 862 passivo
2705 794 2936 860 litamur,
2961 794 3193 859 litanlur,
3216 792 3423 860 litabar,
3443 802 3494 849 et
3518 793 3748 848 futurum
3764 791 3986 857 litabat;

2400 883 2627 954 Prosper
2661 903 2672 938 :

2524 976 2584 1026 Et
2602 978 2665 1026 de
2693 979 2923 1026 virtutum
2947 987 3152 1026 munere
3175 986 3312 1026 sacra
3337 974 3462 1027 litat.

2402 1058 2652 1129 Virgilius
2686 1078 2698 1112 :

2522 1154 2776 1213 Sanguine
2797 1150 3054 1214 qumrendi
3083 1149 3272 1199 reditus
3289 1150 3549 1209 animaque
3572 1145 3824 1195 litandum.

2469 1234 2712 1290 Secunda
2747 1235 2927 1290 itidem
2962 1233 3264 1303 coniugatio
3294 1232 3478 1287 iisdem
3508 1233 3767 1285 linearum
3796 1230 3986 1282 trami-

2401 1324 2541 1380 tibus
2570 1325 2951 1393 amphibracho
2981 1326 3270 1389 concurrit,
3301 1323 3366 1377 ab
3398 1337 3459 1377 ea
3489 1323 3743 1375 duntaxat
3773 1337 3984 1373 ερτιιιτεο

2399 1433 2523 1473 num
2555 1419 2695 1474 serie
2725 1433 2842 1488 qua:
2872 1420 2924 1472 in
2960 1418 3228 1473 Iribracho
3249 1418 3496 1483 superius
3523 1416 3982 1474 coacervavimns,

2401 1521 2455 1562 ut
2479 1509 2738 1574 docemus,
2766 1510 2989 1573 docebis,
3014 1510 3277 1573 docebam,
3310 1509 3540 1561 docebat.
3566 1508 3609 1561 Α
3643 1506 3854 1575 paSsivo
3884 1508 3983 1559 do-

2401 1617 2593 1670 cemur,
2628 1604 2887 1669 docentur,
2919 1602 3156 1665 docebar,
3203 1611 3257 1656 et
3311 1602 3485 1654 futuro
3512 1601 3745 1653 docebor.
3793 1600 3881 1652 Sic
3908 1601 3983 1665 fo—

2399 1707 2508 1755 veo,
2536 1708 2707 1754 voveo,
2733 1696 2911 1765 jubeo,
2936 1710 3129 1757 moveo,
3161 1710 3338 1747 moneo
3380 1692 3730 1746 declinantur.
3757 1691 3983 1745 inchoe-

2402 1783 2505 1837 tiva
2534 1782 2779 1838 similiter
2809 1783 2969 1839 verba
3002 1784 3171 1839 tertia:
3215 1784 3602 1851 coniugationis
3644 1796 3673 1834 a
3715 1783 3985 1836 radicibus

2220 1895 2298 1950 in-
2334 1877 2655 1950 Bsecundo:
2709 1875 3099 1945 coniugationis
3168 1874 3474 1944 pullulantia
3537 1871 3981 1942 amphibrachyn

2399 1970 2502 2022 rite
2528 1968 2877 2037 generabant,
2912 1976 2969 2021 ut
3012 1966 3171 2036 rigeo,
3204 1967 3416 2035 rigesco,
3443 1974 3584 2032 tepeo
3626 1973 3844 2029 tepesco,
3871 1975 3983 2015 stu-

2400 2075 2492 2129 pec
2533 2071 2764 2128 stupesco
2791 2098 2805 2124 ,
2862 2058 3003 2111 tabeo
3048 2059 3264 2119 tabesco,
3319 2055 3501 2107 madeo
3543 2054 3797 2113 madesco,
3833 2053 3985 2104 rubea

2398 2154 2643 2218 rubesco,
2673 2151 2814 2205 caleo
2853 2152 3071 2215 calesco,
3120 2160 3282 2205 tumea
3323 2160 3562 2213 tumesco,
3602 2148 3735 2201 niteo
3771 2146 3984 2207 nitcsco,

2397 2261 2516 2299 acea
2538 2259 2733 2307 acesco,
2758 2244 2804 2296 vi
2813 2258 2894 2297 reo
2915 2243 3126 2297 viresco.

2471 2335 2532 2389 Ι).
2568 2334 2819 2392 Potestne
2845 2334 3255 2406 amphibrachys
3309 2347 3337 2388 a
3372 2330 3773 2401 participiorum
3804 2328 3973 2398 signi-

2402 2431 2733 2486 ticationibus
2756 2430 3013 2485 oriundus
3040 2428 3121 2483 his
3145 2428 3449 2497 regularum
3474 2423 3841 2479 sanctionibus
3859 2421 3988 2476 sub-

2393 2522 2568 2592 iugari
2592 2523 2613 2575 ?
2636 2550 2708 2563 —
2737 2520 2806 2575 Μ.
2843 2519 3175 2575 Prmteritum
3206 2529 3258 2572 et
3283 2517 3513 2570 futurum
3558 2513 3822 2583 participii
3850 2527 3987 2565 terr.-

2401 2632 2498 2684 pus
2542 2630 2647 2669 non
2691 2629 2813 2668 reor
2841 2611 3120 2683 refragari,
3154 2620 3210 2665 ut
3248 2619 3446 2663 amatus
3499 2608 3773 2668 amandus,
3809 2605 3988 2657 litatus

2404 2707 2654 2772 litandus,
2691 2713 2899 2757 necatus
2923 2701 3207 2765 necandus,
3242 2711 3446 2753 cavatus
3476 2697 3733 2751 cavandus
3755 2711 3775 2760 ;
3797 2695 3871 2750 sic
3898 2697 3990 2749 do-

2401 2801 2612 2863 cendus,
2662 2798 2958 2863 movendus,
2987 2794 3269 2865 fovendus;
3317 2792 3395 2847 sic
3428 2790 3691 2859 tegendus,
3730 2788 3986 2852 terendus,

2399 2890 2681 2962 gerundus,
2711 2889 2972 2943 serendus.

2474 2984 2534 3038 0.
2581 2980 3010 3052 Amphibracbys
3059 2993 3163 3049 quo
3211 2985 3434 3033 accentu
3481 2972 3988 3044 pronuntiatur?—

2403 3076 2472 3130 Μ.
2501 3075 2557 3130 Si
2589 3072 2884 3145 penultima
2945 3069 3209 3141 positione
3266 3067 3421 3136 longa
3464 3064 3644 3129 fuerit,
3675 3063 3900 3126 acuitur,
3935 3071 3989 3115 ut

2401 3167 2639 3232 marisca,
2658 3180 2888 3229 noverca,
2913 3162 3175 3223 madasca,
3199 3154 3590 3221 ladasca.Quod
3615 3155 3657 3209 si
3680 3150 3989 3208 naturaliter

708 3291 957 3339 amanus,
989 3272 1207 3346 agellus,
1233 3269 1450 3336 asellus,
1475 3266 1738 3337 magister,
1768 3264 2022 3325 minister,
2045 3269 2293 3329 equester,
2331 3243 2373 3305 Ε
2412 3279 2422 3329 ι
2445 3261 2698 3315 eaultima
2724 3256 3056 3327 producitur,
3087 3251 3430 3310 circumﬂexo
3453 3256 3673 3305 accentu
3699 3246 3982 3315 profertur,

709 3366 959 3440 pedester,
991 3373 1266 3433 sequester,
1304 3362 1532 3413 sinister.
1582 3357 1712 3411 Item
1767 3352 2031 3410 neutralia
2064 3369 2075 3404 :
2110 3350 2300 3403 macel-

712 3462 843 3524 lum,
876 3455 1176 3520 metallum,
1208 3450 1523 3522 cylindrum,
1562 3455 1817 3511 aratrum,
1865 3443 2112 3498 sacellum
2134 3481 2147 3508 ,
2196 3450 2299 3493 tro-

714 3564 904 3622 paeum,
933 3548 1207 3610 talentum,
1240 3542 1479 3613 fritillum
1503 3580 1516 3605 ,
1572 3536 1826 3603 lupercal,
1882 3532 2127 3599 tribunal,
2175 3547 2301 3602 qua-

712 3640 943 3705 arantal,
975 3635 1213 3693 minutal.
1249 3632 1402 3690 Unde
1426 3628 1703 3687 Juvenalis
1739 3626 1876 3682 libro
1907 3639 1996 3679 xw
2026 3641 2037 3676 :

1210 3727 1496 3777 hesternum
1521 3722 1683 3783 medio
1710 3729 1914 3769 servare
1932 3714 2161 3776 minutal;

839 3792 1137 3858 Septembri.

714 3880 1009 3936 canistrum.

791 3971 852 4026 D.
890 3970 963 4024 Da
1007 3966 1292 4022 verborum
1325 3973 1537 4032 quoque
1584 3955 1833 4026 exempla
1858 3950 2296 4023 coniugationum

716 4061 1065 4135 qualitatibus
1090 4059 1337 4123 collecta,
1370 4068 1501 4124 quas
1534 4052 1707 4108 Graeci
1734 4048 2018 4122 synzygias
2068 4050 2298 4105 vocant;

717 4134 1010 4226 congerere
1063 4162 1267 4222 quaeso,
1312 4161 1378 4201 ne
1420 4146 1612 4215 pigeat.
1646 4170 1715 4183 ——
1764 4141 1833 4194 Μ.
1865 4134 2301 4205 Satuto,sagitto,

721 4253 922 4325 sagino,
944 4258 1001 4306 ut
1030 4256 1210 4319 poeta,

1132 4337 1237 4387 Non
1262 4344 1456 4397 parvam
1482 4340 1619 4382 sumo
1644 4327 1877 4388 saginam.

723 4437 791 4493 Et
816 4434 951 4494 infra
978 4452 990 4489 ε

849 4529 1076 4590 Desuper
1102 4537 1165 4575 ex
1191 4521 1289 4572 alto
1308 4519 1487 4569 virides
1510 4519 1745 4576 exspecta
1769 4510 1977 4571 saginas.

725 4615 947 4672 Orosius
989 4584 1049 4666 in
1096 4621 1252 4679 prosa
1277 4603 1562 4659 historica:
1602 4594 1871 4649 «lniorme
1897 4584 2312 4660 (inquit)prodi-

648 4722 650 4724 '
724 4711 869 4782 gium
892 4678 1117 4764 Graeciae
1140 4698 1425 4757 luminibus
1447 4690 1762 4764 saginabant
1781 4730 1794 4754 ,
1821 4704 1837 4737 ι
1868 4683 1917 4739 id
1942 4692 2022 4737 est
2044 4678 2312 4735 Creticum

729 4774 1100 4858 blinotaurum.
1125 4795 1213 4853 Sic
1231 4794 1448 4857 honoro,
1463 4789 1658 4850 coloro,
1682 4782 1856 4836 laboro
1872 4821 1884 4844 ,
1900 4774 2310 4843 adoro,rcquiro,

728 4894 934 4956 anhelo,
961 4892 1148 4957 refuto,
1174 4900 1407 4947 corusco,
1447 4877 1717 4937 cachinno,
1766 4875 1954 4937 inesco,
1985 4868 2202 4930 inundo,
2234 4880 2314 4918 re-

729 4984 926 5050 stando,
963 4995 1191 5051 capesso,
1239 4975 1451 5037 lacesso,
1496 4969 1725 5037 quiesco,
1780 4971 2011 5026 cruento,
2068 4957 2313 5021 secundo,

732 5093 983 5150 propago,
1007 5086 1213 5134 recuso,
1241 5068 1459 5139 gelasco,
1484 5060 1727 5124 recondo,
1752 5057 1988 5111 saburra.
2011 5053 2080 5110 Ut
2100 5052 2316 5109 Solinus

730 5146 800 5228 de
828 5167 1044 5243 gruibus
1075 5165 1188 5220 ait:
1224 5179 1243 5213 ι
1280 5156 1622 5225 Sublatisque
1671 5149 1924 5220 lapillulis
1954 5147 2020 5202 ad
2071 5146 2317 5201 modera-

732 5242 843 5320 tam
873 5257 1185 5334 gravitatem
1211 5251 1578 5309 saburrantur.
1620 5264 1637 5297 ι
1668 5242 1957 5310 Virgilius:

808 5376 811 5379 ,
882 5332 895 5334 ἡ
1598 5347 1731 5392 sane
1759 5332 1947 5392 lapillos

765 5422 769 5433 '
855 5410 1130 5526 iftlfymbm
1156 5402 1405 5459 instabiles
1430 5401 1577 5451 (luctu
1597 5398 1812 5458 iactante
1832 5397 2085 5441 saburram

898 5490 927 5525 υ
968 5481 1071 5524 unt.

735 5557 943 5628 Fatigo,
975 5563 1034 5612 ut
1057 5571 1071 5609 :

1102 5651 1398 5706 noctemque
1422 5639 1652 5700 diemque
1679 5635 1898 5695 fatigant.

735 5733 915 5790 Oritur
945 5730 1107 5785 etiam
1130 5728 1271 5784 idem
1304 5740 1398 5798 pes
1432 5739 1460 5778 a
1488 5720 1669 5777 verbis
1695 5719 1883 5788 prima:
1905 5705 2320 5780 coniugationis,

737 5843 856 5893 quin
885 5827 936 5881 in
970 5822 1278 5895 pyrrhichio
1324 5822 1433 5892 iam
1485 5815 1875 5887 congessimus,
1901 5809 1982 5864 his
2032 5803 2271 5877 personis
2307 5844 2316 5854 .

730 5932 975 5975 vocamus
1003 5916 1188 5973 vocatis
1218 5916 1461 5972 vocabam
1509 5910 1735 5967 vocabat,
1771 5914 1991 5960 velamus
2028 5900 2199 5954 vetatis
2242 5912 2322 5952 ve~

2404 3364 2457 3407 ut
2482 3353 2678 3417 carina,
2706 3359 2907 3417 catena,
2935 3334 3157 3410 camera,
3184 3344 3382 3398 rubeta.

2480 3444 2540 3497 D.
2572 3442 2685 3509 Qua
2712 3439 2988 3495 (Ιίνῑρίοηίε
3013 3435 3238 3492 formula
3285 3430 3614 3489 famulatur?
3659 3456 3723 3469 —
3752 3425 3823 3482 bl.
3857 3424 3988 3481 Cum

2408 3535 2681 3604 prmdictis
2705 3533 2931 3602 pedibus
2962 3546 3066 3585 non
3102 3535 3280 3584 servat
3321 3538 3502 3595 parem
3533 3522 3814 3578 divisionis
3843 3534 3992 3587 regu-

2408 3630 2536 3693 lam,
2586 3628 2681 3683 sed
2732 3626 2949 3694 triplum
2991 3619 3310 3678 conditionis
3357 3617 3742 3672 incrementum
3809 3618 3988 3664 contra

2408 3723 2658 3791 simplum
2689 3714 2945 3788 temporis
2968 3713 3346 3769 detrimentum
3395 3714 3673 3777 repugnat,
3703 3701 3829 3759 dum
3854 3700 3987 3754 arsis

2407 3814 2645 3871 continet
2676 3825 2861 3877 unum,
2890 3818 2944 3863 et
2975 3805 3139 3863 thesis
3167 3812 3296 3858 tres.

2976 3899 3052 3954 De
3091 3895 3459 3968 amp/timuere.

2483 4002 2546 4056 D.
2572 3999 2927 4056 Luculentum
2958 3993 3240 4064 exemplar
3269 3999 3322 4045 et
3348 3986 3568 4044 evidens
3598 3980 3851 4036 indicium
3877 3992 3986 4031 am.

2412 4096 2799 4165 phimacroque
2826 4088 3151 4146 conveniens
3177 4082 3376 4154 profer.
3407 4108 3477 4121 —
3507 4077 3575 4133 Μ.
3605 4072 3845 4138 Almitas,
3898 4070 3989 4124 tri-

2410 4190 2566 4254 nitas,
2592 4162 2783 4251 unitas,
2810 4181 3057 4245 charitas,
3089 4176 3318 4241 castitas,
3343 4170 3549 4237 veritas,
3570 4166 3785 4230 orbitas,
3808 4162 3991 4218 sancti-

2412 4294 2511 4347 tas,
2536 4280 2780 4351 dignitas,
2805 4276 3032 4343 claritas,
3048 4270 3289 4341 qualitas,
3308 4262 3585 4335 quantitas,
3602 4257 3847 4319 densitas,
3869 4253 3993 4308 leni-

2413 4384 2511 4438 tas,
2554 4372 2775 4439 crvcitas,
2802 4369 3023 4433 siccitas,
3049 4364 3246 4425 civitas,
3273 4360 3462 4423 vilitas,
3507 4354 3742 4424 largitas.
3764 4350 3991 4413 vastitas,

2413 4464 2638 4517 suavitas
2670 4502 2686 4529 ,
2753 4460 2985 4515 torvitas.
3074 4454 3288 4509 Solinus
3342 4449 3394 4503 in
3451 4444 3773 4501 Collectanea
3826 4454 3991 4494 rerum

2340 4584 2390 4643 ι)
2417 4554 2843 4619 memorabilium,
2894 4551 2961 4604 de
2989 4545 3293 4643 panthera
3349 4558 3383 4641 ι.
3416 4538 3527 4595 Nec
3568 4535 3753 4643 terreri
3780 4532 3990 4634 (inquit)

2419 4648 2517 4700 nisi
2563 4646 2676 4700 sola
2708 4644 2817 4697 oris
2850 4641 3117 4695 torvitate.
3156 4654 3175 4688 ι
3221 4632 3486 4702 .Equitas,
3532 4628 3751 4698 falsitas,
3781 4626 3991 4687 sanitas,

2418 4741 2658 4811 ﬁrmitas,
2704 4736 2919 4800 vanitas,
2944 4731 3195 4805 paucitas,
3234 4728 3439 4781 raritas.
3487 4722 3686 4777 Eodem
3733 4719 3897 4774 modo
3946 4718 3992 4770 iu

2420 4834 2609 4906 plurali
2656 4844 2881 4888 numero
2918 4825 3299 4886 inveniuntur,
3331 4828 3388 4873 ut
3437 4816 3713 4887 margines,
3741 4813 3992 4877 cardines,

2420 4904 2671 5000 furfures,
2706 4923 2926 4996 fomites,
2953 4917 3198 4985 cespides,
3222 4911 3478 4983 cuspides,
3502 4907 3743 4973 termites,
3778 4904 3991 4967 stipites,

2422 4992 2655 5090 poplites,
2694 4992 2916 5076 ramites,
2961 5008 3196 5071 murices,
3249 5002 3504 5066 sandices,
3553 5007 3608 5053 et
3658 4995 3873 5050 similia.
3925 4992 3995 5047 lia

2419 5087 2630 5181 quoque
2679 5101 2934 5175 singulari
2981 5099 3232 5171 pontifex,
3255 5094 3461 5166 artifex,
3494 5088 3744 5158 carnifex,
3775 5087 3994 5154 aurifex,

2422 5204 2651 5271 exstipev
2679 5197 2771 5268 qui
2798 5205 2851 5251 et
2874 5206 3115 5262 aruspex,
3142 5188 3313 5260 opifex
3340 5197 3468 5239 νει-ο
3487 5188 3761 5251 anapaesto
3785 5190 3999 5247 compeo

2424 5298 2505 5347 tit.
2538 5292 2578 5345 Α
2612 5289 2789 5343 verbis
2812 5293 2990 5339 autem
3023 5279 3267 5350 exempla
3296 5273 3666 5346 amphimacro
3693 5279 3997 5337 competen-

2425 5386 2493 5440 tia
2527 5384 2695 5452 prima
2727 5389 2954 5450 persona
2986 5375 3232 5431 invenire
3270 5366 3510 5439 nequivi,
3532 5363 3635 5420 nisi
3663 5362 3801 5419 forte
3827 5359 3997 5416 dualis

2424 5474 2627 5545 syllaba
2658 5467 2979 5525 autlienticis
3007 5462 3290 5520 illustrium
3325 5466 3601 5528 poetarum
3622 5452 3887 5525 exemplis
3916 5466 3995 5513 re-

2428 5565 2628 5634 pe:itur
2655 5560 2895 5631 produci.
2927 5555 3204 5627 Virgilius:

2549 5655 2858 5709 Horrendum
2884 5662 2935 5704 et
2958 5653 3086 5701 dictu
3113 5647 3256 5699 video
3280 5642 3555 5694 miserabile
3580 5648 3865 5690 monstrum.

2428 5743 2494 5798 Et
2516 5741 2639 5798 alibi
2664 5782 2672 5791 .

3013 5803 3328 5863 Teucrosque
3354 5806 3562 5860 penates

2555 5874 2846 5928 Commeuju
2872 5869 3035 5930 sociis,
