4172 6540
221 392 328 446 (215

226 504 332 558 Sed
362 504 461 557 hoc
487 501 808 557 auctoritate
835 499 1018 569 potius
1047 514 1209 567 quam
1241 500 1453 553 ratione
1484 499 1643 549 talct.
1672 495 1802 547 Nam
1843 500 1890 558 Α

223 597 277 649 in
303 597 513 649 exteris
535 608 896 663 personarum
914 591 1371 645 declinationibus
1397 589 1804 653 amphiinacrus

221 687 416 739 crebro
447 686 687 742 insertus
717 685 1025 748 adnotatur,
1057 693 1116 738 ut
1145 683 1424 752 conglobas
1455 680 1801 750 conglobant,

221 779 464 831 ambulas
495 779 789 841 ambulant,
823 778 1054 830 cursitas
1087 778 1372 842 cursitant,
1405 775 1639 829 sontnias
1666 788 1803 825 som-

221 874 398 937 niant,
432 876 611 926 basias
647 875 880 926 basiant.
918 871 985 924 Ut
1018 872 1244 926 Ovidius
1278 889 1291 925 :

470 962 627 1012 Dulce
659 959 934 1022 quiescenti
966 961 1099 1010 basia
1129 961 1307 1010 blanda
1340 961 1509 1010 dabas.

223 1041 423 1105 Expias
453 1045 684 1111 expiant.
719 1044 906 1097 Oritur
933 1056 985 1098 et
1017 1060 1044 1098 a
1078 1044 1234 1097 tertia
1268 1042 1648 1109 coniugatione
1678 1057 1804 1110 pro-

217 1136 385 1188 ducta
415 1136 466 1187 in
500 1138 657 1189 tertia
689 1151 921 1203 persona
950 1135 1168 1205 plurali,
1199 1145 1254 1189 ut
1281 1135 1538 1204 farciunt,
1564 1136 1802 1188 sarciuut

217 1228 474 1288 tiuuiuut,
493 1226 760 1288 hinniunt,
784 1229 1019 1295 sopiunt,
1037 1229 1265 1295 sopiunt,
1287 1229 1554 1289 sanciunt,
1578 1227 1806 1279 bulliunt

217 1317 453 1368 acciuut.
480 1317 523 1369 Α
553 1318 860 1386 participiis
891 1318 1251 1370 nihilominus
1277 1325 1523 1384 tempore
1552 1319 1805 1385 pratsenti

217 1409 482 1473 gignitur,
523 1417 582 1460 ut
626 1411 901 1474 territans,
945 1410 1186 1473 basians,
1231 1411 1523 1478 amplians,
1564 1411 1804 1476 ea'pians,

215 1501 479 1562 imbuens,
500 1503 745 1562 induens,
761 1519 976 1568 exuens,
997 1506 1250 1569 ambiens,
1269 1506 1526 1573 garriens,
1543 1504 1802 1571 p'ruricns.

292 1591 358 1644 ἱ).
405 1595 826 1661 Amphimacrus
873 1596 1015 1649 unde
1057 1596 1381 1648 vocabulum
1427 1596 1701 1662 sumpsit?
1738 1624 1805 1631 —

214 1682 290 1736 Μ.
314 1683 468 1748 Quod
488 1686 554 1737 ab
572 1697 804 1755 utraque
826 1695 975 1754 parte
994 1687 1169 1756 longis
1188 1688 1413 1757 syllabis
1431 1687 1792 1742 circuniclusa

217 1775 403 1829 brevis
449 1777 707 1845 cingitur,
759 1792 881 1830 nam
918 1778 1105 1847 μακρὰ
1134 1779 1320 1846 leuga,
1367 1788 1420 1832 et
1469 1781 1794 1850 macrolegiu

212 1863 378 1929 longa
411 1867 678 1920 sententia
711 1869 932 1922 dicitur.

290 1955 352 2011 D.
391 1956 508 2020 Qua
544 1958 833 2011 divisionis
867 1962 1044 2027 specie
1081 1960 1218 2014 idem
1253 1977 1346 2029 pcs
1379 1965 1792 2030 sequestratnr?

211 2075 288 2087 --
320 2046 392 2101 Μ.
428 2050 876 2116 Amphimacrum
915 2054 1168 2122 sescupla
1203 2054 1473 2108 divisione
1507 2055 1793 2124 partimur,

213 2140 347 2207 quia
376 2140 518 2195 arsis
541 2148 594 2195 et
620 2141 792 2196 thesis
817 2143 947 2198 bina
973 2153 1028 2198 et
1056 2146 1197 2200 trina
1225 2155 1532 2215 temporum
1564 2149 1794 2203 interca-

214 2229 411 2296 pedine
439 2231 796 2288 dirimuntur.

821 2315 900 2367 De
967 2316 1196 2371 bacchio.

281 2400 342 2452 D.
379 2400 557 2456 Dicito
585 2403 834 2470 exempla
879 2403 944 2457 ad
995 2406 1300 2474 pedestrem
1333 2407 1536 2464 baccbii
1567 2410 1804 2480 regulum

200 2491 726 2558 pertinentia.-—M.
766 2493 1044 2559 Voluntas,
1075 2500 1330 2567 voluptas,
1357 2499 1605 2566 facultas,
1635 2512 1805 2570 potes-

206 2591 317 2647 tas,
371 2583 630 2647 honestas,
682 2587 947 2654 juventus,
997 2601 1244 2654 senectus,
1297 2601 1352 2644 et
1419 2595 1801 2662 prapemoduin

195 2673 382 2727 omnia
433 2676 646 2729 nomina
705 2676 892 2744 primae
944 2679 1020 2732 vel
1082 2684 1335 2736 secunda:
1387 2686 1797 2754 coniugationis,

193 2781 321 2834 quas
349 2765 414 2818 ad
446 2766 891 2838 amphibrachym
913 2771 1160 2839 superius
1202 2776 1606 2831 accumulantes
1632 2789 1802 2833 cater-

203 2858 373 2913 vatim
404 2858 792 2928 congessimus,
828 2860 940 2916 lizec
969 2864 1158 2919 eadem
1188 2883 1340 2922 versa
1377 2870 1489 2924 vice
1519 2870 1797 2926 bucchium

197 2951 577 3005 reformabunt
600 2952 652 3004 in
675 2953 886 3007 caneris
916 2955 1149 3018 casibus,
1186 2967 1414 3027 excepto
1446 2961 1794 3028 nominatim,

189 3041 505 3094 accusativo
533 3051 587 3095 et
618 3043 868 3096 vocativo
893 3044 1170 3114 singulari,
1201 3059 1257 3103 et
1302 3049 1536 3120 genitivo
1579 3052 1795 3119 plurali,

196 3134 505 3203 utpepinaz,
540 3137 750 3200 culinw,
783 3138 997 3203 rubetw,
1038 3141 1276 3207 popinas,
1304 3144 1524 3208 culinas,
1565 3147 1792 3211 rubetas,

1140 387 1341 440 LIBER
1384 385 1469 438 1)ῐῖ
1513 383 1776 440 ΞΕΡΤΕΝ
1821 379 1973 432 ἰ11ἷΟ
2015 381 2100 434 ET
2140 382 2228 436 DE
2271 383 2554 444 METlilS.

3407 402 3508 458 εὶτί

2166 505 2528 562 nocturnusque
2557 510 2691 551 vocat
2719 503 2930 554 clamore
2959 505 3215 558 Cithmron.

1923 578 2241 648 Ngcticorax
2270 591 2560 638 nocturnus
2591 599 2784 641 corvus
2806 587 3022 644 dicitur.
3053 592 3146 645 llic
3175 609 3300 663 ergo
3334 611 3426 665 pes
3451 597 3503 650 in

1918 670 2158 739 sescupla
2190 670 2451 728 divisione
2486 682 2587 727 est.

2453 766 2529 820 De
2575 769 2963 837 palimbacchio.

1989 851 2050 904 l).
2083 852 2165 906 0b
2193 868 2350 922 quam
2393 871 2503 911 rem
2544 857 2916 915 antibacchius
2971 864 3050 918 vel
3085 866 3508 934 palitnbaci-hius

1914 941 2089 996 dictus
2118 944 2246 999 est?
2271 975 2342 986 -
2371 946 2442 1000 Μ.
2476 949 2858 1006 Antibaccliius
2904 959 3206 1012 contrarius
3256 960 3505 1028 bacchio,

1915 1035 2054 1088 sicut
2082 1037 2338 1090 antitheta
2368 1042 2764 1109 contraposita,
2828 1053 2882 1098 et
2905 1045 3268 1103 Antichristus
3299 1062 3506 1106 contra-

1915 1125 2029 1178 rius
2049 1122 2263 1179 Christo
2288 1144 2302 1192 ;
2326 1127 2749 1197 palimbacchius
2771 1147 2898 1188 vero
2917 1136 3108 1190 iterum
3133 1138 3384 1195 bacchius
3415 1157 3473 1198 rc
3491 1174 3503 1182 -

1914 1215 2145 1285 ciprocis
2169 1218 2374 1272 vicibus
2405 1220 2610 1289 syllaba
2639 1221 2917 1279 immutata
2949 1230 3126 1282 vocari
3152 1232 3502 1301 dignoscitur.

1991 1305 2051 1361 Ι).
2086 1306 2161 1360 Da
2192 1311 2437 1378 exempla
2465 1325 2492 1364 a
2525 1315 2827 1371 nominibus
2845 1319 3113 1374 venientia
3135 1333 3187 1376 et
3218 1324 3506 1392 palimbac-

1916 1391 2038 1449 chio
2065 1399 2445 1466 competentia.
2476 1430 2545 1440 —
2591 1401 2660 1454 Μ.
2697 1404 2926 1473 Natura,
2976 1391 3502 1485 fortuna,pressura,

1917 1499 2147 1554 tonsura,
2179 1491 2454 1556 bascauda,
2485 1495 2706 1560 Aurora,
2743 1504 2800 1549 ut
2827 1514 2838 1548 :

2042 1582 2229 1631 Aurora
2256 1585 2305 1631 in
2332 1588 2490 1634 roseis
2517 1586 2739 1649 fulgebat
2761 1589 2896 1641 lutea
2923 1593 3068 1652 bigis.

1919 1661 2166 1731 Captura,
2212 1667 2405 1735 fetura,
2434 1679 2661 1736 matura,
2709 1690 2911 1740 rasura,
2945 1679 3207 1743 strictura,
3245 1679 3500 1746 basterna,

1917 1772 2156 1823 persona,
2176 1758 2369 1825 fixura,
2387 1760 2608 1827 pictura,
2624 1764 2842 1831 factum,
2861 1769 3135 1836 scriptura,
3154 1787 3396 1839 censura,
3412 1791 3503 1828 ctr-

1842 1857 1884 1914 B
1913 1863 2053 1912 sura,
2083 1853 2313 1918 farrago,
2350 1852 2628 1923 Carthago,
2657 1864 2884 1928 sartago,
2917 1875 3114 1930 (crugo,
3142 1863 3374 1934 salsugo,
3399 1865 3504 1933 [er-

1911 1956 2060 2011 rugo,
2095 1943 2305 2012 lanugo,
2348 1945 2579 2014 prurigo,
2606 1947 2767 2017 uligo,
2789 1950 2981 2021 caligo,
3006 1953 3252 2020 formido,
3274 1957 3494 2024 ﬁscella,

1913 2031 2133 2095 tessella,
2166 2034 2410 2098 umbella,
2438 2035 2903 2107 lanterna,regina,
2933 2041 3164 2113 EurOpa,
3189 2048 3359 2110 urina,
3389 2053 3500 2112 fer-

1912 2121 2064 2184 mica,
2093 2123 2310 2187 testudo,
2340 2126 2583 2190 aulaeum,
2636 2139 2949 2199 portentum,
3003 2145 3336 2204 sarmentum,
3374 2140 3499 2194 elec-

1909 2224 2060 2280 trum,
2085 2217 2344 2285 antiquus,
2376 2229 2613 2289 argutus,
2642 2223 2882 2277 cristatus
2925 2229 3068 2295 quod
3103 2238 3277 2285 tamen
3342 2235 3501 2302 parti-

1907 2302 2105 2372 cipium
2135 2316 2217 2360 est
2247 2309 2363 2363 sine
2381 2310 2588 2380 origine
2621 2314 2791 2377 verbi,
2825 2324 2878 2368 ut
2908 2333 2922 2368 :

2648 2417 2674 2452 c
2708 2408 2879 2456 istatus
2903 2407 3116 2459 Achilles
3137 2452 3148 2472 ,

1907 2475 1956 2529 id
1981 2488 2061 2532 est
2084 2480 2244 2534 crista
2276 2491 2326 2536 et
2359 2497 2494 2538 cono
2525 2489 2786 2556 galeatus,
2822 2493 3055 2556 t'itlaltzs,
3095 2508 3346 2560 versutus,
3372 2518 3498 2552 coro-

1906 2580 2080 2635 nutus,
2095 2588 2357 2641 neruosus,
2371 2579 2654 2647 frontesus,
2673 2599 2992 2651 squamosus,
3015 2605 3213 2653 exesus,
3232 2592 3489 2663 barbatus,

1904 2661 2148 2726 larvatus,
2182 2667 2415 2721 cerritus.
2468 2667 2617 2724 Unde
2651 2672 3007 2745 Hieronymus
3059 2697 3070 2732 :
3129 2698 3148 2730 ε
3186 2683 3489 2752 Hoccipeu-

1903 2751 2090 2806 dentes
2121 2753 2339 2824 (inquit)
2387 2757 2646 2827 imagines
2675 2763 2995 2833 umbrasque
3028 2767 3318 2836 larvarum,
3351 2751 3482 2842 qua-

1903 2857 2020 2895 rum
2061 2853 2252 2898 natura
2284 2847 2628 2904 essedicitur
2670 2860 2875 2908 terrere
2918 2859 3190 2926 parvulos,
3221 2873 3275 2916 et
3305 2865 3357 2918 in
3389 2881 3488 2920 an-

1903 2934 2043 3001 gulis
2087 2937 2292 3005 garrire
2340 2940 2667 2998 tenebrosis.
2705 2963 2726 2997 »
2780 2945 2871 3000 Sic
2916 2949 3201 3017 pauxillus,
3234 2957 3487 3023 tantillus,

1901 3025 2152 3092 taxillus,
2202 3030 2482 3098 cultellus;
2532 3049 2758 3102 quorum
2800 3039 3066 3107 primitiva
3116 3055 3243 3101 sunt
3271 3046 3488 3117 Paulus,

1903 3116 2072 3183 palus,
2098 3119 2253 3183 talus,
2287 3131 2480 3191 tantus,
2510 3129 2692 3182 culter.

191 3225 426 3294 Papinia,
479 3227 685 3291 culinis,
741 3229 956 3283 rubetis.
1011 3205 1114 3286 Stic-
1152 3205 1446 3288 masculina
1481 3253 1492 3287 :
1533 3237 1790 3299 cothurni,
1824 3205 1909 3304 C_
1973 3207 2035 3260 θ’
2080 3208 2153 3263 θλ
2189 3212 2474 3268 verborum
2529 3223 2740 3287 regulas
2783 3237 2905 3291 quin
2951 3226 3325 3294 palimbaccmi
3357 3233 3485 3304 Ιθεῖ·

189 3314 467 3382 triumphi,
501 3318 729 3386 tyranni,
762 3327 818 3372 et
859 3319 1088 3390 re‘iqua.
1116 3323 1316 3378 Eodem
1366 3327 1526 3382 modo
1572 3329 1792 3384 bacchio

183 3417 520 3460 concurrunt
558 3425 677 3479 qua:
731 3421 1049 3478 sequuntur,
1086 3425 1142 3468 ut
1189 3414 1460 3485 Kalendcc,
1512 3422 1788 3488 cathedrtc,

180 3498 366 3550 cicuta:
385 3539 398 3561 ,
437 3501 646 3565 cicada',
675 3502 839 3566 εἱσι-αῖ,
866 3505 1088 3567 tabella’,
1115 3509 1351 3573 polenta’,
1373 3512 1598 3578 patellw,
1619 3517 1787 3580 aliva‘,

180 3589 401 3657 lugente,
433 3591 685 3657 fenestraz,
712 3593 933 3663 sagina’,
968 3595 1205 3665 Sibylla,
1240 3602 1458 3667 supimc,
1511 3604 1779 3671 columba’,

178 3679 461 3744 palumbte,
497 3681 789 3746 columnae,
852 3685 1124 3754 pedagrtc,
1205 3687 1468 3754 Miuerrcc,
1523 3698 1784 3761 molestar,

176 3771 429 3837 molestia,
461 3775 663 3839 furium.
715 3775 805 3830 Sic
856 3786 911 3832 et
959 3780 1355 3848 masculina,ut
1407 3786 1629 3857 benigni,
1681 3808 1788 3843 nta-

175 3861 331 3930 ligni,
356 3864 563 3933 saligni.
602 3866 849 3937 Virgilius
874 3885 888 3922 :

1057 3940 1270 4004 salignas

371 3994 646 4046 Umbonum
673 4003 858 4049 crates.

170 4077 381 4144 papyri,
407 4076 646 4145 phaselli,
667 4083 862 4148 lacerti,
891 4085 1111 4152 cruenti,
1128 4087 1299 4155 suelli,
1334 4090 1545 4160 miselli,
1571 4094 1779 4162 tribuni,

169 4162 366 4236 gulosi,
401 4171 597 4239 pusilli,
633 4174 837 4242 pupilli,
896 4176 1082 4246 lupini,
1111 4182 1306 4248 mariti,
1335 4184 1499 4252 silari,
1539 4190 1773 4258 juvenci,

169 4259 385 4324 caballi,
437 4265 644 4318 cocutli.
673 4267 760 4322 Sic
813 4277 864 4323 et
921 4281 1134 4338 neutra,
1167 4282 1222 4327 ut
1269 4276 1476 4344 theatri,
1525 4285 1774 4350 sepulcri,

167 4353 392 4422 ﬂagelli,
425 4355 615 4421 labelli,
642 4359 814 4429 tigilli,
844 4362 1016 4430 fritilli
1042 4405 1056 4427 ,
1087 4366 1284 4435 sacelli,
1316 4372 1537 4426 macelli.
1577 4374 1700 4430 llam
1724 4377 1775 4432 in

162 4444 420 4511 genitivo
445 4447 658 4516 quidem
688 4452 942 4520 singulari
977 4457 1246 4523 praedictis
1276 4463 1599 4530 respondent
1629 4485 1643 4532 ;
1678 4471 1768 4524 sed

1899 3299 1996 3352 bus
2046 3305 2245 3367 pariter
2292 3304 2766 3366 adminiculentur.
2818 3345 2888 3356 —
2933 3319 3003 3373 Μ.
3038 3320 3336 3388 Cenclamo,
3371 3325 3486 3380 des~

1895 3405 2100 3457 quanio,
2130 3394 2374 3461 reclamo,
2397 3397 2605 3466 jejuno,
2637 3401 2845 3473 insulto,
2877 3411 3098 3475 exsulto,
3128 3413 3358 3481 obsecro,
3390 3419 3482 3469 ad-

1884 3483 2034 3551 jure,
2068 3487 2313 3550 conrado,
2339 3493 2572 3560 conjuro,
2597 3497 2832 3564 perjure,
2865 3509 2923 3553 ut
2954 3518 2968 3554 :

2015 3573 2076 3623 Et
2113 3578 2350 3637 coniurati
2378 3583 2581 3631 veniunt
2618 3584 2676 3632 ad
2711 3585 2911 3638 classica
2955 3595 3106 3642 venti.

1892 3656 2202 3710 Commendo
2224 3700 2238 3722 ,
2269 3662 2464 3717 dcsudo
2490 3704 2506 3728 ,
2539 3666 2794 3736 defendo,
2828 3675 3078 3743 extendo,
3108 3679 3356 3753 impinge,
3387 3687 3478 3738 de»

1891 3762 2093 3814 promo,
2119 3752 2346 3817 exantlo,
2373 3755 2422 3807 id
2456 3766 2561 3824 est,
2595 3759 2885 3830 exbaurio;
2918 3781 3040 3820 nam
3065 3779 3175 3824 rota
3209 3752 3350 3839 putei
3387 3793 3478 3830 ex-

1892 3837 2158 3892 haustoria
2181 3843 2345 3895 antlia
2370 3855 2620 3911 vocatur;
2655 3861 2946 3920 consterno,
2973 3873 3213 3931 emungo,
3246 3863 3473 3938 invergo,

1887 3928 2151 3996 desteruo,
2205 3945 2481 3999 convecto,
2530 3942 2813 4009 compello,
2873 3947 3114 4017 detrude,
3169 3970 3474 4029 compunge,

1886 4020 2166 4085 contunde,
2217 4023 2480 4092 impendo,
2528 4030 2765 4096 ulciscor,
2814 4050 3104 4106 percontor,
3139 4047 3472 4117 contemplor,

1884 4109 2097 4176 irascor,
2128 4119 2432 4187 perfungor,
2462 4122 2758 4189 amplector,
2786 4130 3076 4194 nanciscor,
3109 4134 3370 4202 indignor.
3393 4141 3466 4192 in-

1881 4201 2079 4268 /irntor,
2107 4215 2442 4262 commentor.
2483 4210 2556 4262 Ita
2590 4213 2889 4271 inchoativa
2921 4221 3209 4290 squalesco,
3244 4228 3467 4296 algesco,

1881 4291 2124 4356 horresco,
2170 4295 2460 4364 frendesco,
2512 4303 2765 4371 fulgesco,
2812 4308 3042 4378 iguesco,
3095 4323 3345 4384 ται-θείω,
3390 4337 3460 4374 ra-

1879 4398 2037 4449 resco,
2097 4395 2344 4456 torresco,
2379 4401 2630 4460 torpesco,
2683 4412 2919 4465 canesco,
2963 4405 3199 4471 ﬂoresco,
3227 4409 3468 4480 lentesco,

1876 4475 2020 4542 quod
2049 4476 2290 4534 Valerius
2320 4497 2347 4534 a
2402 4484 2572 4551 prima
2599 4487 2975 4560 coniugatione
3005 4507 3182 4552 ortum
3214 4510 3461 4572 testatur,

1894 4534 1907 4542 .
2402 4534 2420 4551 ι
2444 4534 2572 4538 κήκ--.τ
2603 4534 2974 4560 ---νδ--Ὸ--ιυ-ιν
3005 4534 3057 4550 vl
3075 4534 3182 4552 ιυιιι
3215 4534 3461 4572 ιτδιαιυι,

168 4534 527 4606 nominativo,
576 4544 907 4607 accusativo,
947 4547 1192 4602 vocativo
1231 4551 1422 4618 plurali
1442 4555 1768 4628 discrepant,
1807 4563 1851 4620 D
1879 4567 2018 4633 quod
2046 4569 2180 4622 lento
2209 4571 2368 4624 lentas
2401 4574 2583 4644 lentat,
2610 4579 2752 4647 quod
2781 4596 2901 4638 raro
2933 4588 3206 4660 contingit,
3243 4602 3296 4648 ut
3325 4611 3462 4650 ama-

168 4621 298 4660 ηιίῖα
352 4627 406 4660 ἶη
443 4626 522 4660 Ιιῖο
553 4632 765 4660 Λλθῖιιηη
792 4634 965 4660 ,ΙΑ-ι--Α
1014 4637 1075 4660 Α)
1107 4643 1332 4660 Α--Ι-Ἶν
1421 4647 1431 4660 ⁸
1675 4651 1706 4660 ⁵⁸
2021 4659 2026 4660 ⁷

165 4621 301 4693 quia
352 4627 408 4680 in
443 4626 524 4684 liis
551 4632 766 4689 casibus
790 4634 968 4691 denuo
1011 4637 1078 4692 ad
1104 4643 1544 4718 amphibracbym
1595 4621 1769 4708 redire

165 4727 494 4773 noscuntur.

243 4810 311 4864 Ι),
345 4811 606 4870 Bacchius
635 4817 776 4874 unde
799 4821 1099 4890 appellatus
1127 4827 1249 4880 est?
1276 4857 1344 4868 —
1369 4829 1436 4885 Μ.
1466 4831 1508 4885 Α
1535 4833 1766 4904 Baccho,

161 4901 258 4968 qui
286 4911 339 4955 et
366 4901 654 4975 Dionysius
681 4910 991 4974 vocabatur,
1024 4914 1136 4982 ipse
1161 4927 1213 4969 et
1243 4916 1401 4974 Liber
1423 4921 1601 4994 Pater,
1630 4901 1768 4983 unde

158 5005 322 5048 sacra
347 5006 466 5060 qua:
490 4993 684 5052 Libero
713 5012 742 5050 a
767 4998 1148 5058 bacchantibus
1176 5005 1485 5076 litabantur,
1503 5013 1764 5072 Liberalia

160 5093 224 5136 et
251 5082 601 5141 Bacchanalia
647 5105 746 5144 nec
777 5107 880 5146 non
911 5104 964 5148 et
995 5096 1152 5164 Orgia
1182 5105 1473 5171 nuncupari
1523 5117 1761 5164 veterum

159 5175 457 5243 antiquitas
480 5193 620 5236 vera:
655 5182 928 5252 religionis
953 5201 1148 5257 expers
1179 5190 1515 5252 decreverat.
1544 5198 1619 5256 De
1641 5204 1759 5271 qui-

159 5269 264 5322 bus
296 5267 543 5340 Virgilius
569 5289 582 5326 :

632 5366 789 5428 qualis
808 5376 1061 5423 commotis
1087 5376 1245 5426 excita
1267 5381 1417 5428 sacris

293 5418 503 5544 3⁸12ιὲ88,
529 5425 612 5477 ubi
637 5418 799 5479 audito
821 5418 1557 5496 ειιιιιυ1ειίῖιἷῖὶῖίὲιῖξᾶᾞξιυεξιο

399 5499 407 5530 I
447 5523 456 5531 .

157 5559 309 5615 idem
336 5562 471 5617 libro
500 5580 547 5619 vi
576 5583 587 5618 :

289 5651 375 5700 Illa
403 5655 600 5706 chorum
627 5659 861 5712 simulans
884 5664 1117 5716 Evantlils
1140 5666 1316 5731 Orgia;

151 5748 282 5793 qua:
327 5733 513 5792 Graece
558 5740 875 5812 Nychtlielia
914 5759 1198 5816 vocantur,
1235 5751 1287 5806 id
1331 5764 1433 5820 est,
1469 5767 1752 5822 nocturna.

153 5825 314 5883 Unde
343 5827 628 5901 Virgilius:

1872 4673 1977 4722 sco,
2009 4659 2232 4728 lavasco,
2265 4664 2486 4732 gelasco.

1946 4749 2051 4804 Sed
2085 4752 2197 4807 haec
2225 4754 2291 4810 de
2327 4758 2493 4824 prima
2532 4770 2586 4816 et
2617 4765 2773 4818 tertia
2819 4769 3196 4840 coniugatione
3228 4781 3462 4846 particu-

1873 4840 2016 4895 latim
2069 4846 2559 4920 ttleprnnipsimus,
2625 4859 3058 4930 quandoquidem
3109 4867 3175 4923 de
3227 4840 3456 4929 secunda

1870 4937 2246 5006 coniugatione
2277 4944 2329 4997 in
2363 4947 2531 5014 prima
2564 4965 2788 5018 persona
2831 4955 3105 5015 indicativi
3137 4966 3282 5020 modi
3323 4971 3458 5023 anti-

1871 5030 2120 5087 bacchius
2150 5033 2288 5090 haud
2320 5037 2481 5095 facile
2514 5046 2743 5112 reperiri
2770 5061 2964 5116 pntest,
2997 5059 3244 5122 quamvis
3276 5062 3326 5114 in
3355 5075 3454 5116 cm-

1870 5125 1996 5179 teris
2027 5126 2304 5182 modorum
2335 5142 2386 5185 et
2421 5144 2715 5204 temporum
2743 5141 3194 5203 declinationibus
3221 5153 3454 5208 ascisca-

1867 5223 1970 5267 tur.
2005 5214 2133 5268 Nam
2167 5232 2193 5269 a
2232 5221 2405 5276 verbis
2434 5237 2637 5292 quartae
2678 5232 3080 5303 coniugationis
3104 5254 3224 5308 qua:
3248 5242 3298 5297 iu
3329 5245 3452 5299 dae.

1868 5305 1975 5373 tylo
1994 5308 2558 5381 superiusnexuimus,
2578 5322 2994 5386 palimbacchius
3013 5329 3274 5387 inﬁnitive
3294 5337 3454 5391 modo

1863 5398 2117 5452 oriundus
2159 5413 2363 5469 exstat;
2418 5417 2476 5460 ut
2517 5412 2704 5480 sopire,
2743 5421 2966 5484 sancire,
3013 5424 3199 5491 accire,
3243 5425 3448 5494 bullire,

1863 5490 2082 5558 hinnire,
2109 5492 2315 5562 farcire,
2349 5501 2562 5568 sarcire,
2609 5505 2836 5574 haurire,
2879 5515 3085 5583 gestire,
3111 5518 3298 5585 sepire,
3333 5537 3447 5574 am-

1861 5583 1984 5646 bire,
2016 5593 2069 5638 et
2115 5596 2330 5643 caetera.
2392 5589 2669 5665 Participia
2719 5615 2932 5673 quoque
2984 5583 3450 5679 futuriitcmpnris

1862 5674 2098 5740 praidicti
2133 5678 2284 5746 pedis
2315 5679 2629 5738 famulatum
2663 5690 2882 5747 minime
2911 5696 3216 5765 repudiarit,
3251 5674 3445 5757 Iit-rec-

1858 5778 2024 5834 turus,
2055 5787 2336 5838 ntersurus,
2363 5789 2674 5847 sumpturus,
2703 5785 2950 5842 missurus
2975 5833 2988 5853 ,
3023 5791 3263 5860 lecturus,
3300 5808 3446 5852 actu-

1857 5874 1962 5927 rus,
1991 5861 2208 5920 visurus.
2244 5864 2333 5920 Sic
2363 5875 2409 5920 ct
2441 5872 2648 5937 passiva
2677 5873 3084 5948 signiﬁcatione,
3120 5892 3178 5939 ut
3206 5901 3435 5960 mergere
