4172 6534
737 421 796 471 Ἡ
814 423 842 470 .‘i

1638 413 1987 468 ALDIIELM!
2028 412 2308 468 OPERUM
2352 413 2528 469 PARS
2570 415 2630 469 ll.
2675 446 2742 455 -—-
2783 416 3214 474 TRACTATUS.

3904 426 4002 483 εις

737 534 1165 598 dits,siuiien:lus,
1199 533 1488 584 mittendus.
1522 531 1586 583 At
1609 545 1735 583 vero
1763 531 2034 599 regendus,
2055 531 2318 601 legendus,
2357 553 2399 609 Λ
2433 533 2583 585 tertia
2609 531 3003 603 conjugatione,
3032 545 3085 590 ιιι
3110 538 3392 608 docuerim,
3423 541 3701 606 timuerim,
3735 543 4006 612 uiguerim,

739 625 987 694 agendus,
1020 624 1280 686 vivendus,
1324 621 1709 689 amphibraclm
1740 621 2130 689 mancipamur.
2169 623 2326 690 Qum-

739 718 856 767 dam
891 715 1166 783 participia
1199 714 1456 782 ιιι-πιριίιί
1492 714 1752 781 temporis
1783 713 2170 780 palimbacchio
2202 731 2324 782 snp-

739 808 998 878 peditant,
1036 815 1086 859 ut
1119 815 1436 876 compactus,
1479 806 1720 874 infectus,
1757 815 2032 868 mactatus,
2078 816 2321 874 gestatus,

738 903 1009 960 detrusus,
1060 905 1312 960 retortus,
1362 911 1667 966 perpessus,
1720 895 2012 963 depressus,
2066 897 2317 960 adnexus,

736 993 1051 1060 eonip/exns,
1085 990 1316 1057 deﬁxus,
1359 989 1625 1055 contritus,
1669 989 1955 1042 consultus.
1981 987 2085 1042 Sed
2116 990 2323 1042 attritus

737 1090 790 1134 et
820 1082 1079 1135 consultus
1107 1093 1157 1135 et
1184 1082 1398 1134 nomina
1425 1089 1546 1134 sunt
1588 1090 1642 1134 et
1669 1080 1947 1147 participia
1977 1097 1990 1143 ;
2034 1082 2120 1134 uhi
2145 1095 2318 1136 autem

739 1175 915 1243 regula
944 1173 1345 1243 participiorum
1375 1173 1683 1242 iungantur,
1719 1170 1966 1242 Virgilius
1989 1173 2226 1228 declarat
2254 1175 2323 1226 di-

737 1283 866 1320 εἴ(ξίιὸ
900 1285 912 1319 ζ

961 1368 1012 1409 et
1033 1361 1166 1408 sulco
1191 1361 1382 1410 attritus
1407 1359 1760 1420 splendescere
1787 1372 1972 1408 vomer.

741 1443 805 1495 lit
838 1458 1022 1496 rursus
1051 1444 1186 1496 idem
1219 1459 1230 1495 :

863 1536 1152 1584 Inconsulta:
1177 1536 1360 1584 abeunt
1385 1534 1652 1595 sedemque
1678 1534 1825 1580 odere
1854 1534 2062 1594 Sibyllae.

740 1619 945 1672 Nomen
998 1631 1128 1671 vero
1158 1626 1240 1671 est
1284 1616 1368 1668 ubi
1398 1615 1639 1667 dicitur:
1682 1632 1697 1663 ι
1739 1613 1814 1666 Ex
1862 1616 2030 1667 totius
2075 1624 2323 1669 senatus-

738 1709 986 1764 consultu
1015 1708 1286 1761 decretum
1318 1715 1416 1760 est.
1455 1724 1473 1757 ›
1507 1706 1568 1758 Et
1595 1705 1794 1758 Plinius
1819 1705 2073 1774 Pliysicus
2106 1724 2116 1757 :
2158 1725 2173 1756 ι
2209 1707 2321 1760 υ-ιτ-

742 1816 919 1858 terum
976 1799 1194 1870 (inquit)
1259 1801 1444 1853 attritu
1503 1797 1787 1866 digitorum
1846 1806 2060 1865 accepta
2125 1798 2320 1852 caloris

738 1894 939 1958 anima,
980 1911 998 1943 ι
1035 1902 1089 1946 et
1123 1891 1347 1959 reliqua.

807 1985 867 2038 Ι).
903 1987 1018 2049 Quo
1062 1991 1283 2036 accentu
1325 1979 1747 2052 palimbacchius
1799 1981 2209 2048 pronuntiatur?
2252 2009 2319 2018 ——

733 2079 800 2131 Μ.
855 2076 913 2132 Si
964 2075 1253 2144 penultima
1295 2075 1562 2144 positione
1615 2073 1950 2142 producitur,
1986 2083 2200 2128 acutum
2231 2089 2320 2128 ac-

734 2178 950 2222 centum
980 2169 1216 2234 habebit,
1243 2176 1298 2220 ut
1329 2169 1568 2229 devexus,
1602 2177 1890 2234 congestus.
1917 2166 1973 2220 Si
2008 2182 2136 2220 vero
2168 2177 2318 2220 natu-

736 2276 913 2314 rarum
947 2259 1164 2314 decreto
1212 2259 1528 2327 proteletur,
1561 2258 1904 2312 eireumllexa
1950 2259 2196 2324 prosodia
2226 2257 2318 2313 de-

729 2352 1001 2416 srribitur,
1029 2360 1087 2404 ut
1111 2350 1340 2413 indutus,
1374 2359 1575 2413 exutus,
1602 2349 1843 2409 imbutus,
1878 2349 2105 2408 obrutus,
2140 2350 2317 2416 explo-

729 2461 835 2506 sus,
871 2444 1181 2512 complosus,
1213 2457 1469 2496 corrosus.

1228 2531 1299 2584 De
1327 2533 1798 2602 proceleusamtico.

799 2628 863 2680 Ι).
919 2625 1407 2695 Enueleatisigitur
1438 2623 1834 2693 trisyllabornm
1864 2622 2056 2689 pedum
2093 2623 2309 2689 reguli-3

729 2734 909 2785 opera:
953 2718 1183 2786 pretium
1227 2731 1347 2770 reor
1403 2727 1458 2768 nt
1506 2713 1880 2784 letrasyllabos
1929 2711 2125 2780 pedes,
2173 2713 2310 2764 sit-ut

732 2806 1059 2874 priel‘attonis
1095 2806 1229 2861 ordo
1270 2804 1555 2874 sp0pondit
1582 2844 1595 2868 ,
1626 2802 1951 2857 examussim
1984 2803 2210 2870 digeras.
2245 2831 2314 2841 —

727 2899 799 2952 Μ.
833 2898 1145 2969 Exemplum
1180 2896 1370 2966 pedum
1396 2895 1733 2964 sequentium
1766 2894 1964 2947 cursim
1994 2902 2046 2946 et
2075 2897 2309 2961 particu-

733 2994 878 3043 tatim
909 2987 1235 3058 propalanda
1259 3001 1482 3049 censeo;
1518 2986 1781 3055 siquidem
1807 2985 1872 3038 de
1911 2983 2184 3052 disyllabis
2216 3001 2308 3051 pe-

723 3089 918 3152 .lbns,
968 3099 1194 3154 quorum
1239 3083 1513 3152 exemplar
1557 3079 1880 3150 aliquantula
1930 3079 2308 3148 explanatione

729 3189 999 3244 utrunque
1020 3175 1362 3244 digessimus,
1397 3172 1637 3244 przedieti
1672 3170 2001 3238 tetrasyllabi
2033 3172 2194 3238 pedes
2227 3187 2309 3225 re-

728 3267 936 3335 supinis
964 3274 1018 3320 et
1057 3264 1347 3332 reciprocis
1385 3233 1701 3316 varietatum
1746 3261 1954 3315 vicibus
1981 3276 2308 3330 eomponun-
2340 3252 2384 3311 C
2415 3255 2556 3335 (Ιυδο.
2601 3234 3103 3335 δμηξῖξίάευιξδθηῖ
3138 3233 3348 3335 ηοωίξξδ

726 3371 827 3410 ΙιιΓ.
869 3356 1104 3426 Denique
1138 3357 1251 3409 lucc
1281 3362 1407 3408 sunt
1435 3353 1650 3406 nomina
1681 3351 1747 3404 ad
1778 3351 2307 3419 proceleusmaticum

729 3447 1070 3517 pertinentia,
1119 3447 1208 3517 qui
1252 3462 1346 3515 pro
1392 3444 1655 3511 geminata
1695 3441 1986 3512 pyrrhieliii
2038 3441 2306 3496 vicissitu-

734 3548 857 3598 dine
887 3542 1220 3614 singulariter
1245 3539 1446 3609 positus
1468 3537 1792 3606 duplicatum
1817 3535 2166 3589 revolutionis
2191 3534 2311 3587 olli-

729 3639 868 3689 t-ium
911 3643 962 3688 et
1015 3629 1469 3700 recapitulationis
1507 3628 1700 3683 seriem
1736 3627 1990 3690 continet,
2025 3626 2306 3687 crocotula,

733 3725 990 3792 animula,
1020 3723 1240 3786 miseria,
1271 3720 1535 3782 memoria,
1564 3716 1742 3785 Italia,
1769 3718 2010 3788 quamvis
2047 3731 2141 3784 per
2167 3725 2309 3769 ecta-

726 3825 808 3876 sin
848 3819 1193 3890 producatur,
1245 3815 1472 3886 apicula,
1521 3810 1776 3874 canicula,
1823 3808 2040 3872 avicula,
2079 3808 2306 3874 ﬁdicitla,

731 3913 988 3975 cuticula,
1032 3907 1332 3970 crucicula,
1385 3904 1658 3967 benevola,
1712 3899 2001 3963 malevola,
2051 3898 2304 3967 lapideus,

727 4005 992 4073 equuleus,
1020 4002 1247 4066 aculeus,
1273 3999 1475 4062 itinera,
1510 3997 1763 4066 facinora,
1798 3993 2080 4064 pelagicus,
2116 4008 2306 4059 puern-

729 4100 833 4162 lus,
866 4094 1178 4165 manipulus,
1211 4090 1351 4161 quod
1383 4101 1576 4143 nomen
1607 4088 1658 4140 in
1706 4085 1968 4155 dactylico
2000 4085 2310 4136 hexametro

735 4191 995 4256 integrum
1029 4198 1134 4237 non
1166 4179 1436 4250 congruit,
1493 4178 1690 4231 idcirco
1737 4175 2034 4241 smpissime
2072 4189 2101 4226 a
2143 4175 2309 4243 poetis

733 4293 826 4345 per
855 4290 1148 4346 syncopam
1180 4272 1380 4327 vocalis
1411 4286 1442 4323 u
1473 4267 1794 4336 exploditur.
1821 4265 2068 4321 Sedulius
2101 4282 2116 4320 :

857 4366 1119 4416 Portantes
1148 4372 1312 4414 nosaro
1334 4360 1528 4410 Christo
1555 4362 1783 4409 veniente
1811 4358 2061 4418 manip'os.

732 4447 982 4518 Virgilius
1015 4463 1027 4500 τ

1620 4546 1712 4582 non
1737 4545 1824 4580 ore
1849 4531 2007 4580 soluto

863 4600 1098 4650 immundi
1125 4602 1396 4648 memine:e
1425 4609 1539 4645 sues
1560 4595 1743 4657 jactare
1769 4595 2030 4655 maniplos;

735 4707 1049 4777 geniculum,
1100 4704 1386 4767 latibulum,
1423 4699 1732 4772 patibulum.
1782 4698 1928 4753 Solet
1954 4698 2113 4750 etiam
2145 4695 2310 4749 inter-

735 4799 862 4850 dum
896 4795 1398 4864 proceleusmatieus
1422 4808 1449 4846 a
1483 4792 1633 4846 tertia
1664 4788 2025 4844 declinatione
2057 4802 2149 4857 per
2179 4786 2313 4840 obli-

740 4904 878 4954 quos
907 4903 1065 4942 casus
1093 4888 1270 4941 dativo
1300 4895 1353 4940 et
1377 4885 1606 4938 ablativo
1631 4882 1894 4952 progigni,
1923 4890 1978 4934 ut
2002 4880 2312 4943 nemoribus,

738 4981 993 5048 operibus,
1027 4979 1284 5041 oneribus,
1329 4976 1593 5040 lateribus,
1619 4974 1899 5038 comitibus,
1929 4972 2202 5044 segetibus,
2243 4970 2316 5023 ci-

738 5073 966 5138 neribus,
1015 5073 1306 5139 sceleribus,
1362 5070 1650 5139 pecoribus,
1714 5069 1987 5138 leporibus,
2030 5066 2316 5138 generibus,

742 5164 1060 5236 gracilibus,
1130 5165 1412 5233 facilibus,
1467 5163 1685 5233 agilibus
1718 5200 1732 5224 ,
1801 5160 2078 5224 teretibus,
2142 5158 2319 5211 reteri-

739 5259 875 5322 bus,
927 5257 1239 5324 proceribus.
1289 5256 1492 5310 Genera
1557 5253 1839 5309 verborum
1894 5251 2147 5306 concordi
2205 5251 2313 5303 sul-

741 5348 910 5419 fragio
929 5349 1380 5416 procelensmatici
1401 5347 1600 5416 regulis
1617 5343 1982 5399 obsecundare
2001 5352 2314 5406 noscuntur,

740 5450 794 5493 ut
823 5442 1085 5507 misereor,
1119 5441 1359 5508 opitulor,
1393 5440 1576 5506 ariete,
1621 5436 1858 5504 humilia,
1887 5436 2081 5505 aperio,
2119 5435 2310 5502 aperio,

736 5535 955 5602 reperio,
1007 5535 1212 5602 sepelio.
1257 5532 1411 5588 Unde
1464 5532 1691 5600 Prosper
1744 5529 1980 5598 elegiaco
2013 5542 2164 5582 versu
2211 5542 2315 5579 non

745 5624 1000 5689 desonam
1033 5625 1254 5694 protulit
1285 5624 1612 5694 syllabarum
1643 5623 1876 5688 regulam
1907 5618 2087 5673 dicens
2115 5635 2123 5668 :

865 5716 1044 5778 Filque
1065 5728 1217 5766 novus
1239 5721 1359 5766 vita.

740 5799 1122 5868 Stilijunetivus
1153 5815 1359 5868 quoque
1387 5809 1626 5866 tempore
1645 5794 1918 5863 prxterito
1943 5794 2178 5860 perfecto
2204 5806 2322 5857 pro-

743 5894 1126 5949 Heieusmatico
1181 5891 1533 5964 sntit-agatur,
1590 5906 1617 5942 a
1651 5885 1883 5944 secunda
1944 5884 2197 5939 duntaxat
2240 5882 2321 5936 vel

2431 623 2714 688 habuerim,
2745 625 3046 690 stupuerint.
3081 625 3151 681 Ut
3175 645 3186 680 :

2554 716 2688 762 Sit-ca
2716 718 3004 775 peregrinas
3026 722 3320 778 stupuerunt
3345 731 3587 769 marmora
3619 721 3818 782 plantas.

2430 795 2718 851 Scanditur
2770 814 2865 851 nas
2908 809 3083 870 stupu,
3136 799 3414 871 dactylus;
3443 805 3712 872 potuerim,
3745 807 4004 871 latuerint,

2431 889 2716 954 statuerim,
2745 898 2802 942 ut
2836 908 2846 942 :

2552 979 2668 1027 Nam
2696 981 2862 1028 statuit
2888 982 3088 1041 genitor
3111 991 3305 1043 rerum;

2427 1068 2706 1134 rapuerint,
2741 1065 3030 1131 tribuerim,
3068 1069 3354 1134 metuerim,
3389 1069 3716 1135 nequiverim.
3748 1067 3879 1126 Nam
3907 1073 4007 1122 ein

2430 1159 2720 1226 penultimo
2737 1159 3059 1226 snhjunctivi
3081 1160 3221 1213 modi
3241 1171 3475 1230 tempore
3490 1162 3722 1229 perfecto
3739 1161 4008 1230 praeterito

2426 1265 2636 1318 semper
2665 1250 2968 1317 corripitur,
2997 1261 3054 1304 ut
3098 1251 3350 1304 l'risciani
3394 1255 3679 1306 auctoritas
3725 1253 4006 1320 approbat.

2502 1345 2565 1398 D.
2620 1344 2690 1397 Da
2742 1343 3020 1398 divisionis
3063 1352 3114 1398 et
3147 1343 3456 1412 partitionis
3488 1346 3815 1412 qualitatem.
3841 1373 3911 1385 --
3937 1346 4004 1398 Ill.

2429 1437 2600 1505 ZEqua
2640 1435 2978 1491 discretionis
3009 1436 3234 1490 formula
3271 1437 3780 1506 proceleusmaliens
3819 1436 4007 1488 discri-

2431 1528 2677 1581 minatur.
2725 1525 2943 1579 'ldcirco
2988 1525 3125 1579 arsis
3172 1535 3225 1580 et
3273 1525 3439 1580 thesis
3479 1541 3630 1595 arqna
3682 1525 4008 1594 syllabarum

2430 1621 2627 1674 trutina
2682 1628 2736 1673 et
2791 1618 3154 1688 mquiparante
3212 1627 3510 1688 temporum
3565 1618 3750 1686 exagio
3809 1617 4008 1686 pariter

2430 1712 2885 1780 ponderabuntur,
2915 1709 3013 1764 hoc
3045 1717 3127 1764 est
3147 1708 3270 1762 bino
3293 1718 3345 1762 et
3368 1709 3510 1763 bino.

2501 1805 2561 1855 υ.
2613 1802 2728 1868 Quo
2778 1810 2963 1855 tenore
3029 1800 3542 1868 procelensmaticus
3602 1799 3886 1865 profertur.
3936 1824 4009 1837 —

2357 1888 2398 1944 ll
2425 1892 2492 1946 Μ.
2519 1891 2818 1960 lndisrupta
2842 1899 2894 1943 et
2913 1887 3223 1942 iuconvulsa
3253 1888 3517 1942 firmitatis
3545 1903 3765 1943 censura
3791 1903 4009 1955 semper

2425 1985 2654 2040 acuhur.

3000 2053 3076 2106 De
3104 2051 3417 2120 dispontlceo.

2498 2147 2558 2198 Ι).
2611 2145 2738 2210 Qua:
2785 2153 2909 2198 sunt
2953 2143 3165 2195 nomina
3217 2141 3282 2192 ad
3327 2139 3693 2206 dispondaeutn
3733 2140 3832 2191 rite
3871 2153 4009 2193 con-

2421 2237 2705 2308 gruentia?
2753 2264 2822 2280 —-
2879 2235 2949 2289 Μ.
2981 2233 3300 2296 8ειϊαῑοι·εδ,
3331 2240 3681 2299 pra‘ceptores,
3711 2229 4006 2292 bellatores,

2421 2341 2665 2391 oratores,
2700 2327 3000 2394 pastorales,
3049 2322 3331 2387 teternales,
3374 2321 3706 2382 immortales,
3750 2323 4002 2386 t'n,‘el:ces,

2420 2429 2751 2485 scrutatores,
2802 2419 3095 2478 dictatores,
3129 2425 3453 2478 mercatores,
3490 2414 3785 2480 piscatores,
3816 2430 4006 2483 regna-

2420 2522 2571 2575 tores,
2605 2521 2889 2572 curatores,
2925 2511 3221 2570 luctatores,
3268 2507 3554 2564 rimatores,
3588 2503 3866 2565 auditores,
3904 2522 4003 2555 nu-

2419 2605 2938 2665 tritores,renatores,
2965 2595 3300 2666 vespellones,
3329 2594 3378 2649 id
3405 2602 3508 2658 est,
3536 2592 3740 2647 iossarii
3769 2594 3855 2660 qui
3881 2609 3925 2647 ος
3956 2612 4005 2645 ι·-

2419 2711 2545 2765 pora
2577 2695 2827 2754 humant;
2866 2691 3008 2745 unde
3034 2690 3253 2744 Orosius
3287 2705 3300 2740 :
3341 2707 3358 2739 ‹
3395 2688 3497 2742 Per
3517 2686 3859 2755 vespellones
3898 2690 4005 2752 (in-

2416 2767 2552 2853 q'nit)
2601 2783 2652 2836 in
2701 2780 2934 2836 Tiberim
2967 2787 3195 2833 tractum
3237 2785 3340 2832 est.
3379 2794 3397 2828 ι
3456 2775 3627 2830 Verba
3651 2789 3862 2844 quoque
3897 2786 4005 2830 tam

2421 2873 2678 2943 rrmteriti
2706 2887 2865 2942 quam
2897 2870 3058 2924 futuri
3104 2869 3364 2936 temporis
3395 2869 3476 2921 his
3507 2866 3704 2936 regulis
3732 2868 4005 2936 opitulan-

2415 2977 2519 3029 tur,
2557 2974 2613 3017 ιιι
2639 2962 3014 3024 mulcaverunt,
3048 2959 3391 3022 sulcaverunt,
3423 2959 3753 3026 stipaverant,
3785 2958 4002 3011 sudarev

2414 3066 2556 3123 runt,
2589 3056 2884 3118 illexerunt,
2920 3057 3275 3121 perrexerunt.
3309 3048 3434 3103 ltetn
3466 3047 3648 3112 futuri,
3681 3063 4007 3117 conquassa-

2414 3154 2560 3214 bunt,
2595 3146 2978 3206 humectabunt,
3016 3143 3371 3208 exantlabunt,
3418 3140 3749 3204 resultabunt,
3778 3150 3832 3194 et
3878 3141 4006 3194 reli-

3381 3230 3610 3285 verbalia
3643 3231 3695 3284 in
3728 3233 3833 3283 tria:
3861 3231 4006 3286 desi-

2413 3330 2593 3385 nentia
2628 3325 2904 3389 feminina,
2931 3325 3069 3378 sicut
3101 3323 3390 3377 masculina
3424 3321 3475 3374 in
3503 3333 3580 3375 tor
3612 3323 3998 3389 terminantur;

2412 3423 2506 3478 sed
2534 3421 2784 3476 feminina
2811 3418 3122 3487 dispondteo
3145 3415 3534 3483 mancipantur,
3558 3416 3847 3470 masculina
3873 3431 4000 3470 vero

2412 3515 2757 3582 correptione
2784 3513 2986 3565 ultima:
3015 3508 3236 3579 syllabas
3267 3507 3468 3576 epitriti
3511 3507 3685 3574 quarti
3707 3506 4001 3575 subiectio.

2413 3607 2698 3677 nisjngum
2747 3602 2884 3656 terre
2931 3615 3035 3654 non
3082 3605 3359 3662 recusant;
3394 3608 3450 3651 ut
3478 3597 3752 3665 indagator
3785 3598 3999 3669 indaga-

2413 3701 2535 3765 trix,
2570 3696 2893 3751 collaudatur
2953 3691 3322 3754 collaudatrix,
3374 3689 3688 3743 declamator
3742 3691 3998 3745 declama-

2414 3793 2544 3853 trix,
2595 3788 2911 3858 suffragator
2962 3783 3332 3855 suﬁ'ragatrix,
3371 3782 3618 3836 exaltator
3684 3784 3989 3848 exaltatrix,

2413 3878 2794 3936 comntendator
2823 3874 3250 3938 commendatriz,
3283 3882 3648 3928 commentator
3688 3888 3993 3928 commenta-

2413 3975 2552 4038 trix,
2602 3970 2742 4040 quod
2791 3969 2961 4024 oritur
3002 3981 3032 4021 a
3072 3966 3233 4022 verbo
3285 3975 3594 4021 commentor
3641 3971 3995 4021 commentari;

2414 4073 2824 4128 commentatur;
2855 4060 2995 4115 unde
3024 4067 3079 4114 et
3107 4068 3446 4112 commentum
3475 4067 3528 4112 et
3555 4061 3991 4112 commentarium.

2417 4151 2825 4222 ln/lammatrix,
2875 4147 3193 4210 insultatrix,
3254 4145 3616 4213 dispensatrix,
3665 4148 3994 4200 assentatrix.

2417 4246 2568 4302 Unde
2600 4244 2854 4311 Prosper,
2885 4255 3001 4293 cum
3033 4237 3098 4292 de
3137 4236 3362 4292 crimine
3389 4235 3712 4292 adulationis
3758 4235 3990 4308 loquere-

2418 4350 2522 4403 tur,
2547 4333 2820 4404 subjunxit
2852 4331 3037 4387 dicens
3064 4347 3075 4381 :

2544 4427 2733 4488 Lingua
2758 4424 3049 4474 assentatrix
3077 4423 3244 4470 vitium
3271 4418 3517 4484 peccantis
3537 4421 3751 4467 acervat.

2416 4513 2595 4568 Oritur
2641 4511 2796 4563 etiam
2830 4521 2858 4559 a
2899 4501 3300 4574 participiorum
3339 4498 3826 4569 significationibus
3867 4513 3995 4568 prte-

2341 4625 2389 4684 Β
2419 4603 2544 4659 dicti
2577 4599 2725 4670 pedis
2753 4596 2958 4666 regula,
2991 4604 3049 4649 ut
3071 4599 3480 4660 cantat-quentes,
3508 4588 3870 4660 impingentes,
3896 4591 3992 4657 suf-

2414 4700 2695 4767 fragantes,
2727 4690 3031 4759 allegantes,
3055 4685 3391 4748 rctrudentes,
3418 4683 3728 4753 jejunantes,
3754 4682 3994 4735 exsudan-

2416 4802 2510 4854 tes,
2548 4795 2890 4855 emungentes,
2939 4779 3290 4850 fecundantes.
3349 4777 3426 4830 Ita
3467 4774 3652 4840 futuri,
3695 4775 3995 4836 truncaturi,

2416 4883 2688 4947 sulcaturi,
2739 4875 3040 4937 sui-recturi,
3087 4869 3394 4942 porrecturi,
3423 4867 3759 4932 submersuri,
3806 4882 3994 4935 posses~

2421 4977 2548 5040 suri,
2573 4970 2878 5026 concessuri.

2495 5069 2557 5122 D.
2599 5065 2670 5118 Da
2693 5064 2954 5118 rationem
2977 5066 3247 5113 accentus.
3274 5086 3344 5096 —
3390 5055 3458 5108 Μ.
3488 5052 3839 5122 Dispondaeus
3865 5067 3994 5108 sem-

2425 5174 2519 5229 per
2563 5166 2718 5210 acuto
2769 5162 2991 5208 accentu
3041 5148 3349 5219 profertur,
3394 5145 3517 5200 dum
3547 5144 3682 5199 arsis
3726 5153 3783 5198 et
3841 5144 3997 5198 thesis

2424 5249 2612 5320 aequali
2645 5258 2938 5317 temporum
2977 5241 3287 5298 discrimine
3310 5238 3648 5306 dirimuntur,
3683 5239 3786 5292 lioe
3815 5249 3898 5291 est
3928 5237 3996 5290 bis

2424 5353 2706 5413 quaterno.

3052 5405 3129 5460 De
3158 5403 3398 5458 diiambo.

2498 5507 2558 5562 ι).
2585 5507 2710 5574 Qum
2732 5515 2853 5558 sunt
2876 5501 3150 5558 nominum
3174 5496 3414 5562 exempla
3445 5493 3508 5548 ad
3530 5492 3822 5548 diiambum
3849 5493 3994 5559 perti-

2425 5599 2638 5654 nentia?
2659 5627 2728 5638 —
2758 5595 2829 5648 Μ.
2861 5595 2984 5650 Haec
3014 5600 3244 5647 actutum
3276 5594 3516 5656 prompta
3543 5585 3860 5653 depromere
3907 5603 3995 5635 non

2430 5709 2513 5748 me
2564 5702 2844 5763 pertaesum
2894 5686 3112 5757 pigebit,
3143 5690 3329 5752 utpote
3379 5680 3671 5747 paternitas,
3711 5677 3995 5729 enormitas.

2430 5787 2692 5853 iniquitas,
2715 5780 3090 5854 prapinquitas,
3111 5775 3349 5847 ﬁdelitas,
3380 5771 3725 5840 profunditas,
3752 5770 3994 5824 severitas,

2435 5878 2689 5943 ferocitas,
2741 5873 3004 5939 atrocitas,
3065 5867 3331 5930 acerbitas,
3389 5863 3665 5928 Latinitas,
3710 5860 3978 5929 procacius
