4172 6550
180 484 278 535 217

172 596 479 666 benignitas,
530 590 805 659 cupiditas,
851 586 1092 641 inanitas.
1141 584 1334 639 Verum
1384 583 1497 638 hac
1545 580 1758 634 nomina
1793 580 1835 635 Λ

175 690 319 745 tertii
348 687 551 741 ordinis
575 687 628 739 in
656 681 908 753 singulari
941 693 1160 734 numero
1193 676 1482 734 secundum
1523 674 1759 743 regulam

172 779 414 834 casualis
459 777 642 831 format
692 781 997 843 pentaptota
1040 785 1161 826 esse
1203 778 1517 833 noscuntur,
1571 765 1761 836 plurali

174 873 419 940 triptota.
455 869 582 924 ltem
616 868 884 938 imagines,
933 863 1176 932 origines,
1212 861 1531 922 hirundines,
1564 859 1759 910 harun-

171 963 344 1027 dines,
393 960 719 1030 prOpagines,
768 956 1054 1026 voragines.
1110 952 1285 1008 Verba
1335 952 1579 1006 similiter
1630 960 1762 1002 tem-

174 1070 310 1123 pore
351 1052 625 1122 praeterito
664 1050 781 1118 plus
826 1062 982 1117 quam
1021 1046 1253 1115 perfecto
1283 1044 1365 1097 his
1394 1044 1596 1112 legibus
1640 1042 1762 1094 sub-

170 1147 396 1207 duntur.
427 1148 483 1198 ut
506 1150 823 1205 amoverant,
855 1142 1155 1208 ligaverunt,
1201 1144 1521 1199 necaverant,
1553 1142 1761 1203 putare-

171 1252 314 1304 sunt,
353 1238 640 1301 litaverant,
664 1235 967 1305 rigaverant,
995 1240 1314 1300 negat-erant,
1344 1238 1397 1283 et
1422 1239 1635 1283 etctera.

249 1326 315 1379 D.
346 1328 477 1391 Qui:
509 1324 756 1394 prosodia
793 1322 994 1376 tenoris
1025 1323 1075 1374 in
1099 1320 1332 1373 di:ambo
1374 1316 1667 1372 statuitur?
1690 1342 1762 1355 —

174 1419 249 1472 51.
280 1417 507 1471 Nomina
536 1432 631 1471 seu
674 1415 838 1469 verba
889 1413 1123 1467 diiuinbo
1155 1413 1454 1477 mancipata
1503 1418 1763 1463 acuuntur

175 1513 395 1580 quidem
426 1518 484 1563 ut
524 1508 883 1577 dispondzeus,
931 1507 1025 1560 sed
1054 1506 1107 1560 in
1156 1506 1258 1560 hoc
1299 1506 1608 1573 discrepare
1645 1520 1762 1558 cer-

176 1614 404 1668 nuntur,
459 1602 599 1672 quod
643 1600 987 1669 dispouda’us
1033 1602 1084 1653 in
1131 1600 1445 1669 penultima,
1493 1598 1762 1651 (liiambus

177 1710 308 1749 vero
340 1696 393 1749 in
424 1693 848 1761 antepenultima
882 1702 1095 1746 acutum
1132 1692 1347 1746 habebit
1374 1700 1675 1755 accentum,
1711 1698 1765 1742 et

175 1798 374 1843 εςρωη
402 1785 786 1855 gravabuntur.

772 1876 848 1929 De
870 1876 1169 1927 ditrocltwo.

248 1973 310 2026 D.
334 1972 404 2025 Da
421 1970 675 2023 formulas
691 1966 1058 2035 exemplorum
1076 1966 1266 2035 quibus
1282 1964 1558 2019 ditrocbcei
1579 1962 1721 2031 rcgul
1734 1977 1759 2014 a

170 2071 547 2133 competenter
568 2061 850 2115 clarescat.
877 2058 1029 2111 —.ll.
1054 2056 1340 2126 Cartilago,
1368 2056 1644 2118 cantilena,
1672 2055 1766 2105 crt-

171 2159 372 2221 situdo,
404 2155 643 2218 altitudo,
679 2152 968 2222 gippitudo,
1002 2149 1279 2218 lippitudo,
1313 2146 1603 2218 longitudo,
1640 2146 1761 2197 lati-

171 2250 323 2311 tudo,
368 2246 640 2315 fortitudo,
693 2232 1022 2312 magnitudo,
1084 2239 1393 2305 crassitudo,
1462 2238 1759 2307 spissitudo,

170 2340 450 2412 a’gritudo,
488 2337 835 2405 pulchritudo,
861 2333 1148 2402 turpitudo,
1184 2331 1454 2400 fortitudo,
1490 2331 1759 2381 rcctitudo.

172 2435 305 2488 ll:ec
330 2431 507 2485 omnia
542 2436 873 2497 pentaptota.
905 2424 1176 2492 Excipitur
1207 2425 1463 2475 cantilena
1502 2421 1643 2488 quod
1672 2420 1763 2471 tri-

175 2538 393 2595 ptotum
426 2538 620 2575 nomen
647 2529 745 2575 est.
783 2520 911 2572 Item
942 2518 1006 2571 de
1038 2515 1273 2570 secunda
1300 2513 1679 2576 declinatione,
1708 2522 1763 2565 ut

169 2618 499 2688 publicanus,
564 2612 901 2673 Tusculanus,
945 2609 1259 2679 passerinus,
1290 2607 1581 2669 auserinus,
1616 2605 1762 2671 oppi-

171 2710 367 2768 danus,
400 2705 719 2764 rusticanus,
749 2702 1091 2765 Claudianus,
1125 2701 1403 2759 Adrianus,
1427 2697 1758 2760 ntasculinus,

172 2798 481 2869 femininus,
508 2797 821 2860 Gaditanus,
852 2794 1182 2859 Gallicanus,
1211 2791 1558 2855 Formiciuus,
1591 2789 1763 2843 Mario

175 2896 373 2960 minus,
430 2893 780 2963 bombycinus,
825 2890 1119 2944 derivatum
1171 2902 1363 2942 nomen
1419 2887 1692 2955 epitheton
1735 2899 1763 2937 a

172 2985 528 3054 bombycibus,
560 2984 611 3036 id
660 2991 745 3036 est
774 2980 1044 3034 vermibus
1086 2994 1221 3049 quos
1260 2995 1394 3031 seres
1443 2980 1598 3046 vulgo
1630 2993 1763 3029 nun-

170 3085 398 3145 cupant,
446 3075 587 3130 unde
618 3073 789 3127 serica
823 3073 984 3126 vestis
1018 3071 1164 3123 lestis
1191 3070 1400 3122 litorum
1445 3068 1764 3121 statuiuibus

167 3167 514 3229 contexitur;
540 3162 877 3222 ludibundus,
904 3161 1201 3224 iracundus,
1222 3156 1602 3227 fraudulentus,
1624 3171 1763 3221 pom-

1109 468 1305 526 LIBER
1348 467 1433 525 DE
1476 459 1907 521 SEPTENARIO
1950 461 2036 516 ET
2080 462 2169 519 us
2212 461 2491 519 neruis.
3345 464 3445 519 9.3

2450 579 2525 632 De
2548 590 2858 649 antcsp’tsto.

1943 673 2003 724 D.
2043 671 2345 736 Antespasti
2377 685 2563 740 qureso
2612 676 2948 735 proferantur
2990 672 3256 738 exempla.
3282 699 3350 708 —
3381 670 3453 723 fil.

1866 766 2146 828 Arcnosus,
2199 764 2494 828 lacertosus,
2538 766 2853 832 querelosus,
2896 764 3187 832 lapillosus,
3232 763 3451 815 latebro-

1864 871 1970 917 sus,
2008 870 2334 921 cavernosus,
2380 856 2695 919 tenebrosus,
2730 866 3022 922 coronatus,
3055 853 3332 923 capillatus
3370 855 3453 904 vel

1866 944 2176 1014 capillosus;
2216 945 2292 999 sic
2341 960 2636 1009 venenosus,
2685 945 2993 1014 papillatus,
3048 944 3351 1013 paludatus,
3393 942 3442 994 ill

1866 1048 1967 1101 est,
2002 1038 2375 1104 paludamento
2408 1046 2639 1107 togatus,
2673 1047 2956 1103 catenatus,
2991 1036 3324 1103 pharetratus,
3357 1046 3456 1099 ναι

1868 1133 2144 1195 lambinus,
2174 1132 2514 1185 columbinus.

1941 1225 2001 1277 D.
2040 1223 2162 1277 ΙΙωο
2194 1227 2405 1278 nomina
2456 1241 2549 1280 seu
2585 1224 2860 1293 participia
2905 1224 2989 1279 cui
3018 1224 3203 1277 formae
3251 1219 3451 1275 casnali

1867 1316 2221 1384 aptabantur?
2250 1316 2408 1368 --lll.
2456 1318 2645 1371 Omnia
2696 1324 3003 1386 pentaptota
3040 1326 3161 1369 esse
3207 1320 3451 1367 veterum

1866 1409 2157 1462 auctoritas
2190 1408 2446 1461 declarat.

1941 1500 2000 1553 D.
2037 1501 2105 1552 Ds
2145 1501 2383 1568 exempla
2431 1499 2497 1554 de
2550 1501 2792 1567 personis
2821 1500 3110 1565 verborum
3136 1503 3454 1562 antespasto

1867 1594 2235 1661 congruentia.
2280 1622 2349 1632 —
2391 1591 2462 1648 Μ.
2512 1592 2763 1644 Amabam
2826 1588 3115 1650 amabatis,
3166 1598 3457 1638 amat-emus

1868 1683 2128 1746 amaretis,
2161 1684 2432 1735 litabamus
2462 1683 2702 1746 litabatis,
2734 1683 2936 1734 litarem
2960 1676 3200 1739 litaretis,
3231 1676 3454 1727 necaba-

1868 1796 1981 1832 mus
2024 1779 2295 1841 necabatis,
2330 1793 2624 1830 necaremus
2671 1776 2964 1837 necaretis;
3012 1775 3089 1827 sic
3143 1768 3455 1841 negabamus

1870 1871 2149 1939 negabatis,
2200 1869 2491 1937 favebamus
2545 1867 2814 1937 favebatis,
2860 1864 3147 1917 emebanttts
3192 1859 3452 1920 emebatis,

1869 1962 2155 2015 serebamus
2184 1961 2445 2022 serebutis,
2477 1959 2750 2030 agebamus
2784 1954 3025 2025 agebatis.
3058 1952 3132 2005 lla
3170 1951 3220 2004 in
3246 1950 3456 2004 caveris

1871 2053 2156 2105 modorum
2188 2051 2519 2119 temporibus
2548 2058 2604 2105 et
2627 2062 2977 2118 personarum
3002 2040 3454 2099 declinationibus

1869 2145 2107 2211 ejusdem
2168 2143 2317 2210 pedis
2365 2141 2591 2195 formula
2646 2140 2837 2194 crebro
2885 2138 3150 2205 reperitur
3206 2135 3451 2195 inserta,

1868 2256 2025 2310 qnam
2058 2240 2368 2308 singillatim
2410 2239 2659 2293 evolvere
2708 2242 2760 2289 et
2801 2231 3175 2286 nniversalitcr
3212 2226 3452 2282 enndare

1870 2336 2047 2389 ticilet.
2101 2334 2229 2387 Nam
2274 2334 2427 2387 aliter
2460 2334 2511 2385 in
2562 2327 2962 2399 participinrum
3004 2318 3451 2376 declinationilms

1871 2437 2210 2494 antespastus
2267 2426 2567 2493 indagator,
2637 2431 2879 2487 tempore
2927 2416 3143 2491 quidem
3201 2410 3452 2480 pra‘scnl’t

1868 2535 1894 2571 a
1931 2521 2098 2572 forma
2132 2517 2432 2571 inchoativa
2459 2531 2553 2583 per
2584 2512 2874 2583 genitivum
2907 2508 3253 2576 singularem,
3290 2498 3451 2553 utui-

1867 2622 2055 2664 tescens
2079 2609 2387 2671 nitescentis,
2418 2608 2689 2661 rubesccns
2732 2601 3060 2661 rubescentis,
3095 2598 3341 2649 virescens
3379 2593 3455 2645 ri-

1866 2702 2134 2765 rcscentis,
2184 2702 2475 2752 madescens
2516 2698 2873 2755 madescentis,
2906 2696 3157 2763 rigescens
3194 2689 3453 2756 rigescat:-

1867 2796 1951 2846 tis.
1996 2793 2085 2847 Sic
2126 2801 2366 2860 tempore
2410 2790 2681 2858 praeterito
2731 2796 2784 2842 et
2815 2786 2991 2840 futuro
3033 2799 3125 2852 per
3155 2780 3450 2848 genitivum

1868 2882 2147 2952 pluralem,
2191 2882 2349 2934 amoti
2391 2892 2702 2941 amatorum,
2749 2877 2914 2930 nccati
2961 2882 3272 2933 necatorum,
3321 2868 3453 2920 litati

1866 2980 2147 3040 litatorum,
2178 2976 2386 3029 antandi
2434 2974 2793 3033 amandorum,
2828 2968 3044 3021 necandi
3084 2965 3450 3022 necandorum,

1866 3070 2053 3122 litandi
2078 3070 2437 3127 litandorum;
2469 3068 2547 3119 sic
2587 3064 2959 3121 docendorum,
2992 3055 3341 3126 legendorum,
3376 3067 3453 3103 re-

1867 3162 2168 3231 gendorum,
2203 3160 2564 3228 gerendorum.

171 3259 442 3326 pulentus,
472 3256 822 3322 corpulentus,
866 3254 1171 3315 vinolentus,
1204 3250 1539 3310 ntcrulcntns,
1574 3246 1761 3315 princi-

1942 3254 2000 3305 D.
2038 3256 2391 3319 Antespastus
2418 3266 2524 3318 quo
2577 3256 2801 3303 accentu
2847 3243 3240 3315 profertur?—
3263 3240 3331 3293 Μ.
3368 3238 3454 3291 ln-

170 3362 355 3421 patus,
394 3349 691 3416 paludatus,
724 3347 774 3400 id
816 3356 897 3400 eSt
943 3344 1319 3411 paludamento
1359 3340 1594 3401 indutus,
1622 3339 1759 3392 sicut

172 3453 386 3513 togatus
415 3454 534 3509 toga
577 3439 802 3493 vestitus
842 3436 1059 3490 dicitur.
1105 3434 1161 3487 lu
1213 3433 1498 3487 verborum
1546 3446 1759 3500 quoque

172 3534 354 3589 modis
386 3541 440 3585 et
469 3542 819 3598 personarum
854 3524 1301 3579 declinationibus
1328 3520 1652 3576 ditrochzcus
1676 3534 1759 3572 re-

176 3627 406 3695 peritur,
441 3632 495 3677 ut
524 3621 853 3688 castigamus,
884 3617 1190 3679 lectitamus,
1226 3614 1536 3682 irrogamus,
1572 3611 1757 3663 subro-

163 3731 376 3789 gantus,
409 3713 753 3773 clantitamus,
782 3707 1119 3778 fascinatnus,
1152 3704 1489 3774 pastinamus,
1529 3702 1759 3754 rumina-

164 3828 309 3873 mus,
344 3818 435 3862 ut:

300 3899 419 3950 Ilice
442 3900 533 3946 sub
557 3898 697 3958 nigra
726 3893 965 3956 pallentes
989 3890 1200 3938 ruminat
1224 3888 1403 3937 herbas
1427 3900 1438 3935 :

161 3991 474 4056 expiamus,
528 3984 857 4045 sauciamus,
904 3980 1281 4046 confricamus,
1339 3972 1755 4044 strangulamus,

160 4083 511 4141 sciscitantur,
545 4075 925 4135 macltinaniur,
959 4070 1338 4139 prtestolantur.
1376 4067 1466 4121 Sic
1495 4063 1758 4119 inlinitivo

162 4178 333 4233 modo
382 4174 661 4243 fascinare,
703 4168 983 4235 pastinare,
1043 4164 1342 4231 remigrare.
1402 4158 1760 4226 Excipiuntur

170 4268 382 4337 passiva
433 4275 486 4318 et
516 4258 838 4329 deponentia
869 4254 1113 4324 ejusdem
1170 4252 1334 4314 modi,
1382 4260 1442 4304 ut
1480 4249 1754 4311 sciscitari,

162 4353 480 4418 machinari,
522 4347 857 4420 strangulari,
897 4360 1015 4415 qua!
1066 4343 1117 4397 in
1156 4341 1391 4411 regulam
1436 4338 1636 4407 epitriti
1673 4352 1757 4390 se-

160 4448 331 4506 Cuuili
362 4444 590 4500 transire
624 4450 939 4495 noscuntur.
986 4436 1257 4491 Interdum
1308 4433 1592 4488 trochaicte
1629 4430 1758 4497 legis

166 4539 423 4596 normula
467 4551 495 4588 a
552 4533 953 4603 participiorum
1004 4527 1483 4599 signiﬁcationibus
1532 4522 1757 4577 oriunda

1867 3344 2072 3396 terdnm
2119 3342 2350 3405 acuitur,
2384 3349 2440 3393 ttt
2480 3339 2803 3406 tepesccntis,
2856 3333 3177 3394 tabcscentis,
3212 3344 3451 3383 acescen-

1864 3439 1947 3487 tis.
1978 3434 2369 3502 Nonnunquam
2405 3446 2532 3485 vero
2560 3430 3016 3490 circumﬂectitur,
3063 3432 3123 3478 ut
3152 3422 3450 3491 paludatus.

1865 3525 2214 3595 palumbinus,
2259 3524 2601 3577 columbiuus.
2634 3522 2836 3574 llaruut
2871 3528 3047 3572 autem
3091 3530 3269 3569 rerum
3318 3514 3452 3567 ratio

1867 3630 2042 3672 utruzu
2073 3627 2227 3671 acuto
2274 3633 2339 3671 an
2373 3615 2722 3671 circumflexo
2768 3611 3165 3682 pronuntietur,
3200 3614 3452 3661 accentus

1866 3711 2056 3782 positio
2088 3712 2170 3765 vel
2217 3721 2404 3765 natura
2435 3711 2551 3763 luce
2590 3708 2785 3762 clarius
2828 3704 3194 3758 manifestam.
3225 3698 3320 3754 llic
3355 3713 3452 3767 pro

1866 3821 2012 3874 atquo
2066 3802 2345 3858 divisionis
2389 3802 2569 3871 specie
2616 3805 3007 3868 sequestratur,
3038 3793 3164 3847 dum
3207 3791 3345 3844 arsis
3398 3799 3451 3843 et

1867 3899 2030 3951 thesis
2065 3896 2278 3963 paribus
2303 3905 2604 3965 temporum
2648 3892 2855 3961 legibus
2898 3886 3251 3953 concordant,
3284 3885 3335 3939 id
3367 3894 3448 3937 cst

1866 3988 2035 4043 ternis
2066 3996 2119 4041 et
2143 3986 2329 4041 ternis.

2447 4076 2522 4131 De
2549 4075 2863 4130 choriambo.

1939 4173 2000 4226 D.
2045 4171 2399 4227 Chor-iambus
2431 4168 2570 4223 unde
2626 4165 2943 4221 vocabulum
2974 4161 3196 4217 sortitus
3224 4156 3349 4213 est?
3380 4183 3448 4195 —-

1864 4267 1934 4321 Μ.
1959 4266 2089 4332 Quia
2122 4280 2184 4319 ex
2217 4264 2431 4318 choreo
2458 4270 2511 4315 ct
2541 4260 2718 4313 iambo
2746 4256 2935 4324 simpla
2962 4254 3153 4323 pedum
3184 4260 3448 4304 structura

1867 4359 1918 4412 iu
1948 4357 2163 4422 duplum
2196 4355 2491 4425 geminatus
2536 4360 2785 4414 constat;
2834 4347 3081 4402 cliormus
3108 4344 3304 4414 quippe
3336 4350 3445 4394 tro-

1865 4452 2046 4502 chaeus
2075 4454 2432 4515 cognomento
2468 4451 2826 4510 nunCUpatur.

1938 4542 2001 4595 1).
2058 4539 2316 4607 Exempla
2362 4534 2671 4590 choriatubo
2720 4528 3068 4600 congruentia
3127 4536 3445 4591 congerere,

164 4638 409 4695 constat,
452 4636 512 4681 ut
558 4624 922 4688 verberandus,
974 4621 1350 4686 masticandus,
1394 4618 1753 4683 calculam’us,
1788 4645 1835 4703 Β
1865 4650 2063 4704 “urso,
2109 4648 2217 4687 non
2270 4646 2506 4686 recuses.
2532 4628 2695 4681 __M_
2730 4625 3089 4693 υηιηεροιρηε,
3131 4619 3448 4687 ignipotens,

161 4719 552 4783 calcitrandtts,
613 4716 961 4779 dedicandus,
1013 4714 1370 4777 ventilandus,
1418 4711 1754 4763 vellicandus.

160 4818 258 4874 Sic
287 4829 317 4867 a
348 4814 503 4866 tertia
533 4809 617 4864 vel
641 4818 850 4879 quarta,
887 4817 943 4860 ut
972 4806 1294 4871 imbuendus,
1322 4801 1632 4868 obruendus,
1669 4815 1757 4852 ea:-

162 4905 494 4978 primendus,
524 4900 823 4970 sapientius,
847 4897 1164 4961 sarciendus,
1200 4897 1493 4965 scpiendus,
1526 4896 1757 4948 sancien-

162 5000 293 5062 dus,
321 4992 630 5065 fulciendus.

249 5089 313 5142 D.
348 5087 421 5141 Da
449 5084 687 5155 regulam
718 5081 1016 5139 divisionis.
1040 5111 1110 5122 -—
1134 5081 1204 5136 Μ.
1237 5080 1408 5150 Ᾱίιμιθ
1438 5077 1759 5132 ditrochams

164 5181 325 5235 lance
349 5177 595 5241 libratur,
627 5175 754 5230 dum
784 5173 922 5230 arsis
961 5181 1019 5228 et
1045 5173 1213 5228 thesis
1244 5174 1326 5227 bis
1355 5174 1517 5226 ternis
1552 5181 1759 5240 tempo-

164 5288 289 5331 rum
322 5270 537 5326 trutinis
564 5270 986 5339 mquiparantur.

238 5368 306 5423 D.
331 5367 485 5434 Quali
530 5376 754 5422 accentu
800 5366 1127 5421 ditrochaius
1176 5362 1654 5436 ﬁguratur‘l—M.
1702 5360 1756 5416 Si

162 5461 465 5532 pennltima
508 5460 774 5529 positione
805 5459 1135 5527 producitur.
1164 5466 1321 5513 acuto
1354 5468 1581 5512 accentu
1619 5470 1755 5523 prce-

159 5547 466 5614 nntabitur,
525 5561 581 5605 ut
622 5552 1002 5621 aggregandus,
1053 5549 1393 5621 digerendus,
1457 5546 1756 5600 basiandus.

160 5646 265 5699 Ast
315 5656 443 5697 vero
482 5649 525 5703 st
550 5640 867 5697 naturaliter
894 5640 1189 5710 penultiina
1233 5640 1386 5706 longa
1417 5637 1597 5700 fuerit,
1642 5635 1757 5689 sine

160 5734 419 5804 ambiguo
460 5732 917 5796 circumﬂectitur,
970 5740 1029 5785 ut
1076 5731 1395 5801 passerinus,
1444 5728 1754 5793 vulturinus,

159 5827 458 5892 anserinus,
488 5835 545 5879 et
567 5834 759 5878 cratera
784 5824 1100 5891 derivativo,
1132 5836 1255 5893 quae
1285 5819 1531 5892 superius
1556 5819 1623 5874 de
1649 5819 1757 5887 pri-

162 5918 364 5976 mitivis
395 5914 787 5987 congessimus.

1864 4726 2212 4793 pinnipotens,
2241 4722 2572 4789 armipotens,
2598 4717 2903 4775 arcitenens,
2935 4709 3188 4773 cicsaries,
3217 4707 3451 4773 canities,

1864 4816 2146 4887 progenies,
2197 4813 2405 4879 esuries,
2464 4810 2724 4881 planities,
2770 4806 3019 4871 luxuries,
3067 4808 3124 4854 ut
3176 4800 3228 4853 in
3277 4796 3450 4853 Geor.

1863 4907 1993 4977 gitis
2020 4927 2029 4959 :

1988 4997 2255 5046 Luxuriem
2278 5004 2507 5059 segetum
2533 5000 2709 5043 tenera
2730 4988 2948 5051 depascit
2971 4989 3018 5036 in
3045 4984 3199 5034 herba
3225 4996 3239 5030 :

1865 5082 2145 5150 temperies,
2177 5078 2434 5149 segnities,
2465 5077 2711 5136 calvities,
2736 5071 3008 5144 ingluvies,
3038 5067 3261 5132 illuvies,
3287 5065 3455 5119 since-

1862 5177 2007 5239 ri:as,
2040 5173 2333 5241 posteritas,
2368 5179 2423 5222 ut
2461 5166 2587 5220 illud
2617 5182 2629 5217 :

1986 5269 2048 5320 lit
2070 5269 2134 5316 sit
2156 5267 2428 5329 priscorum
2454 5262 2614 5311 nescia
2639 5258 2932 5322 posteritas;

1863 5351 2157 5415 crudelitas,
2209 5348 2477 5412 sedulitas,
2518 5346 2753 5409 ebrietas,
2805 5340 3072 5402 sobrietas,
3123 5330 3446 5403 simplicitas,

1862 5442 2159 5512 duplicitas,
2183 5440 2439 5504 impietas,
2472 5435 2729 5496 nobilitas,
2749 5429 2967 5491 utilitas,
2994 5425 3272 5487 calliditas,
3298 5436 3449 5488 aspe-

1866 5538 2014 5596 ritas,
2046 5531 2333 5602 virginitas.
2366 5529 2434 5584 Ut
2466 5528 2695 5594 PrOSpcr
2722 5525 2773 5577 in
2813 5517 3334 5591 Epigrammatibus:

1986 5624 2088 5673 Nec
2113 5625 2269 5672 crucis
2293 5622 2531 5682 asperitas
2553 5617 2706 5679 potuit
2731 5621 2925 5663 terrere
2948 5609 3214 5659 volentem.

1864 5713 1937 5767 Ex
1974 5712 2054 5764 his
2083 5726 2202 5777 qua:
2235 5709 2403 5761 tertias
2436 5701 2808 5759 declinationis
2838 5708 2961 5754 sunt
2991 5703 3297 5765 pentuptota
3329 5706 3447 5747 cer-

1866 5805 2069 5859 tissime
2119 5803 2251 5855 liuut
2278 5818 2287 5851 :
2316 5814 2439 5868 quin
2488 5807 2669 5851 autem
2700 5794 2899 5863 quinta:
2925 5788 3140 5850 iuerint,
3174 5784 3235 5838 ad
3282 5794 3445 5837 tetra-

1866 5908 2064 5972 p'btam
2093 5894 2372 5951 formulam
2419 5890 2753 5961 rediguntur.
2786 5885 2913 5939 ltetn
2956 5880 3172 5937 nomina
3204 5874 3445 5931 lotuiuini
