4172 6540
735 402 839 456 ΞΗ)

1555 404 1609 458 s.
1658 401 2008 457 ALnnELsIt
2048 400 2330 455 OPERUM
2373 397 2546 454 cans
2587 400 2650 456 ιι.
2686 430 2753 442 -
2795 403 3224 462 macrinus.
3921 407 4010 460 ego

737 509 951 579 generis
994 510 1250 581 singulari
1298 525 1521 564 numero
1573 512 1806 565 carentia
1842 512 1904 564 ad
1949 509 2319 564 choriambum
2355 511 2396 567 Α
2430 521 2504 561 res
2533 510 2710 580 tinnit,
2746 515 3002 583 amphora
3061 517 3276 584 profusa
3311 515 3504 582 bilibit,
3560 518 3724 574 boves
3776 524 4008 590 mugiunt

740 604 1082 673 pertinentia,
1113 613 1169 658 ut
1196 603 1408 668 exuviae,
1443 603 1661 667 deliciar,
1693 603 1902 665 divitiw,
1928 603 2149 670 inferia',
2180 601 2324 652 blan-

738 699 901 766 ditiae,
933 699 1194 766 primitiw,
1227 700 1450 764 insidice,
1487 701 1761 770 exsequiae,
1795 700 2041 768 reliquim,
2073 698 2320 762 excubiae,

739 791 855 843 lucc
901 797 1189 856 tetraptota
1236 798 1384 846 sunt.
1432 789 1539 843 Sed
1589 798 1643 842 et
1671 790 1889 843 nomina
1941 789 2124 858 primae
2157 797 2212 842 et
2239 803 2325 842 se-

733 880 949 945 cundae,
975 895 1094 949 qua:
1124 879 1191 934 ad
1219 883 1425 948 pmonis
1452 879 1605 946 primi
1647 880 1860 950 regulas
1899 880 2323 934 subterinsererc

735 970 1192 1038 cxplanandarum
1225 985 1403 1024 rerum
1434 968 1760 1023 necessitate
1789 969 2066 1023 constricti
2100 969 2322 1023 conabi-

736 1077 875 1126 mur,
906 1061 1220 1116 choriambo
1254 1061 1357 1114 rite
1389 1060 1837 1129 mancipahuntur
1861 1074 1955 1127 per
1979 1069 2205 1112 caeteros
2235 1073 2323 1112 ca-

736 1167 828 1205 sus
856 1150 1130 1218 utriusque
1168 1151 1398 1215 numeri,
1425 1152 1665 1217 exceptis
1706 1150 2058 1213 nominativo,
2105 1164 2324 1204 accusa-

739 1245 853 1298 tivo
875 1253 928 1298 et
957 1244 1205 1297 vocativo
1235 1242 1615 1313 singularibus,
1669 1251 1722 1296 et
1760 1243 1997 1310 genitivo
2026 1242 2235 1311 plurali,
2279 1240 2323 1294 si

737 1336 1033 1390 masculina
1081 1337 1167 1389 vel
1201 1334 1456 1389 feminina
1489 1333 1688 1388 fuerint
1732 1335 1941 1402 (neutra
1973 1351 2099 1389 vero
2130 1336 2178 1388 in
2208 1332 2325 1403 qni-

737 1428 964 1482 busdam
994 1427 1207 1481 casibus
1238 1425 1595 1495 discrepant),
1620 1427 1921 1496 utjustitia,
1946 1425 2147 1490 lwtitia,
2177 1440 2327 1493 spur-

735 1521 878 1582 citia,
923 1519 1182 1585 mcestitia,
1232 1518 1466 1583 tristitia,
1510 1518 1798 1576 munditia;
1841 1517 1966 1568 item
2011 1531 2322 1582 purpureus,

736 1609 1008 1675 ctcruleus,
1053 1609 1359 1676 discipulus,
1399 1607 1656 1676 egregius,
1685 1606 1984 1676 legitimus;
2014 1606 2140 1660 item
2180 1607 2327 1658 auxi—

737 1707 886 1768 lium,
931 1703 1222 1774 augurium,
1260 1701 1556 1764 dissidiunt,
1593 1701 1890 1752 concilium.
1938 1699 2119 1752 Oritur
2165 1702 2324 1754 etiam

739 1795 1086 1850 cboriambus
1141 1809 1169 1847 a
1231 1793 1502 1863 pradictis
1555 1791 1862 1845 nominibus
1913 1805 2032 1858 quae
2081 1792 2324 1858 superius

2433 599 2514 652 vel
2546 604 2789 669 reboant,
2823 605 3067 659 cornices
3092 607 3296 672 butant,
3330 609 3480 677 cycni
3504 608 3785 676 desistant,
3817 614 4000 666 cicadm

2431 690 2772 760 l'retinniunt,
2806 700 3027 752 ciconia:
3057 699 3328 768 gratulant
3358 701 3436 753 vel
3461 703 3750 770 glottorant
3783 707 3866 758 vel
3898 706 4004 759 cri-

2432 782 2617 849 talant,
2671 787 2814 840 corvi
2865 790 3122 842 crocitant
3172 789 3254 844 vel
3307 801 3578 860 croccant,
3639 808 3816 860 capra:
3867 811 4002 846 muc-

2429 871 2599 938 ciunt,
2656 890 2818 931 canes
2871 878 3174 934 baubantur
3204 879 3288 932 vel
3342 880 3536 934 latrant
3586 885 3666 937 vel
3721 885 3992 952 gannium'

2429 969 2588 1020 catuli
2637 967 2927 1035 glattilant,
2959 970 3103 1022 cervi
3146 967 3376 1036 rugiunt,
3425 969 3644 1024 cithara:
3675 982 3890 1038 sonant,
3920 988 3997 1026 Ca-

2432 1059 2513 1110 nis
2545 1059 2785 1112 venatica
2818 1060 3063 1127 eusnitit,
3087 1061 3360 1128 elephanti
3393 1061 3634 1116 barriunt
3661 1063 3741 1119 vel
3757 1066 4002 1127 stridunt,

2431 1151 2552 1217 equi
2604 1150 2870 1216 hinniunt,
2921 1153 3049 1208 ferae
3087 1154 3392 1221 mussitant,
3442 1169 3602 1224 grues
3633 1157 3900 1226 gruddant
3931 1161 4002 1211 vel

2431 1251 2630 1311 gruunt
2661 1243 2744 1297 vel
2774 1245 3078 1314 grugulant,
3103 1246 3309 1313 gallinzn
3334 1247 3606 1312 cacillant,
3643 1249 3768 1316 galli
3797 1258 4004 1302 cantant

2434 1336 2515 1390 vel
2549 1338 2882 1404 cucurriunt,
2917 1337 3086 1407 galvzn
3136 1336 3472 1406 fringilliunt,
3523 1339 3726 1408 graculi
3760 1341 4003 1408 griciuni,

2435 1426 2747 1482 hirundines
2777 1429 3059 1482 trutissant
3103 1428 3185 1481 vel
3229 1428 3466 1492 trissant,
3521 1428 3708 1498 hyena:
3761 1429 4006 1491 ltit'riuut,

2437 1519 2570 1572 haedi
2603 1518 2782 1571 balant
2818 1520 2896 1572 vel
2943 1519 3142 1572 belant.
3175 1519 3387 1585 Jupiter
3419 1529 3566 1573 tonat
3592 1520 3671 1587 (ut
3703 1521 3897 1573 fabula
3924 1524 4012 1574 lin-

2433 1607 2608 1676 gunt),
2641 1607 2870 1662 infantes
2902 1609 3139 1678 vagiunt,
3177 1608 3358 1662 leones
3388 1608 3640 1676 fremunt,
3686 1612 3870 1681 lynces
3903 1613 4012 1666 hir-

2434 1708 2582 1766 cant,
2619 1699 2830 1766 lepores
2862 1701 3123 1770 vagitant,
3164 1701 3270 1769 lupi
3305 1701 3530 1766 ululant,
3566 1701 3737 1756 littora
3781 1719 4015 1756 murinu-

2436 1800 2587 1858 rant,
2622 1793 2766 1846 milvi
2813 1793 3018 1861 lugiunt
3076 1794 3157 1845 vel
3192 1794 3413 1862 vigilant
3457 1795 3538 1848 vel
3572 1795 3794 1862 luriunt,
3828 1799 4012 1849 meruli

739 1887 1006 1940 edidimus
1037 1900 1160 1939 eum
1193 1885 1259 1937 de
1289 1883 1503 1952 dactylo
1535 1881 1830 1936 niteremur
1863 1879 2225 1946 comminisci,
2262 1881 2324 1934 il-
2357 1882 2402 1940 B
2431 1884 2706 1948 zinzitant,
2752 1884 2998 1939 mustela:
3040 1885 3310 1950 dindrant,
3362 1901 3545 1941 mures
3606 1887 3892 1941 mintriunt
3937 1892 4013 1944 vcl

741 1979 847 2034 lius
877 1979 1140 2032 duntaxat
1168 1978 1257 2047 qui
1289 1990 1352 2031 ex
1384 1991 1506 2047 gero
1538 1974 1619 2028 vel
1649 1975 1760 2043 fero
1801 1983 2200 2042 componuntur
2233 1989 2326 2043 per

743 2068 993 2137 obliquos
1019 2083 1199 2130 casus,
1231 2075 1290 2121 ut
1321 2065 1482 2134 paulo
1518 2074 1643 2120 ante
1674 2064 2096 2134 promulgamus,
2125 2073 2182 2117 ut
2210 2065 2324 2116 seti-

745 2177 832 2231 ger
853 2162 1078 2230 setigeri,
1110 2177 1192 2213 ros
1219 2162 1373 2227 roris,
1416 2159 1704 2226 squamiger
1728 2157 2066 2225 squamigeri;
2100 2157 2178 2210 sic
2205 2157 2328 2209 lani-

737 2269 846 2324 ger,
872 2253 1126 2322 corniger,
1158 2252 1364 2322 lucifer,
1395 2249 1665 2316 umbrifer,
1689 2249 1925 2318 furcifer.

809 2345 870 2397 D.
908 2343 1058 2398 llunc
1081 2343 1269 2411 pedem
1300 2340 1492 2410 quibus
1529 2339 1852 2394 divisionum
1885 2338 2174 2407 speciebus
2206 2352 2326 2409 par-

743 2435 943 2490 timur?
965 2464 1033 2474 —
1058 2434 1128 2487 ill.
1159 2433 1351 2503 [Equis
1384 2442 1684 2502 temporum
1718 2431 2109 2486 discerniculis.

812 2527 876 2581 D.
913 2526 990 2580 Da
1024 2526 1301 2594 exemplar
1323 2541 1351 2578 a
1381 2526 1670 2578 verborum
1703 2524 1950 2590 personis
1978 2523 2322 2591 diremptum.

737 2643 809 2660 --
831 2618 904 2673 Μ.
937 2616 1185 2672 Secunda
1218 2630 1446 2685 persona
1477 2614 1764 2684 singularis
1812 2614 2043 2681 numeri,
2079 2623 2133 2668 et
2167 2615 2326 2668 tertia

740 2711 983 2780 pluralis,
1015 2711 1254 2780 legitime
1283 2712 1546 2775 declarat,
1575 2720 1629 2764 ut
1654 2710 2007 2778 conglomeras
2038 2713 2328 2781 conglome-

742 2819 882 2870 rant,
931 2807 1216 2875 ingeminas
1263 2807 1599 2876 ingeminant,
1650 2807 1932 2874 pratitulas
1988 2809 2325 2876 pra'titulant,

737 2899 992 2952 acceleras
1034 2898 1340 2961 accelerant,
1382 2913 1747 2951 commemoras
1788 2907 2204 2953 commemorant.
2237 2900 2328 2954 Sic

742 2987 1021 3057 participia
1070 2989 1320 3042 instantis
1365 2987 1622 3057 temporis
1661 2987 2074 3058 conglomerans,
2113 2989 2330 3060 ingemi-

738 3097 888 3147 nans,
916 3081 1259 3150 pratitulans,
1290 3090 1344 3136 et
1365 3091 1584 3136 cattera.

1275 3170 1354 3227 De
1381 3173 1549 3226 ionico
1575 3173 1784 3226 minori.

809 3266 871 3320 D.
893 3265 1022 3332 Qua:
1045 3265 1258 3320 nomina
1279 3280 1373 3321 seu
1390 3265 1550 3320 verba
1577 3264 1752 3319 ionico
1772 3264 1964 3319 minori
1982 3266 2326 3333 competunt?
2352 3233 2400 3295 Ο

761 3388 806 3397 -
835 3359 904 3413 Μ.
943 3357 1121 3414 Ionico
1166 3359 1362 3415 minori
1427 3358 1800 3428 hujuscemodi
1844 3359 2131 3429 pauxillulo
2181 3357 2330 3415 suffi-

739 3449 882 3505 ciant
917 3450 1188 3519 exempla,
1231 3459 1286 3504 ut
1317 3449 1587 3521 rapientes,
1632 3449 1926 3520 populares,
1970 3451 2217 3513 seniores,
2244 3455 2330 3517 fu-

735 3539 963 3604 ribundi,
1006 3538 1303 3602 rubicundi,
1341 3538 1632 3605 verecundi,
1667 3538 1978 3603 moribundi,
2025 3541 2324 3602 rudibundi,

739 3631 788 3682 id
812 3639 894 3685 est
924 3630 1178 3684 rudentes
1201 3637 1258 3684 et
1282 3630 1526 3696 boantes,
1559 3645 1678 3683 nam
1709 3631 1913 3685 ruditus
1945 3632 2157 3700 proprie
2187 3633 2327 3688 asel-

739 3722 912 3776 lorum
940 3723 1210 3775 asinorum
1252 3730 1357 3787 est,
1383 3732 1440 3776 ut
1473 3730 1645 3790 poeta.

797 3811 1090 3874 Linguaque
1115 3812 1310 3862 rudenti
1336 3813 1489 3862 edidit
1513 3813 1718 3873 pecuale
1741 3812 1981 3875 loquelas.

742 3895 808 3948 Et
838 3895 959 3964 quia
991 3903 1114 3963 apta
1159 3907 1217 3948 se
1255 3893 1402 3948 vocis
1451 3895 1670 3949 occasio
1721 3895 1966 3962 prmbuit,
2016 3910 2120 3949 non
2166 3897 2326 3952 modo

739 3997 960 4055 propter
998 3995 1320 4041 structuram
1352 3986 1549 4056 pedum
1591 3996 1645 4041 et
1690 3987 1953 4042 rationem
2005 3999 2320 4054 metrorum,

735 4093 921 4134 verum
952 4079 1111 4132 etiam
1144 4078 1212 4133 ob
1242 4077 1599 4133 dill'erentiatn
1631 4092 1821 4133 vocum
1860 4089 1915 4133 et
1944 4079 2321 4135 discretionem

736 4184 1014 4230 sonorum,
1065 4184 1170 4224 non
1217 4168 1508 4222 absurdum
1557 4169 1792 4222 arbitror
1825 4169 2213 4237 quadripedum
2268 4181 2324 4225 et

737 4260 1014 4314 volucrum
1035 4269 1089 4315 et
1111 4260 1378 4328 reptilium
1403 4274 1560 4315 voces
1591 4275 1709 4314 cum
1737 4261 2089 4330 generalitate
2115 4261 2323 4329 plurali-

738 4350 860 4403 tatis
890 4359 944 4404 et
971 4349 1300 4418 specialitate
1330 4349 1714 4420 singularitatis
1743 4349 2012 4429 subtiliter
2041 4352 2315 4417 dirimere,

735 4441 996 4509 siquidem
1028 4440 1174 4495 vocis
1214 4441 1522 4510 qualitatem
1555 4439 2000 4509 quadripertitam
2044 4457 2166 4498 esse
2211 4453 2316 4498 tam

738 4531 1176 4600 philosophorum
1200 4546 1357 4601 quam
1387 4533 1856 4601 grammaticorum
1881 4534 2172 4589 auctoritas
2197 4550 2318 4604 pro-

2433 1973 2705 2040 muniunt,
2763 1984 2972 2029 noctuae
2997 1976 3310 2040 cucubiunt,
3340 1976 3518 2030 olores
3544 1975 3866 2041 drensitant,
3897 1992 4016 2031 OVCs

2432 2065 2636 2130 balant,
2670 2065 2852 2131 onagri
2886 2066 3155 2132 vagillant,
3194 2066 3468 2133 palumbes
3499 2067 3782 2129 raucitant,
3830 2081 4012 2134 passe-

2435 2171 2520 2209 res
2550 2156 2746 2220 titiant,
2780 2156 2919 2224 parri
2953 2157 3238 2224 tinnipant,
3287 2156 3408 2224 pavi
3440 2157 3739 2225 paululant,
3772 2159 4016 2225 perdices

2431 2248 2713 2312 cacahaut,
2749 2249 2874 2316 pulli
2899 2259 2952 2302 et
2981 2249 3129 2317 pueri
3159 2249 3362 2318 pipant,
3399 2250 3673 2317 panthem
3702 2251 4011 2314 chauriunt,

2431 2341 2581 2408 pardi
2617 2340 2825 2408 feliunt,
2870 2341 3090 2410 porcelli
3135 2341 3457 2409 grunniunt,
3499 2342 3646 2411 porci
3689 2346 4012 2411 grundiunt.

2434 2448 2577 2487 rana:
2608 2443 2856 2497 coaxant,
2908 2433 3077 2488 sturni
3138 2434 3419 2503 parsitant,
3465 2435 3667 2490 sorices
3715 2435 4013 2497 denticanr,

2431 2532 2708 2591 serpentes
2738 2523 2975 2590 sibilant,
2999 2525 3146 2578 silva:
3167 2525 3436 2594 strepunt,
3468 2525 3608 2580 turdi
3645 2526 3914 2580 soccitant
3937 2530 4011 2578 vel

2433 2615 2707 2680 faccilant,
2758 2615 2978 2684 tigrides
3031 2624 3288 2681 raceant,
3341 2616 3481 2671 tubze
3531 2615 3829 2687 clangiunt,
3883 2624 4011 2670 tauri

2433 2708 2698 2777 mugiunt,
2750 2709 2991 2764 vultures
3042 2709 3315 2777 pionpant,
3369 2709 3514 2764 venti
3563 2709 3715 2777 tlant,
3777 2711 3859 2765 vel
3915 2720 4015 2764 tre-

2434 2809 2586 2856 munt
2627 2801 2710 2858 vel
2756 2801 2992 2866 sibilant,
3029 2801 3138 2856 ursi
3166 2809 3358 2870 urgant
3400 2801 3483 2858 vel
3542 2802 3792 2868 szeviunt,
3829 2804 4014 2871 vulpes

2433 2890 2659 2960 ejnlant,
2691 2908 2875 2948 verres
2923 2894 3199 2963 quiritant.
3233 2894 3362 2950 Item
3409 2896 3655 2952 homines
3701 2897 4014 2965 loquuntur,

2433 2983 2618 3038 rustici
2656 2982 2911 3052 jubilant,
2947 2992 3002 3040 et
3039 2985 3238 3055 reliqua
3270 2985 3486 3040 similia.
3537 2985 3664 3040 llaec
3688 3001 3889 3056 genera
3922 3002 4010 3037 vo-

2435 3087 2556 3128 cum
2588 3089 2691 3130 non
2738 3076 2802 3129 ad
2845 3076 3077 3131 ionicum
3113 3077 3490 3147 pertinebunt,
3543 3075 3638 3132 sed
3670 3076 4014 3133 discretionis

2433 3167 2600 3234 gratia
2638 3168 2843 3234 prolata
2893 3177 3039 3222 sunt.

2508 3256 2568 3312 D.
2599 3257 2672 3310 Da
2701 3258 2982 3313 verborum
3012 3259 3257 3330 exempla
3281 3261 3453 3315 ionico
3487 3260 3676 3314 minori
3706 3260 4015 3314 subdas.—

2436 3349 2502 3402 Μ.
2538 3349 2834 3404 Sumuntur
2859 3365 2886 3403 a
2923 3351 3101 3406 verbis
3134 3352 3318 3420 primat
3349 3351 3759 3422 coniugationis,
3811 3368 3933 3420 qum
3966 3355 4014 3403 in

2439 3440 2714 3494 tribracho
2743 3440 3034 3507 edidimus,
3061 3450 3300 3512 tempore
3330 3440 3529 3506 futuro.
3564 3451 3618 3496 ut
3651 3446 4013 3505 numerabant,

2433 3529 2749 3597 rogitabant,
2785 3531 3158 3600 glomerabant,
3207 3531 3492 3594 sociabunt,
3535 3531 3878 3596 temerabunt,
3909 3548 4013 3582 nta-

2433 3619 2698 3686 culabunt,
2731 3620 3053 3674 dubitabunt.
3087 3620 3175 3676 Sic
3220 3629 3274 3674 tt
3303 3621 3564 3675 inlinitivo
3592 3629 3836 3688 tempore
3881 3635 4016 3690 prm-

2435 3711 2568 3764 scnti
2594 3727 2623 3764 a
2647 3712 2882 3780 paSsivo,
2909 3713 3188 3776 numerari,
3219 3713 3459 3782 ragitari,
3486 3714 3780 3783 g'onterari,
3807 3714 4013 3767 sociari.

2437 3799 2670 3855 Veniunt
2724 3817 2752 3855 a
2805 3802 2962 3858 tertia
3012 3805 3390 3873 conjngatione
3437 3813 3678 3872 tempore
3731 3807 4005 3873 praeterito

2433 3891 2773 3960 imperfecto,
2832 3895 3119 3961 veniebant,
3170 3893 3464 3961 capiebant,
3508 3895 3801 3964 rapiebant,
3853 3898 4012 3964 polie—

2432 3986 2583 4049 bant,
2618 3987 2924 4051 metuebant,
2976 3986 3280 4039 tribuebant.
3317 3986 3388 4039 lta
3420 4000 3630 4054 quoque
3657 4000 3686 4039 a
3716 3988 4015 4054 participiis

2431 4085 2671 4144 tempore
2696 4077 2966 4145 praesenti,
3020 4087 3080 4132 ut
3109 4086 3453 4142 numerantes,
3487 4077 3858 4145 glomerantes,
3893 4080 3931 4130 ti
3957 4095 4014 4129 ts-

2428 4167 2612 4232 lantes,
2659 4169 2930 4237 polientes,
2973 4177 3272 4235 statuentes,
3311 4169 3625 4238 jaculantcs,
3662 4170 4012 4231 modulantes,

2425 4259 2729 4325 spatiantes,
2759 4262 3102 4327 speculantes,
3136 4270 3189 4316 ct
3219 4261 3440 4331 reliqua.

2500 4350 2563 4403 D.
2603 4350 2812 4405 Ionicus
2843 4354 3019 4405 minor
3069 4355 3154 4407 cui
3201 4352 3448 4407 divisioni
3499 4353 3918 4408 famulatur?—
3954 4357 4016 4409 Μ.

2425 4442 2504 4498 Ad
2533 4443 2748 4510 duplam
2774 4445 3048 4498 divisionis
3077 4447 3309 4514 regulam
3342 4447 3590 4513 pertinet.

2504 4533 2564 4586 D.
2602 4533 2694 4588 Dic
2733 4549 2862 4602 ergo
2888 4545 3064 4588 utrum
3102 4536 3239 4589 arsis
3283 4547 3373 4591 aut
3405 4536 3569 4590 thesis
3613 4538 3663 4590 in
3711 4548 4017 4608 temporum

737 4626 964 4695 palavit:
990 4625 1782 4690 articulatam.inarticulatam,
1804 4627 2091 4680 litteratam
2119 4637 2172 4683 et
2198 4628 2321 4682 illit-
2356 4596 2402 4655 Β
2431 4623 2808 4678 distributione
2859 4625 3091 4693 palmam
3142 4627 3362 4680 victoria
3404 4596 3923 4694 promerebitnr..—
3952 4632 4012 4682 lli.

739 4727 960 4771 teratam
985 4735 998 4780 ;
1023 4717 1265 4786 quamvis
1293 4715 1381 4771 alii
1429 4717 1562 4772 duas
1603 4731 1725 4772 esse
1753 4718 1901 4771 vocis
1931 4719 2142 4788 species
2181 4729 2321 4774 atte-

736 4818 964 4872 stcntnr,
997 4807 1097 4861 hoc
1125 4817 1208 4862 est
1234 4807 1570 4864 articulatam
1603 4816 1656 4863 et
1685 4809 1961 4864 confusam
1989 4827 2003 4876 ;
2038 4826 2158 4864 nam
2193 4812 2312 4866 arti-

736 4902 908 4957 culata
943 4901 1216 4957 hominum
1247 4903 1618 4955 tantummodo
1643 4913 1724 4957 est
1751 4903 1894 4958 dicta
1923 4905 2062 4972 quod
2091 4907 2321 4961 articulo

739 4995 992 5049 scribenti
1056 4995 1441 5063 comprehendi
1501 4995 1713 5064 possit;
1780 4995 2001 5051 confusa
2064 5009 2146 5053 est
2203 5018 2320 5070 qua:

736 5084 898 5138 scribi
930 5100 1036 5138 non
1068 5093 1261 5152 potest.

815 5172 876 5227 D.
924 5176 1100 5230 Pande
1136 5174 1379 5244 exempla
1413 5174 1559 5230 vocis
1596 5176 1830 5233 confusa:
1873 5178 1940 5234 de
1969 5180 2192 5237 diversis
2233 5201 2318 5240 rc-

738 5283 857 5323 rum
893 5269 1091 5322 naturis
1131 5277 1404 5338 congesta.
1428 5297 1498 5308 —
1528 5269 1595 5322 Μ.
1643 5269 1731 5324 llae
1761 5281 1885 5325 sunt
1923 5274 2125 5341 species
2176 5277 2322 5331 vocis

737 5361 997 5425 confusm,
1028 5369 1084 5413 ut
1116 5362 1379 5427 majorum
1412 5361 1703 5415 auctoritas
1735 5362 1972 5417 tradidit.
2028 5364 2156 5420 Nam
2190 5382 2319 5436 apes

738 5453 1009 5509 ambizant
1045 5452 1126 5506 vel
1177 5452 1504 5518 bombizant,
1555 5456 1746 5523 aquila:
1786 5456 2058 5526 clangunt,
2101 5475 2319 5517 anseres

739 5545 1006 5599 crinciunt
1039 5543 1121 5597 vel
1157 5544 1429 5611 trinsiunt,
1480 5560 1603 5601 aves
1638 5547 1932 5602 minuriunt
1962 5550 2043 5604 vel
2093 5562 2320 5607 vernant

739 5637 821 5691 vel
854 5637 1145 5703 vernicant,
1204 5637 1486 5708 accipitres
1527 5639 1707 5709 pipant
1736 5641 1815 5694 vel
1845 5642 2090 5709 pipilant,
2137 5656 2321 5700 anates

742 5727 1083 5789 teretissant.
1134 5729 1331 5784 arietes
1387 5732 1646 5785 trissitant
1701 5735 1780 5786 vel
1834 5734 2116 5798 blaterant,
2180 5738 2318 5791 asini

741 5828 935 5875 oncant
990 5819 1068 5875 vel
1117 5821 1348 5890 rudiuut,
1401 5823 1514 5892 apri
1563 5823 1837 5890 lrrndent,
1885 5841 2028 5878 arma
2080 5838 2316 5895 crepant,

2429 4713 2623 4768 Thesis
2671 4713 2854 4783 procul
2908 4714 3069 4768 dubio
3123 4724 3351 4784 quatuor
3402 4725 3697 4786 temporum
3752 4721 4015 4773 curricula

2427 4803 2713 4872 gubernat,
2747 4811 2802 4856 et
2831 4804 2964 4858 arsis
2994 4805 3240 4863 duorum.

2501 4893 2564 4946 D.
2596 4893 2745 4948 Unde
2775 4893 2874 4949 hoc
2901 4896 3121 4950 evenit?
3147 4925 3213 4935 ——
3246 4895 3311 4949 Μ.
3345 4894 3479 4962 Quia
3512 4897 3692 4952 ultitna
3723 4904 3941 4954 acttitur
3968 4910 4016 4954 et

2427 4985 2850 5051 autepenultima
2891 4995 3163 5055 gravatur,
3198 4999 3254 5040 ut
3293 4989 3619 5056 populantes,
3671 4993 4013 5052 maculantes,

2428 5079 2784 5148 glomerantes,
2818 5089 3154 5146 numerantes,
3185 5089 3497 5145 venerantes,
3524 5091 3576 5136 et
3603 5083 3785 5138 omnia
3818 5099 4012 5154 proper

2429 5171 2643 5225 modum
2673 5179 2833 5227 verba
2867 5175 3049 5240 prima:
3075 5173 3465 5242 conjngationis
3493 5190 3611 5242 qua:
3633 5177 3684 5230 in
3721 5179 4010 5232 tribracho

2430 5265 2827 5332 congessimus,
2878 5279 2998 5318 cum
3043 5267 3110 5320 ad
3150 5265 3548 5335 participiorum
3590 5269 4015 5336 signiﬁcationes

2427 5355 2757 5424 derivantur,
2788 5356 2946 5412 ionici
2977 5357 3199 5412 minoris
3231 5359 3434 5426 legibus
3465 5360 3794 5416 subduntur.

2956 5471 3031 5526 De
3065 5473 3230 5525 ionica
3277 5474 3483 5534 maiori.

2498 5563 2559 5615 D.
2587 5563 2657 5617 Da
2692 5565 2899 5631 regulas
2936 5565 3109 5618 iunico
3138 5563 3326 5632 majori
3359 5563 3458 5618 rite
3479 5570 4016 5632 congruentes—tl.

2426 5651 2723 5715 Ciementia,
2759 5655 3028 5716 sententia,
3071 5653 3370 5718 concordia,
3401 5656 3678 5718 discordia,
3713 5661 4012 5724 prudentia.

2427 5746 2680 5811 vecordia,
2709 5749 2933 5808 vesania,
2961 5748 3231 5809 dementia,
3265 5744 3563 5811 Germania,
3601 5747 3864 5812 Saxenia,
3900 5769 4014 5804 con-

2429 5839 2602 5901 tcntio,
2624 5841 2904 5903 conrentio,
2936 5840 3208 5906 possessio,
3231 5841 3503 5908 confessio,
3524 5841 3751 5910 insania,
3775 5846 4013 5914 ittftlnili'.
