4172 6540
182 432 277 486 ἓὲὶ

1130 438 1329 492 LIBER
1377 440 1459 496 DE
1500 439 1935 495 SEI'TENMHO
1981 441 2062 496 ET
2108 442 2193 497 DE
2236 443 2509 501 METRIS.
3378 461 3475 512 :32

181 553 447 619 confectio,
470 553 706 621 defectio,
731 554 1761 627 refectio,protectio,virguncula,furna-
1797 563 1829 611 Α
1870 558 1941 610 sis
1974 558 2139 613 octies
2190 562 2352 616 semis
2390 562 2648 628 Finitimi,
2698 576 2747 619 et
2784 568 2947 625 thesis
2980 580 3163 638 quater
3194 571 3378 640 semis,
3413 578 3468 633 iil

179 644 315 707 cula,
351 644 622 710 cunabula,
645 647 978 713 paupercula,
1004 656 1293 714 matertera,
1319 654 1621 717 matercula,
1652 670 1763 705 nta-

179 738 395 798 iusculu,
417 738 686 797 cervicula,
715 738 1004 804 vulpecula,
1034 746 1317 808 t'cprecula,
1343 744 1606 805 nubecula,
1636 763 1764 797 nter-

173 828 373 888 cedula,
395 828 632 882 ﬁcedula.
672 827 725 880 ln
756 828 837 881 his
864 830 1098 899 quinque
1127 833 1431 887 nominibus
1460 852 1484 887 c
1510 839 1762 904 produci-

175 927 280 982 tur,
309 926 366 972 ut
390 918 713 983 Priscianus,
750 919 890 974 libro
921 936 1001 984 Ill,
1045 924 1529 980 commentabatur.
1564 929 1641 981 Ex
1675 927 1757 981 his

171 1008 358 1074 prima:
376 1008 754 1065 declinationis
779 1013 995 1065 nomina
1014 1014 1229 1080 triptota
1248 1028 1372 1069 sunt
1392 1017 1441 1070 iu
1471 1018 1754 1086 singulari,

172 1108 458 1170 tetraptota
476 1103 527 1157 in
554 1104 764 1170 plurali.
783 1104 909 1171 Quae
927 1116 1102 1160 autem
1125 1107 1190 1161 de
1216 1110 1368 1163 tertia
1394 1110 1756 1166 declinatione

165 1194 233 1246 ad
268 1196 501 1264 regulam
531 1197 688 1252 ionici
728 1199 945 1267 majoris
971 1198 1361 1270 decerpsimue,
1410 1205 1462 1257 in
1493 1205 1751 1275 singulari

166 1300 392 1341 numero
442 1299 746 1359 pentaptota
798 1303 943 1355 sunt,
999 1292 1049 1346 in
1093 1294 1279 1362 plurali
1335 1295 1570 1363 triptota.
1626 1297 1753 1351 Item

162 1380 458 1433 masculina
494 1382 572 1435 vel
622 1384 923 1437 communia
974 1387 1193 1450 triptota
1228 1396 1452 1454 utroque
1508 1403 1749 1451 numero,

163 1476 219 1518 ut
252 1469 515 1531 mirabilis,
548 1471 843 1535 laudabilis,
898 1472 1143 1536 affabilis,
1181 1473 1422 1541 e/fulilis.
1463 1476 1705 1547 Virgiiius
1740 1498 1749 1531 :

288 1558 389 1609 Nec
417 1563 515 1608 visu
541 1560 692 1611 facilis
723 1576 812 1611 nec
838 1563 967 1611 dictu
999 1564 1225 1627 eti‘ahilis,

159 1642 476 1707 spectabilis,
519 1644 812 1711 triplabilis.
850 1644 1141 1698 Sedulius:

288 1735 423 1793 Quod
444 1734 651 1795 simpiex
668 1735 901 1796 triplicet,
918 1736 1145 1797 quodque
1168 1745 1240 1785 est
1260 1737 1501 1799 triplabile
1520 1740 1745 1800 s‘mplex;

157 1819 501 1881 rantusculus,
535 1821 883 1883 rumusculus,
918 1820 1057 1888 quoii
1092 1831 1174 1875 est
1209 1822 1440 1875 rumoris
1470 1822 1747 1876 diminuti-

155 1922 304 1972 vum,
358 1909 687 1973 fraterculus,
738 1911 1048 1974 laterculos;
1082 1925 1201 1963 nam
1254 1918 1547 1975 paterculus
1594 1929 1742 1979 Paron
1783 1923 1821 1976 υ
1853 1939 1986 1996 mm,
2025 1930 2305 2003 dulcium,
2366 1909 2616 2005 αδδεεηίά,
2671 1909 2914 2012 con-culo;
2960 1909 3235 2013 omn-mla;

151 1999 421 2052 secundus
452 2012 569 2053 esse
620 1999 971 2067 dignoscitur,
1034 2001 1375 2068 majusculus,
1427 2006 1744 2065 compluscu-

149 2090 257 2151 lus,
285 2089 626 2152 latrunculus,
646 2091 969 2156 furunculus,
999 2091 1369 2153 carbunculus,
1407 2092 1740 2153 lenunculus,

147 2182 499 2245 authenticus,
530 2181 871 2247 pauxillulus,
924 2182 1237 2247 tirunculus,
1282 2187 1618 2246 ranunculus,
1661 2201 1744 2235 ar—

146 2271 380 2335 notinus,
415 2272 735 2335 ltornotinus,
794 2287 1020 2339 quorum
1071 2273 1341 2341 primitiva
1380 2283 1505 2327 sunt
1546 2276 1740 2344 major,

144 2363 289 2429 plus,
323 2362 474 2427 latro,
508 2368 612 2431 fur,
648 2366 819 2425 carlto,
860 2366 991 2425 leno,
1050 2367 1254 2431 paulus,
1315 2369 1431 2426 tiro,
1464 2382 1613 2430 rana,
1656 2384 1742 2417 ar-

144 2474 268 2518 nus,
317 2457 500 2510 horno.
563 2458 692 2510 Nam
735 2441 1049 2510 diminuliva
1101 2456 1538 2510 din'inutivorum
1596 2459 1739 2512 inve-

140 2548 389 2611 niuntur,
441 2556 496 2600 ut
538 2548 722 2615 paulus
757 2550 1018 2616 paululus,
1066 2548 1324 2613 pauxillus
1367 2549 1691 2612 pauxrllulus
1722 2566 1739 2609 ,-

144 2639 221 2690 ita
259 2653 421 2705 agnus
449 2638 717 2705 agniculus
744 2638 1024 2705 agnicellus
1054 2637 1431 2703 agnicellulus;
1463 2639 1539 2690 sic
1571 2654 1734 2699 mons,

142 2737 199 2780 et
237 2728 458 2793 reliqua.
494 2726 616 2779 llaec
647 2733 954 2793 pentaptuta
994 2733 1117 2777 sunt
1162 2724 1529 2792 singulariter,
1573 2736 1625 2780 et
1654 2738 1737 2777 te-

139 2826 377 2884 traptota
412 2818 711 2883 pluraliter.
760 2816 889 2869 ltem
931 2825 1137 2882 neutra,
1188 2825 1243 2868 ut
1279 2816 1565 2882 fastidium,
1593 2818 1738 2869 ludi-

134 2909 338 2972 trium;
379 2907 631 2977 Virgilius
662 2924 675 2959 :

831 2998 1009 3059 rapidis
1034 2998 1235 3046 ludibria
1266 3001 1453 3057 ventis;

131 3080 476 3149 plumarium,
500 3081 763 3144 terat-ium,
789 3082 1141 3149 proscenium;
1170 3080 1417 3149 Virgilius
1448 3100 1457 3133 :

826 3172 999 3220 ineunt
1025 3175 1279 3233 prosecuta
1311 3171 1440 3233 ludi;

128 3254 433 3321 cellarium,
480 3254 812 3323 plantarium,
871 3256 1202 3323 palmarium,
1258 3256 1399 3325 quod
1454 3257 1508 3309 in
1558 3256 1728 3324 palma
1760 3273 1805 3335 ε

128 3356 218 3402 est
247 3387 260 3412 ,
311 3347 362 3400 id
408 3358 487 3401 est
518 3348 570 3400 in
602 3346 754 3400 laude
794 3346 1048 3411 victori»,
1080 3348 1382 3411 convivium,
1416 3348 1727 3414 colludiunt,

125 3437 518 3503 corpusculum,
565 3438 926 3505 turpisculum,
960 3437 1301 3504 spiraculum,
1334 3438 1600 3505 solatium,
1637 3456 1734 3493 cae-

127 3528 406 3594 naculum,
438 3528 762 3589 venabulum,
796 3532 1163 3590 spectaculum,
1216 3530 1532 3599 mastiginm,
1568 3530 1725 3582 mira-

123 3618 334 3683 culum,
389 3619 719 3671 connubium.
776 3618 899 3673 lla‘c
940 3620 1197 3673 neutralia
1246 3624 1299 3674 in
1356 3632 1579 3692 utroque
1635 3641 1731 3677 uu-

123 3724 287 3765 mero
320 3710 537 3778 triptota
570 3718 714 3764 sunt.

204 3807 273 3860 D.
322 3808 397 3860 Da
431 3808 643 3878 regulas
693 3807 975 3863 verborum
1007 3822 1129 3877 qua:
1174 3808 1298 3864 huic
1342 3810 1464 3877 pedi
1513 3811 1731 3864 minime

120 3898 687 3967 refragenlur.—M.
741 3899 989 3963 Elimino,
1047 3901 1325 3971 ingurgito,
1384 3908 1726 3969 procrastino,

118 3990 363 4054 eradico,
408 3990 646 4059 insignio,
694 3991 922 4056 lascit-io,
955 3993 1225 4057 erliaurio,
1270 3995 1495 4059 emollio,
1550 3996 1729 4048 obste-

121 4086 290 4149 trico,
325 4093 381 4137 ut
421 4084 471 4137 in
507 4083 695 4139 Exodo
727 4102 737 4135 :
778 4102 794 4134 ι
832 4084 898 4139 Ut
929 4082 1140 4153 quando
1173 4084 1589 4141 obstetriCabitis
1625 4089 1730 4142 lle-

120 4178 344 4237 brmas;
388 4194 405 4227 ι
440 4177 668 4239 enuntio,
699 4178 971 4241 annuntio,
1004 4178 1329 4246 congaudeo,
1375 4178 1613 4245 enucleo,
1648 4197 1730 4231 as-

117 4270 317 4334 sentio,
345 4270 622 4335 consentio,
672 4269 863 4332 irretio,
898 4270 1180 4341 praesagio,
1216 4270 1438 4336 insanio,
1472 4273 1723 4335 custodio,

118 4360 457 4423 discrimine,
490 4358 796 4435 determine,
850 4360 1081 4428 fastidio,
1115 4368 1444 4428 contorqueo,
1496 4362 1725 4428 resplen-

115 4453 245 4516 deo,
291 4450 521 4504 arrideo.
560 4450 631 4504 ita
666 4449 897 4505 futurum
928 4460 1139 4518 tempus
1186 4450 1427 4520 ejusdem
1474 4453 1616 4507 modi
1651 4455 1729 4507 in-

116 4544 349 4599 dieativi
381 4543 532 4596 binas
576 4543 807 4597 admittit
839 4558 1111 4611 personas,
1159 4544 1496 4613 gaudebimus
1527 4548 1722 4613 gaude-

1867 660 1943 701 ρει
1979 650 2198 715 duplum
2256 654 2510 721 temporis
2562 670 2901 723 augmentum
2948 666 3086 718 arsis
3136 677 3457 734 usurpat,“

1864 741 2115 807 simpiutn
2150 741 2316 795 thesis
2347 746 2607 810 gubernat
2672 749 2793 814 quia
2836 764 2958 805 sunt
2990 766 3221 824 quatuor
3267 771 3450 812 contra

1934 923 1993 975 D.
2030 922 2099 975 Da
2150 928 2387 993 regulam
2442 940 2785 985 accentuum.
2821 962 2889 972 —
2924 932 2993 987 Μ.
3031 935 3239 991 Ionicus
3288 942 3461 1008 major

1861 1013 1910 1065 in
1942 1012 2188 1066 omnibus
2215 1017 2520 1070 orationum
2555 1022 2791 1085 partibus
2818 1032 2978 1076 acuto
3009 1035 3235 1078 accentu
3270 1028 3319 1080 in
3354 1044 3450 1083 an»

1860 1106 2207 1173 tepenultima
2254 1109 2590 1173 titulabitur;
2653 1111 2853 1168 ideirco
2900 1118 3062 1179 arsis,
3117 1128 3172 1172 ut
3203 1118 3452 1189 diximus,

1862 1198 2132 1267 gerninato
2158 1199 2550 1268 triumphorum
2580 1215 2781 1272 tropzeo
2806 1210 3168 1265 coronabitur.

2406 1292 2485 1347 De
2518 1313 2694 1361 pa'oue
2723 1300 2911 1364 primo.

1930 1385 1989 1438 D.
2030 1384 2251 1439 Restant
2284 1387 2481 1455 epitriti
2528 1399 2581 1442 et
2625 1407 2858 1459 ria-ones,
2907 1409 3135 1464 quorum
3183 1398 3457 1466 exemplar

1858 1477 2089 1529 nondum
2122 1480 2536 1532 commentando
2581 1487 2974 1549 propalaveras.
3007 1517 3073 1526 —
3106 1488 3176 1542 Μ.
3229 1488 3456 1542 Formn-

1860 1567 1932 1619 Zas
1968 1569 2165 1634 paronis
2222 1571 2377 1637 primi
2440 1572 2762 1640 pedetentim
2816 1578 3105 1646 expediens
3154 1583 3453 1639 nullatenus

1856 1661 2369 1725 comperendinabo,
2417 1666 2567 1730 cujus
2611 1670 2852 1735 exempla
2902 1673 3208 1727 summatim
3258 1689 3455 1745 (⁸011ςο⁴

1855 1766 1971 1806 rere
2003 1753 2160 1816 nitar,
2197 1763 2249 1805 ut
2278 1754 2515 1817 ecclesia,
2544 1759 2773 1824 justitia,
2807 1762 3006 1828 latitia,
3040 1766 3258 1831 duritia,
3295 1769 3447 1821 luxu-

1853 1843 1950 1903 ria,
2004 1844 2273 1909 spurcitia,
2329 1847 2587 1911 navicula,
2642 1850 2915 1916 clat'icula,
2980 1854 3240 1921 lenticula,
3291 1861 3452 1925 parti-

3287 1951 3452 2004 Auso-

1852 2027 1958 2089 nia,
2005 2027 2260 2093 Arcadia,
2315 2031 2603 2095 harmonia,
2638 2038 2916 2090 ambrosio.
2976 2038 3273 2094 Fidiculant
3320 2059 3451 2097 vero

1852 2132 1973 2169 reor
2015 2120 2079 2171 ad
2113 2122 2649 2185 proceleusmatieum
2683 2128 2991 2195 pertinere;
3048 2132 3197 2201 cujus
3224 2135 3447 2202 primiti-

1851 2225 1968 2261 vum
2003 2222 2083 2265 est
2113 2214 2253 2278 fidis,
2288 2224 2344 2268 ut

2187 2306 2343 2356 fretus
2368 2308 2551 2357 cithara
2578 2308 2853 2374 fidibusque
2880 2316 3105 2375 canoris;

1847 2386 1923 2438 sic
1949 2388 2241 2439 cuticulam.
2271 2389 2463 2442 Omnia
2495 2391 2593 2443 ista
2624 2392 2937 2448 diminutiva
2963 2404 3068 2448 tam
3097 2398 3443 2464 penultimam

1848 2493 2002 2545 quant
2047 2480 2520 2547 antepenultiinam
2572 2484 2890 2552 corripiunt,
2924 2489 3171 2555 quamvis
3217 2491 3444 2543 cuticula

1846 2570 2318 2638 antepenultimam
2376 2573 2654 2640 producat.
2688 2575 2968 2631 Juvenalis
3016 2578 3069 2632 in
3120 2578 3329 2649 Satyris
3360 2581 3440 2634 di-

1844 2676 1969 2715 cens
2007 2680 2017 2712 ε

1970 2749 2087 2799 Cum
2113 2750 2248 2798 bibet
2272 2753 2489 2799 :estivum
2517 2760 2761 2803 contracta
2789 2755 3002 2805 cuticula
3032 2757 3219 2819 solem;

1844 2834 1983 2902 quod
2015 2850 2136 2888 eum
2165 2834 2338 2888 facere
2365 2836 2521 2889 metri
2550 2840 2843 2892 necessitas
2881 2841 3169 2908 compulit;
3200 2850 3431 2911 quatuor

1843 2932 1985 2985 enim
2023 2931 2226 2985 habens
2250 2932 2412 2985 dictio
2444 2932 2631 2987 breves
2662 2933 2712 2986 in
2743 2934 2959 2988 heroico
2992 2937 3111 3003 poni
3147 2952 3249 2989 non
3280 2937 3437 2989 aliter

1844 3034 2071 3093 poterat,
2100 3025 2225 3079 licet
2259 3024 2508 3093 Virgilius
2536 3026 2587 3079 in
2620 3025 2993 3096 hujuscemodi
3024 3028 3355 3090 nominibus,
3382 3028 3434 3081 ial

1844 3130 1946 3180 est,
1975 3127 2205 3186 quatuor
2237 3116 2429 3171 breves
2466 3114 2807 3185 habentibus,
2831 3118 3000 3173 soleat
3040 3124 3431 3187 proecleusma-A

1846 3211 1978 3260 ticos
2005 3220 2223 3276 ponere,
2248 3215 2303 3259 ut
2338 3220 2349 3257 :

2180 3297 2330 3347 Labat
2352 3300 2511 3348 ariete
2533 3299 2734 3360 crebro;

1834 3370 1887 3415 et
1912 3400 1925 3413 .
2177 3427 2461 3489 Depectunt
2482 3430 2648 3481 tenuia
2675 3429 2851 3488 Seres;

1835 3500 1889 3546 et
1914 3534 1925 3543 '
2178 3562 2347 3611 Genua
2377 3562 2554 3611 labant.

1834 3664 1965 3718 Item
2010 3666 2302 3719 masculina
2332 3663 2397 3717 ad
2430 3678 2668 3732 pmonem
2703 3665 2933 3733 primum
2968 3665 3290 3733 pertinentia
3326 3708 3338 3732 ,
3370 3677 3426 3719 ut

1835 3756 2145 3825 ponticulus,
2174 3755 2459 3825 folliculus.
2496 3755 2802 3820 panniculus
2836 3771 2865 3809 a
2914 3774 3086 3824 panno
3120 3797 3134 3822 ,
3162 3758 3422 3824 panucula

1834 3867 1860 3902 a
1891 3866 2048 3918 pano,
2074 3849 2319 3917 quamvis
2348 3847 2724 3901 diminutivum
2755 3862 2782 3899 a
2819 3846 3084 3915 primitivo
3118 3848 3385 3915 discrepet
3417 3868 3431 3912 ;

1835 3942 2132 4011 fonticulus,
2161 3940 2484 4003 marticulus,
2513 3939 2788 4008 igniculus,
2823 3940 3107 4001 testiculus,
3135 3940 3429 4007 funiculus,

1832 4035 2130 4099 criniculus,
2163 4034 2460 4100 pisciculus,
2514 4032 2803 4085 curriculus
2844 4041 2897 4084 et
2951 4030 3053 4085 hoc
3103 4031 3422 4084 curriculum

1835 4127 2147 4182 neutraliter
2168 4124 2363 4179 dicitur
2393 4165 2406 4185 ,
2438 4124 2713 4177 versiculus
2748 4163 2761 4187 ,
2790 4122 3109 4191 ﬂu'cticulus,
3143 4123 3413 4179 articulus,

1831 4219 2097 4283 ridiculus,
2127 4217 2380 4277 articulus,
2412 4214 2739 4274 vermiculus,
2773 4212 3067 4280 agniculus,
3101 4213 3408 4282 fasciculus,

1831 4310 2106 4371 ensicu'us,
2132 4309 2421 4373 cuniculus,
2453 4307 2785 4359 ventriculus.
2810 4304 3089 4359 Juvenalis
3113 4303 3163 4358 in
3195 4320 3234 4358 ιε

2019 4420 2148 4470 Infra
2174 4419 2497 4469 ventriculum
2522 4418 2655 4467 tenui
2684 4414 2908 4462 distantia
2944 4415 3083 4462 rima.

1902 4529 2200 4581 Nascuntur
2224 4540 2348 4577 vero
2382 4524 2495 4576 hate
2521 4522 2834 4575 diminutiva
2870 4528 2961 4573 aut
2989 4520 3057 4573 de
3082 4518 3413 4589 monosylla-

116 4635 269 4700 bitis,
321 4633 654 4687 mulcabimus
704 4634 789 4697 tis,
840 4633 1185 4687 sculcabimus
1242 4635 1327 4701 tis,
1368 4635 1715 4687 truncabimus

1850 4622 1908 4675 iis
1939 4631 1994 4674 nt
2018 4636 2145 4689 pons
2171 4616 2458 4686 ponticulus
2479 4656 2493 4680 ,
2519 4623 2610 4668 aut
2632 4612 2697 4668 de
2720 4611 3018 4682 disyllabis.
3078 4621 3136 4665 ut
3166 4612 3301 4663 ensis
3324 4626 3422 4663 cn-

114 4728 211 4793 tis,
247 4724 557 4778 lentabimus
589 4724 671 4777 tis.
710 4722 962 4793 Virgilius
995 4742 1005 4777 :

252 4814 385 4864 Ante
411 4813 661 4863 Trinacria
685 4814 945 4864 lentandus
972 4827 1139 4865 remus
1163 4819 1208 4865 in
1237 4818 1389 4874 unda;

112 4897 487 4972 quassabimus
540 4897 624 4950 tis.
653 4896 739 4951 Sic
761 4895 828 4951 de
862 4898 1013 4952 tertia
1046 4910 1292 4968 correpta
1342 4899 1435 4952 sed
1485 4910 1724 4967 tempore

114 4990 406 5065 praesenti,
432 4991 799 5058 compescimus
852 4992 1193 5059 compescitis,
1238 4991 1538 5059 infindimus
1571 4992 1724 5057 inﬁn-

112 5087 273 5150 ditis,
316 5082 629 5137 annectimus
684 5084 973 5151 annectitis,
1015 5084 1359 5136 rescindimus
1407 5084 1717 5149 rescinditis,

110 5174 440 5248 dc'pectimus
462 5173 742 5241 depectitis.
775 5173 840 5229 Ut
874 5174 925 5229 in
960 5172 1243 5243 Georgicis
1273 5192 1284 5227 :

250 5267 554 5328 Vellersque
579 5272 632 5315 ut
658 5264 783 5315 foliis
805 5265 1065 5328 depectant
1090 5267 1255 5314 tenuia
1280 5265 1451 5315 Seres.

110 5358 195 5413 Ita
233 5354 497 5409 inlinitivo
527 5351 686 5408 modo
728 5366 1066 5422 compescere,
1099 5351 1373 5419 inﬁndere,
1427 5359 1717 5414 annectere,

108 5448 445 5515 rescindere,
472 5448 761 5517 depectere,
788 5447 1079 5511 excludere,
1108 5446 1398 5510 detrudere,
1427 5443 1716 5507 corradere,

105 5544 416 5610 corradere,
468 5542 689 5609 illidere,
738 5543 1060 5611 depromere,
1110 5540 1392 5602 colludere,
1442 5552 1715 5608 emergere,

108 5645 423 5701 lentescere,
451 5650 734 5699 canescere,
767 5636 1067 5696 narrescere,
1108 5642 1165 5686 ut
1197 5632 1248 5686 in
1280 5628 1629 5698 epithalamio
1666 5646 1676 5679 :

254 5727 434 5778 Mellea
462 5736 577 5778 tunc
599 5728 755 5775 roseis
776 5724 1057 5775 increscunt
1080 5723 1202 5772 labia
1235 5720 1403 5770 labris.

193 5814 258 5867 D.
307 5812 457 5867 Arsis
506 5819 560 5866 et
599 5809 763 5864 thesis
789 5807 1056 5878 quomodo
1086 5806 1167 5861 vel
1200 5805 1431 5873 qualiter
1476 5801 1713 5872 syllaba-

109 5926 241 5968 tum
276 5916 516 5972 tempora
548 5903 598 5958 in
630 5899 805 5957 ionico
837 5899 1038 5971 majore
1071 5897 1407 5968 puniuntur?
1431 5895 1574 5948 -.\l.
1617 5896 1708 5949 Ar-

1826 4716 2040 4778 siculus,
2065 4711 2228 4763 dulcis
2251 4708 2554 4761 dulciculus.
2585 4705 2713 4761 item
2739 4703 2972 4769 mobilia,
2991 4719 3298 4773 purpureus,
3316 4718 3417 4756 ca:-

1828 4806 2021 4868 ruleus,
2051 4815 2386 4864 marmoreus,
2413 4813 2701 4867 cequoreus,
2732 4796 2992 4866 funereus,
3031 4794 3341 4863 Herculens,
3368 4805 3424 4847 ut

1829 4895 2150 4952 Juvenahs:

2014 5011 2193 5061 AuJit-t
2219 5007 2464 5057 Herculeo
2486 5008 2776 5056 stridentem
2802 5006 3004 5069 gurgite
3018 5001 3199 5063 solem,

1826 5134 2092 5187 tartareus,
2108 5122 2402 5183 c;irbaseus,
2418 5119 2740 5189 pampineus,
2757 5117 3023 5186 puniceas,
3047 5125 3106 5170 ut
3142 5111 3420 5183 Virgilius.

2883 5222 2907 5256 ξι

2883 5222 2907 5256 a

2006 5279 2226 5329 Puniceo
2253 5275 2401 5326 stabis
2424 5286 2563 5323 suras
2604 5208 3071 5321 evinctancnothurno
3091 5304 3103 5328 ,

1823 5362 2151 5433 sanguineus,
2184 5358 2437 5419 sidereus,
2470 5370 2765 5421 corporeus,
2801 5352 3054 5415 femineus
3087 5388 3102 5410 .
3133 5348 3414 5418 virgineus,

1825 5454 2092 5523 ρομυῗειιδ,
2118 5448 2383 5512 (rt/aerius,
2418 5444 2650 5515 Elysius,
2678 5440 3003 5510 Gorgoneas.
3039 5439 3292 5509 Virgilius
3330 5459 3342 5492 :

2009 5565 2079 5615 Ex
2120 5566 2168 5614 in
2196 5563 2469 5623 Gorgoneis
2492 5557 2683 5607 Allecto
2717 5558 2901 5606 insecta
2931 5555 3155 5614 venenis;

1821 5672 2071 5743 egregius.
2102 5668 2337 5735 exiguus,
2359 5662 2666 5732 praecipuus,
2697 5660 2958 5720 assiduus,
2993 5657 3237 5728 irriguus,
3269 5657 3403 5708 rari.

1820 5765 1973 5829 (litus,
1997 5756 2316 5818 ltorrt'sanus,
2344 5753 2665 5817 raucisonus,
2702 5751 3062 5817 grandisonus,
3099 5757 3153 5801 ut
3207 5759 3405 5816 poeta:

2006 5850 2317 5899 tirandtsonis
2335 5857 2565 5906 pompare
2584 5847 2738 5895 mortis
2756 5844 3039 5906 tragicoque
3055 5842 3201 5890 bcatu

2003 5910 2278 5963 Ridicuiove
2303 5912 2423 5961 Geta
2459 5921 2469 5957 :
