4172 6536
667 454 775 510 ’.ηδ

1490 441 1547 497 S.
1584 430 1932 493 ALDllELMl
1970 424 2258 485 OPERUM
2297 416 2476 476 PARS
2514 417 2578 473 ll.
2621 444 2686 453 -—
2727 407 3162 467 TllACTA'l‘L‘S.

3864 402 3966 434 03.:

3868 426 3971 455 λιι

671 585 829 640 quem
863 578 1073 620 versum
1102 556 1329 629 imperiti
1357 562 1411 616 et
1443 551 1682 605 metrica:
1704 546 1833 601 artis
1861 541 2028 613 ignari
2060 540 2255 596 obtun-
2287 537 2330 595 A
2361 533 2562 595 ὁτὶεἱιο,
2585 526 2796 595 effodit).
2830 524 3083 585 ίίειαεετον
3140 519 3340 572 delum"
3374 559 3386 582 ν
3418 518 3592 570 "uri"
3629 556 3645 579 ο
3677 512 3972 586 meum“;

1873 635 1884 640 -
1996 632 2009 640 .
2363 625 2392 640 α.
2460 624 2519 640 ιν·
2560 622 2712 640 -·ιτ---
2747 619 2793 640 ξ..
2832 615 3123 640 ,λι---ιεηζι-
3157 610 3512 640 ιΙυ-..ιιηιιῖιιηρ
3549 629 3559 637 -

671 673 837 726 eaque
860 656 1051 710 mentis
1095 646 1387 706 acrimonia
1424 643 1549 699 freti
1579 641 1706 694 satis
1748 635 1975 703 turpiter
1996 632 2258 699 interpre-

675 761 880 815 tantur,
913 756 1102 818 vegeta,
1133 742 1285 812 quasi
1341 738 1443 794 sub
1489 750 1595 789 una
1644 729 1904 786 orationis
1956 734 2260 780 asserentes

672 856 845 915 parte,
878 852 929 896 et
975 838 1203 910 pendeat
1231 848 1423 890 sensus
1453 831 1520 884 dc
1553 827 1776 896 prazlato
1808 822 2020 877 nomine
2051 831 2262 874 neutra-

673 912 731 1001 li,
756 935 805 989 id
825 942 928 996 est,
959 932 1234 1003 ﬁgmenta,-
1259 924 1399 995 quod
1416 934 1515 975 nec
1540 915 1830 974 scandendi
1847 915 2004 976 ratio,
2030 924 2129 964 nec
2156 912 2263 977 syl-

677 1026 919 1079 labarum
951 1022 1132 1091 regula
1160 1012 1424 1072 consentit
1448 1028 1462 1076 ;
1491 1010 1757 1079 siquidem
1785 1021 1841 1060 ve
1859 1003 2163 1071 conjunctio
2186 1009 2267 1053 est

674 1118 1020 1187 disjunttiva,
1072 1112 1199 1167 Geta
1223 1124 1349 1162 vero
1383 1102 1674 1174 principale
1696 1107 1751 1154 et
1795 1095 2120 1166 primitivmn
2148 1100 2261 1153 est;

677 1213 819 1269 unde.
849 1207 1129 1265 Terentius
1159 1204 1289 1259 Afer
1312 1202 1365 1256 in
1399 1196 1724 1253 Phormione
1753 1192 1835 1245 sic
1862 1190 1935 1242 ait
1962 1205 1975 1242 :

861 1304 1058 1352 Amicus-
1081 1310 1296 1347 summus
1316 1303 1458 1342 meus
1483 1295 1535 1339 et.
1559 1284 1806 1349 popularis
1831 1282 1957 1330 Geta

862 1365 985 1414 lteri
1008 1363 1065 1411 ad
1091 1374 1167 1409 me
1190 1360 1351 1415 venit;

680 1462 733 1507 ct
757 1448 894 1504 infra
930 1467 940 1500 :

869 1538 1013 1596 Geta,
1038 1533 1331 1597 provinciam
1355 1527 1524 1588 cepisti
1547 1523 1731 1570 duram.

687 1623 823 1690 Quid
848 1622 893 1675 si
921 1627 1093 1689 vegeta
1122 1612 1363 1670 neutrale
1391 1620 1588 1662 nomen
1615 1609 1758 1657 esset
1791 1594 2097 1653 accusativo
2148 1592 2268 1662 plu-

687 1717 807 1780 rali,
843 1711 1074 1768 lieroicte
1116 1700 1533 1761 versiﬁcationis
1564 1696 1743 1765 regula
1774 1690 2082 1750 vacillaret,
2150 1685 2270 1751 quia

688 1819 905 1873 semper
936 1807 1125 1855 neutra
1151 1796 1204 1851 in
1232 1787 1425 1864 plura'li
1458 1786 1754 1854 corripiunt
1775 1798 1806 1834 a
1837 1781 1889 1834 in
1921 1774 2275 1836 nominativo,

687 1896 996 1952 accusativo
1026 1900 1080 1945 ct
1101 1887 1364 1945 vocativo,
1394 1890 1448 1934 ut
1480 1899 1491 1931 :

998 1981 1143 2029 Arma
1168 1977 1424 2035 virumque
1448 1980 1569 2018 cano

691 2059 791 2106 et:

787 2137 931 2184 Arma
951 2130 1349 2194 Amyclaeumque
1369 2135 1541 2175 canem
1556 2120 1875 2177 Cressamque
1894 2114 2187 2175 pharetram.

699 2220 839 2285 Ergo
881 2231 986 2269 non
1012 2225 1092 2267 est
1122 2220 1296 2281 vegeta
1333 2205 1669 2259 accusativus
1703 2198 1942 2268 pluralis,
2003 2193 2097 2246 sed
2154 2188 2283 2243 Geta

696 2310 959 2364 ablativus
987 2302 1290 2373 singularis,
1325 2299 1414 2368 qui
1463 2309 1678 2364 semper
1709 2293 1761 2345 in
1821 2289 1990 2358 prima
2037 2285 2275 2338 decima-

694 2407 843 2458 tione
871 2396 1174 2468 aprodncit
1226 2393 1278 2447 in
1308 2390 1554 2444 omnibus
1600 2381 1908 2455 genetihus,
1948 2387 2005 2431 ut
2048 2383 2276 2445 proreta,

699 2492 1026 2561 l-‘gOllOi/tela,
1058 2487 1267 2547 lanista,
1300 2482 1616 2536 archinirata
1650 2519 1664 2542 ,
1697 2476 1863 2544 pirata
1887 2511 1903 2537 ,
1933 2482 2161 2537 satrapa,
2187 2482 2273 2518 ra-

700 2589 841 2650 bula,
867 2580 1079 2642 atltlita,
1109 2577 1393 2647 psalm'sta,
1433 2572 1704 2631 exorcista,
1733 2564 1996 2633 Baptista,
2031 2558 2284 2627 Agrippa.

770 2681 902 2734 ltezn
933 2676 1207 2741 fetninina,
1226 2674 1351 2736 sica,
1374 2668 1563 2727 amica,
1591 2658 1898 2731 pica,rima,
1933 2651 2080 2713 lima,
2108 2649 2288 2709 mima,

702 2788 851 2840 ruga,
889 2768 1209 2830 bibliotheca,
1232 2759 1474 2821 umbella,
1505 2752 1699 2813 libella,
1739 2745 1934 2809 scrula,
1963 2738 2240 2794 columella
2272 2776 2286 2801 ,

703 2859 1083 2933 tympanistria,
1109 2865 1202 2911 ut:
1235 2874 1253 2906 ι
1284 2853 1338 2906 In
1368 2847 1541 2903 medio
1565 2836 1970 2911 juvencularum
1994 2828 2292 2903 tympanis-

705 2956 988 3018 triarump
1025 2944 1326 3003 communia
1357 2956 1372 3006 ;
1398 2948 1455 2993 ut
1478 2938 1694 2996 advena,
1728 2943 1904 2991 verna,
1936 2923 2078 2976 unde
2107 2934 2293 2972 verna-

706 3045 875 3110 culus,
916 3040 1054 3112 quod
1084 3038 1273 3093 melius
1306 3049 1398 3102 per
1436 3047 1461 3083 υ
1493 3040 1651 3097 quam
1678 3036 1771 3090 per
1799 3018 2108 3087 digammon
2132 3008 2296 3066 scrilii

715 3148 952 3190 ve:erum
1002 3128 1295 3184 auctoritas
1338 3115 1827 3187 ortltograpliormn
1867 3113 2119 3166 testatur,
2174 3098 2296 3168 quia

706 3246 791 3283 uer
822 3225 963 3281 unde
993 3237 1205 3277 vernum
1232 3215 1582 3273 derivativum
1608 3205 1818 3259 ducitur
1839 3240 1855 3266 ,
1888 3213 1981 3267 per
2007 3212 2035 3249 υ
2065 3200 2295 3248 constat.
2330 3246 2373 3283 μ

2361 3285 2374 3306 ⁴
2408 3291 2551 3361 niger
2577 3286 2903 3357 nigerrimus,
2933 3281 3086 3335 miser
3113 3277 3429 3331 miserrimus
3459 3312 3477 3339 ,
3509 3272 3641 3326 celer
3669 3270 3993 3333 celerrimus,

712 3321 908 3373 Verum
938 3318 1051 3369 haec
1084 3313 1298 3366 nomina
1344 3320 1451 3359 non
1493 3300 1557 3355 ad
1592 3309 1831 3365 pmonem
1866 3288 2092 3359 primum
2128 3283 2300 3350 perti-

714 3410 892 3465 nentia
909 3406 1246 3476 protulimus.
1264 3398 1356 3453 sed
1376 3395 1439 3450 ad
1454 3385 1836 3446 ostendendam
1864 3381 2046 3448 prima:
2069 3374 2307 3430 declina-

726 3502 887 3556 tionis
912 3499 964 3553 in
994 3494 1225 3550 ablativo
1251 3489 1558 3543 linalitatcm
1581 3522 1594 3545 ,
1628 3480 1713 3531 tibi
1746 3486 1958 3540 semper
1991 3486 2020 3520 a
2057 3468 2295 3537 produci-

717 3608 822 3656 tur,
852 3603 908 3646 nt
934 3591 1078 3643 Geta.
1109 3583 1396 3643 Seanditur
1425 3587 1603 3632 autem
1633 3572 1702 3624 ita
1737 3586 1749 3621 :
1782 3567 1967 3629 ritlicu,
2029 3562 2077 3615 lo
2108 3575 2164 3613 re
2208 3556 2302 3622 Ge,

715 3699 767 3740 tu
798 3702 909 3751 seu,
948 3680 1188 3752 qualibet,
1221 3685 1329 3729 arte
1359 3688 1442 3734 ca,
1490 3664 1665 3721 nendi.
1698 3658 1949 3727 Alioquin
1981 3665 2032 3709 ta
2060 3670 2152 3706 seu
2202 3666 2307 3705 non

720 3785 867 3833 esset
893 3772 1181 3841 spondmus
1210 3766 1306 3822 sed
1340 3760 1568 3823 iambus,
1598 3752 1740 3824 quod
1777 3748 1978 3803 heroici
2012 3741 2310 3799 hexametri

721 3868 904 3937 regula
926 3861 1132 3919 abnuit.
1161 3858 1289 3912 lzcm
1316 3862 1500 3909 neutra
1533 3843 1733 3916 pzronis
1756 3840 1932 3911 primi,
1956 3847 2014 3890 ut
2036 3834 2311 3889 concilium

719 3961 1019 4031 augurium,
1050 3950 1355 4022 supplirium
1382 3989 1395 4012 ,
1427 3939 1736 4002 discidium,
1762 3929 2069 4001 principium
2095 3968 2109 3988 ,
2157 3924 2313 3979 servi-

722 4057 868 4115 tium,
900 4045 1222 4102 restibulum,
1253 4035 1590 4094 tlturibnlum,
1641 4023 1968 4095 conjugium,
2022 4016 2301 4076 auxilium,

723 4146 1017 4213 eloquium,
1042 4133 1351 4204 colloquium
1378 4171 1393 4193 ,
1426 4124 1695 4179 con~ilium
1724 4161 1738 4181 ,
1771 4113 2085 4186 peniculum,
2121 4108 2172 4162 id
2196 4120 2305 4171 est,

729 4202 949 4307 spongia
973 4250 990 4299 ;
1017 4231 1156 4286 unde
1187 4202 1341 4296 poeta
1370 4235 1490 4275 cum
1519 4217 1585 4271 dc
1616 4209 1857 4283 patibulo
1874 4202 2166 4262 Salvatoris
2189 4212 2317 4270 poc-

735 4340 877 4385 tnatc
902 4330 1178 4396 pangeret,
1204 4319 1277 4370 ait
1302 4330 1317 4368 ε

923 4411 1158 4465 Peniculo
1184 4408 1403 4458 infusum
1416 4398 1598 4449 calata-.0
1624 4393 1844 4456 porri-xit
1862 4394 2072 4443 acetum;

734 4503 1016 4573 ingenium,
1035 4496 1313 4568 judicium,
1341 4484 1605 4540 arbitrium
1634 4518 1649 4545 ,
1679 4475 1947 4544 imperium
1981 4509 1997 4535 ,
2024 4465 2321 4529 solstitium,

738 4594 1033 4658 (iaspidum.
1059 4585 1190 4638 Item
1217 4576 1465 4640 coslicola,
1484 4569 1735 4641 agricola,
1765 4558 2093 4620 Chrisdcola,
2122 4555 2324 4609 rurico-

740 4690 812 4748 la,
835 4648 1176 4747 'Pkirbigena,
1198 4672 1516 4740 Trojugena,
1539 4663 1855 4730 Graiugena,
1887 4653 2153 4721 folligena,
2178 4648 2324 4702 nubi-

744 4793 892 4849 gena,
916 4774 1018 4827 ltoc
1044 4780 1126 4825 cst
1156 4766 1478 4824 Centaurus,
1509 4764 1566 4811 ut
1587 4755 1832 4809 Lucanus
1867 4765 1880 4800 :

1365 4868 1611 4920 Ixionidas
1636 4867 1903 4912 Centauros

937 4946 1059 4995 Feta
1083 4937 1399 4991 Pelithroniis
1422 4932 1580 4980 nubes
1601 4924 1819 4977 ell‘undct
1840 4926 1884 4970 in
1907 4921 2050 4967 anis.

822 5053 884 5105 D.
910 5049 985 5102 Da
1014 5043 1225 5115 regulas
1248 5037 1555 5094 verborum.
1584 5059 1652 5069 -—-
1673 5029 1743 5081 Μ.
1777 5022 2079 5090 Sancti/ica,
2110 5018 2332 5085 (ediﬁce,

749 5143 965 5211 t‘irifico,
982 5137 1107 5192 clari
1114 5137 1231 5199 ﬁco,
1247 5130 1375 5202 glori
1381 5129 1500 5197 fico,
1518 5120 1809 5192 magniﬁco,
1826 5115 2090 5182 melliﬁco,
2117 5110 2358 5179 miriﬁco,

757 5234 985 5298 tatiftco;
1005 5226 1265 5292 testificor,
1291 5219 1553 5286 ludiﬁcor,
1574 5213 1839 5282 polliceor.
1866 5207 2130 5274 confiteor,
2186 5203 2338 5255 auxi-

761 5329 876 5393 !ior,
895 5319 1213 5391 progredior,
1234 5311 1504 5383 astipulor,
1523 5303 1803 5374 appretior,
1828 5302 2050 5363 intueor,
2075 5304 2337 5357 contueor,

759 5416 979 5477 irradia,
997 5408 1271 5471 discrucio,
1296 5399 1529 5471 inuigilo,
1545 5395 1890 5463 conglomero,
1911 5386 2106 5454 inﬁcia,
2130 5381 2361 5457 per/icio,

759 5499 1176 5582 efficiofafﬁcio,
1201 5497 1428 5566 sufficio,
1460 5491 1656 5560 officio,
1684 5484 1923 5548 conﬁcio,
1949 5481 2050 5545 cio,
2081 5476 2339 5537 interimo,

764 5564 824 5582 ⁷⁸1
941 5564 951 5572 ’
1017 5564 1050 5576 1-
1165 5564 1172 5567 -
1272 5564 1300 5566 ν.

764 5599 1042 5670 comperio,
1072 5590 1308 5651 adrenio,
1340 5584 1561 5645 invenio,
1619 5577 1835 5642 deripio,
1887 5570 2067 5635 eripio,
2116 5564 2339 5626 invideo,

765 5692 833 5745 ad
840 5681 1292 5745 nmnco,contineo,
1312 5685 1622 5733 commoneo,
1636 5670 1840 5729 edoceo,
1858 5659 2118 5730 confugio,
2131 5654 2346 5724 eﬂ'ngio,

766 5780 1050 5851 ingemina,
1074 5772 1323 5838 dilapido,
1354 5765 1592 5834 dispolio,
1621 5773 1830 5820 evacuo,
1860 5765 2164 5811 annumero,
2189 5761 2344 5799 exsu-

769 5889 912 5942 pero,
945 5864 1213 5924 assimulo,
1245 5866 1602 5915 commemoro,
1636 5862 1850 5909 exacua,
1872 5843 2119 5901 retribuo,
2151 5833 2343 5889 consti-

772 5974 878 6032 tuo,
907 5959 1138 6020 instituo,
1166 5951 1401 6015 restituo,
1452 5942 1723 6013 Concupio,
1750 5936 1964 6006 desipio,
1994 5931 2194 5988 cxcorio
2220 5964 2237 5994 ,
2271 5928 2345 5995 fc-

2362 625 2431 679 ita
2460 622 2715 690 Virgilius
2747 619 2798 672 in
2832 615 3125 670 lelrasticis
3157 610 3515 666 theatralibus
3549 629 3561 661 ε

2548 715 2627 762 Sic
2653 726 2737 762 vos
2761 724 2854 759 non
2880 708 3018 757 vobis
3049 704 3334 753 melliﬁcatis
3356 715 3500 763 apes;

2364 803 2636 870 degenere,
2666 795 2926 858 abbrevio,
2960 788 3249 861 suppedito,
3282 784 3627 856 quadripede.
3664 779 3963 849 Virgilius;

2427 890 2837 952 Quadrupedaute
2864 894 3056 949 putrem
3081 895 3226 932 cursu
3250 882 3406 943 quatit
3424 877 3606 940 ungula
3631 887 3887 937 campum.

2439 977 2499 1029 l).
2534 976 2648 1039 Quo
2677 981 2829 1039 pacto
2846 982 3015 1037 quave
3031 967 3238 1019 ratione
3261 962 3517 1017 dividitur
3535 974 3688 1029 paeon
3713 956 3972 1026 primus!

2367 1097 2434 1107 —-
2467 1066 2535 1120 Μ.
2568 1063 2820 1130 Sescupla
2849 1061 3109 1114 divisione
3139 1054 3406 1109 dirimitur
3428 1092 3446 1120 ,
3476 1052 3604 1105 dum
3638 1056 3796 1103 caret
3814 1061 3973 1110 mina

2369 1155 2646 1210 (llVlsiOlllS
2677 1152 2859 1220 regula
2887 1159 2940 1204 et
2970 1148 3127 1217 dupla
3157 1154 3212 1202 et
3239 1145 3422 1214 tripla.

2446 1247 2505 1300 ι).
2540 1245 2685 1310 Quot
2730 1252 2972 1309 tempora
2998 1237 3306 1292 moderatur
3358 1233 3497 1287 arsis
3524 1240 3616 1284 aut
3668 1229 3879 1283 thesis?
3919 1254 3977 1265 --

2374 1338 2444 1391 Μ.
2477 1335 2625 1389 Arsis
2659 1334 2818 1387 trium
2850 1340 3151 1398 temporum
3177 1324 3503 1385 dominatur,
3525 1321 3695 1374 thesis
3715 1320 3980 1382 duorum,

2374 1429 2496 1500 quia
2524 1425 2943 1497 antepcnultima
2974 1430 3129 1475 acuto
3160 1418 3425 1489 profertur
3451 1425 3695 1469 accentu.

2895 1512 2972 1567 De
3003 1527 3178 1583 parone
3202 1510 3443 1563 secundo.

2452 1615 2512 1669 D.
2546 1614 2621 1668 Da
2682 1610 2895 1664 nomina
2920 1607 2988 1660 ad
3030 1618 3270 1674 patoncm
3297 1600 3593 1656 secundum
3628 1598 3980 1667 pertinentia.

2381 1738 2449 1748 -—
2474 1706 2542 1759 3|.
2573 1703 2831 1765 Potentia,
2861 1699 3148 1769 frequentia
3175 1736 3190 1762 ,
3214 1694 3434 1756 colonia,
3476 1690 3755 1759 crcpacula
3780 1732 3795 1754 ,
3827 1706 3985 1741 nora-

2382 1797 2524 1865 cula,
2555 1793 2856 1858 sororcula,
2904 1790 3127 1853 diecula,
3157 1783 3489 1844 domuncula,
3516 1780 3817 1847 loquacula,
3852 1778 3987 1849 pucl-

2314 1892 2352 1948 Β
2386 1891 2516 1956 lula,
2539 1888 2769 1953 bonoria,
2804 1898 3075 1951 puerpera,
3108 1875 3401 1948 pecuscula.
3438 1873 3823 1929 Utlnvencus:

2601 2040 2623 2092 Ι
2690 2041 2733 2088 .d
2801 1977 3013 2087 liovcam
3035 1975 3077 2022 si
3103 1971 3227 2022 forte
3255 1968 3513 2033 pecusrula
3541 1974 3705 2016 vestra

2629 2056 2700 2090 net
2740 2053 2811 2089 ert
2850 2054 2861 2092 ;

2629 2053 2861 2099 netacrtt;

2388 2130 2512 2182 item
2544 2126 2859 2193 lcpusculus,
2892 2117 3227 2188 pedunculus,
3261 2110 3729 2173 homunculus,ch
3765 2110 3985 2160 bonisn-

2387 2218 2487 2277 cio,
2514 2214 2596 2268 vel
2630 2210 2966 2272 Itomullulus,
3000 2216 3090 2260 aut
3136 2203 3414 2266 Itomullus,
3448 2210 3505 2256 ut
3551 2199 3740 2254 Cicero
3772 2216 3786 2250 :
3839 2217 3858 2246 ι
3880 2196 3988 2250 llo-

2389 2308 2588 2362 mullus
2616 2320 2684 2359 ex
2720 2302 2907 2371 argilla
2931 2309 2985 2355 et
3012 2300 3121 2353 luto
3177 2296 3357 2349 licius.
3395 2313 3412 2345 ›
3449 2290 3731 2345 Homullus
3779 2288 3847 2341 ad
3879 2304 3992 2339 ann

2391 2399 2743 2468 pliibracltum
2773 2394 3022 2463 pertinet.
3047 2389 3200 2444 Solet
3226 2387 3387 2441 ctiam
3444 2398 3594 2451 ptcon
3642 2378 3924 2434 secundus
3956 2391 3985 2427 a

2393 2488 2740 2557 snperlativis
2762 2482 3018 2553 gradibus
3042 2478 3267 2533 derivari
3292 2476 3380 2531 ubi
3426 2473 3767 2544 geminantur
3797 2486 3823 2521 r
3846 2468 3932 2519 vel
3968 2468 3984 2517 i

2394 2586 2604 2648 litterae,
2634 2591 2820 2633 utacer
2848 2573 3148 2636 acerrimus,
3179 2577 3317 2621 vetus
3347 2566 3665 2619 veterrimus.
3697 2560 3960 2629 Virgilius

2768 2676 3043 2724 \‘cterrima
3064 2672 3248 2725 laurus.

2578 2740 2841 2802 Religione
2863 2743 3051 2798 patrum
3071 2731 3247 2780 multos
3263 2736 3451 2777 servata
3470 2738 3558 2788 per
3576 2736 3729 2773 annos
3753 2734 3769 2770 :

2400 2846 2644 2917 quamvis
2669 2842 2911 2909 analogia
2934 2840 3112 2904 exigat
3142 2846 3196 2888 ut
3218 2831 3453 2901 epitheta
3484 2829 3536 2882 in
3581 2844 3608 2881 r
3639 2824 3986 2881 terminantia

2398 2934 2783 3004 Superlativum
2814 2927 3077 2997 geminata
3106 2941 3132 2976 r
3178 2924 3350 2975 littera
3400 2929 3755 2987 promantur,
3798 2925 3853 2967 ut
3877 2922 3999 2965 teter

2402 3027 2721 3086 teterrimus,
2770 3020 2938 3071 creber
2994 3014 3368 3075 creberrimus;
3426 3009 3567 3063 unde
3637 3004 4001 3072 antquissimi

2404 3135 2508 3172 non
2538 3127 2676 3169 vetus
2702 3113 2795 3166 sed
2820 3119 2974 3174 veter,
3008 3116 3064 3160 ut
3115 3104 3320 3158 Ennius
3359 3119 3369 3154 :

2502 3204 2619 3254 Cum
2641 3210 2781 3252 vetcr
2800 3198 3025 3247 occubuit
3048 3195 3266 3243 Priamus
3286 3191 3379 3239 sub
3401 3188 3554 3238 Marte
3575 3186 3821 3247 Pelasgo;

2411 3384 2552 3453 piper
2582 3380 2903 3451 pigerrimus,
2929 3383 3066 3426 tener
3088 3370 3408 3433 tenerrimus,
3451 3374 3507 3419 ut
3528 3364 3581 3418 in
3608 3362 3851 3416 Basilion
3872 3376 3996 3416 can-

2413 3485 2521 3527 tum
2553 3481 2632 3525 cst
2660 3490 2671 3523 :

2660 3582 2807 3642 Quasi
2832 3577 3125 3629 vermiculus
3142 3575 3260 3635 ligni
3285 3570 3601 3623 tenerrimus.

2412 3695 2541 3748 Nam
2564 3705 2757 3759 pauper
2782 3684 3156 3755 pauperrimus,
3179 3689 3233 3735 et
3252 3677 3463 3749 pulcher
3484 3672 3864 3745 pulcherrimus
3881 3670 4008 3725 ioni-

2413 3799 2478 3837 co
2497 3778 2685 3848 majori
2704 3777 3091 3843 mancipantur.
3113 3763 3717 3837 Excipiunturanomala
3731 3762 4008 3815 sinistiutus

2415 3884 2469 3928 et
2500 3872 2755 3927 dextimus
2796 3879 3022 3937 quorum
3056 3861 3320 3932 primitiva
3346 3868 3472 3913 sunt
3508 3858 3715 3911 sinister
3740 3864 3797 3908 ct
3821 3854 4007 3905 dexter.

2421 3965 2574 4022 Unde
2636 3957 2923 4017 Sallustius
2978 3949 3435 4021 liistoriograpltus
3508 3948 3558 4001 in
3629 3943 3996 4014 Jugurtbino:

2425 4075 2444 4108 ι
2474 4056 2617 4124 Sylla
2648 4048 2869 4122 (inquit)
2911 4060 3033 4101 cum
3065 4044 3303 4112 equitatu
3345 4040 3486 4108 apud
3513 4037 3784 4092 dextimos
3812 4076 3828 4098 ,
3857 4035 3911 4086 in
3937 4031 4009 4084 si-

2424 4147 2589 4199 nistra
2620 4152 2769 4211 parte
2793 4139 2999 4193 Mallius
3019 4151 3140 4190 cum
3163 4130 3550 4187 laudatoribus.
3581 4143 3601 4178 ι
3659 4124 3794 4179 Nam
3826 4137 4010 4176 secun-

2423 4239 2548 4292 dum
2576 4231 2876 4302 analogiam
2889 4225 3271 4289 sinisterrimus,
3286 4231 3338 4276 et
3354 4218 3691 4274 dexterrimus
3708 4215 3999 4269 diceretur.

2427 4330 2554 4380 item
2581 4323 2876 4396 facillimus,
2904 4316 3242 4389 gracillimus,
3282 4308 3600 4363 humillimus
3626 4347 3643 4372 ,
3699 4304 4010 4367 simillimus,

2428 4393 2707 4485 agiliiiuus.
2729 4409 2998 4466 Neutralia
3029 4418 3241 4473 quoque
3268 4402 3319 4455 in
3347 4402 3483 4452 lianc
3502 4394 3740 4464 regulam
3766 4393 4012 4461 redigun-

2432 4520 2539 4575 tur,
2571 4515 2632 4561 ut
2660 4502 2989 4575 opusculum,
3021 4492 3392 4567 majusculum,
3422 4485 3773 4549 holusculum,
3806 4496 4011 4551 crepa;-

2356 4608 2404 4666 D
2430 4603 2606 4655 culum
2638 4638 2656 4666 ,
2687 4595 3017 4669 pecusculum
3066 4588 3239 4658 (cujus
3282 4581 3489 4655 plurale
3527 4580 3636 4649 jam
3674 4575 4012 4647 protulimus)

2431 4689 2710 4759 piaculum,
2743 4684 3046 4755 periculum,
3071 4676 3349 4732 silentium.
3382 4672 3490 4725 hec
3518 4683 3621 4722 non
3636 4665 3798 4720 etiam
3826 4664 3881 4717 in
3899 4678 4012 4717 ver-

2432 4786 2619 4839 borum
2646 4778 2820 4833 modis
2846 4788 2900 4831 et
2925 4770 3171 4841 personis
3205 4780 3266 4820 ac
3315 4772 3612 4831 temporum
3640 4752 4015 4811 declinationi-

2434 4881 2531 4932 bus
2561 4876 2699 4930 idem
2730 4882 2883 4941 paeon
2915 4860 3185 4933 reperitur
3232 4857 3463 4912 insertus
3499 4866 3528 4905 a
3550 4852 3716 4920 prima
3761 4845 4014 4915 conjuga-

2435 4972 2600 5031 tione,
2622 4935 2750 5034 quid
2777 4961 2830 5014 in
2861 4952 3169 5028 pyrrhichio
3219 4944 3535 5016 digessimus
3565 4957 3580 5005 ;
3606 4937 3691 4993 vel
3750 4935 4010 4998 secunda,

2436 5075 2554 5129 tina:
2579 5059 2633 5114 in
2654 5055 2923 5110 tribractto
2954 5057 3195 5114 tempore
3238 5040 3435 5101 laturo,
3479 5043 3538 5089 ut
3565 5029 3849 5084 amabimus
3879 5042 4017 5080 ama-

2438 5119 2574 5215 bilis,
2598 5147 2854 5202 beabimus
2876 5139 3108 5202 beabitis,
3133 5130 3412 5188 meabimus
3456 5122 3709 5183 meabitis,
3739 5119 4017 5173 crcabiulus

2439 5245 2694 5308 creabitis,
2713 5236 3003 5295 cavebimus
3021 5220 3572 5291 cavabitis,secabimus
3595 5212 3854 5270 secabitis.
3872 5216 3912 5262 Α
3942 5225 4018 5263 εει

2441 5338 2619 5396 cunda
2651 5302 2721 5390 de
2749 5329 2935 5385 activis
2974 5336 3029 5381 et
3052 5318 3410 5384 neutralibus,
3439 5324 3499 5369 ut
3520 5308 3810 5365 docebimus
3833 5302 4022 5356 docebi-

2445 5394 2527 5489 tis.
2553 5424 2865 5495 stupebimus
2891 5413 3178 5485 stupebitis,
3211 5407 3484 5480 fovebimus
3513 5398 3761 5473 fovebitis.
3794 5394 4021 5448 ciebitnas

2447 5520 2659 5584 ciebitis,
2702 5513 2979 5584 rigabimus
3025 5504 3270 5578 rigebitis.
3323 5497 3567 5558 Paesiva,
3605 5487 3934 5547 communia,
3977 5492 4023 5537 et

2450 5608 2773 5679 deponentia
2807 5611 3035 5668 utroque
3076 5606 3301 5649 numero
3358 5582 3720 5643 concordant,
3775 5574 4022 5630 docebais

2451 5703 2710 5758 docebitur
2738 5695 3052 5752 docebimur,
3079 5682 3356 5741 medeberis
3381 5677 3659 5733 medebitur
3696 5669 4022 5723 medebimur.

2455 5795 2692 5869 fateberis
2719 5789 2960 5861 fatebitur
2980 5782 3275 5855 fatebimur,
3314 5772 3555 5831 vercberis
3578 5766 3829 5823 verebitur
3844 5761 4025 5815 verebi-

2457 5866 2586 5949 mur.
2621 5891 2708 5946 Sic
2736 5895 2792 5943 et
2831 5900 2863 5940 a
2892 5883 3062 5939 lorma
3089 5875 3410 5941 inchoativa,
3458 5866 3553 5925 sed
3582 5881 3613 5922 a
3635 5874 3877 5927 tempore
3905 5870 4028 5929 prae-
