4172 6538
129 406 246 443 OQP:

137 430 247 461 2'4".)

140 712 332 764 scimus
363 712 653 777 rubescitis,
689 724 745 767 ut
775 716 825 767 in
855 726 1011 784 poeta
1046 732 1058 767 :

236 821 395 877 Quem
421 823 576 884 magis
599 823 804 875 offendit
829 828 1047 889 quisquis
1070 830 1346 891 superando
1363 834 1590 892 tepescit.

144 922 430 992 l‘articipia
468 926 814 983 nihilominus
836 931 1007 1001 paeoni
1036 935 1272 989 secundo
1328 948 1625 1007 congruere
1659 936 1736 990 vi-

138 1015 337 1069 dentur
364 1015 417 1070 in
465 1019 791 1074 nominativo
817 1031 869 1076 et
891 1022 1071 1079 dativo
1095 1024 1283 1093 plurali
1312 1041 1506 1094 genere
1528 1038 1737 1093 neutro,

139 1114 201 1158 ut
251 1107 476 1160 eidentia
529 1110 833 1178 videntibus,
894 1115 1114 1185 uigentia
1186 1118 1498 1186 vigentibus,
1554 1120 1740 1174 olentia

140 1196 416 1264 olentibus,
449 1200 663 1253 nitentia
706 1205 978 1259 nitentibus
1025 1223 1143 1275 qua:
1174 1208 1385 1262 nitorem
1438 1225 1541 1265 non
1574 1215 1739 1264 nisum

137 1287 445 1357 designant,
502 1291 705 1345 litautia
755 1295 1038 1362 litantibus,
1114 1303 1353 1355 micantia
1402 1306 1735 1373 micantibus,

136 1381 330 1433 luentia
356 1384 630 1451 luentibus,
680 1388 903 1456 [ruentia
934 1391 1243 1460 frtteutibus,
1280 1399 1451 1449 euntia
1477 1401 1732 1453 euntibus.

212 1471 275 1524 D.
319 1472 391 1526 Da
432 1474 711 1531 divisionis
743 1481 912 1549 legem
949 1482 999 1535 in
1068 1501 1254 1551 pmone
1286 1491 1540 1544 secundo.
1565 1524 1631 1531 —
1666 1494 1732 1546 Μ.

136 1562 603 1627 Quemadmodum
640 1580 959 1626 antecessor
988 1577 1240 1645 sescupla
1285 1580 1611 1637 discretione
1656 1585 1736 1638 di-

138 1652 353 1707 rimitur
384 1672 396 1718 ;
427 1657 563 1710 arsis
592 1673 716 1712 vero
747 1670 800 1713 et
830 1661 993 1716 thesis
1023 1673 1072 1717 ct
1103 1676 1352 1722 accentus
1377 1672 1562 1725 eadem
1597 1684 1732 1726 tent-

138 1758 329 1811 porum
362 1747 542 1817 regula
575 1748 868 1820 funguntur
897 1772 1055 1823 quam
1089 1758 1140 1813 in
1178 1776 1362 1829 pteone
1395 1765 1570 1831 priore
1602 1781 1735 1835 prtu-

137 1833 231 1889 t'ati
265 1851 471 1891 sumus.

688 1935 764 1988 De
794 1954 969 2006 ptrone
998 1943 1165 1997 tertio.

210 2016 276 2071 Β.
308 2017 567 2089 Exempla
598 2026 799 2090 pmmtis
828 2029 972 2082 tertii
1001 2031 1399 2097 depromautur.
1427 2067 1496 2078 -—-
1523 2039 1591 2092 lii.
1623 2041 1728 2094 Ne-

141 2122 370 2160 morosus
400 2109 487 2177 (id
520 2122 601 2162 est
644 2117 953 2169 nemoribus
986 2119 1201 2188 plenus)
1230 2164 1241 2187 ,
1298 2124 1377 2177 sic
1415 2127 1725 2197 decorosus,

132 2196 394 2249 sueciosus
418 2238 431 2260 ,
463 2202 693 2253 rabiosus
717 2243 730 2265 ,
766 2206 1024 2259 taricosus
1067 2209 1084 2278 (
1112 2211 1161 2263 id
1193 2223 1275 2266 est
1318 2217 1580 2271 varicibus
1613 2220 1726 2287 ple-

136 2292 240 2334 ttus
266 2281 317 2351 ),
351 2285 634 2353 scabiosus,
666 2306 979 2359 generosus,
1013 2301 1350 2367 macilcntus,
1384 2307 1722 2373 truculentus,

132 2373 448 2439 gracilentus
471 2417 487 2443 ,
522 2380 805 2447 feculentus
833 2423 848 2448 ,
902 2388 1171 2455 Opttlentus
1203 2431 1216 2455 ,
1250 2393 1497 2449 oriundus
1523 2436 1537 2459 ,
1567 2402 1725 2452 mori-

141 2465 370 2529 bundus,
408 2469 760 2537 rudibuudus,
798 2471 1101 2539 Palinurus,
1134 2484 1401 2550 paliurus;
1436 2496 1494 2540 ut
1522 2488 1688 2542 illud:

322 2577 537 2631 Carduns
563 2590 613 2631 et
633 2585 785 2645 spinis
807 2598 979 2649 surgat
1005 2590 1231 2643 Paliurus
1253 2598 1432 2659 acutis;

141 2677 362 2741 alienus,
395 2681 693 2751 sceleratus,
729 2690 984 2756 galeatus,
1014 2694 1295 2761 tunicatus,
1328 2700 1606 2768 trabeatus,
1638 2721 1729 2758 cit-

140 2776 317 2818 ncatus
345 2808 358 2829 ,
393 2772 650 2836 equitatus
673 2812 688 2837 ,
746 2779 1002 2843 peditatus
1024 2823 1037 2844 ,
1091 2786 1358 2840 comitatus
1383 2828 1397 2852 ,
1453 2793 1685 2859 capitalis
1711 2835 1724 2857 ,

136 2861 393 2928 glacialis,
421 2866 659 2932 specialis
680 2906 693 2931 ,
726 2873 981 2938 gencriilis
1003 2914 1016 2935 ,
1050 2875 1276 2932 lateralis
1295 2918 1311 2944 ,
1343 2880 1565 2937 Cerealis
1587 2925 1601 2950 ,
1634 2896 1724 2941 ut:

816 2960 1021 3013 Cereale
1047 2979 1260 3029 papaver

380 3014 595 3078 Tempus
618 3018 766 3070 homo
791 3030 989 3086 tegere;

133 3112 400 3166 operosus,
436 3102 746 3167 maculosus,
778 3121 1101 3175 numerosus,
1135 3126 1399 3180 onerosus,
1434 3119 1719 3184 animosus,

133 3188 450 3256 papulosus,
484 3193 777 3258 spatiosus,
811 3196 1051 3251 oculosus
1082 3211 1126 3253 et
1158 3206 1432 3270 oculatus;
1478 3220 1535 3262 ut
1579 3214 1720 3279 Apo-

133 3280 412 3349 calypseos
443 3300 455 3335 :
496 3285 788 3338 «Animalia
822 3289 1143 3349 intrinsecus
1172 3298 1401 3354 oculata.
1436 3319 1455 3352 ι

212 3370 277 3423 D.
312 3370 727 3439 l‘rmpositttt't:ttt
759 3377 822 3431 da
854 3379 1207 3439 dili‘erentiatn
1235 3392 1532 3446 nominum.
1559 3426 1626 3435 —
1651 3398 1721 3452 Μ.

129 3462 283 3529 Quod
313 3464 493 3519 omnia
527 3467 740 3523 mobilia
788 3483 914 3527 sunt
951 3486 1004 3530 et
1045 3480 1279 3547 epitheta
1324 3484 1593 3550 dicuntur,
1629 3506 1725 3545 ex-

128 3552 307 3619 ceptis
337 3554 541 3622 paliuro
572 3566 621 3611 et
654 3556 939 3628 Palinuro,
974 3576 1028 3620 et
1071 3568 1174 3624 illis
1203 3587 1321 3640 quae
1360 3575 1428 3629 ab
1466 3579 1632 3647 equite
1671 3591 1723 3636 et

129 3642 300 3703 pedite
339 3657 402 3698 ac
442 3648 625 3700 comite
663 3648 900 3706 derivata
938 3659 1283 3727 protulimus,
1319 3665 1440 3733 quia
1481 3642 1630 3737 eques
1668 3682 1724 3727 et

122 3742 336 3800 equetus
367 3748 529 3789 unum
562 3736 817 3808 idemque
856 3752 960 3799 est.
1014 3745 1105 3803 Sic
1152 3751 1304 3817 pedes
1350 3763 1406 3808 et
1452 3736 1722 3827 pedester;

118 3822 386 3891 equitatus
432 3842 564 3882 vero
607 3840 660 3885 et
704 3834 964 3901 peditatus
994 3838 1058 3892 ad
1089 3855 1367 3898 numerum
1401 3822 1638 3917 equitum
1668 3863 1723 3908 et

125 3916 365 3983 peditum
398 3920 763 3987 pertinebunt.

202 4005 267 4059 ι).
308 4007 407 4063 Cui
450 4010 636 4067 formae
671 4018 873 4072 casuali
917 4022 1134 4088 prcelata
1168 4028 1442 4084 nominum
1474 4036 1718 4105 exempla

123 4098 547 4165 mancipantur?
571 4132 640 4145 —
664 4106 733 4159 Μ.
768 4108 955 4164 Omnia
986 4116 1233 4171 secundae
1265 4120 1635 4182 declinationis
1666 4130 1716 4184 in

124 4202 185 4240 us
222 4190 501 4244 terminata
549 4204 857 4263 pentaptota
898 4210 1024 4257 sunt
1065 4203 1117 4260 in
1161 4206 1415 4280 singulari
1458 4230 1716 4285 numero,

121 4290 425 4348 tetraptota
456 4282 507 4337 in
541 4284 752 4353 plurali.

197 4370 263 4425 D.
299 4372 431 4440 Qua:
461 4387 587 4431 sunt
614 4380 896 4436 verborum
925 4388 1165 4458 exempla
1199 4396 1369 4461 ρκοηί
1404 4400 1556 4455 tcttio
1584 4417 1715 4457 con-

120 4464 407 4532 gruentia?
439 4495 507 4509 -
537 4469 604 4523 Μ.
634 4471 927 4531 Sumunlur
956 4482 1172 4548 quidem
1206 4501 1233 4539 a
1269 4489 1436 4555 prima
1471 4501 1525 4549 et
1561 4499 1716 4552 tertia

1106 410 1301 465 LIBER
1352 413 1435 464 DF.
1476 412 1907 467 SEPTEN.\MU
1951 416 2037 470 ET
2082 418 2164 473 DE
2208 421 2477 479 METRIS.

133 527 281 581 senti
316 536 373 581 ut
423 530 715 583 t'lt’etcltlltts
776 531 1060 593 rircsritis,
1116 534 1420 601 tigrst‘lmtts
1474 534 1744 605 tigescitis,
1780 540 1821 593 Λ
1858 536 2197 605 mancipatur
2238 549 2483 611 tempore
2522 549 2769 612 prmsetzti
2812 561 2864 605 et
2907 559 3178 620 prccterito

136 620 469 671 tmnescimus
496 622 794 683 tumescitis,
854 622 1204 675 madescimus
1232 625 1552 687 ntatlescitis,
1599 628 1745 678 rube-

3327 451 3431 505 illi

3198 597 3213 625 ,
3258 578 3311 618 ut
3352 574 3444 621 sti-

1852 624 2033 688 pulare
2061 628 2364 695 stipulasse,
2400 632 2605 686 titulare
2638 636 2869 693 titulasse
2889 681 2902 703 ,
2940 643 3144 699 ululare
3173 653 3400 710 ululasse
3420 701 3435 723 ,

1851 717 2074 783 spoliare
2103 721 2354 787 spoliasse
2374 764 2388 788 ,
2423 734 2667 779 temerare
2696 740 2984 790 temerasse.
3031 737 3181 796 Unde
3213 745 3382 802 Proba
3418 796 3430 815 ,

1851 804 1990 861 inter
2021 818 2207 878 poetas
2235 812 2550 879 clarissima,
2584 818 2634 870 in
2663 825 2885 878 eandio
2910 826 3433 909 Virgilio-centenis,

1847 902 2094 969 quamvis
2134 904 2583 976 Apocryphorum
2627 913 2811 968 ltivola
2854 920 2954 973 sub
2992 928 3168 992 specie
3208 902 3438 1001 proplte;

1847 994 1946 1047 tica
2000 996 2369 1061 continentis,
2425 1002 2518 1055 scd
2572 1015 2751 1062 tamen
2806 1010 3091 1081 legitimam
3137 1020 3433 1082 hexametri

1845 1088 2089 1158 regulam
2122 1093 2389 1147 servantis
2412 1136 2425 1158 ,
2461 1096 2738 1167 eleganter
2766 1103 3100 1174 deprompsit
3130 1114 3314 1173 dicens
3346 1138 3357 1173 :

1966 1180 2071 1230 Jam
2093 1184 2273 1235 dudum
2300 1194 2571 1239 temerasse
2592 1192 2744 1241 duces
2770 1198 2843 1255 pia
2865 1198 3046 1249 ltrdera
3076 1208 3221 1264 pacis.

1842 1261 2132 1320 Seanditur
2160 1268 2230 1321 ita
2259 1285 2271 1321 :
2303 1270 2423 1323 Jam
2457 1273 2546 1340 du,
2586 1275 2709 1327 dum
2738 1286 2915 1347 temer,
2945 1298 3057 1337 asse
3087 1288 3180 1352 du,
3213 1307 3293 1345 ces
3324 1296 3431 1363 μία,

1843 1354 2033 1421 {autem
2064 1359 2224 1425 pacis.

1916 1446 1974 1498 D.
2011 1446 2083 1499 Da
2116 1451 2359 1519 exempla
2391 1453 2875 1523 signiﬁcationibus
2911 1466 3311 1537 participinrnm
3345 1492 3434 1545 ap~

1839 1540 2082 1604 probata.
2111 1572 2179 1580 —
2203 1541 2273 1596 Μ.
2302 1542 2563 1599 Praeteriti
2590 1559 2643 1602 et
2670 1552 2827 1603 l'utut-i
2860 1560 3119 1624 temporis
3147 1540 3424 1633 participii

1842 1639 1869 1676 a
1904 1629 2143 1694 passivo,
2182 1635 2451 1687 communi
2483 1646 2533 1688 et
2562 1636 2853 1704 deponenti
2877 1681 2891 1705 ,
2934 1647 3204 1704 venientia
3228 1694 3242 1717 ,
3292 1668 3430 1718 pso-

1839 1732 1958 1770 nem
1994 1723 2207 1776 tertium
2266 1740 2370 1777 non
2422 1730 2739 1799 repudiarit,
2790 1742 2846 1786 ttt
2884 1736 3199 1803 glomeratus
3241 1744 3431 1812 glome—

1838 1809 2063 1874 randus,
2097 1823 2363 1866 veneratus
2395 1821 2747 1886 venerandus,
2780 1823 3045 1888 jaculalus
3089 1834 3423 1902 iaculandus,

1760 1893 1807 1953 Β
1836 1900 2064 1956 imitatus
2098 1905 2379 1961 imitandus
2402 1949 2415 1972 ,
2445 1918 2502 1963 ut
2531 1930 2541 1963 :

1964 1997 2177 2071 puniens
2204 2005 2427 2060 perpetui
2453 2005 2659 2071 quinon
2700 2009 2925 2058 imitantia
2958 2019 3176 2071 [arentis

1956 2057 2071 2104 Jura
2096 2057 2384 2111 cadttcorum
2412 2057 2644 2126 gradibus
2668 2072 2906 2122 simulavit
2930 2057 3181 2128 ltbttorum.

1837 2136 1915 2188 Ai)
1944 2140 2114 2193 activo
2144 2158 2359 2212 quoque
2390 2158 2442 2199 et
2473 2160 2663 2201 neutro
2687 2191 2702 2213 ,
2738 2162 2791 2204 ul
2820 2156 3079 2223 fugiturus
3101 2203 3116 2224 ,
3150 2167 3384 2221 ruiturus
3407 2210 3424 2237 ,

1836 2230 2151 2295 ll'lt/l.lul‘ll8,
2185 2234 2437 2289 doliturus
2458 2278 2471 2301 ,
2504 2238 2793 2295 dontittirns
2815 2285 2827 2307 ,
2862 2256 2917 2299 ut
2949 2249 3002 2301 itt
3035 2251 3309 2323 Georgicis
3336 2276 3350 2311 :

1958 2356 1970 2366 .
2000 2357 2008 2365 .
2038 2356 2051 2368 .
2081 2356 2092 2369 .
2124 2322 2216 2370 .Et
2239 2324 2409 2373 durum
2438 2326 2874 2384 Barcltidontitura
2893 2350 3140 2403 saporem,

1834 2401 2111 2470 petiturus,
2143 2410 2423 2475 periturus.

1916 2492 1973 2543 υ.
2014 2493 2171 2547 Paeon
2205 2501 2392 2552 tertius
2423 2516 2524 2567 qua
2557 2504 2886 2564 discretione
2918 2525 3285 2583 sequestratur
3310 2524 3331 2576 ἲ
3356 2555 3424 2568 -

1834 2580 1907 2636 Μ.
1948 2585 2202 2654 Sescupla
2232 2590 2495 2649 ditisione
2528 2595 2815 2667 dirimitur,
2856 2607 2949 2659 sed
2992 2611 3128 2665 arsis
3166 2624 3219 2667 et
3260 2618 3425 2673 thesis

1842 2676 2017 2741 paraui
2077 2681 2247 2745 primo
2304 2693 2358 2737 et
2387 2689 2623 2742 secundo
2674 2694 3051 2767 reluctantur,
3102 2706 3228 2761 duttt
3284 2715 3423 2767 ursis

1834 2779 2051 2835 usurpat
2088 2779 2327 2839 tempora
2362 2774 2520 2841 bina,
2551 2790 2602 2833 et
2634 2780 2800 2836 thesis
2835 2789 2989 2841 trina.

1910 2856 1969 2909 D.
2001 2857 2183 2925 Unde,
2217 2877 2379 2933 rogo,
2413 2865 2511 2921 ista
2542 2868 2824 2929 diversitas
2868 2888 2922 2932 et
2965 2882 3125 2937 veluti
3169 2887 3423 2948 inconve-

1834 2946 1987 3001 niens
2033 2950 2322 3019 diaphouia
2365 2970 2633 3025 nascatur,
2666 2977 2785 3017 cum
2831 2968 2882 3020 in
2937 2974 3203 3035 prmdictis
3230 2980 3420 3039 decem

1835 3037 2060 3102 pedibus
2114 3057 2268 3110 aequo
2321 3043 2602 3103 divisionis
2656 3056 2844 3121 exagio
2899 3062 3205 3118 trutinautis
3266 3075 3420 3138 quasi

1834 3130 2081 3197 qumdam
2117 3136 2384 3202 organicce
2417 3140 2800 3198 modulationis
2832 3150 3060 3205 ntelodia
3095 3155 3165 3208 ita
3198 3174 3424 3218 concors

1751 3243 1798 3305 ρ
1837 3228 2139 3291 temporum
2174 3228 2453 3283 harmonia
2487 3241 2751 3289 teneatur.
2776 3266 2843 3276 —-
2869 3240 2940 3294 Μ.
2969 3243 3100 3309 Quia
3135 3264 3285 3313 pmon
3320 3265 3427 3309 ter-

1833 3313 1933 3368 tius
1964 3330 2180 3383 semper
2211 3332 2373 3375 acuto
2409 3334 2639 3379 accentu
2672 3331 3019 3395 penultitnam
3053 3341 3328 3409 producit,
3365 3358 3423 3400 ut

1828 3406 2218 3474 calamistrum,
2274 3413 2412 3465 unde
2457 3414 2729 3470 derivatur
2775 3422 3154 3480 calamistratus
3207 3435 3420 3500 epithe-

1830 3502 1982 3558 tum;
2042 3510 2133 3552 aut
2187 3502 2577 3571 circumﬂexo,
2634 3517 2691 3560 ut
2752 3514 3025 3568 medicina.
3088 3518 3246 3574 l‘won
3292 3540 3422 3578 vero

1833 3586 2037 3653 primus
2070 3600 2121 3642 et
2150 3593 2419 3647 secundus
2448 3610 2662 3664 semper
2694 3612 2819 3654 ante
2850 3606 3197 3670 penultimatn
3226 3628 3423 3673 acuere

1832 3688 2111 3731 accentum
2142 3680 2348 3750 legibus
2378 3689 2793 3753 compelluntur.

2369 3776 2445 3829 De
2473 3797 2541 3847 pa
2554 3796 2647 3835 one
2686 3795 2888 3845 quarto.

1898 3859 1961 3914 D.
1998 3862 2237 3919 Promito
2266 3869 2478 3923 tandem
2510 3877 2714 3938 pmonis
2740 3879 2913 3944 quarti
2941 3884 3212 3952 regulares
3240 3908 3417 3950 ext-m-

1825 3952 2030 4019 piorum
2065 3956 2335 4013 formulas.
2369 3992 2439 4003 -—
2470 3963 2538 4019 ill.
2572 3966 2821 4025 Strictius
2854 3970 2993 4028 hunc
3038 3980 3224 4045 pedem
3267 4002 3408 4041 eom-

1822 4050 2161 4100 mctttaturus
2208 4050 2527 4117 expediam,
2580 4055 2706 4109 dum
2760 4061 2915 4127 plura
2963 4073 3194 4137 exempli
3249 4077 3416 4132 d..ctt-

1823 4144 2001 4187 ntenta
2045 4136 2272 4192 ubertim
2323 4142 2543 4199 minime
2588 4153 2963 4221 suppeditent,
3011 4169 3067 4212 ut
3109 4163 3413 4234 humilitas,

1821 4226 2099 4292 saturitas,
2135 4231 2338 4286 satietas
2361 4274 2376 4299 ,
2407 4238 2655 4303 uarietas,
2691 4249 2975 4311 temeritas,
3008 4256 3245 4322 agilitas,
3276 4265 3413 4328 faci-

1820 4316 1936 4369 litas
1958 4357 1971 4382 ,
2005 4321 2302 4387 gracilitas,
2337 4324 2604 4391 celeritas,
2636 4332 2890 4403 viriditas,
2924 4344 3165 4407 tenuitas,
3203 4316 3412 4415 cupidi-

1825 4416 1902 4460 tas
1930 4448 1944 4472 ,
1977 4410 2233 4464 stabilitas
2261 4454 2276 4479 ,
2308 4423 2365 4467 ut
2398 4432 2621 4485 prosper
2654 4423 2703 4476 in
2737 4424 3224 4494 Epigratntnatibus
3254 4459 3265 4493 :

2005 4496 2109 4546 Lex
2133 4508 2319 4551 a'terna
2349 4506 2437 4554 liei
2464 4510 2623 4557 stabili
2654 4516 2783 4574 regit
2803 4520 2962 4567 omnia
2990 4530 3130 4570 nuttt.

122 4552 544 4625 conjugatione,
584 4570 826 4633 tetnpore
854 4574 1106 4637 prtesenti
1136 4586 1188 4630 et
1219 4552 1398 4636 futuro
1441 4586 1709 4645 indicativi

125 4648 273 4669 *με
364 4664 526 4669 μω,
572 4654 601 4669 ,.
878 4661 925 4669 ..

2402 4552 2436 4554 _,
2466 4552 2623 4557 πη-.-
2654 4552 2783 4574 --οη
2803 4552 2961 4567 .,.......

1826 4578 1915 4634 Sic
1947 4584 2235 4651 stoliditas,
2266 4592 2563 4655 proceritas.
2596 4593 2706 4648 Nec
2739 4613 2843 4651 non
2876 4604 3035 4656 etiam
3066 4607 3155 4660 illa
3188 4613 3408 4669 nomina

125 4648 320 4711 modi,
364 4654 661 4715 prtesertim
702 4672 731 4710 a
778 4661 956 4716 verbis
995 4680 1114 4734 qua:
1153 4674 1399 4739 superius
1440 4685 1710 4749 coaptati-

118 4753 242 4793 mus
262 4780 280 4805 ,
310 4753 433 4795 cum
464 4742 532 4797 de
563 4745 839 4805 tribracho
881 4766 1407 4822 commentaremur:
1450 4772 1707 4841 glomera-

117 4844 235 4882 mus
286 4829 621 4901 glomeratis,
673 4838 966 4907 glomerabo
1011 4846 1318 4916 glomerabis
1367 4829 1707 4933 gloinerabit,

116 4937 461 4989 preperamus
501 4932 828 4998 properatis,
872 4943 1153 5008 praperabo
1192 4952 1487 5013 prouerabis
1518 4973 1708 5025 prape-

116 5013 286 5076 rabit,
330 5015 652 5082 geminamus
698 5026 997 5096 geminatis,
1045 5031 1107 5085 bo
1156 5034 1229 5090 bis
1278 5041 1377 5105 bit,
1427 5047 1709 5115 rogitainus

115 5099 216 5166 tis,
262 5103 327 5156 bo
364 5107 441 5161 bis
479 5108 582 5175 bit,
614 5114 881 5179 rapiemus
920 5120 1009 5186 tis,
1040 5126 1299 5193 capiemus
1331 5134 1427 5200 tis,
1460 5099 1708 5203 pbliemus

115 5194 180 5244 ti:
203 5234 219 5259 ,
259 5196 513 5252 veniemus
546 5202 632 5255 tis.
673 5204 924 5275 Virgilius
954 5210 1008 5265 in
1040 5213 1343 5275 Bucolicis:

372 5286 604 5349 llapidutn
627 5293 766 5345 Creta
791 5302 1041 5352 veniemus
1070 5304 1261 5359 Oaxen.

126 5368 339 5425 Passiva
382 5388 510 5429 vero
552 5383 857 5436 communia
900 5396 956 5440 et
999 5388 1322 5457 deponentia
1367 5416 1458 5468 per
1487 5407 1704 5465 easdem

118 5470 383 5526 personas
426 5468 628 5534 passim
669 5486 776 5527 non
817 5485 1164 5547 congruentia
1190 5524 1205 5549 ,
1236 5492 1330 5541 sed
1364 5495 1463 5547 hoc
1505 5500 1660 5551 modo
1689 5542 1703 5565 ,

117 5548 418 5619 ittgut'amur
436 5558 765 5631 jugulentur,
793 5569 1095 5639 jugulabor,
1129 5592 1429 5635 veneramur
1460 5602 1704 5643 teneran-

122 5646 211 5693 tur
240 5650 541 5717 venerabor,
574 5655 888 5725 stipulamur
914 5664 1229 5732 stipulantur
1267 5675 1569 5742 stipulab..r,
1600 5692 1705 5735 sto-

116 5732 418 5790 machamur
442 5745 830 5801 stomacliantur
850 5755 1224 5813 stomachabar.
1252 5761 1551 5821 lnlittitis'us
1573 5787 1704 5840 quu-

118 5838 218 5889 que
266 5832 458 5890 modus
509 5836 559 5892 in
610 5843 795 5897 altivis
846 5856 898 5902 et
948 5853 1277 5909 neutralibus
1328 5861 1496 5927 paceni
1548 5870 1702 5923 tertio

1816 4688 1934 4739 qua:
1969 4687 2116 4728 recto
2145 4692 2270 4731 casu
2304 4680 2355 4732 in
2391 4684 2874 4748 proceleusntatico
2907 4697 3154 4764 superius
3183 4717 3410 4774 wages-

1818 4764 2019 4832 simus,
2072 4782 2168 4834 per
2211 4771 2504 4838 genitivum
2558 4777 2680 4831 huic
2727 4782 2849 4851 pedi
2898 4788 3215 4855 regulariter
3256 4810 3408 4864 apta-

1820 4856 2036 4924 buntur,
2070 4862 2284 4927 ﬁdicula
2324 4868 2576 4937 ﬁdiculte,
2625 4874 2827 4929 miseria
2868 4880 3116 4952 miserita,
3149 4891 3405 4943 crucirola

1815 4948 1913 5013 Iw,
1959 4951 2163 5019 apicula
2210 4956 2306 5019 Ite,
2339 4960 2539 5011 avicula
2586 4962 2677 5031 ιω,
2721 4969 2981 5024 crucicula
3026 4974 3108 5027 lae.
3154 4978 3406 5043 Quamvis

1819 5038 2094 5095 iuvenalis
2126 5048 2416 5101 auctoritas
2448 5051 2762 5122 variaverit,
2797 5067 2852 5111 ut
2896 5074 3055 5130 Supra
3100 5070 3398 5124 retulimus.

1814 5129 2042 5186 Caticula
2076 5149 2238 5200 vero,
2289 5139 2445 5207 cujus
2492 5144 2817 5209 primitivum
2862 5168 2981 5217 cos,
3016 5160 3186 5222 ρξεοηὶ
3235 5162 3406 5230 primo

1813 5227 2094 5281 asciscitur
2125 5231 2373 5287 versilico
2411 5235 2479 5289 de
2509 5252 2645 5305 aqua
2676 5244 3119 5303 contradictionis
3146 5269 3157 5303 :

2204 5354 2217 5367 .
2245 5360 2255 5370 .
2287 5358 2302 5372 .
2326 5360 2338 5373 .
2359 5324 2668 5388 Rumpuntur
2691 5334 2883 5383 cotibus
2907 5350 3093 5389 amnes.

1813 5401 1903 5457 Sic
1935 5402 2086 5457 Pa‘on
2120 5418 2343 5471 quartus
2373 5426 2388 5464 :
2434 5414 2709 5469 latibulum
2740 5419 2975 5488 latibuli,
3008 5426 3293 5491 patibulum
3324 5432 3400 5497 li,

1812 5496 2102 5560 manipulus
2135 5496 2211 5561 li,
2257 5503 2496 5566 puerulus
2539 5505 2598 5558 Ii.
2639 5509 2707 5559 At
2748 5524 2876 5564 vero
2916 5517 3401 5581 proerlettsmatit-o

1812 5602 1906 5654 per
1935 5589 2178 5659 obliquos
2219 5609 2382 5649 casus
2421 5602 2712 5666 genitivum
2746 5617 2797 5657 et
2828 5606 3117 5665 ablativum
3146 5628 3399 5669 accumu-

1813 5682 1983 5738 lantes
2007 5691 2448 5756 aggregavimus,
2483 5694 2551 5748 ad
2583 5699 2786 5760 patonis
2812 5703 2987 5769 quarti
3021 5707 3396 5763 documentum

1811 5778 2028 5833 minime
2080 5794 2425 5841 concurrant.
2494 5786 2664 5843 Verba
2718 5802 2896 5849 autem
2955 5808 3060 5850 tam
3120 5800 3395 5857 indicativi

1812 5890 1969 5943 quant
2026 5874 2349 5944 subjunctivi
2405 5880 2585 5947 modi,
2639 5899 2757 5953 qua:
2811 5888 2860 5942 in
2913 5892 3395 5957 proceleusmatico
