4172 6532
722 427 821 455 ΩΩἽ

728 459 817 476 Α-.

1539 409 1594 462 S.
1645 403 1993 460 ALDIIELMI
2036 398 2318 456 UI’EilL’M
2365 393 2538 447 PARS
2579 393 2642 447 ll.
2687 422 2754 432 α·-
2794 389 3223 446 TllACTATUS.

3914 383 4011 440 Ξ),Ξέ

728 531 1210 606 prornulgavimm,
1246 525 1366 578 huic
1399 522 1595 590 regular
1629 521 1730 572 rite
1761 515 2122 578 concordant,
2154 512 2306 563 tertia
2342 517 2384 568 Α
2425 518 2531 558 tur.
2571 505 2635 556 Et
2666 505 2954 558 notandum
2985 505 3120 574 quod
3165 501 3366 556 Phocus
3397 497 3788 570 grammaticus
3821 509 4016 565 praue-

727 635 987 685 duntaxnt
1015 637 1276 693 persona,
1309 628 1364 670 ut
1396 616 1614 668 humilia
1650 612 1958 674 Immiliant,
1988 609 2150 661 arieto
2183 609 2311 658 arie-

729 730 878 782 tant;
913 720 992 773 sic
1022 714 1276 782 operiunt.
1315 711 1377 762 Et
1408 709 1460 761 in
1492 704 1835 773 subjunctivo
1882 701 2042 754 modo
2074 716 2086 752 :
2130 699 2312 750 decur-

729 813 831 864 rim
871 804 1138 861 docuerint
1163 841 1178 866 ,
1220 797 1496 852 tunruerim
1534 797 1670 856 rint,
1701 792 2006 854 statuerint,
2037 788 2310 857 potuerint.

733 899 1135 957 Animadverte,
1159 905 1368 960 qumso,
1396 887 1699 956 perplexam
1727 885 1964 937 metrica:
1992 882 2126 933 artis
2153 880 2316 931 subti-

737 993 939 1045 litatem
966 1004 980 1048 ;
1013 1001 1133 1038 nam
1163 989 1438 1053 patuerunt
1470 974 1739 1030 indicativi
1772 973 1911 1025 modi
1945 981 2026 1024 t-st
2065 969 2318 1036 temporis

737 1078 991 1151 βιαιωτίιί
1024 1075 1283 1146 perfecti,
1318 1072 1407 1124 ubi
1438 1084 1654 1136 semper
1683 1083 1708 1119 ε
1745 1065 2072 1132 producitur,
2108 1072 2162 1114 ut
2195 1078 2206 1112 :

926 1169 1102 1218 l’ervia
1123 1164 1264 1213 divisi
1291 1165 1554 1222 patuerunt
1575 1157 1747 1205 caerula
1777 1154 1924 1215 ponti.

739 1253 1026 1308 Scauditur
1055 1268 1066 1303 :
1101 1247 1273 1316 pervia
1295 1287 1308 1308 ,
1342 1244 1479 1303 divi,
1508 1241 1552 1292 si
1578 1249 1700 1307 patu
1723 1278 1740 1301 ,
1773 1247 1944 1290 erunt.
1981 1236 2042 1288 lit
2072 1233 2206 1288 infra
2239 1250 2248 1282 :

926 1341 1066 1403 Εἰ]ιά
1090 1355 1162 1388 -ua
1182 1353 1358 1387 novum
1387 1340 1675 1382 vomuerunt
1699 1341 1935 1377 ttrartnera
1959 1336 2138 1390 putum.

741 1427 1026 1483 Scanditur
1053 1440 1069 1476 :
1114 1433 1159 1475 et
1195 1425 1252 1492 je
1279 1463 1292 1485 ,
1335 1419 1472 1487 juna
1517 1431 1613 1469 nov
1640 1455 1654 1479 ,
1688 1431 1774 1466 uin
1821 1429 1964 1465 vomu
1990 1451 2006 1478 ,
2036 1418 2202 1464 erunt.
2232 1409 2327 1461 Ast

745 1536 873 1577 vero
921 1523 1229 1585 patuerunt,
1280 1519 1618 1575 vomuerunt,
1680 1508 1734 1562 in
1781 1505 2118 1575 suhjunctivo
2171 1504 2328 1555 Itrtnlu

745 1625 988 1682 tempore
1021 1607 1295 1678 praeterito
1325 1602 1566 1675 perfecto
1591 1619 1616 1654 c
1644 1616 1859 1668 semper
1889 1602 1988 1652 lixa
2021 1598 2331 1652 definitione

742 1703 1052 1770 corripitur.

818 1795 881 1846 [ι.
933 1790 1104 1844 Dicito
1153 1785 1559 1858 participiorutn
1626 1785 1923 1852 exemplar.
1958 1813 2028 1822 -—-
2061 1782 2126 1835 ιι.
2180 1781 2332 1834 Nulla

2419 598 2575 649 ritum
2621 605 2828 663 tempus
2859 597 2990 664 {rica
3016 596 3169 664 [rrcui
3221 595 3497 664 exposuit;
3541 593 3844 662 Gregorius
3899 608 4016 644 VCD

2419 687 2469 740 iu
2529 687 2682 741 tertio
2732 687 2927 754 dial-rgi
2979 687 3250 740 volumine
3293 701 3397 739 non
3441 686 3618 754 [ricuit
3663 686 3762 738 sed
3817 684 4018 752 fricari:

2420 779 2627 844 retulit,
2664 778 2848 832 dicens
2906 795 2920 831 :
2979 794 2996 829 t
3032 777 3248 831 Faciem
3307 775 3543 830 defuncti
3601 774 3857 830 frieavit:
3893 793 3911 824 ι
3971 785 4020 827 et

2420 869 2550 923 infra
2591 887 2600 920 :
2646 885 2664 918 ι
2693 867 2932 936 Cumque
2961 868 3161 922 diutius
3192 867 3489 930 fricaretur,
3519 883 3538 917 ι
3569 877 3675 919 etc.

2493 961 2554 1042 υ⁷
2591 960 2886 1014 Possumne
2913 960 3184 1029 participia
3212 956 3576 1026 hujutieemodr
3602 951 4014 1009 deﬁnitioainus

2422 1055 2636 1124 cpitrilo
2667 1056 2841 1122 primo
2873 1051 3139 1120 subjugari
3163 1051 3330 1104 'l—M.
3363 1047 3832 1115 Quemadmodum
3864 1046 4019 1113 signi-

2425 1148 2701 1200 ficationes
2771 1143 3169 1213 partieipiorum
3237 1143 3303 1195 ab
3367 1141 3684 1194 inehoativis
3742 1137 4021 1206 Speciebus

2426 1241 2697 1296 venientes
2740 1253 2834 1303 per
2863 1239 3164 1308 genitivum
3196 1233 3490 1304 autespasri
3535 1234 3744 1302 legibus
3791 1230 4021 1298 patuisse

2424 1333 2534 1401 jam
2581 1332 2879 1394 retulimus,
2927 1330 2994 1381 ita
3030 1329 3151 1382 huic
3189 1329 3404 1394 epitrito
3439 1339 3532 1392 per
3561 1324 3805 1377 dativum
3840 1321 4022 1374 suilla-

2428 1424 2536 1493 gari
2589 1433 2978 1486 contestamur,
3026 1431 3082 1472 ut
3125 1421 3374 1472 nitescens
3423 1417 3712 1480 nitescenti,
3757 1419 4022 1466 rubisccns

2430 1515 2732 1578 rabesceni,
2771 1525 3026 1580 tepescens
3059 1510 3370 1580 tepesventi;
3418 1509 3496 1562 sic
3544 1506 3868 1568 tumcscenti,
3906 1506 4022 1572 [ati-

2433 1605 2613 1669 scenti,
2662 1603 3000 1665 trcnrescenti,
3031 1604 3322 1665 calescenti,
3373 1602 3645 1652 acescenti.
3699 1596 3777 1650 Ita
3820 1609 4026 1665 quoque

2439 1697 2596 1748 futuri
2633 1696 2884 1760 temporis
2933 1692 3210 1760 participia
3257 1707 3284 1743 a
3332 1690 3503 1743 forma
3556 1691 3794 1754 perfecta
3849 1689 4025 1755 prius:

2437 1787 2824 1855 ennjugationis
2873 1787 3138 1847 derivata,
3186 1798 3302 1851 qua:
3357 1781 3408 1834 iu
3463 1779 3780 1849 pyrrhichio
3828 1779 4027 1845 digesta

747 1885 1023 1954 participia
1055 1925 1070 1949 ,
1143 1881 1244 1934 nisi
1317 1879 1595 1948 praasentis
1649 1887 1852 1929 tantum
1905 1875 2159 1940 temporis
2215 1876 2374 1938 apta!

2448 1889 2587 1942 sunt,
2637 1892 2731 1946 per
2778 1890 2964 1927 omnes
2995 1890 3170 1936 casus,
3203 1873 3438 1938 exceptis
3470 1869 3826 1929 nominativo,
3882 1883 4028 1918 :ltCtt-

752 1976 924 2043 paeoni
952 1982 1141 2042 quarto
1167 1973 1484 2036 inuestigare
1517 1968 1650 2018 valui
1685 1984 1713 2019 a
1746 1965 2016 2034 prasdictis
2047 1965 2331 2017 verhnrum

750 2063 1265 2133 significationibus;
1299 2069 1356 2113 ut
1393 2059 1649 2124 arietans,
1681 2057 1960 2108 liunrilians
1985 2097 1997 2118 ,
2047 2058 2292 2123 sepelio-rs
2322 2097 2333 2118 ,

747 2157 1010 2227 aperiens,
1051 2155 1305 2220 aperiens.
1349 2152 1483 2216 Qua:
1527 2164 1652 2202 vero
1699 2149 1750 2200 in
1799 2147 2140 2215 sulijtrnclivo
2182 2150 2338 2198 tntnlu

753 2249 1031 2316 posuimus
1062 2246 1184 2298 huic
1211 2243 1411 2312 regula:
1440 2241 1840 2310 participiorum
1873 2241 2210 2306 discrepant;
2247 2252 2286 2288 si
2307 2236 2337 2286 (Ι

750 2352 839 2391 aut
870 2339 1046 2392 iambo
1075 2337 1462 2404 mancipantur,
1497 2342 1553 2387 ut
1593 2335 1777 2385 docens
1803 2374 1817 2397 ,
1851 2332 2024 2400 vigens
2047 2373 2060 2397 ,
2091 2343 2297 2396 stupens
2323 2347 2336 2391 ;

755 2439 844 2481 aut
895 2439 1222 2494 auapa-stum
1281 2426 1512 2494 legitime
1567 2423 1905 2486 formabant,
1960 2429 2018 2473 ut
2067 2430 2289 2473 statuens
2325 2458 2337 2481 ,

764 2531 990 2572 uicturus
1007 2559 1020 2584 ,
1053 2521 1279 2570 tribuens
1299 2557 1312 2579 ,
1347 2515 1560 2583 poliens.

828 2615 892 2669 D.
927 2615 998 2666 Da
1033 2613 1292 2666 rationem
1325 2620 1667 2664 accentuum.
1703 2637 1772 2649 ——
1804 2608 1874 2660 Μ.
1921 2609 2081 2661 Paeon
2123 2615 2344 2674 quartus

757 2724 976 2777 semper
1004 2709 1056 2761 in
1083 2705 1500 2774 antepenuhima
1526 2705 1683 2755 acuto
1709 2697 2080 2770 pronuntiatur
2099 2705 2340 2751 accentu.

755 2803 1027 2856 Caeterum
1058 2799 1113 2852 in
1144 2797 1250 2850 arsi
1280 2805 1521 2864 tempora
1553 2794 1658 2847 duo
1679 2837 1693 2860 ,
1727 2803 1774 2847 ct
1808 2793 1861 2846 in
1895 2791 2029 2845 thesi
2059 2790 2158 2843 tria
2183 2830 2197 2854 ,
2229 2804 2346 2854 qua:

759 2909 853 2961 per
906 2889 1202 2957 sescoplam
1252 2886 1568 2939 divisionem
1622 2883 1875 2936 trutinata
1931 2880 2082 2948 quasi
2133 2877 2348 2944 obliqua

761 2985 935 3053 potius
965 2995 1125 3050 quam
1156 2993 1306 3047 :nqua
1335 2975 1676 3029 discretionis
1709 2975 1862 3026 lance
1893 2971 2251 3025 librabantur.

1282 3067 1361 3120 De
1398 3067 1605 3133 epitrito
1645 3065 1830 3133 primo.

837 3164 899 3216 D.
962 3157 1238 3229 Expositis
1281 3155 1346 3210 ad
1393 3154 1650 3223 liquidum
1694 3161 1748 3206 et
1789 3149 2062 3205 defmcatis
2105 3163 2346 3218 pmonum

2437 1972 2633 2035 sativa,
2698 1968 2943 2021 vocativo
2993 1965 3372 2033 singularibus,
3423 1974 3475 2015 et
3530 1961 3769 2026 genitivo
3815 1960 4024 2027 plurali,

2440 2065 2652 2129 r-pitr'rlo
2678 2060 2848 2128 primo
2877 2057 3220 2118 famulantur,
3255 2064 3311 2106 ut
3341 2053 3538 2105 litaturi
3567 2053 3781 2103 litaturo
3818 2051 3856 2102 li
3885 2067 3915 2100 a
3941 2064 4030 2098 ωτι

2443 2157 2704 2206 lilaluros.
2763 2153 2850 2206 Sic
2902 2151 3146 2214 antaturi,
3179 2148 3467 2216 crepaturi,
3515 2145 3746 2206 bea.‘ari,
3799 2145 4030 2205 merituri,

2442 2245 2674 2312 ligatari,
2703 2241 2954 2310 {ricatari,
2984 2237 3247 2307 plicaturi,
3269 2236 3792 2304 necaturi,negaturi,
3817 2235 4030 2285 araturi.

2515 2333 2574 2385 D.
2621 2333 2692 2385 Da
2727 2332 2962 2397 regulam
2991 2327 3271 2382 diVisionis
3304 2337 3356 2380 et
3396 2325 3704 2394 qualitatem
3749 2323 4030 2391 prosodrm.

2442 2423 2583 2476 —il.
2639 2421 2850 2488 Epitriti
2893 2420 3107 2488 quidem
3152 2415 3526 2485 prtedietarurn
3566 2413 3780 2479 legibus
3819 2411 4031 2464 leiSiU-

2448 2527 2573 2564 num
2608 2510 2824 2564 minime
2856 2512 3255 2577 gubernantur;
3285 2515 3338 2559 et
3368 2509 3489 2573 quia
3517 2503 3815 2571 penultzma
3842 2502 4033 2571 epitriti

2457 2605 2608 2670 primi
2633 2602 2836 2672 syllaba
2867 2601 3095 2663 acuitur,
3127 2599 3177 2652 iu
3197 2601 3300 2652 arsi
3338 2599 3519 2665 protul
3542 2595 3704 2649 dubio
3723 2595 4036 2664 colliguntur

2452 2703 2686 2762 tempora
2729 2702 2903 2756 terna,
2936 2701 2989 2744 et
3021 2692 3072 2743 in
3105 2688 3240 2742 thesi
3270 2697 3545 2757 quaterna.

2954 2780 3030 2834 De
3069 2781 3269 2850 epitrito
3295 2769 3536 2832 secundo.

2525 2881 2586 2934 D.
2631 2878 2816 2934 Partes
2847 2877 3169 2938 orationum,
3201 2887 3317 2943 qua:
3363 2871 3562 2938 epitriti
3609 2867 3835 2923 secundi
3879 2875 4039 2921 strue-

2463 2974 2597 3026 turis
2652 2972 2751 3022 ritc
2799 2965 3187 3028 obseeuudent,
3238 2964 3438 3030 absque
3486 2958 4041 3028 ennrpr-rcudinatione

2452 3060 2916 3119 subdantur.—M.
2982 3057 3258 3120 Vinitores,
3289 3055 3590 3124 proditores,
3636 3053 3910 3112 debitores,
3943 3066 4042 3103 cre-

2456 3159 2663 3218 ditores,
2727 3155 3016 3216 traditores,
3078 3149 3380 3210 venditores,
3431 3147 3720 3215 portitores,
3773 3144 4038 3200 limite-res,

762 3254 966 3321 regulis
989 3290 1003 3314 ,
1037 3247 1238 3318 epitriti
1273 3244 1431 3315 primi
1463 3244 1867 3312 promulgcntur
1899 3240 2164 3308 exempla.
2187 3266 2257 3278 —
2279 3237 2347 3291 Μ.

2458 3248 2762 3315 funditores,
2798 3246 2899 3296 hoc
2928 3251 3009 3294 est
3035 3240 3123 3308 qui
3143 3237 3537 3292 fundibulorum
3570 3234 4041 3289 exercitationibus

765 3346 1089 3406 Faculttrtes,
1118 3348 1414 3409 potestates,
1444 3336 1754 3398 honestatos,
1784 3335 2092 3394 voluntates,
2125 3331 2354 3399 voluptu-

767 3450 862 3501 ti's,
897 3435 1201 3496 sacerdotes,
1239 3430 1518 3499 puellares,
1551 3428 1864 3488 novercales,
1894 3422 2176 3486 maritales,
2206 3425 2348 3470 thea-

772 3530 926 3581 trulcs
947 3567 960 3588 ,
995 3524 1276 3592 loquelares
1297 3559 1310 3583 ,
1348 3517 1678 3582 Quirinales,
1711 3513 1941 3566 Palatini
1967 3553 1979 3575 ,
2009 3509 2314 3564 Numantini
2340 3549 2353 3573 ,

769 3615 1050 3687 palnmbini
1076 3657 1090 3680 ,
1124 3611 1434 3673 columbini,
1467 3608 1641 3660 tiarati
1667 3647 1683 3671 ,
1715 3604 1980 3675 capistrati
2006 3643 2022 3668 ,
2052 3599 2320 3654 medulluti
2341 3642 2354 3664 ,

776 3719 830 3760 ut
871 3705 1350 3773 l’salmigraphus:
1391 3717 1407 3748 ι
1442 3698 1766 3751 lloloeausta
1813 3694 2099 3748 medullam
2140 3691 2357 3744 oli'crarn

769 3797 864 3853 tibi
899 3815 912 3861 ;
945 3815 966 3848 ι
1001 3793 1231 3864 capillati
1257 3835 1271 3859 ,
1303 3790 1543 3860 papillati
1568 3829 1583 3854 ,
1619 3788 1900 3857 pharetrati
1927 3825 1943 3850 ,
1973 3784 2200 3852 lrrpillosi
2221 3822 2237 3849 ,
2269 3799 2362 3852 pa-

771 3892 939 3946 ludosi
966 3930 980 3956 ,
1013 3886 1282 3951 lacertosi,
1316 3893 1368 3939 et
1399 3882 1787 3952 propemodum
1822 3879 1998 3931 ornuia
2034 3876 2247 3930 nomina
2279 3875 2360 3928 vel

775 3982 1067 4037 derivativa
1100 3978 1182 4032 vel
1215 3992 1333 4045 qua:
1365 3975 1467 4030 sub
1499 3975 1678 4042 specie
1710 3971 2108 4038 participicrum
2141 3981 2362 4021 numero

777 4070 1029 4139 singulari
1079 4073 1128 4122 in
1176 4075 1486 4133 antespasto
1530 4061 1885 4130 protulimus,
1936 4060 2050 4111 hinc
2090 4057 2361 4111 eademin

779 4162 968 4230 plurali
1009 4160 1074 4212 ad
1117 4158 1318 4227 epitriti
1361 4154 1520 4224 pritni
1566 4151 1803 4221 regulam
1852 4150 2051 4218 liquido
2097 4149 2364 4213 rnaucipao

781 4259 1002 4308 buntur.
1050 4250 1222 4306 Simili
1266 4249 1425 4302 modo
1470 4246 1757 4299 verborum
1801 4257 1996 4313 genera
2037 4240 2364 4295 concordant

782 4360 1022 4416 tempore
1052 4342 1326 4414 praeterito
1358 4338 1634 4408 perfecto,
1679 4337 1780 4391 hoc
1820 4346 1901 4390 est
1942 4335 2115 4388 activa
2159 4340 2362 4386 tantum

779 4449 834 4492 et
877 4445 1062 4492 neutra
1105 4435 1292 4504 prima:
1334 4428 1760 4499 coniugationis,
1809 4441 1926 4495 qua:
1967 4427 2017 4481 in
2061 4421 2366 4494 pyrrhichio

782 4530 1079 4590 edidimus,
1114 4535 1167 4581 et
1194 4539 1313 4593 quae
1341 4523 1635 4592 perfecunn
1671 4529 1880 4586 tempus
1926 4518 1977 4571 iu
2015 4518 2095 4568 avi
2134 4515 2366 4585 syllabas

785 4621 1067 4682 desinunt,
1104 4617 1219 4671 hare
1250 4615 1440 4669 eadem
1490 4615 1541 4666 in
1587 4609 1781 4680 plurali
1824 4608 2094 4676 epitritutn
2137 4607 2361 4675 primum
2399 4582 2446 4641 Ῑ)

781 4709 1148 4765 t'cformabunt
1166 4747 1182 4770 ,
1209 4715 1265 4758 ut
1289 4705 1452 4757 amavi
1480 4710 1806 4766 amaverunt,
1837 4698 2013 4766 rogavi
2041 4705 2368 4765 rogaverunt,

783 4802 951 4855 dicavi
980 4802 1303 4863 dicaverunt,
1337 4796 1474 4865 piavi
1510 4795 1779 4862 piaverunt
1803 4832 1817 4855 ,
1849 4789 1989 4842 unde
2020 4788 2370 4854 compositum

783 4905 864 4948 est
889 4892 1123 4960 expiavi,
1145 4887 1310 4943 volavi
1333 4886 1625 4940 volaverunt
1646 4926 1660 4951 ,
1689 4879 1851 4936 meari
1881 4885 2169 4932 meaverunt
2190 4918 2203 4942 ,
2234 4878 2374 4931 beati

787 4988 1058 5040 beaverant
1077 5021 1091 5047 ,
1125 4991 1182 5035 ut
1214 4998 1225 5032 :

1219 5072 1513 5134 Famamque
1535 5071 1700 5121 beavit

1041 5137 1292 5198 Gurgitis;

789 5221 946 5274 rotavi
993 5228 1306 5282 ro'averunt,
1335 5215 1519 5286 plicavi
1551 5214 1893 5284 plicaverunt,
1921 5219 1974 5263 et
2006 5207 2165 5277 plicui
2188 5205 2380 5275 piicuc-

792 5325 931 5378 runt,
957 5324 1234 5381 utramque
1281 5309 1510 5363 formam
1540 5307 1814 5375 sequitur;
1849 5303 1989 5356 unde
2021 5300 2378 5368 compositum

796 5405 1046 5477 explicavi
1087 5414 1142 5460 et
1187 5402 1450 5471 explicui;
1501 5409 1556 5454 ut
1607 5399 1734 5453 illud
1772 5417 1782 5450 :
1823 5416 1839 5449 t
1874 5397 1943 5450 Et
1983 5410 2102 5448 cum
2152 5393 2378 5460 compli-

793 5498 995 5550 euisset
1027 5495 1240 5550 librum.
1273 5512 1292 5546 ι
1323 5494 1454 5560 Qum
1483 5505 1612 5546 vero
1643 5488 1970 5557 prateritum
2003 5487 2053 5539 itr
2084 5487 2136 5538 ui
2165 5485 2383 5538 mittunt

802 5589 941 5642 hanc
980 5588 1237 5649 refutant,
1299 5595 1355 5638 ut
1408 5599 1558 5652 crepo
1614 5581 1808 5648 crepui,
1860 5589 1980 5632 tono
2035 5578 2197 5641 tonui,
2250 5575 2380 5627 mico

798 5683 976 5746 micui,
1027 5682 1156 5750 frica
1203 5679 1375 5747 fricui,
1425 5679 1577 5730 domo
1624 5675 1818 5728 domui.
1870 5671 1999 5725 Nam
2055 5678 2379 5738 crepuerunt,

803 5783 1094 5841 torruerunt,
1152 5773 1456 5835 micuerunt,
1517 5771 1820 5839 fchuerunt,
1889 5767 2216 5828 domuerant,
2279 5778 2383 5814 non

804 5865 1076 5932 epitrittztn
1108 5865 1332 5935 primum
1369 5862 1462 5916 sed
1489 5860 1722 5916 ionicum
1756 5859 2017 5914 minorem
2052 5855 2383 5926 amplectun-

2456 3337 2692 3392 duellum
2717 3331 3077 3388 committunt.
3111 3329 3186 3382 lta
3210 3328 3500 3391 swculares,
3523 3324 3840 3393 corporales,
3877 3339 4040 3376 carce-

2458 3426 2621 3487 ralcs,
2673 3426 2982 3489 cardinales,
3051 3423 3366 3490 temporales,
3441 3418 3721 3483 criminosi,
3784 3416 4041 3477 calculosi,

2461 3518 2754 3588 ponderosi,
2786 3514 3020 3580 ulcerosi,
3053 3514 3332 3576 cancerosi,
3361 3510 3601 3563 vultrtosi.
3633 3508 3764 3562 Item
3797 3509 4041 3561 feminina

2463 3610 2759 3680 dignitates,
2785 3609 3074 3676 qualitates,
3106 3605 3431 3673 quantitatis,
3465 3601 3744 3667 vastitates,
3779 3601 4040 3662 vanitates,

2461 3701 2741 3764 almitates,
2773 3699 3038 3759 sanitates,
3072 3696 3408 3758 summitates,
3451 3693 3717 3756 ca'citates,
3754 3690 4040 3744 densitates.

2466 3794 2554 3847 Sic
2582 3802 2635 3846 et
2663 3800 2856 3844 caetera
2904 3803 3021 3856 qua:
3073 3789 3126 3840 in
3171 3784 3426 3854 singulari
3474 3796 3698 3836 numero
3745 3781 3798 3835 in
3851 3781 4044 3850 amphi-

2467 3897 2648 3935 macro
2692 3889 3104 3945 eoarctavnnus,
3139 3877 3192 3930 in
3222 3870 3413 3944 plurali
3462 3874 3586 3926 huic
3629 3870 3849 3941 epitrito
3895 3874 4043 3924 adne-

2465 3985 2692 4032 ctentur.
2750 3972 2920 4027 Verba
2961 3985 3175 4042 quoliue
3217 3970 3401 4039 prima:
3454 3965 3850 4036 coniugationis
3889 3967 4042 4019 acnva

2469 4071 2549 4123 vel
2584 4066 2870 4130 neutralia,
2900 4079 3016 4132 qua:
3051 4061 3220 4130 prima
3253 4073 3480 4128 persona
3505 4058 3779 4125 dactylum
3811 4057 4042 4125 gignunt,

2469 4163 2656 4214 eadem
2679 4168 2781 4211 tem
2792 4170 2924 4225 pore
2945 4155 3122 4206 futuro
3138 4153 3216 4205 his
3234 4150 3430 4220 reguli:
3446 4151 3774 4202 asciscuntur
3792 4146 3849 4200 in
3872 4145 4043 4215 plurali

2470 4266 2717 4316 numero,
2753 4262 2806 4303 ut
2835 4249 3038 4302 verbero
3069 4245 3418 4306 verberabant,
3446 4243 3657 4312 pignero
3686 4241 4038 4310 pignerabunt,

2471 4349 2643 4415 fenero
2668 4343 2990 4412 (onerabant,
3023 4339 3199 4393 exsulo
3227 4337 3552 4399 exsulabant,
3587 4335 3738 4400 capio
3763 4333 4043 4402 expiabunt,

2471 4439 2629 4506 irrigo
2672 4435 2982 4502 irrigabunt,
3025 4431 3241 4502 reprobo
3270 4428 3634 4500 reprobabunt,
3665 4427 3871 4496 fascina
3907 4427 4020 4495 fasci

2474 4536 2686 4598 nubunt,
2720 4538 2775 4585 ιιι
2809 4548 2820 4582 :

2723 4642 2842 4701 Quis
2866 4647 3068 4690 teucros
3091 4638 3208 4687 mibi
3241 4636 3444 4686 fascinet
3468 4647 3626 4695 agros.

2477 4748 2564 4802 Sic
2587 4755 2640 4800 et
2665 4744 2877 4799 caeteris
2905 4738 3386 4810 conjugationibus.
3438 4737 3541 4793 Sed
3581 4745 3828 4802 tempore
3872 4744 4042 4803 prone-

2477 4841 2580 4893 rito
2623 4840 2860 4907 perlecto
2929 4835 2975 4889 si
3022 4833 3269 4887 secunda:
3306 4829 3694 4897 coniugationis
3745 4827 3956 4892 luerim,
4000 4830 4044 4878 ut

2480 4931 2645 4998 pri/leo
2676 4926 2993 4996 palluerunt,
3023 4938 3196 4977 censeo
3219 4927 3546 4984 censuerunt,
3573 4932 3730 4971 cauea
3759 4923 4041 4974 (astiterant,

2480 5035 2652 5089 torpeo
2697 5025 3017 5089 torpuerant,
3049 5017 3374 5077 horruerunt,
3407 5020 3713 5076 terruerunt,
3759 5012 4039 5078 μοηιεηυιι.

2480 5123 2774 5178 arcuerunt,
2804 5115 3149 5172 marcurrunt,
3179 5109 3504 5175 languerunt.
3554 5101 3706 5169 Quod
3735 5103 3780 5156 si
3812 5102 4042 5167 subjoin:—

2484 5208 2589 5261 tivo
2609 5206 2766 5261 modo
2784 5202 2979 5257 dixeris
2995 5199 3302 5258 censuerint,
3323 5195 3618 5264 palluerint,
3639 5192 3926 5254 canuerint,
3943 5206 4042 5259 pro-

2485 5298 2570 5351 tul
2616 5296 2779 5350 dubio
2812 5309 2917 5347 non
2952 5290 3169 5359 epitrito
3201 5289 3292 5340 sed
3325 5285 3636 5340 choriambo
3659 5285 3986 5352 copulantur.
4013 5287 4039 5333 ,ι

2487 5389 2635 5443 tertia
2687 5395 2864 5439 autem
2923 5382 3298 5450 cortjugatiOne
3347 5386 3452 5430 tam
3504 5375 3778 5445 praeterito
3824 5373 4042 5441 perfert»

2484 5498 2638 5552 quant
2691 5475 2999 5545 imperfecto
3036 5471 3284 5540 exempla
3317 5468 3693 5536 suffragantur,
3733 5472 3793 5519 ut
3821 5464 4042 5519 eruebant

2484 5581 2743 5632 eriterunt,
2796 5567 3056 5620 diluebant
3114 5564 3395 5627 diluerunt,
3431 5559 3709 5612 obruebant
3755 5558 4037 5612 obruerunt.

2485 5665 2749 5717 diruebant
2777 5662 3062 5721 diruerant,
3096 5654 3376 5722 a/fercbtmt
3412 5649 3714 5712 auaierant,
3744 5649 4042 5715 conferebant

2485 5755 2826 5811 contulerunt.
2884 5749 3167 5817 I’ar‘ticipia
3209 5759 3419 5815 quoque
3461 5745 3616 5798 trium
3654 5753 3948 5812 temporum
3991 5740 4041 5787 εἰ

2487 5848 2671 5906 activis
2693 5846 2943 5899 duntaxat
2974 5851 3019 5896 ct
3046 5836 3415 5895 enitimur-ibas
3439 5834 3558 5889 veui
3597 5833 3701 5887 ntia
3730 5848 3834 5888 non
3865 5832 4038 5887 ὧρας
