4172 6596
743 87 3645 138 Μηθί
3692 102 3693 105 η

181 535 285 585 9ῖῖἲ1

178 744 582 811 strangulantes,
636 741 878 809 pastinati
909 741 1206 806 pastinandi
1256 742 1588 807 pastinantcs,
1624 756 1774 792 oscu-

179 836 272 885 lnti
303 834 571 885 osculandi
594 832 899 887 osculantes.
929 834 999 884 Ita
1030 848 1056 882 a
1085 833 1234 884 tertia
1262 834 1341 885 vel
1368 842 1555 897 quarta
1579 834 1779 900 absque

176 928 470 991 inmerito,
517 935 574 979 ut
611 934 919 978 conterentes
970 924 1286 989 centerendi,
1331 925 1603 977 inserentes
1646 924 1773 976 inse-

171 1019 344 1079 rendi,
381 1018 631 1071 diluentes
666 1017 919 1070 diluendi.
958 1016 1109 1071 Arsis
1145 1032 1271 1070 vero
1299 1025 1351 1069 et
1382 1016 1546 1070 thesis
1576 1016 1774 1084 epitriti

171 1108 398 1161 secundi
457 1117 697 1176 tempoza
754 1108 897 1162 haud
949 1122 1103 1161 secus
1163 1107 1420 1162 dirimere
1476 1119 1773 1163 noscuntur

170 1216 331 1261 quam
363 1199 537 1268 primi.

712 1294 786 1347 De
826 1295 1028 1365 epitrito
1070 1296 1235 1347 tertio.

220 1388 284 1443 lt.
352 1384 607 1453 Exempla
638 1384 933 1449 nominum,
967 1401 1084 1455 qua:
1116 1386 1330 1452 epitrito
1367 1386 1519 1441 tertio
1549 1384 1759 1455 regula-

159 1485 299 1530 riter
325 1476 796 1540 ailminiculentnr,
835 1483 885 1531 in
915 1480 1193 1547 propatulo
1222 1479 1552 1548 promulgata
1580 1494 1761 1545 quzesu

165 1571 471 1623 nullatenus
493 1568 973 1623 delitescant.—.\l.
1012 1569 1290 1632 Dirinitas,
1312 1570 1565 1630 vicinitas,
1588 1586 1761 1637 reeita-

162 1662 307 1720 litas,
337 1663 580 1727 finalitas,
603 1662 835 1726 felicitas,
854 1664 1141 1727 maturitas,
1160 1662 1437 1730 (eternitas,
1462 1664 1756 1732 impunitas.

1014 1753 1143 1806 «Ub
1201 1753 1333 1821 asyli
1391 1753 1756 1820 impunitatem

164 1856 359 1912 magna
394 1842 619 1898 Romulo
660 1845 945 1898 multitudo
986 1844 1356 1913 conjungitur;
1397 1861 1414 1894 ι
1452 1846 1754 1911 crudelitas,

165 1751 430 1806 EnSehius
484 1752 533 1803 in
588 1750 868 1806 Clironicis
930 1772 938 1803 ε

154 1935 454 2001 αευάαεὶιαε,
501 1937 815 2002 immanitas,
848 1936 1165 2000 humanitas,
1210 1936 1509 2001 obscenitas,
1561 1938 1744 1989 obscu-

1152 532 1355 587 l.lBEll
1404 533 1487 585 DF.
1530 532 1964 587 SEi’l‘l‘ZNARlU
2009 533 2089 586 ΕΤ
2134 534 2220 615 DE
2264 536 2537 594 METRIS.

184 660 330 715 pzint,
381 659 435 699 ut
476 650 695 699 dedicati
729 649 1021 710 dedicandi,
1059 647 1364 714 strangulari
1414 648 1774 715 strangulanii
1809 653 1849 707 Α
1888 645 1981 697 lari
2011 664 2229 702 nmneru
2262 662 2567 719 pentaptutn
2602 667 2755 719 sunt;
2790 659 3105 727 appellativa
3133 681 3257 720 vero
3289 671 3469 737 plura-

3367 556 3474 614 230

1887 735 2004 789 liter
2034 748 2313 805 tctraptuta
2336 758 2349 806 ;
2376 742 2500 796 item
2525 759 2705 801 neutra
2735 759 2959 819 utroque
2981 770 3200 810 numero
3222 735 3463 829 triptota,

1885 837 1937 878 ut
1983 828 2393 897 fundamentum,
2443 852 2832 905 sacramentum,
2880 848 3250 917 juramenlum,
3294 828 3463 921 spira?

1886 931 2130 973 utentum.
2163 923 2485 992 Virgiliuan
2515 930 2713 984 Octavo
2746 951 2756 984 :

2060 1013 2365 1073 Spiratncnta
2391 1024 2566 1068 animae
2589 1022 2754 1071 letliali
2780 1026 2981 1077 vulnere
3007 1035 3162 1092 rupit;

1877 1094 2269 1163 salsamentum,
2303 1111 2659 1170 atramentum,
2702 1124 3111 1179 purgamentum,
3162 1119 3460 1185 firmamen-

1873 1194 2003 1244 tum,
2058 1188 2445 1259 nutrimentum,
2494 1196 2869 1263 fulcimentum,
2913 1218 3283 1275 ornanu'ntum,
3331 1218 3459 1268 esti-

1872 1284 2117 1340 ntentum,
2168 1293 2562 1335 armamentum.
2609 1285 2780 1342 Locus
2822 1307 2952 1347 vero
2997 1304 3316 1367 reccptaculi
3352 1322 3458 1375 quo

1870 1379 2196 1421 armamenta
2232 1375 2593 1430 reconduntur
2616 1388 3071 1441 armamentarium
3099 1407 3453 1463 nuncupatur,

1867 1458 2008 1524 quod
2040 1460 2105 1512 ad
2151 1467 2448 1520 nauclerios
2477 1480 2823 1541 proretasque
2865 1478 3117 1542 pertinet.
3150 1458 3456 1543 Nam-arma

1868 1551 2023 1606 unius
2063 1555 2247 1610 militis
2292 1570 2581 1626 armatura,
2616 1574 2702 1617 aut
2755 1568 2914 1622 tutius
2945 1575 3330 1645 expeditionis;
3364 1598 3453 1635 ar-

1864 1654 2097 1697 mentmn
2129 1646 2267 1713 quod
2299 1652 2676 1718 armentarius,
2707 1669 2797 1708 seu
2827 1657 3084 1717 bubulcus
3117 1680 3387 1733 procurat.

1936 1734 1994 1786 l).
2042 1737 2335 1792 L‘bcrriniis
2359 1755 2793 1811 argumentorum
2817 1749 3024 1807 indiciis
3056 1758 3183 1812 milii
3209 1772 3457 1829 patenter

1862 1826 2141 1882 Θιιυςιιῖιιό
2188 1846 2377 1898 precor
2408 1836 2529 1901 quid
2564 1838 2633 1889 sit
2674 1841 2812 1905 quod
2846 1842 3065 1898 illustris
3094 1826 3452 1917 grammatica:

1860 1915 1987 1966 artis
2011 1928 2332 1971 commentat
2358 1937 2399 1972 rr
2432 1939 2443 1972 :
2481 1924 2911 1996 l‘rmpositioues,
2947 1915 3137 2003 inquit,
3168 1949 3257 1993 aut
3287 1946 3450 1996 verba

154 2026 304 2088 ritas,
372 2029 657 2091 moralitas,
728 2028 1022 2095 antiquitas,
1105 2028 1366 2091 velocitas,
1442 2027 1735 2095 inﬁrmitas,

1847 2021 2195 2077 corrumpunt
2238 2022 2328 2064 aut
2362 2012 2489 2080 ipsa:
2516 2029 3105 2085 corrumpuntur.——.\l.
3158 2030 3281 2085 [hec
3329 2049 3449 2089 scn-

154 2122 483 2187 deformitas,
515 2121 825 2189 fecunditas,
861 2121 1138 2179 urbanitas,
1172 2121 1424 2188 af/initas,
1457 2122 1743 2187 pluralitas,

148 2210 420 2273 rit-(tritas,
486 2212 803 2278 fraternitas,
877 2209 1205 2278 germanitas.
1285 2208 1419 2261 Sunt
1487 2220 1746 2275 prrcterea

152 2302 374 2354 numina
447 2300 497 2355 in
568 2301 757 2370 plurali
822 2315 1042 2355 numero
1104 2299 1262 2368 hujus
1315 2298 1513 2367 epitriti
1567 2300 1748 2353 formis

151 2393 491 2450 iarnulantia.
524 2402 577 2446 ut
609 2393 868 2462 fuligines,
920 2392 1225 2462 prurigines,
1276 2392 1579 2463 sartagines,
1622 2392 1747 2443 cati-

144 2483 317 2549 gines,
352 2484 655 2555 ferrugines,
707 2485 1000 2548 testudines,
1037 2484 1270 2554 uligines.
1305 2482 1499 2537 Verum
1535 2484 1645 2539 haec
1692 2494 1744 2539 et

145 2573 428 2639 superiora
478 2573 816 2642 singulariter
860 2581 1222 2640 pentaptotam
1254 2582 1550 2640 sequuntur
1582 2588 1736 2641 regu-

150 2664 286 2727 lam,
336 2672 389 2716 et
418 2663 689 2731 pluraliter
717 2664 1010 2733 triptotam.

223 2754 290 2808 D.
335 2754 457 2809 llaec
487 2757 729 2824 exempla
760 2766 958 2823 queunt
1006 2755 1057 2809 in
1088 2754 1372 2809 verborum
1414 2755 1739 2810 declinatio-

148 2848 309 2901 nibus
358 2848 576 2916 reperiri
622 2863 791 2901 necne
813 2847 983 2901 ?—M.
1040 2847 1297 2917 Equidem
1355 2863 1477 2902 reor
1516 2863 1543 2901 a
1587 2850 1738 2904 tertia

146 2936 528 3005 conjugatione
556 2936 892 3004 subjunctivo
921 2943 975 2990 et
1004 2938 1245 3004 optativo
1273 2939 1431 2991 modo
1461 2939 1739 3005 epitritum

145 3028 368 3080 tertium
413 3024 663 3091 derivari,
698 3036 751 3080 ut
782 3035 1130 3095 emungerent,
1161 3035 1470 3093 excuterem,
1511 3031 1738 3081 retrude-

138 3124 282 3180 rent,
299 3126 631 3182 rarescerent,
646 3117 960 3182 vilescerent,
982 3118 1325 3182 lentescerent,
1344 3120 1733 3188 squalescerent,

137 3209 483 3275 ignoscerent,
519 3208 895 3275 depromerem,
928 3208 1265 3275 depecterent,
1298 3220 1667 3265 cennecterent.

218 3298 281 3350 D.
324 3297 496 3363 Quare
546 3299 715 3367 prima
747 3308 801 3352 et
830 3299 1061 3352 secunda
1111 3300 1415 3368 conjugatio
1457 3316 1556 3375 pel‘
1597 3303 1734 3358 hanc

143 3404 508 3457 personarum
552 3391 605 3443 in
645 3390 981 3460 subjunctivo
1009 3390 1169 3446 modo
1205 3391 1420 3460 epitrito
1444 3394 1603 3448 tertio
1639 3394 1737 3448 mi-

134 3488 288 3537 nime
357 3483 893 3551 congruunt?—bl.
940 3483 1091 3551 Quod
1170 3493 1511 3554 utrarumque
1574 3486 1734 3541 verba

132 3570 583 3642 ceiijugationum
612 3574 664 3628 in
698 3574 952 3642 prtedicto
986 3574 1144 3627 modo
1190 3584 1429 3643 tempore
1461 3579 1735 3644 pra'terito

128 3666 455 3735 imperfecto
502 3668 619 3722 loco
666 3667 959 3736 penultimo
990 3668 1371 3737 producuntur,
1409 3677 1465 3720 ut
1500 3684 1732 3721 macera-

123 3770 267 3822 rent,
320 3760 639 3823 lacerarent;
667 3759 807 3813 idem
842 3757 1121 3823 maderent,
1150 3759 1393 3826 vigerent,
1423 3759 1728 3829 squalerent.

124 3854 269 3905 Nam
320 3862 573 3921 utrasque
622 3852 1027 3921 coniugationes
1072 3852 1415 3921 imperativus
1465 3854 1727 3922 producit,

121 3958 258 4014 quae
308 3957 393 3998 res
427 3942 744 4012 penoltimas
776 3943 1151 4012 praedictorum
1181 3944 1412 4014 syllabas
1446 3945 1726 4000 verborum

119 4043 415 4103 correptas
460 4034 573 4089 fore
605 4050 933 4104 nequaquam
974 4038 1189 4105 patitur.

201 4124 267 4181 D.
314 4126 463 4180 Arsis
492 4132 545 4179 et
581 4124 750 4180 thesis
782 4128 972 4196 quibus
996 4127 1390 4181 discriminibus
1423 4127 1723 4184 alternatim

120 4228 435 4284 temporum
490 4217 743 4285 particula
788 4228 1131 4285 sequestram
1166 4218 1335 4272 'l—M.
1384 4219 1538 4273 Modo
1589 4221 1725 4274 arsis

124 4323 440 4376 temporum
489 4318 685 4378 tropa:o
718 4308 1009 4380 triumphat
1058 4310 1181 4364 dum
1214 4312 1381 4365 octies
1422 4312 1586 4365 semis
1632 4327 1723 4381 gu-

113 4403 346 4463 bernat;
374 4400 538 4454 thesis
564 4414 688 4454 vero
717 4415 873 4456 versa
898 4402 1011 4455 vice
1031 4404 1204 4455 sexies
1219 4403 1613 4471 semisusurpat
1635 4420 1646 4463 ;
1672 4412 1723 4456 et

110 4507 248 4559 quae
272 4490 418 4558 prius
444 4492 494 4543 in
522 4492 952 4559 praecedentibus
975 4493 1204 4561 epitritis
1228 4494 1365 4547 arsis
1389 4492 1721 4562 subjugrindo

110 4585 319 4637 victrix
377 4581 672 4650 exstiterat,
746 4600 885 4638 nunc
944 4585 1157 4639 demum
1214 4586 1265 4641 in
1317 4586 1720 4641 succedentibus

107 4678 267 4731 idem
324 4676 591 4731 serviliter
646 4677 1001 4748 mancipando
1045 4688 1099 4734 et
1149 4680 1423 4734 enerviter
1475 4680 1713 4735 cedendo
1744 4705 1794 4764 Β

105 4766 440 4822 succumbit.

186 4861 257 4915 ι).
303 4862 488 4928 Operm
524 4860 749 4928 pretium
779 4871 862 4918 est
903 4870 959 4916 ut
991 4862 1500 4918 maniiestandarum
1535 4879 1711 4918 rerum

101 4954 295 5021 gratia
358 4954 585 5021 replices
640 4954 781 5009 unde
838 4954 939 5009 hoc
992 4969 1241 5011 consmre
1296 4957 1710 5013 credamr.—1\l.

101 5049 322 5114 i\'empe
362 5046 460 5099 line
509 5048 773 5114 prosodia:
815 5061 973 5102 causa
1017 5052 1331 5118 contingere
1381 5051 1542 5114 solet,
1589 5055 1710 5121 quia

104 5140 203 5193 hic
266 5137 511 5204 epitritos
570 5139 634 5192 de
695 5153 800 5207 quo
866 5139 915 5193 in
975 5142 1373 5209 praesentiarum
1431 5158 1715 5212 parumper

101 5227 453 5284 comminisci
504 5229 742 5295 nitimur,
794 5231 845 5283 in
895 5234 1315 5300 antepcnnltima
1345 5245 1499 5288 acuto
1534 5236 1709 5305 proie-

102 5333 265 5377 ratur
289 5331 536 5386 accentu,
566 5323 701 5376 sicut
733 5337 1028 5392 prtecessor
1052 5327 1361 5393 penultima.

638 5424 714 5480 De
753 5428 954 5498 epitrite
993 5440 1196 5499 quarto.

190 5522 253 5572 Ο.
302 5516 533 5586 [tegulas
574 5533 637 5570 ex
697 5518 939 5585 partibus
993 5520 1297 5575 orationum
1352 5538 1467 5595 qua:
1512 5525 1709 5591 epitriti

103 5613 327 5686 legibus
366 5622 663 5680 congruant
694 5613 1012 5679 quantocius
1042 5613 1364 5683 depromito.
1389 5617 1535 5670 —M.
1570 5618 1709 5671 Con-

100 5709 393 5771 stantinus,
421 5706 779 5771 Marcellinus,
807 5707 1146 5775 Saturninus,
1182 5712 1513 5777 cancellatus,
1540 5713 1709 5779 fertu-

102 5814 288 5866 mitns,
320 5800 663 5869 centignatus,
696 5815 1035 5861 arumnosas,
1069 5801 1360 5867 libertinus,
1393 5804 1705 5871 collibertos,

105 5893 457 5961 Augustinus,
528 5888 851 5958 Caelestinus,
912 5895 1258 5963 crystallinas,
1327 5897 1703 5965 smaragdinum

104 5988 241 6045 “13C
274 5986 504 6056 denique
529 5998 631 6040 tam
662 5986 869 6055 propria
897 6002 1053 6055 quam
1083 5990 1403 6058 appct'atjva
1436 5988 1487 6043 in
1522 5989 1704 6059 sing“.

1857 2097 2017 2150 tentia
2069 2100 2309 2167 triplices
2360 2106 2637 2162 continere
2682 2113 2894 2181 regulas
2940 2115 3294 2189 dignoscitur,
3329 2142 3448 2193 qua:

1856 2196 2033 2284 tamen
2062 2192 2442 2260 quadripertita
2494 2199 2723 2266 tiguraru
2737 2220 2784 2256 m
2817 2207 3022 2263 ratione
3050 2192 3388 2284 colliguntur.

1928 2274 1989 2327 Ι).
2036 2278 2139 2331 Ilac
2169 2284 2539 2349 responsione,
2579 2298 2636 2340 ut
2674 2292 2926 2359 arbitror,
2969 2312 3073 2351 non
3105 2274 3443 2360 estuintcrro-

1853 2368 2079 2435 gationis
2111 2371 2282 2427 nodus
2313 2385 2554 2441 patenter
2580 2380 2808 2448 solutus,
2857 2386 2953 2441 sed
2996 2390 3152 2446 veluti
3186 2400 3444 2463 panucnla

1853 2463 2164 2527 qumstionis
2239 2466 2643 2524 invidum—lii.
2717 2470 3021 2544 'l'ripertita,
3084 2492 3139 2536 ut
3183 2486 3442 2553 diximus,

1850 2554 2279 2620 prteposilionum
2298 2558 2534 2613 delinitio
2551 2562 2915 2631 hujuscemodi
2935 2569 3230 2628 diﬂerentia
3246 2580 3442 2648 colligi.

1852 2652 1967 2697 tur:
2003 2646 2239 2714 autipsrc
2268 2653 3117 2730 praepositionescorrumpuntur,
3153 2646 3437 2733 utacced‘e,

1846 2736 2081 2802 succede,
2103 2752 2326 2806 ορραηο,
2348 2757 2576 2813 appono;
2600 2755 2711 2800 auti
2733 2758 2923 2805 tetusras
2936 2766 3235 2814 orationum
3265 2775 3440 2830 partes

1844 2829 2039 2896 quibus
2071 2835 2370 2900 prtcposita:
2398 2836 2592 2892 iuerint
2616 2854 2988 2913 corrumpunt,
3020 2861 3070 2902 et
3107 2851 3233 2919 ipa:
3265 2829 3437 2909 incor-

1845 2924 2014 2982 ruptze
2039 2930 2378 2987 permanent,
2405 2931 2459 2974 ut
2482 2939 2681 2991 qurere,
2706 2930 2937 2995 exquire,
2965 2932 3185 3000 inquiro,
3212 2944 3432 3008 requiro,

1845 3016 1898 3058 et
1974 3008 2180 3079 frango,
2252 3013 2543 3081 confringe,
2600 3018 2848 3088 infringo,
2908 3039 3117 3097 spargo,
3176 3028 3435 3103 disperge,

1843 3101 2026 3166 sparsi,
2062 3102 2319 3171 dispersi;
2351 3115 2443 3159 aut
2471 3118 2620 3163 certe
2648 3110 2965 3169 altrinsecus
2995 3101 3431 3191 corrumpuntur,

1843 3192 1894 3244 id
1920 3203 2001 3247 est
2046 3204 2150 3248 tam
2181 3200 2494 3265 pra‘positio
2533 3218 2687 3268 quant
2711 3214 2919 3261 caeteras
2946 3212 3200 3267 orationis
3234 3226 3433 3284 partes,

1840 3301 1958 3354 qua:
1984 3290 2452 3356 praepositionibus
2480 3293 2585 3347 ritu
2611 3295 2792 3366 ﬁgura:
2823 3304 3131 3370 composita
3155 3322 3433 3366 successe-

1841 3377 1968 3441 rint,
1999 3388 2054 3431 ut
2084 3380 2327 3450 corripio,
2360 3398 2586 3451 coercee,
2621 3389 2843 3458 corrigo,
2869 3391 3109 3462 sinciput,
3143 3400 3363 3467 ecciput.

1914 3470 1975 3523 Ι).
2016 3472 2084 3523 Da
2117 3472 2519 3542 pimpositiones
2542 3492 2659 3545 quae
2685 3494 3028 3550 corrumpant
3054 3497 3275 3543 exteras
3307 3505 3429 3559 par-

1841 3569 1941 3624 tes,
1972 3562 2056 3617 vel
2089 3579 2207 3632 qmn
2229 3566 2465 3636 acceptis
2488 3568 2707 3637 reliquis
2734 3574 2969 3639 partibus
2994 3590 3425 3649 corrumpantur.

1838 3683 1907 3691 —
1930 3654 2002 3708 Μ.
2040 3655 2141 3721 Ex,
2174 3658 2260 3720 ad,
2295 3658 2376 3723 ob,
2418 3660 2493 3723 in,
2525 3662 2640 3727 sub,
2683 3672 2858 3730 trans,
2892 3683 3005 3730 con,
3041 3669 3253 3738 circum,
3287 3686 3425 3729 ante.

1836 3742 1920 3796 Ex
1954 3748 2263 3814 prtepvsitio
2295 3751 2558 3803 interdum
2587 3768 2622 3805 π
2650 3752 2879 3809 litteram
2907 3770 2997 3811 aut
3042 3760 3093 3813 in
3125 3763 3422 3825 [eorumn-

1836 3842 1929 3895 tat,
1962 3846 2018 3887 ut
2065 3835 2302 3905 eﬂ’ringo,
2345 3839 2557 3909 effugio,
2587 3845 2766 3911 efﬂuo,
2793 3845 3024 3915 effunde,
3053 3851 3261 3920 e/fatur,
3294 3856 3425 3920 effa-

1835 3925 1966 3990 bilis,
2012 3927 2147 3994 ferus
2195 3928 2401 3994 efferus,
2437 3936 2665 4000 frenatus
2706 3935 3002 4006 effrenatus,
3054 3944 3190 4011 facie
3238 3948 3419 4015 efﬁcio,

1834 4015 2001 4083 factus
2026 4016 2237 4083 elfectus
2272 4020 2484 4087 efﬁcax;
2512 4032 2603 4077 aut
2630 4039 2692 4078 ea:
2716 4026 2919 4096 integra
2946 4043 3125 4087 manet
3155 4035 3418 4094 subnexa.

1831 4106 2286 4175 Corrumpuntur,
2319 4122 2374 4165 ut
2426 4116 2622 4167 a'stimo
2671 4118 2933 4186 existima,
2982 4138 3134 4191 carpo
3177 4142 3416 4197 excerpo,

1828 4213 1999 4265 quer
2047 4200 2280 4267 exquiro,
2336 4219 2484 4257 arceo
2527 4221 2776 4273 exerceo,
2811 4210 2939 4263 cede
2981 4214 3179 4279 excide,
3228 4216 3416 4283 e/fotlie

1829 4287 2015 4353 effectis
2044 4290 2284 4357 e/fossus.
2328 4295 2432 4348 Aut
2472 4298 2693 4353 omnino
2738 4300 2926 4356 eadem
2958 4303 3132 4360 littera
3174 4313 3411 4377 carebit,

1831 4391 1883 4432 ut
1912 4384 2084 4436 evenie
2115 4387 2293 4449 evenit,
2323 4402 2470 4455 egere
2493 4391 2674 4458 egessi,
2701 4394 2935 4460 egredior
2982 4414 3237 4469 egressus,
3270 4419 3412 4457 ema-

1826 4486 1891 4522 ne
1914 4473 2166 4536 emanavi,
2195 4473 2343 4529 elicie
2372 4478 2542 4542 elicui,
2571 4480 2776 4535 elimine
2806 4484 3087 4554 eliminavi,
3119 4490 3254 4545 elide
3276 4494 3410 4557 elisi,

1826 4578 2011 4615 enarra
2060 4568 2333 4632 enarravi,
2388 4567 2919 4628 enucleoenucleavi.
2973 4578 3053 4630 Ad
3102 4583 3410 4649 praepositio

1825 4673 1966 4727 sa‘pc
2014 4659 2224 4715 ﬁnalem
2257 4664 2289 4713 d
2321 4664 2547 4717 litteram
2601 4664 2651 4719 in
2701 4669 2942 4722 eamdem
2970 4673 3231 4727 convertit
3261 4675 3408 4731 litte—

1821 4765 1931 4801 ram
1965 4766 1992 4801 a
2026 4767 2124 4817 qua
2174 4767 2403 4819 sequens
2444 4756 2703 4808 orationis
2748 4757 2962 4811 inchoat
3007 4775 3151 4829 pars,
3181 4772 3237 4817 ut
3281 4770 3405 4818 cedo

1817 4843 2005 4893 accede
2032 4842 2221 4894 accessi
2251 4858 2354 4896 non
2383 4846 2602 4907 adcessi,
2640 4849 2991 4915 accommodo,
3035 4853 3229 4917 accola,
3259 4855 3407 4906 ecci-

1816 4932 1920 4999 pie,
1952 4942 2176 4998 accepto,
2212 4936 2444 5005 accingo,
2478 4938 2781 4999 accumula;
2812 4947 2901 4992 ut:

1942 5023 2255 5073 Aecumuluut
2280 5038 2483 5086 quorum
2512 5027 2683 5075 famam
2710 5028 2977 5091 laudesque
3006 5038 3191 5094 poeta;

1817 5107 2003 5159 accubo
2045 5110 2421 5175 accubitus;nt
2456 5128 2470 5166 :
2505 5129 2522 5162 ι
2554 5112 2686 5165 Cum
2728 5120 2872 5167 esset
2915 5128 3005 5167 rex
3054 5114 3106 5168 in
3156 5118 3403 5172 accubitu

1816 5213 1931 5261 suo,
1964 5202 2160 5252 uanius
2210 5216 2322 5253 mea
2374 5202 2519 5253 dedit
2560 5203 2781 5255 odorem
2828 5218 3004 5256 suum.
3038 5224 3056 5256 ›
3090 5204 3281 5258 Cantus
3310 5222 3399 5261 ac-

1816 5303 1965 5360 cepta
2018 5294 2393 5360 pra‘positione
2443 5295 2543 5360 ait,
2598 5296 2844 5365 utrinque
2890 5300 3285 5366 corrumpitur;
3342 5308 3402 5355 ut

1815 5394 2070 5444 accentus,
2098 5386 2184 5451 qui
2210 5385 2395 5440 Graece
2428 5390 2670 5452 prosodia
2704 5400 3056 5458 nuncupatur.
3090 5391 3177 5447 Sic
3206 5392 3397 5447 eadem

1815 5479 1847 5527 tl
1898 5476 2070 5530 littera
2121 5475 2173 5528 in
2207 5488 2223 5529 t
2258 5486 2663 5545 transmutatur,
2699 5490 2753 5533 ut
2801 5480 2996 5536 Lucius
3044 5484 3276 5537 Ann-.cus
3306 5484 3402 5539 Se-

1816 5583 1966 5631 ncca,
2003 5569 2051 5622 in
2085 5578 2245 5625 sexto
2272 5570 2542 5625 volumine
2570 5581 2877 5627 tctramctro
2912 5573 3398 5645 bracbycatalectu,

1814 5679 1887 5715 εις
1915 5673 1983 5713 ait
2017 5681 2025 5712 :

2312 5757 2665 5817 (luminumque
2690 5758 2909 5818 duplices

1998 5817 2150 5876 Argos
2176 5818 2347 5867 attollit
2370 5820 2553 5866 domus.

1816 5902 1872 5957 Et
1909 5902 2078 5955 intra:

1997 5993 2151 6043 Dubia
2179 5991 2306 6044 labat
2329 5993 2546 6056 cervice,
2573 5991 2740 6042 famuli
2759 5989 2971 6041 attollite
