4172 6610
250 603 352 653 ‘233

435 714 484 760 Si
510 711 677 765 resilit,
701 713 875 755 misero
900 708 1034 767 degit
1061 724 1103 753 ιιι
1132 709 1327 763 exsilio;

250 798 396 863 cupi.)
446 794 633 861 recipio
682 793 850 855 captio
893 791 1110 853 receptio
1159 800 1339 856 captas
1388 797 1635 853 rsceptns,
1687 786 1832 852 sapio

248 887 437 952 resipio
490 884 748 952 resipist'o,
801 883 933 948 facio
979 882 1176 947 reficio,
1226 880 1391 947 factas
1424 880 1661 947 refectus,
1708 891 1835 927 cano

248 980 453 1040 recino,
488 975 693 1044 gradior
720 973 1000 1041 regredior,
1030 980 1196 1022 statuo
1226 971 1456 1031 restituo,
1502 976 1723 1020 statutus
1753 981 1836 1015 re-

248 1068 473 1128 stitutus,
523 1080 693 1129 quiem
722 1063 943 1130 requiro,
996 1072 1135 1113 teneo
1185 1062 1399 1121 retineo,
1451 1067 1593 1110 taceo
1632 1058 1833 1117 reticeo,

249 1174 425 1225 premo
463 1158 703 1224 reprimo,
740 1171 923 1223 spargo
954 1170 1213 1222 respargo.
1261 1156 1363 1205 Ant
1400 1150 1588 1203 eadem
1621 1165 1673 1201 re
1706 1163 1837 1214 pra:-

250 1251 447 1318 positio
478 1252 519 1300 si
541 1248 606 1300 ad
640 1249 796 1300 verba
829 1263 856 1297 a
890 1246 1157 1299 vocalibus
1200 1244 1504 1310 incipientia
1529 1239 1835 1302 accesserit,

250 1342 532 1393 dlilteram
557 1340 743 1391 crebro
769 1338 1011 1398 assumit,
1039 1346 1095 1389 ιιι
1122 1352 1234 1389 emo
1261 1336 1477 1396 redimo,
1513 1332 1697 1401 emptio
1725 1330 1839 1379 nd-

249 1431 471 1495 emptio,
523 1440 721 1496 emptus
789 1430 1114 1492 redemptus,
1166 1442 1329 1495 arguo
1398 1425 1688 1491 redarguo,
1743 1439 1838 1489 ago

250 1526 454 1591 redigo,
488 1531 631 1571 actas
674 1521 925 1579 redactus,
970 1520 1106 1569 unda
1150 1518 1416 1577 redando;
1459 1530 1556 1566 nt:
1597 1532 1611 1563 ι
1653 1512 1839 1564 Omnia

252 1615 476 1667 ﬂumina
526 1620 721 1664 exi-nul
771 1611 821 1662 in
880 1625 1023 1660 mare
1075 1619 1125 1660 et
1175 1620 1447 1659 tnarenon
1483 1603 1759 1656 redundat.
1816 1617 1833 1649 ι

254 1704 334 1755 Eo
380 1704 528 1754 redeo
564 1704 784 1764 reditas,
835 1710 1005 1751 ennt's
1045 1701 1337 1753 redeuntes.
1369 1698 1531 1747 iturus
1562 1695 1837 1754 rediturus,

250 1798 570 1862 redintegro,
594 1794 830 1845 i'edltilteo
863 1793 1132 1855 redhibito,
1166 1793 1274 1845 oleo
1304 1793 1523 1857 retlolen,
1560 1792 1691 1844 olere
1712 1790 1839 1839 red-

253 1886 390 1937 olere
416 1886 714 1936 redolenles.
754 1884 995 1950 Virgilius
1028 1900 1040 1935 :

816 1979 869 2018 et
892 1973 1074 2018 olentia
1097 1971 1225 2018 lllt'tli

448 2034 541 2079 Ot‘a
572 2033 737 2079 fovent
760 2033 874 2089 illo;

250 2114 299 2165 si
336 2130 457 2167 vero
486 2131 512 2165 a
539 2115 799 2181 digamma
828 2114 985 2166 verba
1011 2112 1281 2179 incipient,
1310 2112 1360 2166 id
1392 2122 1471 2166 est
1499 2130 1531 2164 ιι
1560 2114 1676 2167 loco
1702 2130 1835 2169 cou-

253 2208 497 2257 sonantis
526 2207 719 2272 posita,
752 2207 784 2255 d
816 2206 1045 2257 litteram
1076 2206 1326 2270 prindicta
1360 2205 1603 2273 repudiat
1630 2221 1837 2275 praepo-

251 2296 403 2359 sitio,
440 2307 495 2348 ut
527 2308 747 2347 revertor
773 2297 966 2347 ret-alvo
996 2296 1215 2346 revinco.

330 2386 497 2439 Trans
530 2386 832 2453 praepositio
863 2386 1128 2438 interdum
1160 2401 1193 2436 η
1215 2393 1315 2438 ets
1340 2385 1531 2451 perdit,
1566 2395 1619 2438 ut
1650 2386 1831 2439 tradu-

254 2485 372 2528 ctus
404 2474 657 2537 traducit;
693 2485 745 2525 nt
779 2492 789 2525 :
840 2492 857 2524 ι
897 2473 1074 2526 ΝυΙιιίΙ.
1103 2488 1223 2527 eam
1269 2474 1569 2528 traducere.
1606 2493 1624 2526 ι
1651 2475 1830 2541 Augu-

260 2567 455 2624 stinus,
485 2567 616 2617 libro
642 2581 707 2617 xx
738 2564 976 2618 Civitatis
1002 2566 1092 2617 Dei
1120 2582 1133 2616 :
1164 2582 1181 2614 ι
1231 2564 1452 2618 Etiamsi
1482 2580 1599 2629 eos,
1627 2566 1827 2633 inquit,

264 2671 361 2723 rer
390 2656 501 2707 haec
528 2654 593 2707 ad
614 2670 706 2707 sua
729 2657 1007 2707 traducere
1027 2671 1126 2708 non
1155 2654 1443 2722 potuerint,
1482 2674 1498 2705 ι
1534 2664 1588 2708 et
1611 2664 1831 2711 cmtera;

262 2749 505 2816 trajectus
538 2747 755 2813 trajecit.
790 2746 1036 2813 Virgilius
1076 2746 1128 2799 in
1152 2745 1362 2799 decimo
1397 2762 1410 2798 :

441 2836 562 2883 Tum
591 2835 743 2884 Pallas
768 2836 941 2896 bijugis
963 2835 1235 2896 rugientem
1258 2835 1458 2883 Bhretea
1483 2842 1661 2895 przeter

447 2896 669 2957 Trajicit;

257 2977 436 3029 Trano
484 2987 657 3029 tranas
704 2988 895 3040 tranat,
944 2980 1096 3044 cujus
1141 2979 1394 3045 simplicia
1449 2991 1575 3033 sunt
1618 2987 1760 3033 trans
1785 2992 1837 3035 et

258 3086 326 3121 no
351 3086 442 3123 nas
474 3079 556 3121 nat
589 3068 975 3138 monosyllaba.
1014 3069 1257 3137 Virgilius
1284 3090 1297 3124 :

973 3162 1064 3209 Sub
1088 3163 1297 3209 nubibus
1320 3162 1435 3210 atris

451 3222 738 3283 Strymonize
757 3222 872 3270 dant
890 3223 1024 3281 signa
1047 3235 1199 3282 grues
1222 3234 1367 3283 atque
1392 3225 1574 3273 mthera
1600 3231 1807 3275 tranant.

259 3303 479 3358 Solinus
513 3321 721 3372 quoque
750 3306 799 3358 in
834 3306 1151 3357 Collt‘clanea
1180 3322 1368 3370 rerum,
1393 3308 1459 3361 de
1480 3310 1651 3362 cervis
1682 3324 1700 3364 :
1737 3328 1754 3360 ι
1784 3309 1841 3365 Si

1180 596 1376 647 l_l.1llll
1423 595 1505 645 bis
1545 591 1974 645 Slil’TEN.\lllO
2018 590 2099 640 li'l'
2145 588 2229 638 Βιιί
2272 585 2539 639 Mi'LTRlS.

1859 708 1904 761 Α
2006 701 2140 754 Sunt
2168 700 2285 752 alia:
2320 699 2721 765 prmpositioncs
2753 712 2870 766 quae
2901 700 3146 751 similiter
3191 701 3240 751 in
3280 716 3507 770 conum-

3407 582 3509 635 951

1937 793 2128 845 sitione
2187 795 2473 858 ﬁgurarum
2536 800 2881 857 corrumpunt
2926 790 3158 843 adtican
3209 796 3505 845 orationum

1938 894 2132 950 partes,
2165 891 2218 932 ιιι
2243 898 2348 947 per,
2382 896 2507 949 prie,
2537 897 2650 947 pro,
2685 881 2767 944 de,
2804 897 2872 939 re,
2904 892 2957 933 ιιι
2986 882 3215 947 per/icio,
3247 882 3506 951 principio,

1937 971 2171 1040 pro/icio,
2205 972 2420 1036 decipio,
2466 971 2612 1034 rapio
2633 970 2847 1035 deripio.
2880 972 3130 1039 Virgilius
3165 990 3177 1025 :

2122 1061 2338 1122 Tergora
2363 1063 2607 1123 deripiunt
2634 1065 2777 1110 costis
2800 1079 2812 1122 ;

1938 1158 2063 1211 paro
2094 1158 2294 1210 separa,
2320 1158 2468 1194 cerno
2498 1159 2722 1206 secerno,
2758 1160 2890 1209 pono
2912 1160 3099 1212 repono
3118 1187 3130 1207 ,
3161 1148 3281 1200 cedo
3312 1150 3507 1209 secedo,

1923 1235 2064 1287 cubo
2105 1235 2303 1295 secnbo,
2347 1237 2475 1286 duro
2503 1237 2709 1301 reduco,
2735 1236 2860 1287 cado
2891 1237 3088 1302 decido,
3116 1250 3171 1292 ut
3204 1259 3214 1292 :
3251 1260 3270 1291 ι
3306 1241 3510 1295 Folium

1939 1326 2053 1395 ejus
2080 1342 2183 1379 non
2207 1326 2466 1388 deciditn
2489 1335 2542 1378 et
2572 1326 2695 1380 alibi
2723 1346 2733 1379 :
2770 1347 2787 1378 ι
2826 1329 2981 1381 Arnit
3013 1329 3187 1384 fenum
3218 1343 3267 1385 et
3291 1335 3387 1388 ﬂos
3410 1334 3509 1388 de-

1942 1416 2090 1469 cidit.
2123 1435 2140 1466 ι
2173 1416 2352 1469 Patiar
2401 1418 2672 1487 perpetior,
2705 1435 2879 1485 passus
2911 1437 3209 1489 perpessus,
3243 1434 3295 1476 et
3320 1434 3510 1477 cetera

1942 1507 2153 1560 similia.

2016 1596 2077 1649 D.
2113 1597 2453 1662 'l‘riportitam
2493 1597 2883 1663 praepositionis
2932 1598 3189 1666 regulam,
3219 1616 3338 1655 cum
3379 1615 3510 1671 qua-

1943 1687 2156 1740 drilaria
2188 1689 2473 1755 ligurarum
2499 1690 2902 1754 compositione,
2931 1692 3074 1744 velut
3095 1692 3360 1759 quoddam
3382 1704 3511 1749 atrae

1942 1778 2182 1844 caliginis
2229 1777 2429 1839 chaos,
2477 1778 2732 1830 adhibitis
2781 1779 3220 1835 documentorum
3270 1783 3511 1843 laternis,

1944 1867 2207 1921 luculente
2254 1868 2561 1931 illustrasti;
2596 1876 2760 1920 restat
2801 1877 2875 1933 ut,
2910 1869 3106 1922 omissa
3140 1872 3513 1937 prmpositiono

1942 1968 1994 2009 ct
2017 1956 2420 2022 compositione,
2444 1957 2721 2025 positionis
2747 1970 2919 2011 tamen
2942 1959 3356 2029 elcvatiouisquc
3379 1972 3513 2016 tein-

1867 2042 1914 2099 B
1945 2060 2069 2113 pora
2101 2045 2317 2113 epitrito
2363 2056 2551 2112 quarto
2581 2050 2927 2114 congruentia
2960 2050 3274 2115 regulariter
3312 2054 3515 2107 ediSSe-

1939 2149 2043 2188 ras.
2069 2164 2139 2174 —
2163 2135 2231 2189 M.
2263 2134 2472 2203 Epitriti
2495 2135 2705 2203 quidem
2742 2151 2847 2189 non
2874 2138 3112 2191 serviunt
3141 2140 3513 2210 divisionibus,

1940 2240 2059 2279 cum
2089 2236 2262 2280 tamen
2294 2227 2344 2279 in
2372 2227 2587 2295 epitrito
2613 2235 2803 2295 quarto
2826 2230 2960 2283 arsis
2984 2230 3245 2300 anticipat
3276 2242 3517 2302 tempora

1939 2326 2193 2384 quaterna
2221 2326 2275 2370 et
2305 2317 2473 2369 thesis
2504 2326 2675 2369 terna.

2009 2408 2072 2461 D.
2124 2409 2233 2461 Lex
2293 2406 2556 2475 prosodiae
2600 2408 2982 2476 promulgatur.
3020 2438 3091 2451 —
3134 2411 3205 2464 Μ.
3264 2411 3519 2480 Epitritns

1938 2509 2182 2569 quartus,
2212 2501 2256 2552 si
2312 2500 2602 2568 penultima
2650 2501 2911 2567 positione
2952 2502 3103 2571 longa
3154 2500 3330 2569 fuerit,
3360 2518 3518 2558 acuto

1939 2592 2309 2657 pronuntiatur
2330 2600 2571 2652 accentu,
2616 2602 2667 2643 nt
2697 2592 3082 2657 hostimentum,
3117 2594 3166 2645 id
3208 2605 3313 2659 est,
3342 2611 3523 2661 mqua-

1940 2692 2204 2745 ntentnm,
2237 2683 2315 2733 vel
2344 2686 2588 2749 exagium
2615 2682 2846 2734 trutinm.
2876 2682 2932 2736 Si
2959 2698 3085 2737 vero
3110 2687 3397 2751 pcnultitna
3424 2703 3516 2740 na-

1941 2779 2176 2824 turarum
2203 2771 2404 2840 legibus
2436 2771 2802 2837 protelabitur,
2836 2774 3036 2841 absque
3065 2778 3376 2843 scrupulosa
3399 2792 3507 2829 ain.

1940 2862 2194 2931 bignitate
2219 2862 2561 2918 circumﬂexo
2585 2862 2883 2932 proferatur
2903 2877 3150 2934 accentu,
3172 2876 3231 2922 ut
3255 2872 3516 2940 contigna-

1944 2964 2043 3022 tus,
2069 2955 2375 3025 fortunatus.

2541 3027 2617 3081 De
2655 3030 2911 3093 prosodia.

2016 3116 2269 3171 Prosodia
2296 3128 2377 3173 est
2407 3120 2612 3187 signum
2650 3124 2911 3176 sermonis
2943 3123 3041 3175 iter
3072 3132 3274 3177 rectum
3316 3124 3514 3180 laciens

1947 3207 2161 3276 legenti.
2194 3208 2331 3264 Sunt
2352 3218 2526 3263 autem
2548 3211 2808 3279 prosodiae
2837 3214 3019 3265 decem
3046 3232 3055 3264 :
3081 3224 3286 3277 acutus,
3317 3217 3507 3283 gravis,

1946 3302 2335 3366 circumﬂexus,
2373 3303 2548 3370 longa,
2597 3305 2796 3369 brevis,
2844 3306 3043 3370 daseia,
3078 3308 3228 3375 psile,
3274 3320 3516 3376 apostro-

259 3397 456 3460 niaria,
492 3394 679 3463 inquit,
705 3405 939 3461 tranent,
965 3412 1069 3449 non
1092 3407 1305 3466 aspectu
1338 3411 1521 3466 petunt
1547 3402 1721 3457 littora
1746 3404 1837 3457 sed

1952 3392 2109 3460 phus,
2143 3392 2377 3461 hyphen,
2410 3392 2798 3462 hypodiastole.
2830 3395 3143 3450 Dividuntur
3183 3408 3358 3453 autem
3403 3402 3516 3455 lia-c

259 3485 482 3537 olfactu.
527 3504 544 3536 ι
584 3486 784 3538 Circam
814 3489 1121 3555 prrcpositio
1166 3490 1444 3557 aliquoties
1483 3495 1673 3547 amittit
1704 3512 1838 3556 cum.

268 3588 324 3627 ιιι
360 3576 623 3628 circuitus.
654 3577 741 3630 Sic
782 3587 898 3630 ante
930 3580 1236 3646 prtepositio
1262 3597 1288 3633 e
1318 3583 1367 3635 in
1400 3584 1416 3634 i
1445 3596 1753 3649 commutat,
1789 3596 1844 3639 ut

264 3667 515 3731 antit-ipo,
566 3667 967 3734 Psalmigrapho
1004 3670 1344 3737 astipulante,
1380 3683 1438 3726 ut
1473 3692 1483 3725 :
1521 3692 1537 3724 ι
1576 3676 1844 3742 Anticipa-

262 3767 458 3808 verunt
483 3759 617 3808 oculi
646 3759 748 3809 mei
781 3758 1006 3825 vigilias.
1050 3778 1068 3809 ι
1103 3759 1197 3812 Dis
1239 3765 1541 3830 praprsllit)
1578 3763 1843 3819 interdum

255 3862 285 3899 δ
319 3847 541 3898 litteram
576 3847 624 3898 in
656 3850 1041 3912 compositione
1088 3850 1282 3915 perdit,
1330 3862 1389 3905 ut
1430 3854 1596 3906 diluto
1637 3857 1842 3909 dilusus

260 3937 487 3999 dilania,
518 3936 686 4001 diluo,
718 3938 918 3989 dilabor
940 3939 1205 4008 dilapsus;
1234 3951 1290 3995 ιιι
1317 3960 1328 3994 :

758 4028 947 4076 foveam
969 4030 1181 4090 dilapsus
1202 4034 1249 4081 in
1270 4039 1444 4093 atram;

269 4111 534 4162 dilancino
567 4110 935 4162 dilancinatus.
976 4113 1115 4165 ldcm
1150 4114 1367 4168 Solinus
1396 4116 1462 4170 de
1492 4117 1847 4186 leontopliono

263 4202 434 4253 besria
462 4202 571 4252 ait:
613 4219 629 4251 ι
670 4201 846 4253 Morsu
878 4203 1087 4268 quidem
1118 4204 1407 4267 abstinent,
1433 4208 1525 4259 sed
1555 4208 1844 4261 dilancina-

268 4300 353 4343 tas
385 4294 690 4344 exanimant
723 4294 910 4359 pedum
944 4296 1169 4347 nisibus.
1206 4313 1225 4346 ι
1262 4297 1409 4361 Quod
1449 4299 1490 4350 si
1537 4315 1559 4351 s
1588 4299 1760 4352 littera
1794 4301 1846 4353 in

276 4384 545 4451 principio
575 4384 717 4437 verbi
752 4396 995 4453 ponatur,
1038 4387 1222 4439 eadem
1258 4391 1562 4457 praepositio
1591 4408 1695 4444 non
1725 4408 1847 4460 pcr-

263 4476 346 4528 dit
376 4494 418 4534 s,
450 4485 503 4526 ut
546 4474 811 4543 Jisspolia,
845 4478 1082 4540 dissolvo,
1125 4478 1334 4533 dissero.
1381 4481 1647 4534 Interdum
1678 4500 1701 4537 ι
1748 4484 1798 4535 in
1829 4488 1856 4550 Ῑ

268 4575 529 4627 mutatur,
563 4576 618 4617 ut
648 4566 751 4632 fido
779 4567 962 4634 dif/ida
994 4567 1302 4635 difﬁdentia,
1338 4573 1445 4637 [ero
1483 4570 1665 4637 differo
1687 4614 1700 4636 ,
1746 4572 1848 4642 dif-

268 4662 511 4731 ferentia,
543 4660 702 4727 fundo
726 4659 985 4725 .=§i/fando.
1026 4661 1277 4729 Virgilius
1306 4663 1355 4715 in
1390 4663 1603 4717 decimo
1638 4683 1649 4715 :

461 4750 762 4811 Undantique
790 4754 992 4799 animam
1013 4751 1236 4801 diii‘undit
1260 4754 1306 4801 in
1333 4767 1459 4803 arma
1484 4769 1673 4806 cruore.

270 4834 429 4889 Unde
458 4834 622 4886 Julius
651 4834 894 4893 Solinus.
931 4835 981 4887 in
1013 4834 1333 4887 Collecttmea
1377 4853 1544 4889 rerum
1595 4855 1847 4891 mentoru-

269 4924 474 4985 bilium,
504 4922 613 4975 ait:
652 4940 669 4970 c
704 4922 859 4985 quue
887 4921 939 4974 in
966 4933 1181 4976 centum
1206 4923 1386 4991 viginti
1417 4924 1575 4977 millia
1603 4943 1850 4993 pissnum

273 5013 526 5076 diﬂuodi,
556 5013 640 5080 qni
678 5012 831 5064 Iidem
864 5012 1186 5066 advenarum
1218 5013 1513 5067 ratiocinati
1543 5026 1682 5077 sunt,
1714 5020 1853 5070 testi-

273 5114 578 5160 mavernnt.
618 5121 636 5153 ι
674 5100 921 5156 Facultas
958 5101 1232 5168 difficultas
1266 5146 1281 5169 ,
1318 5112 1372 5155 ut
1412 5103 1550 5156 idem
1592 5105 1805 5160 Solinus
1838 5122 1851 5158 :

278 5215 297 5248 ι
342 5194 625 5259 Multisque
645 5192 1046 5245 difﬁcultatibus
1068 5193 1308 5262 fatigatus
1342 5193 1612 5262 libiphznis
1633 5211 1690 5249 se
1712 5197 1852 5265 jugis

272 5286 532 5341 adnectit.
574 5302 592 5333 ι
640 5279 831 5336 Facilis
868 5282 1102 5351 difﬁcilis,
1157 5292 1259 5336 tam
1306 5286 1679 5353 prtepusitionc
1727 5302 1848 5339 cor-

273 5386 429 5440 rupta
452 5388 609 5441 quam
644 5382 852 5428 nomine
869 5418 882 5438 ,
912 5375 1253 5440 sequentibus
1273 5384 1449 5429 autem
1470 5393 1497 5429 c
1520 5387 1591 5443 pt
1618 5379 1696 5429 dis
1719 5394 1851 5445 prcc-

274 5467 473 5536 ρωιιω
497 5465 698 5533 integra
722 5473 919 5527 manet,
943 5472 999 5516 ut
1017 5480 1165 5516 cerno
1184 5465 1415 5519 discerno
1435 5467 1849 5532 discerniculum,

268 5572 426 5625 crepo
453 5560 701 5622 discrepa,
730 5570 880 5606 curro
922 5555 1172 5619 discut-ro,
1210 5558 1369 5610 cateia
1414 5558 1675 5622 discalcio,
1705 5559 1853 5610 credo

270 5652 528 5709 discredo,
558 5648 705 5717 cingo
744 5645 1004 5713 discinga;
1032 5647 1206 5713 placeo
1246 5645 1487 5715 displiceo
1528 5648 1719 5717 placuit
1748 5648 1853 5699 dis-

274 5740 477 5802 plicuit,
508 5754 539 5789 a
569 5746 815 5803 corrupta
849 5735 900 5787 in
932 5738 947 5787 i
994 5744 1193 5789 mutata
1221 5778 1234 5801 ,
1281 5747 1403 5806 puto
1441 5740 1666 5806 disputa,
1699 5742 1853 5807 perdo

271 5830 539 5895 di.~perdo,
567 5843 701 5895 pono
730 5829 970 5896 dispono,
1002 5829 1154 5879 tendo
1185 5829 1438 5891 distendo,
1474 5830 1639 5883 tribuo
1680 5832 1853 5883 distri-

274 5922 394 5984 ltuo,
422 5916 567 5969 traho
597 5918 844 5979 distraho,
888 5918 1025 5989 tingo
1060 5918 1303 5987 distingo,
1334 5930 1477 5987 pecto
1513 5922 1738 5989 dispecta
1779 5922 1850 5987 (id

273 6020 377 6073 cst,
408 6007 659 6074 pectino),
694 6009 858 6073 pendo
888 6008 1156 6073 dispendo.

560 6096 829 6157 PATROL.
876 6098 1225 6159 LXXXIX.

1948 3484 1998 3535 in
2023 3490 2278 3550 quatuor:
2313 3485 2365 3536 in
2392 3494 2562 3548 tonos,
2592 3483 2641 3537 in
2667 3494 2929 3553 tempora,
2955 3488 3006 3541 in
3034 3490 3437 3556 respirationes,
3462 3494 3513 3545 in

1950 3575 2243 3637 passiones.
2267 3573 2445 3626 Tonus
2472 3586 2647 3627 autem
2674 3587 2761 3627 aut
2798 3578 3141 3643 pertrahitur,
3172 3589 3262 3633 aut
3291 3581 3514 3635 attrahi-

1949 3672 2052 3721 tur.
2077 3672 2166 3715 aut
2192 3664 2447 3716 medietas
2470 3664 2689 3733 syllabze
2713 3664 2903 3719 bonam
2927 3683 3111 3722 vocent
3137 3669 3358 3725 habens.
3377 3671 3510 3726 Toni

1947 3764 2069 3806 sunt
2100 3764 2227 3819 tres,
2260 3763 2464 3817 acutus,
2490 3755 2684 3821 gravis,
2713 3756 3104 3812 circumﬂexus.
3134 3761 3333 3814 Acutus
3361 3773 3516 3817 tonus

1947 3852 2179 3896 estnota
2216 3859 2307 3907 per
2336 3844 2605 3911 obliquum
2647 3847 2939 3901 ascendens
2985 3848 3035 3900 in
3081 3848 3355 3905 dexteram
3398 3868 3517 3921 par-

1948 3940 2076 3993 tem,
2111 3944 2163 3985 ut
2190 3950 2310 3998 pax,
2346 3936 2452 3999 pix,
2486 3951 2613 3989 nux.
2646 3935 2835 3990 Gravis
2859 3946 2941 3991 est
2965 3955 2992 3989 a
3018 3954 3226 3993 summo
3254 3942 3303 3995 in
3332 3943 3522 3997 dextr-

1950 4039 2058 4075 ram
2096 4033 2297 4089 pallent
2330 4024 2677 4088 de~cendens,
2714 4035 2770 4078 ut
2797 4037 2879 4080 est
2904 4029 3074 4089 homo,
3094 4028 3274 4095 bonus,
3309 4048 3517 4100 parvus.

1949 4110 2335 4168 Circumllexus
2363 4128 2440 4170 est
2468 4130 2587 4170 nota
2628 4119 2695 4171 de
2723 4131 2873 4172 acuta
2906 4129 2959 4175 et
2989 4123 3133 4190 gravi
3176 4123 3332 4187 iacta,
3368 4134 3426 4178 ut
3449 4139 3531 4179 est

1950 4205 2135 4267 uineta,
2164 4205 2329 4270 musa,
2351 4210 2514 4275 ccepi.
2549 4208 2780 4275 Tempus
2808 4222 2889 4263 est
2917 4212 3236 4278 signiﬁcatio
3264 4216 3528 4269 extensio-

1953 4295 2032 4345 nis
2050 4296 2159 4347 sive
2176 4299 2572 4361 contractionis,
2600 4299 2879 4353 invisibilia
2901 4301 3232 4359 discernens.
3260 4305 3524 4373 Tempora

1962 4396 2082 4438 sunt
2110 4386 2237 4451 duo,
2263 4388 2475 4459 longum
2519 4400 2571 4444 et
2603 4391 2784 4446 breve.
2829 4392 3067 4464 Longum
3107 4407 3187 4450 est
3214 4398 3531 4467 significatio

1958 4477 2234 4543 producta:
2265 4481 2452 4533 littera:
2481 4484 2710 4545 vocalis;
2737 4494 2791 4535 ut
2820 4494 2901 4536 est
2932 4502 2945 4535 :

2135 4568 2278 4615 Arma
2308 4570 2554 4632 virumque
2579 4584 2717 4632 cano,
2742 4572 2896 4633 Trajan
2921 4574 3003 4634 qui
3042 4577 3219 4635 primus
3243 4576 3305 4623 ab
3322 4579 3439 4625 oris.

1958 4647 2124 4703 Breve
2154 4660 2235 4702 est
2259 4651 2573 4716 signiﬁcatio
2605 4664 2865 4721 correptae
2896 4656 3113 4720 vocalis,
3145 4667 3201 4710 ut
3229 4667 3349 4712 est:

2142 4737 2321 4799 Ingens
2344 4749 2512 4789 acutus
2535 4746 2742 4790 carmina
2768 4751 2928 4791 nostra
2954 4753 3146 4793 canunt.

1959 4818 2187 4885 Spiritus
2215 4833 2295 4875 est
2326 4824 2604 4890 productio
2634 4826 2779 4878 vocis
2813 4842 2930 4894 qua:
2970 4837 3060 4881 aut
3093 4828 3251 4881 citata
3279 4840 3369 4883 aut
3399 4830 3535 4884 lenis

1956 4908 2023 4959 de
2060 4923 2155 4962 ore
2182 4911 2471 4977 profertur.
2504 4912 2734 4982 Spiritus
2766 4926 2891 4969 sunt
2928 4918 3052 4982 duo,
3085 4918 3264 4973 daseia
3292 4931 3343 4973 et
3376 4921 3529 4989 psile.

1963 5003 2151 5059 Daseia
2183 5020 2263 5060 est
2294 5008 2522 5076 qualitas
2550 5010 2767 5080 syllabae
2793 5012 2938 5076 juxta
2985 5015 3216 5066 sonitum
3256 5014 3535 5080 spirantis,

1957 5105 2015 5148 ut
2037 5107 2118 5148 est
2147 5098 2318 5161 Itonia,
2345 5100 2441 5150 hab
2466 5110 2598 5165 tam,
2626 5101 2835 5153 trabeas.
2872 5102 3013 5155 l'sila
3055 5112 3137 5157 est
3175 5106 3401 5170 qualitas
3429 5106 3537 5175 syl~

1962 5186 2092 5238 laba!
2118 5202 2235 5252 quae
2257 5186 2408 5255 juxta
2434 5193 2823 5245 extremitatem
2843 5192 3101 5247 labiorum
3133 5197 3417 5260 prol'ertnr,
3442 5208 3498 5250 ut
3528 5218 3539 5251 :

1955 5281 2497 5341 orator,adiit,orare.
2523 5282 2704 5335 Passio
2733 5293 2815 5336 est
2837 5299 2929 5336 \ov
2962 5284 3226 5350 passibilis
3249 5284 3544 5351 coniuncta

1956 5378 2006 5420 et
2039 5369 2181 5420 unita
2204 5377 2257 5421 et
2279 5368 2561 5422 divisibilia
2586 5370 2916 5425 discernens.
2946 5372 3229 5426 l'assiones
3257 5385 3380 5427 sunt
3403 5385 3539 5436 tres,

1956 5458 2330 5526 apostrophos,
2364 5459 2595 5527 hyphen,
2628 5461 3019 5531 hypodiastole.
3054 5462 3429 5533 Apostrophos
3460 5474 3538 5517 esi

1958 5553 2167 5620 signum
2191 5554 2397 5605 extrita:
2428 5555 2626 5608 vocalis
2651 5558 2808 5610 unius
2848 5566 2939 5609 aut
2989 5558 3232 5621 duarum,
3263 5573 3394 5625 quos
3451 5555 3520 5628 [F

1962 5640 2143 5713 quam]
2167 5659 2270 5696 non
2297 5644 2493 5697 habent
2523 5645 2692 5698 Latini
2726 5646 2818 5699 sed
2849 5646 3041 5699 Grmi-i.
3076 5646 3390 5715 llyphenest
3414 5662 3539 5699 cons

1959 5734 2162 5800 junctio
2219 5735 2469 5789 dictionis
2496 5753 2559 5790 ex
2584 5737 2787 5790 duabus
2840 5736 3090 5804 perlectis
3145 5739 3537 5806 imperfectist

1962 5828 2292 5893 composite,
2326 5840 2381 5880 ut
2423 5837 2504 5881 est
2554 5829 2755 5895 lucifer,
2809 5830 3118 5898 unigenitus,
3150 5831 3531 5900 printogenitus.

1965 5919 2343 5989 llypodiastole
2392 5929 2473 5973 est
2529 5919 2725 5972 divisio
2779 5921 3193 5989 compositorum
3240 5920 3534 5974 litterarum

1965 6025 2177 6081 propter
2218 6012 2609 6079 ainhiguitatcs,
2636 6021 2692 6066 ut
2718 6021 2800 6067 est
2833 6031 2841 6063 :

3066 6104 3101 6163 8
