4172 6602
286 553 384 608 237
996 549 1165 605 PARS
1204 550 1289 602 lll.
1321 579 1388 588 --
1432 549 1771 604 ΡΟΕΜᾹΤΛ.
1815 582 1870 591 --

1948 554 2008 604 δε
2049 554 2085 605 L
2105 555 2381 608 \l'DlliUS
2427 557 2776 611 VliiGlNUM.

3427 564 3529 618 9.38

280 666 479 719 circqu
507 662 725 716 feliciter
749 660 1095 730 fungebatur,
1136 660 1428 728 quotidiani
1473 671 1716 728 sumptus
1752 664 1847 714 ali-
1879 672 1923 727 Α
1956 670 2077 733 legis
2126 669 2187 718 de
2236 684 2320 720 ore
2349 678 2452 730 tuo,
2508 681 2552 722 et
2585 673 2899 722 mellinam};
2945 674 2993 722 in
3061 689 3118 724 ριι
3147 675 3227 726 die
3268 692 3326 726 ac
3359 689 3523 729 ηυειρ,

279 756 507 809 moniam
531 765 581 807 et
605 769 872 820 corporere
894 752 1295 806 sustentationis
1317 752 1571 815 edulium,
1591 753 1639 805 in
1663 756 1853 822 quibus

277 849 576 900 mortalium
611 847 859 898 vivacitas
886 846 1135 908 vescitur,
1180 844 1230 896 in
1273 845 1532 912 prmcclso
1565 847 1844 910 potestatis

272 939 509 992 culmine
545 937 826 1006 autiqnarii
860 936 1134 1002 scriptoris
1191 936 1544 988 mercimonia
1601 935 1851 1002 indeptus

273 1037 376 1091 est,
439 1030 642 1080 malens
690 1027 1085 1094 Scripturarum
1127 1026 1496 1080 emolumento
1551 1025 1848 1079 litterarum

271 1123 506 1174 carnalis
532 1119 657 1173 vitae
686 1122 1006 1171 nutrimenta
1038 1132 1127 1184 per
1157 1118 1356 1171 laboris
1388 1117 1702 1171 exercitium
1739 1118 1853 1169 atli-

275 1213 431 1278 piSCi,
463 1228 618 1280 quant
660 1211 843 1262 inertis
874 1209 1098 1261 tldsiditn
1142 1217 1358 1273 torpore
1413 1207 1692 1260 tabescens
1723 1223 1849 1276 gra-

277 1303 422 1352 tnitis
461 1301 733 1368 epularum
765 1298 969 1353 deliciis
1017 1297 1274 1368 saginari.
1323 1296 1474 1351 Unde
1518 1297 1677 1350 etiam
1729 1312 1850 1351 cum

277 1393 529 1445 l’rist-iani
579 1395 906 1460 grammatici
952 1409 1079 1445 xvm
1131 1393 1439 1455 volumina,
1473 1392 1561 1456 qui
1597 1391 1849 1446 Rotnaua:

273 1485 452 1536 lutnen
485 1482 742 1536 facundia:
776 1483 1088 1543 vocabatur,
1118 1485 1360 1548 proprius
1393 1487 1684 1549 palmarum
1717 1484 1850 1549 digi—

274 1575 398 1626 tulis
429 1575 576 1627 calce
616 1586 770 1628 tenus
810 1576 1010 1642 digesta
1036 1575 1395 1635 describeret,
1430 1575 1716 1626 inauditam
1759 1592 1851 1624 an-

273 1666 634 1717 tecessorihns
681 1675 733 1718 ct
785 1668 1122 1730 lﬂBXpCI‘lalll
1184 1664 1472 1731 praeteritis
1531 1665 1848 1717 smculorttm

273 1756 691 1823 imperatoribus
738 1755 1112 1821 promulgabat
1172 1756 1529 1816 sententiam;
1591 1757 1849 1819 posteris,

272 1859 332 1900 ut
363 1865 501 1910 reor,
561 1851 862 1917 exemplum
911 1849 1184 1902 industria}
1241 1849 1640 1915 derelinquens.
1707 1848 1848 1913 Ego,

271 1941 441 2004 inquit
457 1983 469 2001 ,
488 1940 834 2000 'l'lteodOsius,
857 1943 1014 1991 totius
1029 1940 1176 1991 orbis
1199 1938 1510 2004 imperator,
1541 1939 1674 1989 inter
1693 1952 1849 1990 curas

1957 756 2156 808 Idcirco
2184 759 2236 810 in
2263 758 2494 810 omnibus
2519 761 2755 827 aper-ibus
2797 762 2894 812 tuis
2932 777 3211 814 memorare
3251 768 3526 817 novissima

1956 859 2063 911 tua,
2095 859 2141 900 et
2164 851 2214 901 in
2240 859 2484 903 retentum
2515 867 2614 902 non
2637 853 2882 920 peccabis.
2911 852 3039 917 Quae
3071 863 3152 905 cst
3177 855 3318 907 enim
3347 857 3528 908 laben-

1955 938 2020 991 tis
2065 940 2244 992 mttndi
2275 942 2631 1009 prosperitas,
2678 953 2769 995 attt
2819 943 3052 996 fallentis
3099 945 3219 996 vita:
3267 947 3529 998 felicitas!

1957 1030 2139 1084 Nonne
2166 1033 2432 1086 simillima
2477 1034 2762 1088 collatione
2808 1045 2864 1087 ut
2911 1038 3178 1089 somnium
3229 1039 3523 1105 evanescit,

1959 1130 2014 1173 ut
2069 1122 2239 1175 fumus
2296 1123 2524 1190 fatescit,
2581 1135 2634 1178 ut
2685 1139 2869 1192 Spuma
2927 1125 3240 1182 marcescit?
3301 1128 3525 1190 Divitiae,

1942 1213 2123 1281 inquit
2156 1214 2608 1284 Psalmigraphus,
2654 1217 2696 1269 si
2733 1217 3015 1284 adfuerint,
3059 1218 3215 1270 nolite
3245 1234 3332 1284 cor
3359 1235 3525 1287 appo-

1955 1321 2090 1358 nere.
2121 1305 2336 1360 Utinam
2367 1306 2518 1360 nohis
2546 1310 2883 1374 praesentium
2918 1321 3092 1360 rerum
3125 1308 3391 1374 posse~sio
3421 1323 3524 1361 non

1955 1397 2022 1450 sit
2053 1397 2349 1451 futurorum
2381 1400 2771 1452 remuneratio!
2815 1400 3130 1452 eaducarum
3162 1399 3334 1464 copia,
3367 1413 3524 1452 secu-

1957 1499 2251 1540 tarnmnon
2298 1491 2369 1541 sit
2420 1490 2625 1556 inopia!
2683 1489 2892 1542 Utinam
2942 1489 3297 1541 lenocinantis
3340 1487 3522 1542 mundi

1954 1578 2282 1630 ohlectamen
2298 1587 2369 1642 ta,
2396 1589 2606 1631 aeterna:
2642 1577 2991 1631 beatitudinis
3040 1591 3145 1629 non
3185 1578 3404 1645 gignant
3427 1577 3521 1630 de-

1956 1668 2231 1720 trimenta!
2267 1667 2402 1731 Quin
2438 1669 2630 1732 potius,
2663 1676 2930 1719 transacto
2977 1666 3178 1733 fragilis
3205 1667 3326 1717 vita:
3357 1665 3523 1718 inter—

1954 1759 2112 1821 Vallo,
2141 1757 2450 1819 succedant,
2489 1755 2815 1824 sullragantc
2839 1755 3074 1818 Christo,
3103 1767 3357 1824 perpetua
3391 1770 3525 1822 prat-

1956 1849 2058 1899 ntia
2089 1848 2429 1900 meritorum!
2477 1848 2628 1914 Quod
2679 1847 2796 1915 ipse
2849 1855 3108 1914 praestare
3137 1846 3403 1914 dignetur,
3434 1847 3521 1911 qui

1959 1953 2054 2002 pro
2082 1937 2232 1989 nobis
2261 1938 2313 1989 itt
2346 1938 2580 2005 patibulo
2626 1937 2899 2004 pependit,
2952 1952 3070 1989 cum
3120 1944 3324 1988 aeterno
3368 1935 3526 1987 Patre

276 2030 453 2092 palatii
506 2030 606 2081 hoc
656 2030 897 2080 volumen
957 2027 1170 2093 propria
1221 2043 1380 2079 manu
1427 2027 1705 2092 descripsi,
1741 2036 1841 2078 etc.
1885 2023 1926 2081 Β
1957 2031 2136 2080 vivens
2176 2042 2237 2079 ac
2268 2041 2496 2094 regnans
2544 2040 2664 2079 cum
2705 2026 2904 2092 Spiritu
2950 2037 3136 2078 sancto
3183 2041 3276 2093 per
3319 2023 3523 2078 ittlittita

276 2120 558 2183 Propterea
583 2119 813 2171 caelestis
840 2119 976 2170 tuba:
1000 2118 1222 2182 clangor
1251 2126 1303 2170 et
1327 2132 1568 2184 supernae
1591 2117 1850 2178 sulpicis"

271 2210 493 2260 classica
547 2220 970 2273 concrepuerunt
1014 2209 1239 2260 dcentis
1276 2224 1292 2261 :
1331 2207 1451 2257 Non
1485 2208 1684 2257 recedat
1719 2207 1845 2255 (iber

1951 2134 2164 2187 semper
2191 2119 2387 2172 saecula
2417 2121 2764 2174 smculorutn.
2797 2119 2987 2171 Amen.

341 2322 354 2336 ’
389 2318 467 2365 l"m
485 2326 533 2366 te
558 2319 816 2378 legendum
840 2316 1055 2376 salpicis,
1085 2329 1262 2376 nempe
1295 2326 1319 2360 a
1346 2314 1506 2373 stipis:
1536 2312 1753 2374 satpicis,
1780 2326 1863 2372 pro
1881 2311 2074 2372 salphtx
2096 2309 2342 2370 salpingt’s.
2373 2309 2496 2357 Eutr.

1459 2424 1628 2431 .——.———

272 2429 324 2434 ,__,
352 2429 430 2434 ἥ..
497 2429 612 2438 _.-_.
643 2430 684 2436 _,
721 2431 724 2433 .
757 2429 968 2434 4-.....—

270 2442 580 2452 ..ρ-...σ-
649 2447 654 2451 .

1035 2583 1720 2697 SANCTI
1793 2579 2759 2694 ALDEELMI

1458 2791 2036 2845 SCHIREBURNENSIS
2065 2789 2348 2842 EPISCOPI

1359 2950 2448 3137 POEMATA,

1834 3175 1972 3216 εινΕ

1161 3301 1402 3378 EJUS
1459 3299 1874 3374 OPERUM
1935 3299 2180 3372 PARS
2238 3297 2640 3372 TERTIA.

1735 3431 2029 3446 *ι-

831 3523 1071 3648 DE
1149 3507 2002 3646 LAUDIBUS
2071 3500 2982 3634 VIRGINUM.

1759 3722 2019 3735 _———-

332 3799 469 3860 [Haec
490 3796 584 3843 duo
607 3801 822 3853 poemata
849 3792 865 3850 (
873 3795 960 3840 hoc
994 3799 1044 3840 et
1066 3804 1297 3860 sequens,
1331 3785 1898 3860 depello-principalibus
1927 3768 3516 3860 enimp-quae!

977 3831 1966 3915 cii..I‘ii‘ti'rd'iﬁsT'niiitiétSibantestium
2005 3831 2205 3893 contuli.
2241 3839 2294 3887 ln
2314 3831 2610 3886 Bibliotheca
2630 3834 2822 3882 Patrum
2862 3831 2999 3878 valde
3031 3838 3254 3891 corrupta
3271 3839 3408 3892 sunt;
3433 3845 3524 3880 nec

261 3937 400 3976 nunc
419 3922 616 3984 quidem
636 3914 828 3967 omnino
852 3917 1036 3964 mendis
1059 3923 1242 3962 carent.
1267 3914 1444 3972 Cum]

618 4255 704 4305 AD
745 4217 1038 4303 multum
1077 4246 1491 4298 ABBATISSAM.

267 4368 322 4424 Μ
362 4365 527 4421 etrica
561 4363 760 4416 tirones
787 4373 926 4413 nunc
957 4366 1200 4426 promam.
1227 4353 1465 4408 carmina
1498 4360 1648 4406 casto
1810 4349 1846 4403 S

268 4460 316 4514 Ε
369 4469 389 4511 t
418 4455 624 4510 laudetn
656 4452 825 4519 capiat
858 4451 1115 4518 quadrato
1151 4446 1386 4500 carmine
1417 4442 1541 4509 Virg
1799 4442 1843 4492 0

262 4550 315 4603 1‘
365 4549 510 4600 riuus
540 4545 590 4598 in
617 4557 739 4596 arce
772 4541 940 4603 Deus,
971 4538 1060 4605 qui
1093 4536 1296 4605 pollens
1321 4533 1480 4588 stecla
1511 4530 1692 4590 crcavi
1801 4529 1843 4582 Τ

270 4641 318 4694 ιι
359 4645 578 4707 egnator
605 4633 808 4698 mundi,
843 4628 1146 4698 regnans‘in
1173 4626 1392 4680 sedibus
1420 4624 1512 4677 alti
1806 4623 1844 4675 S

269 4731 290 4784 l
370 4729 562 4796 ndigno
592 4723 833 4779 conferre
862 4720 992 4774 mihi
1023 4719 1270 4788 dignetur
1305 4715 1358 4768 in
1389 4715 1526 4767 :etbr
1800 4715 1840 4764 Δ

259 4821 311 4874 C
363 4834 447 4871 unt
481 4815 677 4868 sanctis
709 4813 966 4876 requiem,
1001 4822 1131 4877 quos
1161 4805 1321 4860 laudo
1344 4803 1589 4858 versibus
1616 4800 1778 4854 isthin
1803 4801 1842 4854 C

259 4912 314 4968 Δ
356 4911 522 4964 rbiter
552 4904 896 4965 altithronus,
926 4900 1011 4967 qui
1039 4907 1216 4951 servat
1244 4903 1454 4962 sceptra
1483 4896 1680 4963 sup’eru
1795 4893 1842 4946 Α

257 5003 312 5060 Τ
364 4997 554 5055 radidit
588 4997 668 5048 bis
696 4994 814 5049 creti
843 5006 934 5060 per
969 4990 1160 5044 sudum
1191 4987 1450 5042 scandere
1479 4985 1604 5040 lime
1799 4982 1842 5037 N

265 5101 284 5154 Ι
367 5107 482 5150 nter
509 5101 812 5147 sanctorum
847 5100 1068 5149 cuneos,
1110 5083 1199 5152 qui
1230 5081 1384 5135 laude
1417 5094 1616 5148 perenn
1823 5077 1842 5130 Ι

263 5194 309 5247 ll
364 5189 434 5242 ite
463 5186 760 5256 glorilicant
787 5181 1153 5235 moderantem
1184 5190 1348 5244 regna
1381 5181 1598 5227 tonante
1793 5170 1841 5224 Μ

257 5283 306 5337 Ο
360 5278 657 5332 mnitenens
687 5269 962 5334 Dominus,
995 5267 1174 5322 mundi
1200 5265 1454 5320 formator
1481 5271 1538 5318 et
1561 5272 1719 5316 aucto
1796 5260 1843 5314 Β

260 5377 305 5430 Ν
359 5371 476 5424 obis
505 5367 822 5438 pauperibus
854 5361 1038 5417 conler
1067 5357 1318 5426 suil'ragia
1346 5364 1458 5411 cert
1799 5352 1842 5405 A

262 5467 306 5520 lt)
364 5475 381 5516 t
411 5476 475 5516 ne
504 5457 771 5513 concedas
802 5453 1092 5508 trudendos
1115 5450 1359 5504 hostibus
1389 5447 1551 5501 isthin
1795 5444 1836 5497 C

257 5560 301 5614 S
364 5556 426 5610 ed
477 5556 643 5620 magis
689 5549 908 5618 exiguos
935 5543 1231 5599 defendens
1273 5542 1489 5595 dextera
1522 5549 1674 5608 tauga
1786 5535 1828 5589 Τ

261 5651 304 5710 Ν
362 5663 391 5702 e
423 5645 598 5714 praedo
626 5643 796 5712 pellax
820 5639 1080 5694 eteloruut
1107 5633 1356 5690 claudere
1381 5633 1505 5686 linte
1796 5628 1840 5682 N

263 5743 304 5794 V
359 5741 408 5794 el
437 5745 652 5793 sanctos
684 5735 855 5786 valeat
883 5743 1137 5783 noxarum
1170 5726 1352 5780 fallere
1377 5739 1501 5778 scen
1796 5722 1838 5773 Α

259 5833 305 5888 Ν
359 5845 387 5884 e
417 5828 500 5881 fur
527 5825 843 5893 stropbosus
875 5821 1078 5874 foveam
1107 5816 1357 5871 detrudat
1395 5817 1446 5868 in
1478 5824 1589 5866 atra
1789 5811 1837 5865 Μ

257 5924 299 5978 C
359 5917 570 5975 onditor
600 5931 628 5970 a
660 5926 864 5968 summo
895 5925 1027 5981 quos
1057 5908 1298 5964 Christus
1342 5918 1517 5961 servat
1546 5906 1724 5972 nlymp
1797 5903 1838 5954 (Ρ

1870 4104 1915 4163 C
1949 4090 1987 4143 P
2040 4097 2186 4143 astor
2216 4089 2354 4142 ovile
2387 4097 2562 4151 luens,
2598 4099 2663 4140 ne
2692 4083 2860 4153 possit
2883 4082 3062 4138 rabula
3091 4093 3242 4153 rapto
3477 4089 3518 4142 It

1946 4182 1991 4234 R
2035 4182 2198 4251 egalis
2227 4189 2442 4234 vastans
2471 4178 2653 4231 caulas
2683 4177 2763 4229 bis
2790 4175 2968 4230 dicere
2995 4190 3173 4243 puppu
3484 4179 3522 4232 Ρ

1945 4273 1989 4326 Ο
2042 4273 2181 4325 inuia
2213 4271 2304 4325 sed
2334 4279 2518 4323 custos
2547 4264 2804 4320 defendat
2831 4265 2991 4320 ovilia
3017 4265 3126 4334 jam
3157 4281 3264 4319 nun
3481 4270 3520 4321 (2

1948 4361 1996 4416 Μ
2040 4363 2210 4415 axima
2244 4363 2566 4428 prazcipuum
2596 4375 2717 4432 quae
2746 4365 2922 4429 gestas
2962 4356 3178 4410 numine
3216 4372 3374 4412 nome
3477 4357 3522 4412 N

1945 4455 1986 4506 Λ
2039 4453 2201 4506 ddere
2232 4451 2559 4520 prmsidiunt,
2592 4460 2782 4511 mater,
2821 4448 3042 4516 dignare
3085 4453 3267 4514 precat
3477 4448 3520 4502 ll

1945 4543 1987 4598 N
2034 4558 2117 4596 am
2146 4553 2197 4596 ttt
2223 4550 2534 4611 perpetuum
2567 4541 2868 4610 prompsisti
2900 4537 3099 4592 lumine
3127 4537 3268 4592 lume
3477 4540 3519 4593 Ν

1945 4637 1988 4691 Τ
2036 4637 2143 4690 itan
2174 4650 2332 4704 quem
2357 4634 2588 4688 clamant
2618 4645 2770 4684 sacro
2799 4629 3084 4698 spiramine
3121 4628 3247 4683 Vatc
3481 4631 3520 4684 S

1946 4725 1985 4780 C
2039 4726 2155 4793 ujus
2180 4740 2274 4794 per
2307 4724 2561 4778 mundum
2588 4723 2744 4789 jubar
2780 4722 2887 4773 alto
2914 4718 3158 4788 splendet
3195 4719 3262 4773 ab
3294 4734 3360 4772 ax
3476 4722 3516 4782 Β

1946 4817 1991 4868 Α
2040 4825 2163 4883 tque
2194 4815 2343 4882 polos
2377 4813 2574 4881 pariter
2605 4810 2776 4878 replet
2805 4809 3100 4862 vibramiue
3133 4810 3296 4863 l'ulme
3474 4810 3515 4862 Ν

1948 4905 1988 4957 lt
2039 4919 2104 4958 ex
2140 4918 2320 4972 regum
2344 4913 2398 4956 et
2432 4901 2679 4970 princeps
2711 4899 3026 4968 pepulerum
3055 4897 3231 4953 dictus
3253 4899 3319 4953 ab
3344 4915 3424 4953 ων
3473 4900 3518 4953 0

1945 4995 1994 5050 Μ
2038 5009 2204 5062 agnus
2227 4993 2294 5047 de
2318 5006 2532 5060 magno,
2557 4991 2623 5045 de
2653 5005 2826 5044 rerum
2852 4989 3087 5053 regmine
3114 4999 3259 5043 recto
3475 4992 3514 5045 ll

1947 5087 1964 5142 Ι
2030 5087 2157 5141 llum
2188 5100 2290 5140 nec
2319 5093 2496 5149 terrai,
2529 5096 2626 5136 nec
2657 5089 2879 5150 possunt
2903 5081 3118 5148 cingere
3148 5081 3249 5135 etnl
3500 5084 3514 5134 Ι

1947 5178 1987 5233 Ν
2041 5193 2102 5231 ec
2133 5191 2279 5230 mare
2306 5173 2613 5243 navigerum
2646 5184 2899 5238 spumoso
2928 5169 3132 5238 gurgite
3159 5171 3296 5224 valla

1947 5269 1988 5320 A
2040 5275 2096 5319 ut
2124 5279 2271 5317 zonae
2295 5262 2498 5325 mundi,
2523 5275 2640 5328 quae
2662 5261 2864 5327 stipant
2889 5259 3086 5312 ethera
3116 5259 3225 5312 cels

1944 5357 1983 5411 C
2033 5356 2263 5409 lurorum
2289 5353 2469 5417 vitam,
2494 5351 2583 5418 qui
2606 5349 2768 5403 castis
2798 5349 3040 5402 moribus
3071 5350 3193 5403 isthi

1947 5453 1982 5501 Α
2037 5447 2294 5500 uxiliante
2317 5443 2447 5508 Deo,
2478 5441 2772 5496 vernabant
2796 5439 2928 5493 ﬂore
2957 5454 3158 5507 perenn

1945 5541 1982 5593 S
2032 5538 2199 5591 anetis
2229 5535 2505 5604 aggrediar
2526 5532 2718 5587 studiis
2742 5531 2952 5586 edicere
2987 5546 3159 5600 paupe

1945 5629 1985 5682 T
2036 5637 2158 5681 anta
2181 5637 2354 5680 tamen
2385 5627 2543 5691 digne
2574 5623 2617 5677 si
2657 5636 2855 5690 pauper
2883 5622 3098 5687 pratmia
3131 5621 3294 5690 proda

1944 5724 1985 5772 0
2041 5719 2180 5772 mnia
2211 5731 2332 5771 cum
2360 5716 2534 5769 nullus
2565 5713 2740 5767 verbis
2768 5709 3017 5779 explanet
3038 5723 3189 5778 apert

1946 5810 1982 5862 S
2037 5817 2182 5863 otsac
2211 5808 2468 5861 anitnract
2495 5802 2725 5868 Namorp
2748 5799 3135 5855 Cnunsenotita
3175 5801 3305 5853 cit-te

3475 5171 3518 5224 Τ

3475 5262 3517 5314 Α

3479 5351 3521 5404 C

3503 5441 3516 5490 I

3479 5533 3518 5584 ll

3476 5621 3519 5672 .I.

3477 5713 3516 5764 Ε

3471 5801 3514 5853 .‘J
