4172 6540
799 425 905 478 939
1559 429 1609 476 ἓ.
1660 426 1717 475 .\l
1750 423 1998 474 ltllllﬁli
2046 421 2319 472 til'lilil'll
2368 419 2535 470 i‘Al‘vS
2577 417 2653 469 lll.
2700 451 2768 460 ——
2810 417 3117 470 I‘llii‘iiATA

1151 579 1529 648 ιΜτιιιεΤ
1608 578 1967 644 Mittin.

787 712 957 761 υιιηιὶ.
981 722 1132 758 utens
1161 709 1387 769 gen‘tor,
1422 705 1674 756 mundum
1707 703 1906 754 ditione
1955 698 2275 765 gulernaus,

791 800 979 853 Lucida
1010 799 1259 866 stelligeri
1293 798 1377 863 qui
1409 796 1595 848 condis
1626 794 1853 847 eulmina
1883 792 2023 850 coeli,

788 893 892 945 Nec
922 908 1024 944 non
1059 890 1259 942 telluris
1290 889 1484 940 formas
1516 885 1817 939 fundamina
1853 884 2032 943 verbo,

789 983 987 1034 l’alliila
1023 995 1284 1047 purpureo
1314 980 1484 1045 pingis
1514 980 1598 1044 qui
1633 977 1761 1028 [lore
1790 976 1994 1029 vireta.

788 1076 1098 1139 Sicquo'qwe
1129 1069 1388 1136 lluctivagi
1424 1069 1661 1121 refrenas
1691 1067 1881 1118 cterula
1933 1065 2095 1133 ponti,

788 1167 1020 1233 Mergi-re
1053 1179 1116 1218 ne
1145 1168 1350 1216 valeant
1374 1173 1634 1214 terrarum
1667 1161 1840 1212 littora
1887 1157 2134 1227 lymphis,

786 1257 888 1311 Sed
919 1257 1147 1310 tumidos
1174 1257 1413 1322 frangant
1445 1253 1635 1306 [luctus
1668 1251 1940 1304 obstacula
1974 1249 2148 1317 rupis;

787 1351 1044 1402 Arvorum
1073 1348 1249 1411 grliilo
1277 1347 1362 1414 qui
1393 1347 1562 1398 cultus
1593 1344 1736 1397 fonte
1762 1343 1977 1409 rigabis,

787 1437 849 1489 Et
874 1448 1112 1505 Si-gctnzti
1146 1439 1345 1503 gluttias
1376 1435 1628 1487 nimbosis
1651 1432 1908 1485 imbribus
1937 1446 2127 1494 auges,

785 1529 884 1593 Qui
915 1528 1139 1578 laleliras
1169 1527 1344 1576 mundi
1371 1524 1634 1591 geminato
1662 1523 1836 1576 sidere
1879 1521 2067 1582 domis,

785 1617 982 1680 Nempe
1031 1617 1168 1666 diem
1198 1616 1370 1677 'l'itan,
1398 1625 1447 1665 et
1480 1623 1686 1665 noctem
1716 1612 1936 1679 Cynthia
1967 1610 2124 1662 comit
2150 1624 2160 1669 ;

787 1707 1024 1760 i’iscibus
1053 1721 1324 1773 :cquoreus
1355 1706 1439 1772 qui
1467 1718 1684 1769 campos
1714 1702 1990 1770 pinguibus
2017 1714 2174 1752 ornas
2195 1739 2206 1759 ,

789 1801 1158 1867 Squamigeras
1186 1797 1420 1850 formans
1450 1796 1501 1849 in
1531 1796 1717 1862 glauco
1743 1794 1951 1861 gurgite
1984 1802 2204 1851 turmas,

786 1892 1023 1957 Limpida
1053 1891 1369 1955 praepetibus
1403 1889 1476 1939 sic
1504 1888 1738 1952 COZBEplL‘S
1776 1901 1875 1937 tera
1909 1886 2166 1941 catervis.

785 1984 1006 2035 tiarrula
1036 1999 1150 2046 quae
1185 1982 1366 2032 rostris
1409 1990 1714 2031 resonantes
1757 1979 1958 2027 cantica
1993 1976 2203 2042 pipant,

784 2075 955 2140 Atque
978 2083 1269 2123 creatorem
1302 2069 1512 2121 ditersa
1546 2081 1671 2119 Voce
1701 2066 1959 2127 fatentur,

789 2163 857 2215 Da
892 2165 1005 2229 pius
1037 2161 1308 2223 auxilium,
1339 2159 1594 2218 clemens,
1628 2166 1680 2210 ut
1710 2157 1944 2208 carmine
1988 2152 2180 2218 possim

784 2256 980 2322 Inclyta
1024 2260 1324 2304 sanctorum
1357 2245 1613 2298 modulari
1644 2253 1785 2310 gesta
1819 2243 2093 2310 priorum;

786 2346 850 2400 Ut
887 2346 1028 2411 prius
1052 2352 1104 2393 et
1132 2354 1284 2403 prosa
1319 2337 1560 2390 laudabat
1593 2339 1761 2388 littera
1793 2344 1998 2398 Castus,

784 2437 840 2489 Si
871 2435 1027 2488 modo
1060 2433 1325 2485 heroicam
1355 2429 1669 2498 stipulentur
1709 2428 1942 2479 carmina
1975 2424 2204 2479 laudem.

790 2527 855 2579 l.‘t
878 2525 993 2577 fasti
1027 2523 1216 2575 seriem
1248 2521 1461 2573 memini
1497 2518 1695 2571 dixisse
1725 2511 1955 2586 priorem

789 2618 849 2667 lit
877 2616 1073 2668 dudum
1108 2610 1367 2680 prompsit
1397 2620 1514 2662 voto
1543 2609 1840 2677 Spondente
1874 2606 2101 2658 libellus.

785 2707 897 2760 Non
932 2720 1058 2773 rogo
1088 2704 1343 2756 ruricolas
1368 2715 1576 2762 versus,
1610 2708 1662 2752 et
1692 2706 1955 2752 commata
1987 2695 2179 2757 Musas,

783 2800 890 2852 Nec
919 2809 1038 2867 peto
1062 2796 1357 2852 Castalides
1388 2803 1676 2846 metrorum
1709 2789 1912 2844 cantica
1945 2787 2209 2859 nymphas

785 2895 926 2960 Quas
955 2893 1137 2943 dicunt
1167 2889 1415 2941 Helicona
1444 2887 1623 2954 jugum
1651 2899 1864 2938 servare
1897 2898 2209 2952 supernum,

783 2984 887 3037 Nec
931 2995 1118 3050 precor
1153 2988 1208 3032 ut
1235 2977 1466 3031 Phoebus
1509 2978 1740 3044 linguam
1791 2990 2039 3029 sermone
2077 2976 2348 3045 loquacem

789 3075 972 3133 Dedat,
1001 3087 1158 3138 quem
1195 3070 1325 3123 Delo
1353 3068 1552 3136 peperit
1585 3067 1785 3119 Latona
1818 3067 2063 3119 creatrix.

797 3166 1044 3218 Versibus
1075 3160 1300 3214 infandis
1333 3176 1451 3212 nam
1487 3173 1751 3225 nunquam
1783 3156 1960 3211 dicere
1985 3156 2192 3225 dignor,

792 3259 855 3311 ot
885 3255 1149 3324 quondam
1181 3262 1395 3318 argutus
1424 3250 1588 3303 fertur
1615 3251 1810 3303 dixisse
1841 3259 2024 3318 poeta:

782 3345 1034 3400 Scandite
1061 3358 1199 3396 nunc
1225 3341 1476 3394 Helicona
1502 3340 1646 3405 Deae,
1681 3348 1978 3409 cantusque
2009 3349 2240 3406 movete,

789 3436 891 3490 Sed
924 3435 1098 3502 potius
1130 3433 1266 3484 nitar
1300 3430 1544 3496 precibus
1578 3430 1785 3495 pulsare
1816 3430 2135 3494 Tonantem,

782 3530 883 3595 Qui
915 3528 1064 3580 nobis
1097 3524 1288 3592 placidi
1322 3526 1529 3577 confert
1557 3523 1768 3574 oracula
1803 3523 1963 3584 verbi,

790 3620 1017 3671 Verbum
1046 3617 1111 3668 de
1148 3614 1308 3668 verbo
1338 3624 1479 3680 peto,
1509 3613 1606 3664 hoc
1635 3612 1914 3665 l’salmista
1946 3611 2168 3665 canebat
2191 3651 2206 3674 ,

783 3707 954 3760 Cnde
983 3705 1150 3759 l’atris
1178 3705 1436 3771 genitum,
1470 3704 1608 3769 quod
1637 3703 1813 3754 Proles
1843 3702 1993 3754 unica
2018 3709 2241 3765 constat,

788 3804 904 3865 Quo
936 3797 1091 3852 Pater
1121 3797 1457 3863 omnipotens
1490 3809 1583 3864 per
1614 3795 1866 3847 mundum
1910 3803 2099 3848 cuncta
2129 3794 2328 3848 creavit

791 3893 878 3945 Sic
910 3891 1080 3942 Patris
1108 3898 1161 3942 et
1190 3889 1357 3941 Prolis
1382 3889 1624 3957 dignetur
1654 3889 1877 3954 Spiritus
1906 3887 2076 3940 almus

782 3980 1055 4036 Auxilium
1088 3978 1257 4047 fragili
1291 3977 1582 4032 clementer
1611 3979 1807 4031 dedere
1839 3992 2010 4030 servo.

793 4074 885 4127 Est
919 4088 1144 4137 namque
1179 4070 1229 4124 in
1262 4069 1465 4123 Deitate
1499 4083 1718 4122 manens
1746 4070 2040 4122 substantia
2070 4068 2320 4135 simplex,

787 4163 844 4216 In
870 4163 1066 4216 deitate
1096 4169 1275 4214 manet
1305 4175 1511 4228 quoque
1541 4158 1876 4212 subsistentia
1907 4160 2115 4227 triplex,

794 4254 1097 4321 Proprietas
1129 4268 1256 4322 ergo
1285 4251 1532 4304 credatur
1560 4252 1776 4304 nomine
1807 4252 1964 4315 trino,

796 4346 1039 4412 Majcstas
1065 4358 1191 4396 vero
1223 4344 1430 4395 dicatur
1458 4343 1669 4394 nomine
1701 4342 1910 4410 simple.

790 4436 1025 4502 Namque
1052 4432 1181 4485 fides
1213 4432 1354 4498 cogit
1386 4445 1639 4496 personas
1669 4430 1891 4484 credere
1921 4439 2119 4482 ternas.

793 4529 896 4581 Sed
929 4536 1113 4580 natura
1144 4525 1260 4587 Dei,
1288 4525 1404 4577 coeli
1435 4525 1684 4591 prieclara
1716 4523 1971 4585 ereatrix,

792 4618 982 4671 Omnia
1017 4615 1286 4684 regnat)th
1313 4613 1584 4679 dispensat
1617 4614 1808 4665 sarcula
1844 4613 2088 4680 simplex.

869 4709 941 4760 En
974 4708 1230 4775 promissa
1267 4718 1402 4756 novo
1431 4705 1732 4757 scribantur
1758 4703 1991 4756 carmina
2024 4718 2180 4758 versu

799 4800 1022 4851 Garrula
1055 4798 1315 4865 virgineas
1347 4797 1622 4862 cli-premat
1656 4796 1840 4863 pagina
1871 4796 2074 4860 laudes,

794 4892 1024 4954 Colaque
1057 4904 1174 4941 cum
1208 4887 1431 4953 pedibus
1467 4896 1685 4954 pergant
1715 4900 1766 4941 et
1798 4896 2058 4940 commata
2102 4889 2283 4954 ternis,

797 4981 1046 5048 Dactylus
1076 4989 1296 5044 excepto
1323 4979 1570 5030 decurrat
1604 4980 1704 5030 liae
1736 4988 2025 5030 metrorum

796 5069 1041 5138 Spondtei
1072 5069 1307 5137 quintam
1339 5076 1650 5120 contemnat
1680 5067 1881 5136 syllaba
1910 5078 2138 5134 partem:

799 5161 991 5213 Ultima
1022 5161 1094 5212 sic
1127 5158 1326 5212 trochei
1357 5158 1641 5212 concludat
1672 5158 1846 5210 littera
1875 5172 2111 5214 versum.

795 5253 1076 5306 l-lxtienius
1107 5252 1304 5319 jugiter
1335 5250 1416 5316 qui
1448 5252 1639 5320 gaudet
1667 5252 1813 5302 calce
1845 5252 2035 5303 teneri.

795 5344 884 5397 Sic
917 5344 1080 5395 ternis
1115 5343 1334 5409 pedibus
1367 5353 1657 5408 properent
1687 5345 2066 5408 epigrammata
2098 5345 2284 5404 metri,

795 5435 902 5486 l\'cc
933 5433 1023 5486 tibi
1057 5433 1272 5485 difficile
1303 5446 1518 5499 prorsus
1546 5432 1833 5500 quidquam
1865 5432 2097 5485 arbitror
2127 5447 2266 5498 esse,

799 5520 898 5583 Qui
930 5519 1131 5572 crebris
1163 5519 1362 5570 vicibus
1398 5527 1595 5571 naturae
1622 5518 1737 5584 jura
1767 5520 1998 5580 relaxas,

801 5611 928 5661 Nam
962 5609 1112 5660 nobis
1140 5607 1362 5660 rudibus
1390 5619 1621 5662 veterum
1657 5621 1996 5665 monumenta
2031 5611 2281 5667 librorum

801 5698 1027 5750 \"ocil-us
1060 5696 1304 5750 humanis
1334 5696 1533 5751 fantem
1569 5708 1828 5754 testantur
1857 5702 2096 5764 asellam,

802 5788 1017 5843 Carrula
1045 5805 1159 5858 quae
1192 5789 1392 5857 pridem
1425 5789 1676 5844 bombosa
1721 5793 1868 5845 fauce
1896 5793 2141 5857 radebat,

2384 543 2424 591 ,χ
2463 533 2810 584 Ιὶξνιιειῑιινυε
2842 533 3088 598 populum
3123 546 3240 584 cum
3267 543 3486 598 pergere
3517 540 3661 581 vates

2456 621 2644 679 Vellet.
2676 633 2724 675 et
2758 624 3018 675 insontem
3053 623 3328 675 verbormn
3373 631 3613 674 sternere
3647 619 3793 672 telis.

2453 711 2572 764 Plus
2604 714 2759 779 igitur
2788 714 3030 766 C0nf8:t‘0
3056 713 3184 766 milii
3219 722 3266 765 te
3298 727 3454 779 posse
3479 711 3712 764 fatebor:

2448 804 2580 866 Quin
2615 819 2698 856 me
2734 813 2996 857 terrenam
3028 804 3263 871 dignaris
3293 805 3525 858 condere
3554 804 3810 862 formant,

2450 895 2515 947 Et
2543 898 2750 949 brutum
2787 897 3014 964 inspiras
3043 898 3182 950 vitali
3207 897 3420 950 flamine
3445 908 3656 964 pectus:

2447 990 2543 1054 Qui
2577 990 2736 1043 corda
2779 989 3004 1058 ingeniis
3033 1003 3215 1053 ornas,
3259 999 3312 1042 et
3342 989 3490 1043 labra
3518 987 3760 1056 loquelis,

2448 1077 2810 1146 Nequidquam
2846 1088 2901 1131 nt
2930 1080 3103 1133 nullus
3129 1092 3433 1132 sermonum
3466 1080 3660 1146 plectra
3691 1079 3869 1130 resniv
3895 1087 3957 1138 is,

2447 1169 2552 1224 Sed
2577 1170 2766 1224 fidibus
2797 1172 3015 1224 cithara:
3046 1170 3349 1225 moduletur
3376 1168 3609 1223 carmina
3634 1169 3890 1220 Christo:

2450 1264 2504 1318 Si
2534 1279 2660 1317 vero
2690 1264 2970 1330 quisquam
2999 1264 3312 1316 chordarum
3347 1260 3548 1328 respuit
3576 1259 3722 1319 odas,

2450 1353 2514 1404 Et
2565 1354 2763 1419 potiora
2796 1354 2959 1419 cupit,
2993 1367 3148 1419 quam
3183 1353 3354 1419 pulset
3384 1354 3588 1419 pectine
3618 1349 3882 1402 chordas.

2449 1445 2577 1506 Quis
2607 1444 2886 1496 Psalniista
2922 1443 3034 1510 pius
3061 1443 3319 1510 psallebat
3347 1442 3586 1495 cantibus
3614 1442 3766 1495 olim.

2452 1539 2523 1588 Ac
2560 1546 2792 1587 mentent
2821 1549 3011 1602 magno
3039 1537 3196 1603 gestit
3222 1533 3580 1588 modulamine
3611 1533 3782 1600 pasci.

2454 1626 2516 1679 Et
2549 1635 2708 1680 cantu
2734 1627 2914 1693 gracili
2948 1625 3138 1692 refugit
3167 1633 3448 1679 contentus
3474 1625 3682 1685 adesse,

2452 1719 2676 1770 Maxima
2704 1719 2930 1772 millenis
2961 1718 3267 1770 auscultans
3298 1730 3498 1784 organa
3528 1717 3732 1779 ﬂabris,

2453 1807 2675 1860 Mulceat
2705 1807 2940 1860 auditum
2972 1806 3206 1860 ventosis
3230 1805 3442 1859 follibus
3474 1808 3592 1872 iste,

2383 1879 2428 1936 Β
2456 1897 2752 1961 Quamlibet
2791 1897 2988 1949 auratis
3022 1895 3318 1964 fulgescant
3345 1905 3534 1948 czetera
3576 1896 3786 1962 συρεὶς.-

2453 1997 2478 2048 ι,
2502 1991 2581 2043 uis
2613 1991 2806 2057 poterit
2834 1988 2990 2056 digne
3021 2002 3199 2041 rerum
3231 1987 3478 2054 mysteria
3511 2000 3684 2046 nosse,

2455 2082 2558 2133 Ant
2585 2081 2827 2134 abstrusa
2855 2079 2945 2132 Dei
2973 2094 3139 2147 gnaro
3165 2092 3486 2147 cognoscere
3511 2093 3667 2131 sensu
3694 2078 3714 2127 τ’

2453 2169 2704 2222 'l'orridus
2731 2167 2914 2222 altaris
2944 2169 2992 2220 ni
3035 2179 3277 2235 sumptus
3321 2167 3520 2235 forcipe
3551 2168 3732 2228 c-irho,

2452 2257 2692 2310 Calculus
2720 2265 2810 2308 aut
2843 2254 3036 2308 ardens
3068 2255 3319 2309 emumlet
3351 2269 3538 2323 Sputca
3573 2255 3790 2320 labella,

2451 2349 2565 2412 Quo
2595 2346 2851 2402 cherubin
2901 2348 3166 2415 quondam
3211 2349 3457 2415 purgavit
3487 2348 3626 2400 labra
3657 2347 3971 2414 pI'Opllt‘lJ‘.

2454 2437 2521 2492 Ut
2545 2439 2740 2492 merito
2764 2437 3019 2505 deinceps
3045 2436 3251 2491 etrlesti
3283 2436 3478 2491 famine
3506 2436 3734 2506 ﬂagrans

2464 2526 2719 2596 Egregius
2747 2526 2932 2579 doctor
2963 2526 3112 2578 verbi
3145 2525 3416 2578 clau5tella
3445 2527 3704 2587 resolvat,

2455 2614 2518 2668 Et
2546 2628 2712 2667 noxas
2743 2613 2922 2681 pepuli
2948 2612 3237 2679 Scriptura:
3270 2613 3498 2667 torribus
3531 2624 3666 2675 urat,

2452 2704 2724 2768 Quatenus
2749 2704 2811 2756 ad
2837 2702 3104 2756 Christum
3135 2712 3411 2756 convertat
3439 2703 3683 2769 dogmate
3714 2703 3929 2769 plures,

2454 2792 2729 2847 Huricolas
2759 2801 2969 2846 mutans
2995 2793 3058 2846 ad
3086 2793 3204 2846 οωιί
3237 2808 3395 2862 regna
3423 2792 3741 2862 phalanges.

2528 2881 2754 2936 Humani
2787 2883 2996 2951 generis
3028 2883 3212 2950 triplex
3242 2883 3490 2935 distantia
3522 2883 3705 2943 fertur,

2454 2973 2581 3038 Quae
2613 2972 2770 3027 modo
2809 2987 2900 3039 per
2933 2973 3185 3026 mundum
3221 2975 3489 3040 triquadro
3517 2973 3737 3026 cardine
3767 2973 3942 3042 degit,

2456 3061 2520 3114 Et
2550 3061 2726 3113 studet
2758 3061 2809 3112 in
2845 3060 2998 3112 terris
3027 3060 3248 3112 mercari
3279 3074 3437 3129 regna
3469 3063 3721 3113 tOnanti-u

2527 3152 2767 3218 Denique
2794 3151 3079 3205 nonnullos
3105 3151 3326 3205 sortitur
3357 3151 3462 3204 vita
3488 3151 3702 3220 jugalis,

2380 3215 2428 3279 ο
2459 3243 2560 3310 Qui
2591 3254 2735 3298 recte
2762 3242 2947 3296 vivunt
2975 3257 3229 3298 concessa
3260 3242 3376 3312 lege
3396 3243 3656 3297 Tororum

2453 3333 2520 3387 Et
2549 3342 2814 3402 praecepta
2840 3334 2932 3388 Dei
2964 3342 3073 3388 toto
3095 3337 3376 3387 conamine
3407 3333 3596 3386 utentis

2456 3420 2791 3476 Conservare
2822 3421 3036 3476 student
3069 3421 3281 3474 thalatni
3310 3420 3410 3474 sub
3435 3420 3551 3488 jure
3582 3433 3893 3476 manentes.

2531 3514 2658 3567 Post
2688 3516 2796 3566 hinc
2821 3525 3086 3567 castorum
3115 3513 3307 3580 gradus
3334 3513 3485 3576 alter,
3520 3520 3571 3566 et
3601 3513 3738 3566 ordo
3765 3521 4033 3566 secimuezs

2456 3605 2810 3671 Subsequitur
2843 3621 2854 3655 :
2887 3607 3055 3672 nupti,
3089 3603 3175 3672 qui
3201 3601 3308 3671 jam
3340 3601 3602 3655 connubia
3632 3617 3926 3670 spernunt,

2455 3697 2530 3746 Ac
2562 3691 2759 3745 indulta
2792 3691 2890 3744 sibi
2923 3689 3170 3744 scindunt
3207 3691 3500 3745 retinacula
3531 3690 3705 3755 luxus,

2458 3784 2653 3837 Luriila
2685 3783 2983 3850 linquentes
3014 3796 3218 3850 spurca:
3250 3783 3518 3834 consortia
3544 3783 3742 3846 carnis,

2462 3873 2528 3928 lit
2557 3872 2720 3925 castis
2749 3871 3017 3940 prepiintn
3049 3880 3364 3926 conservent
3391 3870 3623 3925 moribus
3652 3885 3855 3931 arvum,

2460 3967 2593 4018 Dum
2621 3980 2857 4018 connexa
2891 3965 3034 4033 prius
3067 3964 3414 4017 thalamorum
3446 3963 3653 4016 vincula
3681 3974 3964 4030 rumpunt.

2527 4056 2700 4109 Tertia
2734 4055 2986 4124 virgineis
3015 4053 3254 4123 fulgeseit
3273 4055 3373 4106 vita
3399 4055 3646 4114 lucernis,

2459 4148 2553 4215 Cuj
2581 4163 2620 4201 is
2649 4148 2902 4216 pracellit
2935 4149 3179 4216 praafatos
3213 4145 3372 4200 infula
3402 4149 3549 4200 ritus.

2463 4240 2712 4293 Mundani
2747 4239 2902 4294 luxus
2929 4239 3142 4294 calcans
3169 4238 3389 4292 ludibr;a
3423 4239 3544 4291 falsa

2463 4331 2754 4400 Virginitas
2783 4346 2992 4385 summo
3021 4333 3275 4386 virtutum
3309 4333 3508 4385 vertice
3536 4332 3707 4395 ﬂoret,

2464 4424 2596 4476 Dum
2629 4437 2780 4476 soror
2811 4424 3058 4491 angelica!
3090 4432 3294 4477 constet
3321 4425 3609 4477 castissima
3638 4425 3792 4475 vitm:

2394 4551 2442 4611 υ
2468 4513 2520 4565 In
2547 4527 2646 4580 qua
2678 4526 2783 4566 non
2812 4525 2996 4581 regnat
3025 4513 3178 4565 fallax
3211 4513 3498 4580 petulantia
3527 4512 3704 4578 saecli,

2467 4605 2567 4659 Sed
2593 4605 2764 4673 potius
2790 4615 2954 4658 certat
2978 4618 3187 4658 carnem
3219 4604 3427 4658 frenare
3455 4603 3702 4658 rebellem

2461 4694 2707 4762 Spiritus,
2733 4706 2788 4748 ut
2814 4705 2981 4749 terras
3010 4695 3173 4763 possit
3195 4707 3532 4762 compescere
3556 4707 3742 4754 noxas,

2463 4785 2529 4836 Et
2558 4785 2762 4836 facinus
2791 4784 3055 4838 scelerum
3089 4797 3345 4850 superans
3370 4782 3610 4850 explodat
3639 4783 3743 4834 inm
3762 4800 3869 4845 me,

2462 4875 2590 4938 Quae
2616 4875 2922 4942 plerumque
2944 4874 3116 4927 solent
3144 4873 3365 4926 ferratas
3393 4873 3603 4926 vincere
3634 4882 3864 4932 mentes.

2462 4966 2765 5031 Quamlibet
2793 4965 3020 5018 existant
3051 4963 3306 5032 praedura:
3333 4966 3466 5018 cotis
3495 4963 3755 5016 adinstar.

2467 5060 2563 5114 His
2592 5060 2753 5128 igitur
2775 5058 3033 5128 gradibus
3063 5056 3244 5124 pandit
3271 5068 3514 5125 regnator
3540 5056 3748 5125 Olympi

2466 5152 2615 5203 Aula:
2643 5149 2880 5204 cmlestis
2910 5150 3088 5201 valvas
3134 5156 3185 5200 et
3219 5147 3399 5200 limina
3429 5146 3568 5207 vitre.

2463 5242 2606 5306 Quos
2637 5255 2858 5294 numero
2888 5253 3046 5308 supra
3075 5249 3255 5292 ternos
3281 5237 3389 5306 jam
3418 5237 3644 5290 diximus
3668 5247 3814 5291 ante.

2465 5332 2558 5385 His
2583 5345 2791 5400 quoque
2816 5327 3042 5383 fecundo
3067 5329 3284 5396 largitur
3312 5327 3514 5381 semine
3544 5325 3742 5395 fruges,

2463 5425 2604 5490 Quas
2631 5424 2711 5492 pia
2739 5423 2982 5492 perpetui
3015 5420 3258 5490 praedixit
3285 5419 3454 5488 gloria
3483 5419 3650 5487 regni,

2463 5515 2702 5569 Gliscere
2733 5511 2917 5566 sulcati
2949 5527 3040 5579 per
3068 5509 3305 5578 squalida
3329 5509 3514 5578 jugera
3553 5507 3713 5568 ruris,

2462 5605 2671 5661 Sanctis
2702 5613 2956 5659 centenos
2982 5602 3288 5656 meritorum
3311 5600 3432 5670 jure
3463 5597 3747 5663 maniplos,

2467 5695 2770 5765 Virginibus
2796 5692 2991 5762 jugiter
3013 5691 3233 5747 fecunda
3261 5697 3405 5744 sorte
3431 5687 3737 5758 spopondit.

2463 5789 2560 5853 Qui
2590 5787 2747 5841 falsas
2777 5785 2955 5838 mundi
2987 5787 3331 5838 contemnunt
3364 5791 3576 5846 pectore
3603 5793 3844 5846 [\OIttpLIS,

3937 416 3966 465 .2

3973 431 3989 465 4
