4172 6602
224 558 317 610 ΞΗ
1421 560 1505 614 Dii
1548 554 1871 612 LAUDIBUE

1828 554 1887 608 JS
1929 556 2278 613 VlllGlNUlll.
3369 564 3475 616 ⁸242

227 670 408 724 l-‘etida
439 673 704 726 calcantes
730 685 936 741 spurca:
964 674 1205 742 contagia
1237 673 1431 726 carnis.

224 770 291 816 At
325 779 449 818 vero
479 765 653 818 decies
684 780 838 819 senas
864 766 930 819 de
959 767 1163 834 cespite
1193 766 1332 819 ruris

226 856 424 926 Fruges
452 859 781 927 deprompsit
809 860 1070 915 calorum
1099 861 1264 929 gloria
1295 858 1557 919 Christus,

222 949 364 1014 QttOs
392 954 604 1017 preprie
633 953 766 1005 casti
799 956 1023 1020 carpunt
1050 953 1116 1006 de
1142 967 1265 1005 rure
1294 945 1573 1018 maniplos,

222 1040 321 1101 Qui
353 1044 511 1094 modo
538 1043 875 1111 disrumpunt
900 1044 1163 1098 connubia
1198 1059 1328 1097 nexa
1359 1055 1617 1101 tororum,

226 1131 284 1182 lit
315 1130 534 1185 demunt
564 1136 803 1202 preprias
829 1136 1017 1188 devota
1052 1146 1229 1189 mente
1256 1136 1511 1195 latebras,

221 1224 497 1277 Mundame
531 1224 672 1278 licita
708 1238 1023 1294 spernentes
1051 1228 1237 1296 gaudia
1270 1240 1499 1294 potiipm.

222 1314 310 1368 Sic
337 1318 550 1370 dcnmm
584 1317 763 1372 decies
790 1329 994 1373 metens
1023 1335 1085 1372 ex
1119 1335 1329 1387 aequore
1357 1319 1567 1386 garbae,

220 1406 424 1460 Ternas
452 1409 690 1475 accipiet,
727 1412 815 1478 qui
843 1410 1011 1463 vitula
1043 1411 1239 1478 jugalia
1272 1410 1457 1471 nectit,

218 1498 327 1551 Nec
361 1502 571 1566 penitus
599 1501 767 1553 calcat
799 1503 954 1555 licita:
983 1503 1298 1556 commercia
1333 1503 1478 1567 vitae,

218 1588 322 1640 Sed
358 1589 521 1657 magis
555 1591 604 1642 in
638 1590 834 1645 mundo
863 1592 1101 1645 sobolem
1127 1606 1384 1660 generare
1413 1602 1689 1660 nepetam,

220 1677 640 1749 I‘rogeniemque
666 1682 837 1735 libens
867 1693 1081 1750 evoptat
1110 1685 1327 1753 gignere
1359 1684 1562 1751 stirpis.

221 1768 556 1837 Quapropter
580 1776 752 1825 cuncti
785 1790 917 1841 quos
946 1774 1180 1827 ﬂammat
1202 1790 1329 1827 cura
1361 1775 1578 1841 pudoris

222 1860 289 1912 Et
318 1877 541 1928 quorum
580 1864 899 1929 integritatis
930 1880 1077 1918 amor
1109 1868 1399 1935 pnecordia
1433 1869 1637 1935 pungit,

215 1953 449 2020 Spiritus
482 1970 542 2007 ac
572 1966 733 2009 casta)
762 1959 1086 2025 t-onjungant
1120 1958 1319 2014 foedera
1353 1960 1555 2024 carnis,

222 2044 359 2095 Dum
390 2046 567 2097 divina
598 2048 756 2099 ducet
779 2048 993 2115 duplam
1028 2052 1289 2102 sententia
1320 2051 1501 2103 vitam.

217 2131 506 2200 Corporeis
543 2150 660 2187 nam
695 2136 867 2188 anima
905 2137 1184 2205 prtl’lt‘rltll‘
1214 2140 1450 2205 gestibus
1474 2140 1633 2193 alma.

223 2225 653 2295 ldeircojugitcr
686 2230 875 2280 mentis
911 2228 1216 2283 monarchia
1245 2239 1448 2297 regnet,

220 2317 294 2370 Ut
322 2333 423 2369 non
462 2319 715 2371 insultent
747 2323 977 2372 animant
1014 2323 1385 2389 phantasmata
1419 2325 1615 2383 carnis,

218 2407 333 2461 Nec
364 2410 536 2461 vincat
566 2410 834 2463 dominam
867 2413 1062 2466 stolido
1092 2416 1376 2468 vernacula
1409 2430 1583 2483 geStu,

214 2501 325 2551 Aut
366 2514 592 2566 unquam
623 2513 808 2568 regnet
835 2511 1145 2570 contemptu
1176 2519 1329 2557 serva
1359 2505 1609 2572 superbo.

215 2588 375 2641 Nunc
409 2590 566 2655 igitur
598 2604 748 2643 raros
779 2589 1068 2659 decerpant
1100 2593 1336 2645 carmina
1370 2592 1551 2658 ﬂores,

222 2680 267 2732 Ε
304 2682 425 2747 quis
451 2680 715 2749 virgineas
746 2682 952 2735 valeant
986 2683 1244 2738 fabricare
1273 2698 1536 2747 coronas;

216 2772 359 2837 Quid
388 2773 503 2839 plus
536 2773 810 2826 caelicolas
836 2774 984 2841 juvat
1013 2774 1063 2826 in
1092 2777 1385 2830 certamine
1417 2787 1601 2830 n05tro

219 2865 393 2928 Quam
426 2862 744 2931 integritatis
774 2877 925 2916 amor
957 2877 1186 2932 regnans
1226 2865 1278 2918 in
1312 2874 1532 2935 pectore
1565 2866 1733 2935 puro?

218 2953 462 3020 Namque
492 2951 755 3023 pudicitia:
783 2967 1007 3020 superos
1032 2956 1298 3023 przeconia
1329 2965 1553 3024 pascunt
1589 2979 1596 3011 :

219 3045 321 3097 Cui
354 3046 469 3098 litet
502 3045 552 3098 in
583 3047 738 3099 terris
765 3047 949 3113 Stirpis
978 3048 1323 3114 generamina
1352 3057 1590 3116 surgant,

219 3138 472 3189 Attamen
506 3137 556 3189 in
587 3136 738 3190 caelis
766 3137 1019 3190 virtutum
1051 3139 1284 3191 culmina
1316 3138 1541 3191 scandit.

221 3227 514 3293 V’irgiiiitas
539 3236 737 3280 castam
766 3241 986 3282 servans
1016 3228 1129 3282 sine
1159 3230 1384 3283 crimine
1413 3244 1655 3293 carnem,

222 3318 428 3372 Caitera
457 3319 705 3372 virtutum
731 3321 891 3374 vincit
918 3320 1181 3387 praeconia
1209 3320 1384 3382 laude,

220 3411 462 3477 Spiritus
492 3409 763 3463 altithrooi
794 3410 1049 3478 templum
1082 3411 1183 3464 sibi
1213 3412 1449 3464 vindicat
1475 3412 1663 3465 almus.

217 3499 427 3557 Taliter
459 3502 711 3556 immunis
737 3502 925 3571 ﬂagrat
954 3502 997 3555 si
1030 3502 1190 3556 corde
1214 3501 1479 3568 voluntas,

221 3596 457 3650 Sanctus
486 3596 795 3664 apostolicae
822 3595 1013 3649 cecinit
1036 3594 1161 3648 dum
1196 3608 1376 3648 sermo
1409 3594 1635 3661 loquela:
1663 3616 1669 3644 :

223 3685 455 3739 Nescitis
479 3685 617 3751 quod
654 3687 846 3753 templa
868 3688 958 3741 Dei
989 3686 1097 3739 sint
1124 3685 1211 3738 ilia
1238 3694 1435 3739 vestra.

226 3778 459 3844 Spiritus
492 3778 542 3829 in
578 3778 726 3829 vobis
758 3778 953 3828 habitat
977 3776 1082 3843 ja-n
1114 3776 1233 3842 jure
1263 3776 1517 3841 tonantis,

222 3872 359 3933 Qua:
384 3878 645 3921 temerare
674 3867 821 3921 nefas
847 3874 946 3931 est,
974 3875 1025 3919 et
1054 3866 1320 3920 maculare
1348 3867 1591 3934 piaclum.

226 3961 521 4028 Virginitas
545 3960 707 4029 fulget
739 3962 942 4023 lucens,
974 3968 1031 4012 ut
1055 3975 1261 4027 gemma
1289 3976 1522 4024 coronze,

226 4052 361 4117 Qua:
392 4058 551 4119 caput
579 4052 763 4103 aeterni
798 4051 1072 4119 praecingit
1103 4059 1385 4105 stemmate
1418 4052 1587 4119 regis;

226 4144 358 4195 llwc
388 4144 559 4194 calcat
588 4140 811 4209 pedibus
843 4155 1051 4209 spurcae
1080 4143 1348 4195 consortia
1382 4143 1527 4204 vitm,

223 4232 491 4289 Funditus
523 4234 824 4298 exstirpans
858 4232 1142 4299 pctulantis
1174 4234 1366 4301 gaudia
1398 4236 1595 4288 carnis.

225 4328 363 4382 Auri
392 4325 662 4379 materiam
690 4324 835 4391 fulvi,
865 4325 1225 4395 obryzumque
1251 4324 1521 4379 metallum

229 4422 313 4475 Ex
341 4420 533 4486 quibus
564 4428 782 4472 ornatur
812 4420 1087 4485 praesentis
1120 4418 1362 4472 machina
1393 4420 1593 4482 mundi,

227 4513 425 4565 Clai‘ea
449 4510 512 4563 de
535 4512 736 4579 gremio
761 4511 1009 4578 producit
1031 4509 1243 4563 sordida
1273 4519 1454 4563 teme.

225 4603 320 4656 Sac
352 4608 493 4654 easta
530 4600 809 4670 integritas
838 4601 951 4652 auri
989 4600 1228 4655 ﬂaventis
1258 4601 1432 4670 imago

227 4694 476 4762 Uignitur
507 4706 536 4746 e
564 4706 752 4761 spurca
788 4692 981 4746 terreni
1010 4706 1169 4747 carne
1197 4696 1453 4760 parentis.

226 4792 302 4847 Ut
332 4805 454 4845 rosa
486 4789 711 4857 puniceo
744 4788 997 4842 tincturas
1034 4789 1235 4842 murice
1264 4800 1485 4843 cunctas

228 4883 638 4946 (ZoccineOSque
667 4879 819 4931 simul
854 4879 1109 4945 praecellit
1140 4878 1299 4933 rubra
1331 4880 1561 4934 colores.

230 4970 436 5026 Pallida
465 4982 759 5039 purpureas
787 4978 842 5020 ut
865 4968 1028 5037 gignit
1054 4968 1235 5037 glarea
1265 4984 1528 5037 gemmas,

230 5062 612 5119 Pulverulenta
641 5062 770 5128 tegit
794 5076 926 5127 quas
954 5061 1131 5129 spurci
1167 5061 1373 5129 glebnla
1405 5064 1563 5116 ruris.

232 5157 306 5211 Ut
340 5155 437 5208 ﬂos
470 5153 762 5208 ﬂavescens
792 5152 1000 5205 scandit
1020 5151 1086 5206 de
1116 5153 1316 5207 cortice
1344 5156 1495 5207 corni

228 5246 503 5311 Tempore
531 5244 756 5308 vernali,
784 5244 907 5295 dttm
940 5243 1136 5310 promit
1158 5245 1393 5312 germina
1428 5245 1598 5300 tellus.

232 5336 489 5407 Dactylus
518 5344 574 5389 ut
595 5334 764 5389 dulcis
795 5333 1064 5389 frondenti
1090 5336 1288 5390 vertice
1314 5338 1505 5405 palma:

228 5429 492 5483 'fruditur
510 5435 565 5481 et
596 5428 739 5480 sicco
774 5426 1043 5492 prmstabit
1075 5427 1258 5494 stipite
1299 5428 1498 5497 prolem

234 5520 379 5575 Uuio
406 5520 472 5574 de
502 5519 705 5573 concha
732 5528 787 5571 ut
819 5518 965 5587 ponti
990 5520 1242 5574 sordente
1273 5521 1538 5575 nitescens

231 5612 510 5677 Nascitur,
538 5620 591 5665 et
621 5609 836 5678 proprio
867 5622 1088 5666 matrem
1135 5613 1392 5681 praecellit
1418 5613 1640 5673 heaore.

232 5702 524 5771 Squalidus
567 5710 624 5754 ut
651 5700 800 5755 sablo
826 5703 991 5771 spreti
1022 5703 1122 5757 sub
1150 5704 1354 5772 cespite
1381 5706 1537 5769 ruris,

234 5798 465 5850 llractea
497 5793 742 5845 ﬂaventis
766 5792 1031 5859 depromit
1060 5796 1143 5847 lila
1176 5796 1400 5851 metalli.

234 5884 305 5939 Ut
334 5885 458 5937 bino
486 5897 613 5938 sena
644 5883 887 5937 claudam
918 5883 1280 5954 paradigmata
1310 5903 1490 5950 versu,

232 5982 326 6035 Sic
362 5989 507 6031 sacra
546 5974 817 6043 virginitas
847 5977 1101 6032 caelorum
1130 5987 1274 6046 grata
1301 5980 1501 6035 colonis

1826 669 1871 724 Α
1903 665 2133 735 Corpore
2156 670 2223 725 de
2244 684 2438 737 Spurco
2466 674 2627 725 Sumit
2660 673 2946 739 primordia
2978 674 3117 726 vittc.

1908 760 2061 811 \inca
2107 760 2373 829 frugiferis
2402 771 2457 815 ut
2483 774 2688 817 constat
2720 766 2885 834 gloria
2918 768 3149 832 campis.

1904 852 2189 917 l’ampinus
2216 856 2502 908 immensos
2529 857 2653 909 dtttn
2684 858 2848 925 gignit
2876 859 3095 926 palmite
3126 856 3327 914 botros,

1907 943 2109 996 Vinitor
2142 952 2197 997 et
2224 946 2414 1010 spoliat
2440 947 2749 1001 frondentes
2792 950 3012 1003 falcibus
3044 958 3227 1007 antes;

1902 1034 2085 1087 Sidi-ra
2110 1036 2366 1103 praeclaro
2394 1037 2585 1091 cedunt
2612 1049 2666 1091 ut
2691 1040 2889 1093 lumine
2919 1040 3066 1105 solis,

1904 1122 2115 1177 Lustrat
2150 1126 2274 1180 dum
2314 1136 2483 1179 terras
2512 1129 2731 1195 obliquo
2766 1127 2981 1182 tramite
3010 1128 3188 1189 Titan,

1901 1214 2099 1267 (Iuncta
2131 1229 2483 1283 supernorum
2517 1218 2840 1272 convincens
2867 1228 3009 1271 astra
3044 1220 3285 1286 polorum
3317 1234 3328 1278 ;

1902 1306 1990 1360 Sic
2017 1322 2225 1375 quoque
2249 1310 2525 1377 virginitas
2554 1325 2671 1377 qua:
2716 1319 2929 1363 sanctos
2959 1311 3155 1381 inclyta
3186 1310 3343 1362 comit

1902 1401 2090 1454 Omnia
2122 1409 2426 1454 sanctorum
2463 1401 2793 1455 transcendit
2817 1405 3029 1470 praemia
3057 1402 3300 1470 supplex.

1908 1494 2179 1561 ltttegritas
2204 1509 2418 1562 quoque
2452 1495 2707 1547 virtutum
2742 1495 2922 1562 regina
2953 1506 3191 1556 vocatur,

1904 1585 2147 1654 Juttgitur
2169 1587 2423 1653 angelicis
2448 1601 2564 1639 cum
2592 1596 2735 1639 casta
2765 1597 2956 1653 sponte
2986 1585 3266 1653 man'plis:

1908 1676 2047 1737 llaec,
2087 1678 2322 1742 inquam,
2356 1680 2525 1730 virtus
2566 1677 2768 1731 cuslesti
2800 1692 3020 1730 munere
3053 1676 3278 1742 pollens,

1910 1769 2081 1820 Aurea
2124 1766 2470 1835 ﬂammigeris
2503 1776 2717 1833 prtcstat
2743 1768 3030 1835 crepundia
3064 1766 3306 1835 geminis.

1908 1856 2192 1923 Virginitas
2219 1857 2382 1925 fulget
2413 1858 2571 1911 veluti
2599 1858 2756 1910 rubra
2782 1873 3009 1925 purpura
3038 1874 3245 1927 regunt,

1906 1950 2353 2016 Qua'regnatores
2395 1948 2685 2019 funguntur
2711 1950 2833 2018 jure
2866 1951 3058 2019 togati;

1831 2016 1877 2077 Β
1915 2043 2187 2109 Integritas
2217 2042 2406 2093 anima:
2432 2056 2659 2109 regnans
2692 2044 2741 2094 in
2772 2056 2997 2109 corpore
3026 2050 3174 2094 casto

1913 2131 2034 2182 l’los
2057 2139 2140 2182 est
2170 2129 2461 2197 virgineus,
2487 2130 2576 2199 qui
2606 2133 2774 2183 nescit
2802 2132 2992 2182 damna
3020 2143 3270 2191 senectae,

1909 2219 2016 2273 Nec
2040 2219 2181 2272 cadit
2212 2218 2265 2272 in
2297 2228 2491 2272 terram
2525 2233 2621 2273 ceu
2653 2218 2838 2273 fronde
2885 2220 3102 2285 ligustra
3132 2217 3403 2273 fatiscwu.

1908 2310 2123 2363 (Icrnite
2148 2309 2390 2362 fecundis
2423 2319 2477 2362 ut
2512 2320 2734 2363 vernent
2771 2310 2874 2366 lilia
2910 2310 3097 2375 sulcis,

1912 2408 1979 2461 Et
2006 2423 2125 2460 rosa
2158 2408 2446 2475 sanguineo
2477 2421 2570 2474 per
2602 2406 2794 2469 dumos
2825 2407 2956 2458 ﬂore
2987 2406 3253 2459 rubescat.

1911 2498 1987 2552 Ex
2013 2498 2201 2565 quibus
2232 2505 2453 2549 ornatus
2482 2496 2567 2565 qui
2596 2495 2758 2548 vincit
2785 2495 2919 2549 forte
2951 2495 3234 2563 palaestris,

1911 2591 2116 2655 Accipit
2141 2589 2191 2642 in
2222 2588 2385 2650 circo,
2412 2588 2579 2641 victor
2610 2589 2918 2651 certamine,
2952 2597 3119 2642 serta.

1910 2681 2061 2736 llaud
2091 2696 2246 2735 secus
2275 2682 2572 2749 integritas,
2602 2680 2807 2735 devicta
2837 2696 2997 2733 carne
3028 2680 3233 2747 rebelli,

1912 2774 2089 2843 Atque
2119 2773 2470 2826 nefandorum
2500 2774 2776 2840 prostratis
2800 2783 2977 2841 strage
3000 2773 3248 2833 catervis,

1916 2867 2169 2919 l’ulchras
2198 2866 2452 2935 gustabit,
2475 2865 2691 2918 Christo
2720 2876 2996 2934 regnante,
3020 2880 3266 2920 coronas.

1984 2956 2231 3025 Quamvis
2265 2959 2543 3027 integritas
2572 2966 2791 3012 ornetur
2829 2957 2983 3011 laude
3010 2968 3304 3012 metrorum
3328 2998 3343 3022 ,

1913 3054 2086 3120 Atque
2118 3052 2429 3119 pudicarum
2459 3050 2766 3105 crebrescat
2796 3050 2903 3104 vita
2932 3066 3024 3117 per
3051 3066 3256 3115 asvum;

1910 3141 2025 3196 Non
2058 3152 2234 3196 tamen
2277 3150 2479 3195 :cterno
2506 3139 2821 3195 fraudantur
2852 3157 3070 3197 munere
3096 3142 3319 3209 Christi,

1909 3234 2011 3301 Qui
2032 3247 2288 3287 concessa
2321 3233 2504 3287 colunt
2530 3234 2686 3287 licitae
2711 3235 2972 3288 connubia
3004 3236 3143 3288 vitm.

1832 3360 1874 3425 c
1916 3327 2028 3380 Non
2058 3342 2183 3395 ergo
2206 3328 2408 3394 argenti
2432 3327 2722 3394 squalescit
2753 3336 2931 3392 Spreta
2964 3327 3163 3391 libella,

1917 3417 2085 3473 Uncia
2113 3418 2192 3471 bis
2215 3418 2361 3473 senis
2384 3433 2540 3486 quam
2567 3427 2755 3484 pensat
2784 3418 3025 3471 lancibus
3054 3434 3237 3487 mqua,

1914 3508 2171 3574 Quamvis
2193 3508 2394 3562 auratis
2427 3508 2695 3576 praecellat
2729 3506 2892 3561 ﬂbula
2924 3508 3101 3571 bullis,

1913 3598 2159 3666 Amplius
2188 3606 2280 3651 aut
2303 3607 2449 3651 certe
2484 3597 2771 3650 ﬂavewant
2802 3597 2970 3665 petala
3007 3597 3171 3653 fulva.

1984 3688 2093 3743 Nec
2126 3689 2325 3742 laterna
2358 3689 2449 3742 tibi
2476 3688 2702 3743 vilescat
2736 3687 2927 3751 vitrea,
2954 3688 3131 3759 Virgo,

1915 3780 2151 3850 Tergore
2178 3781 2261 3834 vel
2292 3796 2434 3845 raso,
2458 3792 2512 3834 et
2549 3781 2703 3849 lignis
2734 3790 3008 3848 compacta
3037 3781 3274 3851 salignis,

1915 3874 2021 3926 Seu
2052 3872 2482 3927 membranarum
2507 3873 2649 3925 temti
2681 3871 2943 3926 velamine
2976 3870 3134 3932 facta.

1912 3963 2213 4029 Quamlibet
2241 3974 2403 4017 azrata
2435 3963 2703 4031 prmccllat
2737 3964 2872 4016 forte
2898 3961 3111 4016 lucerna

1915 4058 2019 4109 Aut
2049 4058 2224 4109 lurvas
2250 4055 2458 4109 lichnus
2499 4054 2770 4108 illustraus
2804 4054 2922 4107 luce
2952 4053 3203 4108 latebras.

1918 4144 2119 4198 Pallida
2148 4158 2246 4199 nec
2279 4143 2417 4198 luna:
2444 4153 2765 4212 spernantur
2792 4144 2986 4197 lumina
3025 4152 3203 4203 noctu,

1914 4237 2121 4289 Czerula
2152 4234 2275 4289 dum
2308 4233 2478 4289 fuscat
2506 4234 2737 4287 tenebris
2767 4249 2867 4286 nox
2894 4234 3084 4285 secula
3110 4231 3302 4297 furvis,

1917 4328 2038 4381 l’lus
2068 4327 2191 4382 licet
2216 4342 2280 4381 ex
2305 4336 2491 4381 centro
2513 4325 2665 4379 Titan
2692 4326 2987 4378 vibramina
3016 4325 3218 4388 fundat,

1914 4419 2047 4472 Cum
2079 4419 2245 4472 nimbi
2275 4416 2501 4486 fugiunt,
2536 4426 2591 4470 et
2617 4414 2786 4469 fervet
2824 4415 3057 4469 torridus
3088 4417 3277 4469 aether.

1918 4512 2026 4565 Nec
2058 4510 2199 4579 putei
2225 4510 2434 4563 laticem
2469 4508 2827 4575 Spernendnm
2850 4508 3092 4561 ducimus
3121 4510 3313 4570 altum,

1917 4604 2093 4657 Antlia
2124 4618 2285 4670 quem
2316 4616 2529 4654 sursum
2558 4601 2694 4652 solet
2735 4598 3014 4652 exantlare
3042 4598 3312 4662 cisternis,

1848 4716 1897 4777 Β
1922 4694 2171 4760 Quamvis
2214 4693 2477 4761 pra‘cipua
2511 4691 2817 4759 praecellant
2848 4690 3063 4744 ﬂumina
3096 4690 3278 4755 fontis,

1926 4784 2141 4854 Frigida
2172 4800 2328 4852 quem
2353 4782 2542 4852 gelidis
2572 4782 2837 4851 progignit
2857 4783 3035 4850 glarea
3069 4782 3321 4851 lymphis.

1925 4879 2157 4947 lllergula
2188 4891 2287 4931 nec
2312 4877 2519 4945 penitus
2548 4876 2709 4945 nigris
2734 4876 3097 4930 contemnitur
3127 4876 3247 4939 alis,

1924 4975 2213 5044 ingluviem
2247 4973 2449 5027 ventris
2477 4970 2777 5039 squamosis
2809 4969 3041 5038 piscibus
3072 4970 3317 5037 impletis,

1924 5067 2177 5122 Garrulus
2209 5074 2301 5120 aut
2331 5064 2491 5119 etiam
2517 5065 2729 5118 vilescit
2755 5063 3034 5132 gracculus
3062 5074 3196 5125 ater,

1924 5161 2019 5227 Qui
2052 5168 2289 5227 segetum
2319 5156 2547 5225 glumas,
2579 5164 2632 5208 et
2659 5156 2761 5207 laeti
2787 5156 3018 5221 cespites
3054 5168 3213 5208 occas

1930 5249 2264 5317 Depopulare
2292 5250 2489 5310 studet,
2526 5260 2754 5313 carpens
2793 5244 2861 5300 de
2891 5259 3066 5298 messe
3096 5244 3393 5313 maniplos,

1925 5342 2234 5408 Quanquam
2264 5337 2555 5391 versicolor
2586 5335 2837 5391 ﬂavescat
2876 5350 3043 5403 penna
3078 5336 3319 5404 pavonis,

1927 5434 1989 5485 Et
2014 5442 2213 5484 teretes
2240 5430 2458 5483 rutilent
2487 5429 2605 5497 plus
2630 5428 2791 5481 rubro
2819 5432 3020 5480 murice
3049 5428 3213 5497 cycli,

1923 5524 2085 5592 Cujus
2109 5524 2341 5576 formosa
2374 5521 2579 5590 species
2614 5530 2667 5574 et
2697 5519 2835 5573 fulva
2872 5530 3146 5586 venustas,

1927 5616 2110 5669 Omnia
2142 5615 2413 5668 fabrorum
2450 5626 2608 5679 porro
2636 5611 2905 5665 molimina
2938 5612 3117 5667 vincit.

1924 5710 2009 5763 Sic
2040 5723 2185 5771 caro,
2208 5704 2507 5759 mirandum
2538 5702 2671 5767 fatu,
2705 5712 3011 5771 putrescere
3042 5707 3233 5770 nescit,

1926 5802 1994 5856 Ut
2024 5800 2262 5856 referunt
2300 5798 2452 5851 nobis
2485 5805 2726 5851 veterum
2759 5796 3078 5851 documenta
3110 5798 3343 5852 virorum

1924 5893 2076 5957 Quod
2103 5892 2336 5959 signum,
2364 5899 2418 5943 et
2449 5889 2660 5957 species
2683 5899 2763 5944 est
2788 5890 3109 5959 virginitatis
3146 5894 3333 5946 amaud

1924 5988 2053 6049 Quae
2084 5982 2290 6036 calcare
2319 5979 2453 6034 solet
2484 5978 2675 6031 demta
2709 5988 2886 6035 mente
2918 5979 3172 6035 nefandas
