4172 6536
771 441 875 497 22.3
1554 433 1607 484 s.
1650 406 1998 484 summu
2040 419 2324 480 eranum
2367 419 2418 473 r.

2386 416 2542 472 ’ARS
2584 417 2669 472 Ill.
2716 446 2782 456 -—
2822 415 3146 470 POEMATA
3949 411 4033 463 Eli

773 559 1063 626 Spurcitias
1095 556 1273 609 tnnndi
1314 561 1487 622 spreta
1519 552 1800 620 putredine
1830 549 2026 600 carnis.

777 654 972 708 l'unica
1001 667 1101 704 neu
1130 649 1306 717 granis
1337 653 1643 699 temuuntur
1684 641 1817 694 mala
1851 637 2118 696 rOllllllllS,

776 751 902 814 Qum
933 748 1130 800 circum
1165 741 1358 807 simplu
1383 748 1562 792 cortex
1595 733 1854 790 velamine
1880 730 2066 799 cingit,

776 843 1084 905 Quanquam
1119 834 1333 900 palmeti
1385 829 1692 899 prmcedant
1723 824 1895 877 dulcia
1929 838 2105 890 poma,

781 931 1040 990 Nectaris,
1065 940 1117 982 et
1145 926 1318 979 mellis
1348 924 1548 977 inulsos
1583 917 1838 972 imitantia
1869 925 2071 982 gustus.

780 1023 890 1085 Sic,
922 1020 1158 1086 inquam,
1191 1016 1462 1082 integritas
1486 1011 1624 1062 fama
1658 1018 1940 1061 veneretur
1973 1005 2021 1054 in
2053 1015 2245 1063 aevum,

782 1115 847 1170 Ut
877 1124 1053 1168 tamen
1080 1113 1298 1171 electos,
1332 1111 1417 1177 qui
1447 1113 1665 1159 nectunt
1695 1100 1893 1153 foedera
1935 1096 2136 1163 nuptis,

785 1206 847 1258 Et
872 1206 1013 1272 juste
1043 1203 1225 1256 vivunt
1252 1209 1518 1252 castorum
1546 1195 1665 1263 jure
1698 1203 1960 1252 tororum,

783 1295 1013 1361 Carpere
1044 1309 1147 1346 non
1175 1293 1353 1357 cupiat
1399 1287 1684 1352 strophoso
1717 1284 1905 1351 pagina
1940 1281 2106 1334 rictu;

733 1372 741 1381 ’
786 1384 1090 1438 Praesertim
1120 1380 1352 1446 antiqua:
1381 1393 1502 1431 cum
1535 1383 1717 1430 narret
1755 1374 1924 1426 littera
1958 1370 2110 1437 legis,

784 1475 1046 1528 lllustrem
1085 1479 1264 1540 patri-s
1295 1471 1453 1523 vitam
1483 1468 1699 1520 duxisse
1744 1463 1969 1529 priores,

789 1565 888 1632 Qui
923 1573 1140 1618 ventura
1176 1563 1264 1616 Dei
1299 1568 1670 1628 prompserunt
1699 1554 1940 1609 Flamine
1969 1562 2153 1606 sancto

791 1657 936 1710 Dona
962 1654 1231 1717 salutaris,
1265 1653 1390 1705 dum
1414 1650 1658 1705 Christus
1700 1648 1860 1702 smcla
1890 1645 2082 1698 beavit.

862 1749 1004 1802 Elias
1031 1757 1196 1811 vates,
1221 1761 1378 1815 quem
1411 1753 1543 1798 tetra
1566 1741 1832 1795 volumina
1868 1739 2067 1805 Regum

792 1840 1054 1908 Insignem
1080 1845 1374 1891 memorant
1406 1835 1655 1886 virtutum
1688 1832 1864 1884 tenuia
1892 1827 2106 1890 fretum,

795 1933 951 1998 Virgo
974 1947 1148 1994 sacer,
1179 1929 1351 1983 fuerat
1380 1928 1518 1980 fama
1554 1941 1645 1992 per
1677 1924 1869 1976 sarcula
1903 1930 2077 1974 notus.

799 2021 1045 2076 Flumina
1079 2025 1403 2090 quapropter
1433 2018 1588 2069 terris
1613 2012 1862 2066 miracula
1894 2011 2081 2078 gessit,

799 2117 971 2179 Atque
1000 2126 1189 2165 arcana
1223 2111 1312 2161 Det
1348 2109 1521 2160 verbis
1547 2105 1757 2156 oracula
1806 2102 2087 2170 prompsit,

799 2207 926 2271 Quae
960 2204 1128 2256 series
1156 2201 1272 2254 libri
1303 2199 1600 2268 promulgat
1631 2194 1826 2246 famine
1850 2193 2016 2243 i-laro.

798 2293 930 2347 Nam
960 2291 1198 2361 gemino:
1233 2289 1519 2357 quondam,
1555 2285 1756 2336 cmlesti
1791 2278 2012 2333 fulmine
2039 2279 2225 2341 fretus,

799 2383 1040 2438 Jusserat
1066 2396 1281 2434 arsuros
1318 2379 1556 2431 flammas
1589 2375 1824 2443 perferre
1857 2373 2115 2432 focorum,

801 2470 1268 2534 Pentecotarchos,
1302 2476 1457 2537 atque
1492 2468 1630 2518 viros
1659 2464 1722 2515 ad
1758 2464 1940 2514 funera
1975 2467 2191 2512 centum

801 2566 1060 2618 Truserat
1091 2562 1374 2630 ituplentes
1407 2558 1601 2628 pariter
1631 2565 1896 2624 princepta
1927 2549 2158 2622 tyranni.

802 2657 1031 2724 Quique,
1064 2666 1251 2725 quater
1280 2652 1433 2706 denis
1463 2659 1515 2704 et
1543 2651 1680 2702 binis
1707 2649 1978 2701 mensibus
2001 2647 2156 2711 actis,

805 2746 1122 2802 Astriferum
1149 2747 1339 2799 clausit
1364 2743 1622 2811 qnaduato
1654 2740 1871 2792 cardine
1911 2738 2125 2802 malum,

802 2839 997 2893 Aridus
1025 2847 1080 2891 ut
1115 2837 1272 2890 nullis
1298 2844 1502 2888 roraret
1540 2833 1767 2884 nubibus
1797 2831 1984 2893 asthor,

799 2929 973 2996 Atque
1003 2934 1320 2993 negarentur
1363 2924 1548 2976 latices
1581 2922 1930 2974 morientibus
1960 2920 2160 2978 herbis,

804 3021 910 3075 Nec
934 3021 1121 3075 sitiens
1151 3030 1357 3088 pratmn
1383 3025 1599 3084 caperet
1628 3013 1916 3066 nutritnina
1949 3012 2199 3081 lymphae.

803 3114 951 3164 Tunc
977 3114 1166 3164 iterum
1196 3120 1319 3162 nutu
1346 3109 1642 3160 nimborum
1677 3105 1950 3158 obstacula
1980 3105 2140 3170 rupit,

805 3207 871 3260 Ut
893 3205 1115 3258 fluerent
1144 3204 1337 3256 imbres
1378 3199 1604 3253 ubertim
1652 3214 1719 3250 ex
1753 3198 1955 3249 a-tbere
1985 3199 2156 3255 furvo,

812 3295 1060 3350 3lisceret
1088 3306 1137 3347 et
1168 3307 1350 3346 rursus
1383 3289 1610 3344 fecundo
1642 3288 1880 3355 germine
1905 3288 2079 3346 tellus,

806 3387 1004 3440 Pabula
1034 3385 1198 3438 densa
1244 3383 1419 3436 ferens
1448 3383 1601 3449 vulgo
1628 3379 1972 3433 vernantibus
2004 3379 2164 3428 arvis.

808 3479 1015 3531 Arbiter
1043 3485 1274 3529 aeternus
1300 3487 1456 3541 qnem
1487 3471 1645 3539 jussit
1673 3470 1932 3523 scandere
1962 3468 2096 3534 bigis

809 3572 976 3624 Aurea
1011 3569 1264 3622 caelorum
1297 3573 1658 3630 penetrantem
1685 3560 1920 3615 culmina
1947 3570 2138 3621 vatem,

805 3663 1004 3729 Sospes
1033 3662 1123 3728 qui
1155 3673 1425 3727 nunquam
1452 3658 1620 3711 sensit
1646 3655 1958 3710 discrimina
1992 3655 2197 3715 mortis,

802 3754 1004 3807 Cmtcra
1031 3767 1123 3820 per
1150 3751 1403 3804 mundum
1437 3763 1533 3802 ceu
1562 3747 1728 3816 gessit
1755 3747 1904 3800 turba
1932 3755 2233 3812 parentum,

802 3847 974 3912 Atque
1006 3842 1302 3895 futurorum
1330 3851 1540 3908 gestura
1574 3846 1656 3891 est
1689 3838 1841 3889 turba
1875 3847 2152 3904 nepotum,

802 3935 905 3989 Sed
936 3942 1110 3985 manet
1141 3933 1191 3984 in
1223 3930 1433 3996 templis
1466 3928 1692 3996 paradisi
1726 3929 1983 3980 hactenus
2017 3927 2195 3979 heros,

877 4021 1046 4074 Etiam
1079 4021 1223 4085 colit,
1251 4029 1307 4070 ut
1346 4019 1556 4084 Superis
1584 4019 1632 4068 in
1666 4015 1882 4068 sedibus
1917 4015 2160 4073 llenucu,

801 4116 967 4180 Quem
991 4112 1167 4180 rapuit
1194 4111 1458 4178 quondam
1482 4107 1652 4160 divina
1681 4105 1914 4174 potentia
1948 4108 2094 4166 caali,

803 4207 996 4261 Lurida
1025 4219 1092 4258 ne
1126 4203 1302 4257 mundi
1336 4211 1606 4270 pateretur
1645 4201 1836 4252 damna
1869 4199 2099 4253 nefandi.

806 4296 1003 4350 Idcirco
1027 4295 1181 4348 simul
1209 4294 1272 4346 ad
1309 4293 1429 4345 belli
1457 4291 1747 4344 certamina
1779 4291 1944 4343 cruda

803 4389 996 4442 Contra
1028 4383 1408 4438 antechristum
1439 4389 1649 4450 geSIant
1675 4380 1867 4433 vexilla
1893 4379 2152 4432 Tonantis.

798 4477 986 4532 tlmnia
1014 4476 1081 4529 de
1109 4477 1270 4543 nigris
1295 4480 1617 4540 consurgent
1645 4485 1868 4538 eorpara
1899 4469 2066 4521 buStis

801 4572 1008 4624 Clausa:
1036 4583 1129 4636 per
1153 4581 1369 4635 campos
1395 4576 1446 4619 et
1489 4564 1684 4616 tumst
1719 4572 1906 4628 Sponte
1932 4571 2229 4625 patescunt,

803 4664 932 4715 lium
965 4661 1136 4729 salpix
1168 4669 1368 4729 crepat,
1417 4667 1470 4711 et
1497 4656 1694 4723 clangit
1725 4669 1826 4707 vex
1859 4654 2000 4706 clara
2037 4654 2299 4717 tubarum,

803 4753 1134 4805 Adventante
1161 4751 1292 4813 Deo,
1325 4750 1409 4817 qui
1439 4749 1645 4802 cunctis
1674 4747 1892 4815 przetnia
1925 4754 2135 4812 pensat,

799 4846 902 4898 Seu
932 4844 1010 4911 pia
1045 4841 1315 4909 perfectis,
1353 4855 1446 4893 seu
1479 4848 1624 4892 certe
1647 4851 1787 4889 sreva
1824 4835 2061 4904 profanis

869 4935 956 4988 Sic
985 4947 1194 5001 quoque
1227 4929 1443 4983 fanto~is
1471 4926 1744 4982 deauravit
1767 4927 1963 4979 sarcula
1996 4925 2164 4994 signis

802 5025 1050 5093 \‘irgineo
1080 5024 1306 5090 flagrans
1338 5022 1546 5074 Eliseus
1577 5022 1709 5074 flore
1735 5020 2013 5088 propheta.

800 5125 972 5171 Aurea
1002 5117 1137 5168 hunc
1163 5115 1369 5168 bombis
1402 5124 1709 5168 nascentem
1741 5113 1930 5165 bacula
1963 5122 2137 5164 vatetn

796 5208 1056 5277 Signavit,
1087 5207 1334 5274 quoniam
1375 5204 1637 5257 destruxit
1666 5216 1817 5256 Sacra
1846 5203 2088 5263 deorum,

801 5300 1016 5354 Munere
1057 5314 1212 5365 quem
1239 5299 1399 5366 duplo
1429 5296 1632 5350 ditabat
1663 5295 1893 5362 Spiritus
1932 5293 2122 5352 almus,

800 5392 962 5445 Lauta
989 5407 1339 5460 supernarum
1381 5390 1469 5454 qni
1499 5388 1706 5442 confert
1741 5384 1917 5439 munia
1958 5399 2162 5443 rerum,

801 5485 1016 5552 Singula
1047 5500 1137 5550 per
1164 5493 1374 5536 sanctas
1404 5482 1683 5534 cumulatis
1710 5479 2038 5532 charismata
2074 5487 2300 5530 mentes.

804 5579 1018 5632 Eu-itat
1045 5577 1305 5629 horrenda
1331 5574 1674 5629 constrictum
1706 5583 1879 5627 morte
1909 5571 2159 5632 cadaver,

805 5670 1054 5733 Quamvis
1081 5669 1186 5735 jam
1220 5667 1345 5720 lethi
1377 5668 1583 5733 sopitus
1615 5674 1759 5718 sorte
1797 5662 2016 5722 fuisset;

809 5766 903 5816 Ast
933 5775 1124 5830 pueros
1152 5759 1396 5820 stolido=,
1423 5767 1663 5812 sanctum
1687 5757 1774 5823 qui
1805 5769 2029 5822 carpere
2061 5763 2235 5808 ratein

799 5853 860 5905 Et
889 5853 1090 5909 laniare
1139 5849 1355 5905 student
1399 5849 1653 5905 bombosa
1680 5862 1808 5903 voce
1842 5845 2132 5901 frementes

2371 533 2426 594 Δ
2452 536 2690 590 Tradidit
2718 549 2962 588 ursorum
3006 529 3336 586 mandendus
3365 528 3589 583 rictibus
3620 528 3787 590 ultrn,

2455 628 2729 680 Calvitiem
2762 625 2948 693 capitis
2971 638 3272 678 scurrarum
3304 636 3455 675 more
3480 622 3787 689 loquentes.

2460 719 2711 794 SicDeus
2745 717 3004 770 horrifera
3032 726 3244 768 sanctos
3277 711 3559 764 ulciscitur
3589 712 3690 773 ira,

2459 813 2523 865 Et
2554 811 2741 864 merito
2771 811 2955 878 plectit
2993 815 3274 875 peccantes
3306 809 3533 858 verbere
3561 816 3727 853 s:evo.

2528 902 2787 956 Jeremias
2822 903 2947 955 hiuo
2977 900 3206 969 pollebat
3229 913 3451 950 munere
3476 894 3676 955 clarus,

2457 995 2760 1060 Quamlibet
2783 994 3072 1046 innumeris
3095 1000 3237 1044 esset
3262 988 3561 1042 ditissimus
3593 985 3756 1036 heros

2460 1085 2724 1138 Virtutum
2749 1085 2924 1145 donis,
2949 1099 3080 1152 quas
3107 1082 3303 1137 Christi
3334 1079 3503 1147 gratia
3533 1078 3766 1132 confert.

2461 1177 2567 1233 Sed
2599 1189 2795 1242 tamen,
2831 1189 2884 1230 ut
2907 1177 3036 1238 dixi,
3061 1177 3166 1229 duo
3191 1175 3420 1228 maxima
3449 1174 3628 1226 munia
3652 1177 3910 1224 conStant

2465 1270 2615 1325 llunc
2641 1272 2721 1338 pia
2754 1269 3032 1339 virginitas
3061 1267 3284 1322 ornabat
3311 1264 3446 1319 flore
3473 1263 3690 1331 pudoris

2466 1363 2689 1431 Integris
2719 1370 2885 1414 totum
2914 1368 3212 1414 servantem
3237 1358 3440 1425 legibus
3470 1369 3639 1406 :rvum
3666 1369 3679 1415 ;

2466 1459 2640 1524 Atque
2663 1463 2890 1520 superna
2924 1450 3018 1505 Dei
3042 1463 3220 1503 vatem
3256 1446 3604 1515 praesagmina
3638 1443 3827 1506 ditem,

2464 1545 2688 1600 leitus
2717 1543 3028 1612 implebant,
3052 1550 3111 1595 ut
3137 1547 3330 1593 nosset
3358 1537 3537 1590 clausa
3571 1533 3813 1593 latebris,

2469 1643 2534 1694 Et
2565 1652 2805 1693 reserare
2833 1637 2937 1704 poli
2961 1643 3142 1705 posset
3163 1632 3454 1701 penetralia
3483 1642 3662 1682 sensu.

2467 1733 2636 1800 Quem
2668 1730 2808 1783 Deus
2839 1743 2904 1782 ex
2938 1727 3074 1781 uteri
3104 1723 3594 1780 sacravit‘matriee
3623 1717 3886 1771 mundum

2474 1828 2609 1880 Ante
2640 1823 2920 1894 praesentis
2942 1835 3100 1889 quam
3130 1826 3310 1872 nosset
3355 1814 3551 1869 lumina
3583 1813 3722 1876 sine

2401 1887 2448 1945 Β
2481 1919 2548 1973 Ut
2580 1917 2716 1970 foret
2742 1913 2940 1967 affatim
2963 1887 3222 1981 promens
3249 1907 3459 1961 oracula
3485 1905 3637 1957 vatis.

2477 2009 2548 2062 De
2571 2023 2674 2076 quo
2703 2005 2937 2058 cmlestis
2965 2002 3106 2056 fatur
3137 2000 3401 2054 sententia
3433 1995 3607 2050 Patris

2473 2100 2624 2166 Quod
2653 2099 2870 2159 dudum,
2905 2110 3061 2164 quam
3094 2101 3343 2145 nascatur
3380 2087 3447 2142 de
3476 2089 3680 2138 viscere
3703 2080 3916 2144 matris,

2474 2189 2909 2244 Sanctificaretur
2939 2181 3209 2253 praestanti
3235 2193 3454 2233 munere
3484 2178 3654 2244 virgo.

2476 2284 2695 2338 Mittitur
2741 2285 2940 2335 interea
2974 2294 3094 2331 mox
3125 2275 3422 2328 vaticinare
3453 2271 3731 2339 propheta,

2479 2379 2744 2433 llzrmonis
2767 2387 2819 2430 ut
2849 2389 3066 2443 regnum
3101 2386 3198 2424 nec
3223 2385 3327 2422 non
3348 2376 3404 2420 et
3433 2373 3642 2432 sceptra
3673 2361 3886 2430 tyranni

2481 2476 2658 2526 Diruat
2686 2471 2735 2524 in
2771 2466 2988 2528 mundo,
3024 2465 3189 2517 fretus
3216 2460 3409 2513 virtute
3435 2455 3711 2516 Tonantis,

2481 2566 2546 2618 Et
2577 2577 2793 2630 regnum
2826 2558 2972 2619 creli,
3003 2555 3271 2609 destructa
3303 2548 3488 2602 fraude
3529 2543 3761 2610 mal'gni,

2482 2656 2750 2718 Aldilicet,
2804 2652 3111 2720 plantetque
3166 2651 3473 2697 restaurans
3522 2647 3728 2700 sceptra
3781 2630 4018 2699 polorum

2477 2746 2747 2815 Conspicit
2772 2753 2823 2799 et
2845 2741 3084 2811 geminas
3105 2732 3344 2790 vernauti
3370 2727 3600 2785 culmine
3625 2715 4044 2797 [Bodl.,viminei

3717 2813 3918 2885 [virgas

2482 2939 2610 3000 Quae
2650 2932 2858 3000 signant
2889 2938 3118 2995 speciem
3149 2919 3464 2990 populorum
3498 2913 3630 2966 forte
3653 2909 3918 2969 duorum;

2483 3029 2696 3080 Necnon
2726 3033 2777 3077 et
2815 3019 3031 3073 totidem
3062 3015 3249 3070 corbes
3279 3025 3342 3064 ex
3373 3006 3561 3062 ordine
3588 3003 3757 3057 cernit
3786 3015 3800 3052 :

2487 3118 2590 3174 Sed
2622 3126 2798 3169 tamen
2832 3111 3167 3176 :l‘tltllpzll‘fl'ts
3197 3098 3566 3168 interpretatio
3595 3095 3776 3164 plebes

2404 3229 2452 3290 ο
2489 3207 2760 3264 l’rotendit
2781 3202 2979 3276 [Bodl.,
3011 3190 3307 3261 Portendit]
3333 3189 3571 3261 geminas
3601 3199 3690 3253 per
3723 3189 4054 3235 sacramenta

3636 3274 3917 3346 [vetustas.

2490 3393 2819 3458 Scriptorum
2853 3396 3089 3437 vett-rum
3117 3375 3315 3446 liquido
3349 3376 3686 3426 monumenta
3723 3372 3988 3418 testantur

2486 3457 2634 3548 Quod
2670 3477 2848 3532 Daniel
2884 3488 3098 3538 semper
3124 3469 3277 3533 virgo
3325 3457 3846 3516 floresceretalmus.

2485 3574 2583 3640 Qui
2618 3572 2767 3626 nobis
2791 3580 3029 3621 normam
3075 3568 3294 3613 sacratrc
3319 3548 3629 3622 virginitatis

2489 3663 2700 3724 lmbuit,
2729 3668 2783 3712 et
2829 3655 3102 3723 speculum
3135 3649 3255 3702 vita:
3285 3641 3599 3700 monstravit
3625 3633 3883 3690 alumnis.

2485 3753 2694 3808 Certius
2717 3749 2914 3802 idcirco
2948 3740 3242 3814 promulgat
3266 3749 3503 3802 tempora
3532 3727 3728 3784 Christi

2484 3844 2748 3900 Omnibus
2795 3837 3026 3906 antiquis
3053 3845 3284 3900 prasaga
3321 3841 3449 3881 voce
3481 3819 3771 3894 prottbetis,

2487 3940 2757 3990 Annorum
2810 3939 3059 3982 ntuneros
3081 3921 3370 3990 explanatis
3393 3915 3577 3969 ordine
3606 3926 3675 3963 rei
3695 3920 3771 3969 tu,

2487 4026 2702 4080 Nuntiat
2731 4023 2779 4074 in
2811 4016 3006 4073 mundo
3037 4011 3203 4067 nostri
3253 4004 3516 4062 cunabula
3541 4001 3699 4072 regis,

2486 4119 2612 4170 Nam
2637 4110 3035 4181 quadringentis
3069 4116 3326 4157 annorum
3353 4095 3617 4156 cursibus,
3649 4100 3811 4158 atque

2486 4211 2572 4263 Bis
2600 4219 2788 4260 novem
2815 4201 3056 4256 scribens
3080 4202 3309 4250 aetatum
3341 4190 3504 4244 lustra
3533 4185 3714 4242 fuisse.

2488 4303 2666 4355 Donec
2696 4296 2930 4365 prodiret
2951 4289 3193 4344 Christus
3223 4289 3468 4353 regnator
3497 4279 3546 4332 iu
3593 4275 3797 4330 orbem.

2484 4393 2650 4447 Porro
2679 4390 2930 4442 disseruit
2958 4397 3120 4436 verax
3143 4390 3391 4432 sermone
3421 4376 3611 4434 futura,

2482 4485 2721 4550 Quatuor
2771 4477 2823 4532 in
2876 4473 3072 4528 tnnudu
3105 4483 3384 4538 regnormn
3417 4478 3633 4532 surgere
3661 4469 3896 4528 sceptra,

2404 4581 2460 4640 Ι)
2487 4576 2553 4630 Ut
2586 4574 2729 4641 prius
2757 4572 2806 4622 iu
2837 4577 3006 4622 strato
3031 4563 3360 4618 truculentus
3384 4555 3624 4622 imaginis
3647 4553 3768 4606 alt-.e

2485 4664 2721 4720 Diversis
2743 4660 2873 4714 vidit
2892 4659 3002 4726 jam
3033 4654 3318 4723 prmsagire
3347 4648 3588 4702 metallis.

2481 4755 2718 4822 Denique
2753 4748 3005 4804 frondoso
3031 4753 3281 4812 regnator
3312 4738 3489 4806 stipite
3517 4735 3674 4790 robur

2480 4845 2706 4915 Imperio
2738 4841 2902 4896 fretus
2930 4837 3061 4891 vidit
3091 4835 3158 4888 de
3198 4831 3398 4900 cespite
3425 4840 3695 4886 crescens,

2477 4937 2644 5008 Cujus
2669 4935 2956 5004 tangebant
2998 4928 3253 4998 praecelsa
3284 4921 3558 4978 cacumina
3607 4915 3844 4976 nimbos,

2479 5033 2542 5087 Et
2559 5005 2671 5085 sub
2695 5044 2795 5098 qua
2818 5026 3088 5080 volucrum
3115 5030 3325 5081 turmae,
3348 5023 3400 5068 et
3425 5024 3588 5082 genus
3617 5023 3775 5062 omne
3800 5005 4040 5059 ferarum.

2484 5124 2661 5177 Dulcia
2693 5122 2759 5173 de
2783 5118 2943 5172 ramis
2979 5119 3199 5180 carpunt
3229 5108 3475 5161 alimenta
3508 5100 3772 5163 ciborum,

2482 5216 2688 5272 Arbore
2717 5211 2810 5266 sed
2841 5221 3064 5279 procera
3089 5207 3352 5271 signatum
3386 5198 3503 5266 jure
3535 5204 3841 5264 tyrannum.

2480 5309 2598 5362 Mox
2627 5303 2887 5359 intellexit
2915 5312 3153 5370 przesagu
3181 5301 3392 5361 pectore
3421 5296 3591 5351 vates,

2481 5399 2642 5469 Cujus
2675 5394 2907 5451 cmlestis
2937 5389 3188 5447 contrivit
3218 5392 3426 5452 sceptra
3459 5387 3712 5449 potestas,

2487 5467 2752 5557 Tempora
2783 5489 3099 5552 torquerent
3134 5479 3304 5531 donec
3331 5484 3548 5541 septena
3579 5467 3886 5535 suprrbI-m,

2486 5584 2551 5638 Ut
2582 5581 2774 5635 merito
2826 5576 3031 5645 fugiens
3058 5567 3296 5626 dumosis
3325 5563 3543 5619 saltibus
3572 5569 3735 5614 erret.

2487 5678 2550 5731 Et
2580 5675 2704 5728 dum
2728 5667 2971 5738 despexit
2993 5662 3243 5719 terrentis
3266 5659 3427 5726 ﬂagra
3457 5654 3737 5711 Tonantis,

2485 5766 2772 5838 Squalidus
2823 5763 3064 5815 hirsutus
3095 5761 3296 5824 peteret
3326 5758 3550 5818 myrteta
3576 5747 3838 5812 luporum.

2485 5854 2881 5928 Quadripedum
2916 5848 3090 5907 socius
3128 5845 3294 5899 factus
3317 5841 3432 5896 sine
3465 5846 3642 5893 mente
3671 5842 3925 5904 lyrautnzs
