4172 6598
239 548 341 600 245

307 656 398 708 llic
429 670 635 723 quoque
673 656 936 707 destruxit
976 653 1112 706 Belis
1141 652 1360 705 delubra
1389 650 1625 711 "claudi,

234 746 562 798 Fluminibus
594 749 858 798 scelerum
893 746 1080 798 mortis
1110 744 1413 797 discrimina
1470 743 1659 808 passis,

231 839 401 900 Atque
429 840 735 890 sacerdotes
786 837 980 903 populo
1010 836 1110 888 sub
1143 835 1327 887 fraude
1356 832 1540 885 sacelli

232 927 495 979 Fallentes
530 929 728 994 pariter
760 928 1006 979 multavit
1035 938 1205 978 morte
1236 932 1484 977 cruenta.

229 1017 494 1081 Tempore
520 1019 598 1070 sic
620 1019 742 1082 alio,
780 1020 999 1069 vincens
1031 1018 1226 1069 virtute
1253 1016 1560 1077 draconem,

230 1106 520 1160 Ilorrendis
544 1120 710 1161 atram
738 1109 975 1177 jactabat
1004 1108 1244 1160 faucibus
1267 1106 1445 1170 ollam,

229 1198 366 1249 Dum
398 1199 552 1266 glutit
584 1200 785 1267 piceam
810 1200 1043 1252 crudelis
1072 1200 1241 1252 bestia
1267 1211 1518 1263 massam,

230 1290 379 1342 lillf‘U
405 1300 717 1357 rumpuntur
749 1293 982 1344 multata:
1006 1292 1209 1343 viscera
1245 1290 1439 1341 belvm.

225 1382 377 1433 llnnc
410 1382 549 1435 Deus
572 1385 833 1436 horrenda
875 1398 1087 1451 semper
1120 1392 1321 1434 tutatur
1350 1380 1415 1431 ab
1452 1380 1552 1441 ira,

224 1473 530 1533 Quantalibet
558 1485 808 1540 expertus
856 1476 1049 1527 toleret
1081 1483 1339 1526 tormenta
1371 1471 1654 1524 malorum.

225 1561 469 1628 Denique
497 1578 597 1615 non
626 1562 878 1631 trepidat,
914 1563 1076 1617 fretus
1107 1564 1410 1618 ccelesnbus
1437 1564 1620 1630 armis,

223 1652 412 1702 Sa-vos
452 1653 714 1706 beliarum
742 1655 931 1719 victus,
966 1670 1282 1724 morsusque
1316 1658 1546 1719 leonum,

224 1740 479 1800 Quamvis
513 1743 745 1796 inclusus
778 1747 931 1797 sccvis
961 1748 1252 1799 tortoribus
1283 1756 1445 1809 esset,

225 1829 490 1897 Egregius
520 1844 664 1886 vates
690 1836 889 1887 foveam
922 1845 1159 1888 retrosus
1204 1838 1254 1887 in
1287 1846 1474 1888 atram.

224 1920 516 1988 Virginitas
546 1934 749 1978 castum
782 1926 857 1978 sic
897 1935 1072 1979 servat
1097 1941 1308 1993 Semper
1335 1930 1584 1991 amicum,

220 2012 436 2064 Tetrica
461 2026 806 2067 contemnens
838 2017 1064 2068 millenis
1096 2017 1285 2068 damna
1317 2017 1549 2084 periclis.

296 2104 388 2154 Sic
411 2120 619 2172 quoque
653 2108 899 2173 virgineis
953 2106 1254 2159 redolentes
1288 2107 1502 2161 floribus
1532 2108 1660 2161 olim

218 2191 363 2244 Tres
388 2195 533 2259 pueri
562 2196 761 2262 pariter
794 2206 1073 2249 servarunt
1100 2197 1216 2264 jura
1248 2199 1484 2265 pudoris,

222 2282 400 2331 Aurea
427 2296 736 2347 sperneiites
766 2288 939 2338 ειυιὶιιὶ
986 2288 1268 2339 simulacra
1303 2289 1532 2357 tyranni.

216 2374 320 2437 Qui
354 2384 551 2427 turmas
584 2376 721 2444 Vulgi
751 2380 968 2430 Surdum
1012 2389 1320 2446 mutumque
1353 2382 1623 2435 metallum

219 2464 452 2529 Imperio
486 2477 718 2519 terrente
755 2470 904 2533 jubet
936 2470 1240 2521 venerarier
1272 2484 1479 2531 omnes,

214 2554 354 2605 Cum
384 2557 502 2607 tuba
527 2558 821 2610 raucisonis
857 2559 1039 2611 reboat
1064 2559 1404 2623 clangoribus
1427 2560 1550 2622 alte,

215 2644 427 2696 Fistula
460 2662 578 2697 ('lllll
609 2649 825 2699 citharis
850 2650 1141 2701 reclamans
1165 2652 1361 2702 aethera
1388 2651 1580 2716 pulsat,

212 2734 484 2787 Sambura
511 2737 798 2801 salpicibns
833 2740 1117 2802 res,iondet
1163 2738 1361 2790 musica
1389 2741 1615 2793 crebris.

218 2824 294 2876 Ut
323 2826 542 2891 genibus
575 2826 723 2877 flexis
747 2835 799 2879 et
826 2841 988 2879 curvo
1023 2827 1217 2893 p0p|itc
1245 2828 1420 2892 plebes

215 2918 398 2968 Aurea
433 2932 523 2983 per
554 2932 770 2983 campos
802 2926 1019 2972 orarent
1051 2917 1188 2970 idola
1220 2918 1384 2986 regis.

216 3008 329 3059 Sed
364 3018 537 3061 tamen
571 3009 793 3062 llebrma
816 3024 1076 3079 spernens
1100 3009 1323 3062 ludibria
1350 3008 1515 3076 pubes

213 3100 431 3154 (Seruna
482 3117 585 3154 non
619 3100 784 3154 flectit
812 3100 1112 3154 simulacris
1137 3100 1269 3154 colla
1300 3100 1540 3154 nefandis
1571 3120 1579 3151 :

221 3190 425 3255 Impius
457 3192 652 3243 idcirco
686 3192 919 3246 fornacis
948 3201 1090 3244 torre
1121 3191 1369 3254 minatur,

217 3284 517 3336 l'uberibns
541 3284 701 3339 castis
728 3294 785 3337 ut
827 3286 1026 3337 cultum
1056 3292 1303 3353 suggerat
1333 3283 1506 3345 ardor,

214 3371 357 3424 Dum
390 3372 670 3425 furibunda
702 3374 814 3439 pios
843 3371 1285 3424 notlarenttincla
1318 3371 1570 3425 lacertos.

221 3466 510 3532 Extemplo
541 3480 707 3518 nexus
750 3464 1043 3519 combussit
1074 3464 1286 3517 flamma
1317 3462 1538 3525 feroces,

214 3556 325 3608 SeJ
352 3570 502 3609 sacra
529 3566 829 3609 sanctorum
857 3572 960 3607 non
990 3556 1172 3623 qt.ibat
1200 3555 1434 3607 membra
1461 3569 1718 3619 cremare,

212 3650 263 3698 υ
298 3648 487 3698 mirum
521 3646 693 3699 dictu!
730 3660 925 3713 pueros
953 3645 1091 3713 quod
1122 3645 1329 3698 flamma
1362 3643 1575 3710 camini,

213 3738 476 3791 Turribus
504 3737 746 3790 innocuis
779 3738 893 3790 diro
924 3738 1021 3789 sub
1051 3752 1268 3789 carcere
1292 3738 1453 3790 coxit.

216 3829 416 3881 Verum
447 3829 718 3895 virginitas
760 3829 956 3895 sprevit
983 3824 1243 3881 tormenta
1278 3842 1544 3895 rogorum,

213 3921 561 3973 Scintillante
602 3920 702 3971 fide
747 3919 872 3971 dum
906 3920 1109 3971 fervent
1136 3922 1291 3970 corda
1316 3919 1570 3981 virortnn,

216 4013 456 4080 Angelus
482 4012 757 4079 ignicomis
798 4027 916 4061 nam
948 4019 1161 4061 sanctus
1190 4008 1393 4061 scamlit
1412 4007 1478 4060 ab
1507 4008 1683 4071 a5tris,

211 4102 445 4155 Torrida
475 4116 591 4153 cum
631 4101 819 4169 gelidis
847 4099 1036 4152 sedans
1068 4100 1307 4152 incendia
1336 4097 1536 4163 flabris,

208 4194 627 4262 Carbonuinque
657 4193 841 4260 globos
874 4192 1218 4259 exstinguens
1249 4190 1417 4244 imbre
1465 4205 1715 4258 superno.

288 4284 396 4338 Sed
424 4284 624 4351 priscos
651 4292 848 4335 tantum
874 4297 967 4335 cur
997 4292 1170 4349 patres
1200 4280 1382 4349 pagina
1414 4280 1621 4349 prodat,

212 4375 460 4443 Limpida
502 4390 634 4444 quos
662 4375 937 4429 celebrant
986 4382 1226 4429 veterum
1258 4383 1597 4425 monumenta
1624 4374 1786 4426 libro-

1478 4464 1637 4536 [rttm,

210 4558 351 4611 Cum
378 4556 521 4609 rudis
554 4556 822 4623 antiquam
859 4555 1127 4623 praecellat
1155 4556 1319 4622 gratia
1351 4557 1539 4623 legem,

214 4650 464 4703 Salvator
493 4650 727 4701 clemens
757 4663 855 4717 qua
884 4650 1077 4700 smcula
1106 4658 1295 4700 cuncta
1331 4648 1541 4702 beavit‘!

214 4739 523 4807 Virginibus
555 4749 703 4793 vates
740 4750 848 4792 ttnn
879 4740 1050 4806 primo
1078 4740 1320 4805 exempla
1353 4738 1572 4793 Joannis

208 4831 393 4885 Edidit
424 4828 616 4883 affatim
646 4845 797 4884 sacro
825 4828 1123 4897 Spiramine
1154 4830 1360 4898 plenas,

207 4924 312 4987 Qui
342 4922 617 4975 Dominum
647 4924 895 4977 obtrusus
918 4924 1083 4975 sensit
1128 4924 1399 4991 genitricis
1422 4923 1488 4976 ab
1519 4924 1659 4987 alvo,

211 5013 416 5080 Pignus
442 5012 696 5065 malorum
732 5012 885 5064 terris
913 5021 1153 5080 gestante
1184 5010 1367 5064 Maria.

212 5107 315 5160 llic
360 5117 467 5157 erat
503 5106 554 5158 in
579 5108 714 5159 saltu
746 5106 1009 5159 silvestria
1042 5105 1231 5174 pabula
1263 5106 1434 5159 mellis

210 5198 389 5261 Atque
415 5196 737 5248 locustarum
792 5195 1049 5249 mandens
1078 5195 1393 5264 corpuscula
1418 5194 1575 5264 frugi,

206 5286 423 5338 Caetera
455 5293 714 5337 nectarem
741 5286 1062 5353 contempsit
1094 5285 1293 5339 fercula
1324 5301 1550 5354 pompm.

211 5375 369 5427 Hunc
399 5374 608 5429 Gabriel
651 5374 788 5428 Patri
820 5385 1032 5430 sanctus
1062 5377 1375 5446 praedixerat
1406 5389 1548 5441 ante,

214 5468 428 5519 Dextris
456 5467 635 5520 altaris
662 5483 912 5535 promens
931 5469 1142 5523 oracula
1167 5470 1291 5535 vati,

210 5556 566 5610 Thuribulum
596 5567 778 5611 aurato
807 5574 924 5611 cum
965 5558 1129 5614 ferret
1154 5572 1296 5616 sorte
1323 5563 1537 5616 sacello.

210 5646 322 5701 Sed
346 5661 464 5700 cum
509 5646 644 5701 forte
673 5646 808 5702 foret
836 5646 958 5701 felix
985 5664 1280 5717 prazcursor
1309 5653 1537 5716 adultus,

208 5740 388 5801 Atque
415 5735 712 5802 prepbetali
752 5737 857 5800 jam
893 5748 1272 5794 maturesceret
1295 5756 1431 5807 zzvo,

210 5825 476 5881 l’rzedicat
526 5824 812 5879 adventum
873 5826 1069 5882 Christi
1130 5833 1520 5901 paranymplius
1550 5835 1599 5889 in
1636 5835 1781 5899 orbe,

210 5918 398 5972 Plures
428 5924 747 5973 convertens
770 5932 922 5974 sacro
945 5934 1189 5976 sermone
1241 5932 1498 5980 catervas.

1437 543 1521 595 DE
1565 542 1641 593 l.i\
1656 542 1899 597 liDlBUS
1948 544 2295 601 VIRGINUM.

3378 544 3480 599 246

1832 653 1879 708 Α
1913 649 2145 719 Namque
2175 654 2509 707 salutiferam
2554 656 2779 708 mundus
2814 654 3044 723 l-faptista
3078 656 3370 710 Tonantem

1909 744 2067 797 l)ilnit
2094 748 2354 810 requorcis
2383 760 2631 813 mcrgens
2660 750 2710 799 in
2744 749 2949 816 gurgite
2980 748 3227 815 lymphis.

1909 833 2111 895 Accipit
2146 833 2264 886 inde
2291 837 2428 887 latex
2454 851 2577 887 mox
2620 849 2837 888 munera
2868 850 3016 889 sacra
3047 835 3234 889 salutis

1908 922 2137 976 l’luritna
2168 925 2482 991 quadratum
2514 942 2633 994 qua:
2664 941 2801 979 nunc
2832 937 3150 994 sparguntur
3180 928 3232 979 in
3271 927 3474 989 orbem.

1908 1012 2036 1063 Dum
2065 1016 2241 1082 populi
2270 1016 2464 1082 passim
2497 1018 2741 1082 baptismi
2774 1016 2913 1070 dona
2936 1028 3243 1085 capessunt.

1905 1098 1993 1152 Sic
2025 1102 2167 1154 fulsit
2198 1102 2321 1157 felix
2356 1103 2504 1172 virgo
2538 1105 2769 1173 Baptista
2799 1105 3054 1170 Joannes,

1903 1190 2127 1248 Nuntius
2155 1204 2207 1246 et
2235 1194 2443 1248 Domini
2473 1195 2649 1248 dictus
2677 1210 2977 1264 prtecursor
3001 1198 3053 1252 in
3075 1212 3266 1252 rerum.

1903 1282 2070 1345 Quem
2093 1284 2275 1351 genuit
2297 1299 2415 1338 sero
2440 1287 2602 1354 patris
2644 1287 2941 1339 veneranda
2971 1304 3225 1360 propago,

1902 1371 2154 1436 Quamvis
2186 1372 2412 1429 fecundo
2457 1380 2712 1431 caruisset
2741 1392 2966 1447 corpore
2994 1390 3180 1443 mater,

1903 1458 2021 1511 Jam
2046 1460 2246 1513 dudum
2272 1470 2327 1515 et
2378 1463 2546 1516 sterili
2576 1466 2761 1518 matrix
2797 1467 3094 1535 algesceret
3124 1468 3263 1522 alvo.

1904 1547 2088 1601 Nullus
2110 1560 2227 1604 erat
2256 1552 2427 1620 potior
2450 1554 2697 1607 muliebri
2728 1554 2931 1610 viscere
2971 1566 3129 1610 natus

1902 1639 1962 1691 Ni
1993 1642 2227 1696 medicus
2259 1644 2459 1709 mundi,
2486 1646 2663 1713 proles
2692 1654 2943 1713 generata
2973 1646 3261 1709 Tonantis;

1904 1729 2107 1785 Idcirco
2136 1733 2365 1784 mundus
2405 1735 2655 1787 mundum
2684 1735 2797 1788 sine
2832 1736 2949 1789 labe
2971 1735 3128 1803 piacli

1904 1820 2105 1883 Abluit,
2129 1830 2184 1875 et
2213 1821 2379 1876 laticis
2406 1823 2675 1877 Christum
2708 1827 2807 1878 sub
2835 1828 3051 1881 ﬂuniine
3082 1828 3263 1892 tinxit,

1903 1911 2125 1965 Ilumida
2160 1914 2454 1982 ﬂuctivagis
2488 1927 2788 1969 sacrantetn
2820 1917 3015 1970 eterula
3050 1917 3195 1985 ponti

1833 1994 1875 2050 B
1908 2003 2161 2058 Fontibus
2189 2015 2242 2057 et
2268 2005 2446 2059 vitreis
2475 2007 2759 2061 donantem
2812 2024 3027 2063 munera
3060 2018 3261 2076 partus,

1827 3333 1870 3392 C

1909 2096 2039 2145 Dum
2072 2097 2231 2148 vetuli
2264 2096 2485 2149 redeunt
2510 2098 2698 2151 iterum
2728 2099 2791 2150 ad
2826 2100 3085 2152 cunabula
3117 2102 3257 2153 vitm.

1905 2183 2053 2236 Tunc
2077 2184 2345 2251 linquente
2371 2185 2479 2240 Deo
2528 2197 2823 2240 torrentum
2856 2203 3119 2241 marmora
3161 2190 3369 2257 glauca,

1905 2274 1983 2325 Ac
2008 2274 2149 2339 ripas
2182 2276 2433 2329 lustraute
2458 2275 2555 2344 piis
2584 2290 2701 2329 cum
2728 2279 2966 2344 passibus
2994 2279 3186 2343 amn’s,

1906 2361 2020 2414 Alta
2052 2378 2405 2430 supernorum
2439 2377 2722 2433 patuerunt
2754 2369 2980 2420 claustra
3014 2369 3291 2435 polorum;

1905 2453 2126 2506 JEthera
2155 2457 2291 2508 celsa
2319 2467 2501 2510 tonant
2535 2459 2663 2526 dum
2697 2456 2835 2510 fatur
2865 2469 3037 2512 rector
3060 2460 3288 2529 Olympi,

1905 2543 2242 2611 Compellans
2273 2548 2509 2599 sobolem
2543 2548 2704 2602 verbo
2728 2559 2969 2602 currente
2991 2565 3083 2619 per
3112 2553 3331 2605 tntlirani

1907 2633 2000 2685 llic
2032 2644 2254 2697 est,ecce
2286 2653 2433 2690 meus
2463 2639 2683 2691 dilectus
2717 2641 2873 2703 filius,
2906 2640 3043 2704 infit,

1903 2727 2068 2786 Quem
2096 2726 2221 2778 mihi
2252 2728 2569 2795 complacuit
2598 2739 2759 2782 totum
2794 2748 3015 2801 regnare
3045 2749 3136 2801 per
3157 2734 3360 2790 orbem.

1902 2814 2126 2867 C(Blitus
2156 2816 2220 2867 ad
2253 2818 2520 2871 Cllli~llllll
2545 2820 2819 2874 descendit
2849 2825 3075 2890 Spiritus
3097 2827 3288 2890 almus,

1905 2912 2159 2981 Pncpetis
2188 2915 2597 2984 adveniensjam
2628 2932 2719 2985 per
2740 2918 3018 2971 simulacra
3051 2922 3313 2975 co'umba:
3348 2942 3358 2974 :

1906 3003 2027 3057 llmc
2056 3006 2168 3058 avis
2193 3006 2392 3059 idcirco
2417 3005 2689 3060 confertur
2716 3006 2946 3060 Flumine
2975 3024 3154 3075 sacro,

1903 3096 2025 3147 Sola
2056 3107 2198 3150 caret
2225 3098 2473 3165 quoniam
2503 3098 2732 3151 crudelis
2762 3098 2880 3151 felle
2912 3102 3120 3163 veneni,

1902 3189 2103 3240 Caetera
2127 3202 2231 3252 quo
2259 3190 2471 3255 ringens
2510 3190 2871 3241 stornacbatur
2901 3199 3066 3243 turma
3101 3196 3397 3256 volucrum,

1903 3277 2046 3330 Milia
2075 3279 2168 3331 sed
2194 3291 2363 3347 gestat
2387 3280 2712 3334 eandescens
2746 3282 2829 3335 ilia
2862 3298 3083 3349 praepes.

1906 3368 2133 3421 Plurima
2162 3386 2255 3435 pro
2282 3370 2493 3424 Christo
2521 3373 2724 3438 patiens
2756 3383 3017 3427 lorlltcttta
3053 3377 3335 3443 prophetes

1901 3461 2139 3515 Carceris
2170 3461 2402 3515 illuviem
2429 3472 2481 3515 ct
2510 3462 2684 3517 furvas
2714 3465 2829 3519 sine
2853 3465 2969 3521 luce
2994 3467 3227 3521 latebras

1899 3550 2144 3617 Pertulit,
2172 3554 2369 3605 atrocis
2393 3554 2649 3607 damnans
2673 3556 2931 3608 connubia
2968 3556 3125 3624 regis,

1897 3640 1996 3705 Qui
2027 3642 2407 3711 consanguinei
2438 3644 2665 3712 disrUpit
2689 3645 2887 3698 ftedera
2915 3646 3114 3709 fratris,

1895 3731 2145 3785 Germani
2178 3732 2463 3786 thalamum
2490 3735 2749 3787 incestans
2777 3735 3028 3804 sinejure
3063 3745 3318 3790 tororum.

1897 3823 2115 3878 Acriter
2141 3825 2338 3879 idcirco
2363 3827 2651 3893 compescit
2684 3842 2812 3881 voce
2840 3836 3153 3896 tyrannum,

1896 3912 2010 3965 Non
2046 3924 2286 3967 metuens
2317 3914 2598 3969 furibunda
2634 3917 2778 3969 necis
2812 3927 3072 3971 tormenta
3107 3918 3367 3972 nefande.

1902 4004 2149 4058 l'rotinns
2172 4005 2340 4059 cll‘uso
2373 4009 2673 4060 rubuerunt
2702 4009 2955 4076 sanguine
2986 4009 3181 4075 lances,

1896 4095 2030 4149 Dum
2054 4108 2212 4166 caput
2241 4099 2534 4153 abscissum
2566 4100 2740 4168 pepuli
2768 4100 2834 4153 ad
2865 4101 3103 4155 convivia
3130 4112 3359 4165 vectam,

1895 4189 2044 4255 Quod
2077 4191 2255 4259 regina
2298 4192 2444 4246 ferox
2489 4208 2580 4261 per
2610 4202 2783 4246 natam
2816 4193 2997 4247 fraude
3031 4196 3292 4262 poposcit,

1894 4278 2117 4333 Scenica
2152 4283 2385 4349 virgineo
2416 4292 2799 4336 monstrantetn
2829 4282 3029 4336 ludicra
3056 4285 3215 4338 saltu.

1894 4369 1980 4425 Sic
2009 4372 2163 4439 igitur
2184 4372 2453 4427 Christum
2484 4374 2712 4444 signavit
2738 4376 3009 4445 sanguinis
3048 4386 3216 4443 ostro,

1895 4462 2229 4516 llorrcndum
2263 4466 2443 4518 mundi
2474 4467 2824 4521 medicantem
2862 4470 3079 4523 vulnere
3106 4468 3315 4534 vulnus,

1894 4552 2024 4607 Dum
2057 4556 2229 4609 crucis
2258 4558 2309 4610 in
2339 4559 2515 4624 patulo
2558 4574 2873 4625 suspensum
2901 4561 3081 4629 stipite
3101 4575 3285 4629 pinnas

1894 4642 2119 4711 Cogeret
2146 4645 2408 4700 insontem
2439 4646 2690 4701 violentia
2724 4648 2861 4705 ferre
2883 4664 3120 4705 reorum.

1894 4734 1983 4789 Sic
2016 4746 2187 4791 tamen
2207 4747 2444 4807 optatam
2470 4752 2751 4794 senserunt
2774 4740 2932 4796 smcla
2956 4742 3180 4798 salutem

1895 4827 2025 4881 Dum
2062 4830 2197 4886 Dens
2228 4832 2292 4885 ad
2335 4847 2491 4901 vagas
2521 4834 2678 4888 Erebi
2708 4835 3060 4891 descenderet
3086 4838 3315 4903 umbras,

1894 4920 2085 4975 Fenea
2120 4921 2387 4977 vectifertn
2421 4926 2678 4978 fracturus
2707 4927 2887 4981 limina
2918 4929 3104 4993 valvtn,

1894 5013 2049 5068 {Erea
2085 5025 2354 5082 portarum
2374 5018 2641 5083 quassavit
2666 5018 2893 5073 claustra
2925 5029 3212 5083 tetrarum;

1895 5105 1960 5157 lit
1994 5107 2267 5161 Psalmista
2300 5109 2446 5177 prius
2471 5124 2707 5179 praesaga
2736 5124 2864 5163 voce
2893 5110 3136 5173 canebat,

1895 5196 2175 5250 l’assurum
2198 5197 2376 5250 mundi
2410 5213 2656 5266 promens
2688 5199 2740 5252 in
2770 5200 2915 5254 calce
2961 5199 3275 5254 Tonantem.

1964 5287 2211 5342 Promere
2244 5304 2381 5343 nunc
2407 5290 2545 5343 nitar
2571 5303 2778 5345 sacrum
2802 5306 3050 5346 sermone
3071 5292 3352 5358 Joannem,

1891 5380 1987 5446 Qui
2012 5380 2109 5434 fuit
2130 5381 2401 5436 accubitor
2430 5382 2643 5436 Christo
2691 5385 3027 5453 gratissimus
3047 5384 3211 5450 almo,

1892 5473 2111 5525 I’ectore
2140 5472 2207 5527 de
2229 5487 2382 5527 sacro
2411 5473 2660 5528 sorbebat
2689 5474 2902 5527 ﬂumina
2931 5475 3140 5540 doctor,

1891 5564 2149 5619 Imbribus
2180 5565 2393 5621 azternis
2433 5566 2619 5619 sitiens
2652 5566 2937 5635 ingurgitat
2966 5567 3140 5621 alvum
3166 5585 3177 5629 ;

1895 5654 2103 5709 Florida
2134 5656 2220 5725 qui
2247 5667 2405 5709 casta:
2434 5656 2662 5710 servavit
2690 5665 2928 5726 tempora
2960 5658 3105 5718 vitaz.

1893 5748 2212 5801 llorrescens
2246 5748 2450 5814 penitus
2478 5746 2619 5800 falsa:
2644 5748 2964 5802 commercia
2988 5748 3181 5802 carnis.

1893 5837 2156 5892 Plurimus
2183 5837 2379 5892 idcirco
2409 5837 2698 5907 devulgans
2724 5839 2927 5892 semina
2960 5836 3144 5904 famaz,

1896 5930 2152 5984 Virtutum
2185 5945 2363 5985 rumor
2393 5930 2556 5984 latum
2588 5930 2879 5986 crebrescit
2909 5928 2961 5984 in
2992 5928 3209 5986 orbem.
