4172 6534
726 419 827 470 "2H
1511 417 1565 467 S.
1611 415 1957 483 ALUHELSU
1997 411 2284 467 Ol‘EliUM
2330 408 2505 465 PARS
2549 410 2630 465 lll.
2676 441 2742 453 -—
2783 413 3103 471 ΡΟΕΜᾹΤᾹ
3918 426 4009 479 933

728 536 840 589 Non
877 535 1031 599 igitur
1058 533 1287 599 speciem
1318 544 1411 598 per
1441 529 1645 599 singula
1676 546 1854 583 sermo
1886 529 2100 585 rClC\it.

728 626 828 678 Sel
857 640 1022 687 genus
1053 628 1298 690 explanat
1329 620 1602 676 salebrosa
1627 624 1811 691 pagina
1843 637 2015 674 versu.

727 721 958 774 Suscita:
991 722 1187 771 interea
1212 719 1378 784 sopita
1401 718 1657 771 cadavera
1694 717 1858 783 letho,

729 818 855 871 (tum
878 810 1063 878 gelidae
1090 809 1312 863 strictim
1349 811 1615 862 undabant
1646 808 1853 861 vincula
1880 810 2086 868 mortis,

733 902 943 954 DeJidit
972 904 1215 954 obtutum
1244 915 1502 953 cmcornm
1537 899 1733 952 lumina
1761 910 2003 968 tangens,

728 993 957 1045 claudos
991 992 1212 1046 firmatis
1241 1006 1358 1044 mox
1387 991 1542 1058 jussit
1574 1007 1794 1061 pergere
1821 992 2045 1056 plantis;

732 1086 1070 1138 liarmoniam
1098 1082 1237 1138 surdi
1270 1093 1611 1149 sumpserunt
1640 1097 1767 1136 aure
1797 1097 2049 1135 sonoram
2076 1099 2086 1140 ;

732 1176 968 1230 Necnon
998 1183 1050 1227 et
1078 1172 1208 1227 muti
1240 1172 1514 1227 solvebant
1546 1171 1688 1225 labra
1724 1172 1966 1240 loquelis;

730 1269 946 1321 Sanatis
969 1268 1209 1321 manibus
1236 1268 1498 1321 concessit
1523 1266 1709 1321 vivere
1737 1282 1954 1321 mancos
1980 1287 1993 1331 ;

732 1368 864 1417 Atra
896 1374 1214 1416 venenorum
1241 1373 1347 1411 non
1380 1358 1545 1411 sensit
1576 1358 1766 1411 damna
1793 1358 2085 1427 nigrorum.

734 1455 986 1521 Quamvis
1015 1452 1285 1508 letltiferos
1311 1452 1448 1505 sorb!
1472 1463 1551 1504 ret
1583 1451 1821 1504 faucibus
1852 1451 2090 1501 haustus.

803 1548 891 1602 Sic
920 1547 1142 1616 legimus
1166 1546 1336 1613 prisco
1359 1544 1626 1612 vulgatum
1652 1552 1889 1610 tempore
1915 1544 2158 1603 Saulum,

732 1640 976 1706 Imperiis
1004 1650 1280 1705 procerum
1307 1636 1394 1706 qui
1422 1633 1617 1689 Christi
1648 1636 1891 1704 dogmata
1926 1634 2160 1701 tempsit,

733 1730 888 1782 Alma
925 1731 1195 1782 beatorum
1221 1735 1579 1795 contorquens
1610 1727 1845 1779 membra
1878 1727 2133 1784 virorum,

734 1820 872 1873 Dum
906 1820 1090 1887 prisca:
1120 1816 1282 1872 voluit
1315 1816 1441 1885 legis
1474 1829 1695 1885 regnare
1724 1814 1976 1875 latebras.

736 1911 803 1964 Et
826 1909 1037 1964 Christo
1061 1909 1255 1975 patrios
1278 1917 1514 1961 veterum
1541 1921 1851 1975 prirponere
1877 1907 2029 1959 ritus.

740 2001 974 2054 Vertitur
1001 1999 1202 2053 interea
1232 2005 1436 2051 mutato
1462 1998 1678 2050 nomine
1706 2006 1921 2048 sanctus

737 2091 935 2145 Paulus
961 2089 1265 2158 apostolica:
1295 2090 1484 2142 meruit
1518 2088 1778 2155 przeconia
1822 2087 2003 2149 famae,

738 2180 903 2234 infula
936 2178 1172 2248 virgineo
1198 2194 1353 2248 quem
1385 2178 1548 2232 comit
1579 2191 1728 2231 sacra
1755 2177 1978 2245 pudore,

733 2272 988 2340 Quamvis
1013 2272 1120 2341 jam
1152 2270 1349 2325 dudum
1378 2272 1654 2325 damnaret
1683 2284 1901 2325 carcere
1932 2277 2069 2322 tetro

739 2362 968 2419 Membra
998 2372 1331 2418 catervarum
1361 2374 1666 2417 servantum
1696 2361 1891 2415 lmdcra
1920 2359 2140 2413 Christi.

735 2455 823 2510 Sic
855 2453 995 2508 Deus
1025 2453 1268 2508 excelsus
1294 2452 1379 2521 qui
1412 2460 1580 2506 mutat
1602 2451 1760 2505 corda
1793 2464 2005 2505 reorum
2027 2492 2041 2513 ,

737 2546 925 2601 Traxit
949 2560 1101 2600 ovem
1129 2545 1393 2615 egregiam
1426 2558 1565 2597 szeva
1599 2543 1665 2597 de
1692 2541 1841 2596 fauce
1868 2542 2128 2609 luporum,

736 2636 837 2704 Qui
869 2636 1179 2705 plerumque
1204 2644 1363 2689 tetros
1393 2634 1538 2687 furva
1571 2633 1851 2702 nigredine
1876 2646 2064 2686 corvos

738 2729 911 2783 Vertit
932 2728 982 2781 in
1006 2728 1244 2781 albentes
1264 2725 1453 2794 glauco
1477 2724 1591 2779 sine
1622 2724 1747 2778 felle
1780 2721 2055 2777 columbas
2082 2740 2093 2777 :

740 2823 875 2877 Dum
899 2822 1278 2877 sceleratorum
1308 2818 1600 2875 clementer
1625 2818 1846 2873 crimina
1873 2820 2031 2880 laxat,

739 2914 975 2969 Candida
1007 2915 1257 2967 virtutum
1278 2912 1578 2966 concedens
1602 2913 1736 2964 dona
1765 2926 2061 2965 sacrarum.

741 3009 908 3070 Quem
944 3005 1095 3058 Pater
1122 3001 1453 3071 ingeminans
1476 3003 1575 3055 alta
1608 3001 1685 3055 bis
1716 3001 1909 3055 clamat
1933 3000 1998 3053 ab
2018 3013 2169 3064 arce,

739 3100 890 3153 Tunc
918 3099 1020 3153 ruit
1044 3098 1095 3151 in
1122 3098 1308 3151 faciem
1341 3106 1603 3165 prostrato
1627 3096 1823 3165 peplite
1852 3092 2067 3156 Paulus,

738 3194 980 3261 Stipatus
1008 3191 1259 3257 tenebris,
1291 3198 1345 3243 et
1373 3190 1501 3242 clari
1536 3188 1749 3241 luminis
1780 3202 1993 3253 expers,

742 3285 994 3351 Quamvis
1015 3292 1243 3336 cmcatus
1270 3280 1492 3335 sentiret
1513 3279 1703 3332 damna
1739 3278 1949 3346 pupilla:
1985 3296 1994 3327 ε

741 3378 839 3429 Ast
861 3384 1035 3428 tamen
1066 3388 1098 3428 e
1120 3372 1257 3427 emlo
1281 3370 1411 3425 vidit
1443 3370 1734 3438 fulgcsccre
1764 3368 1966 3431 Solem,

751 3469 970 3522 Pectora
1001 3466 1090 3536 qui
1121 3477 1336 3533 semper
1361 3462 1604 3517 lustrabit
1630 3463 1745 3514 luce
1770 3475 1977 3516 scaeua.

742 3557 840 3611 ilic
869 3555 1247 3625 erategregius
1273 3554 1459 3607 doctor
1489 3550 1772 3619 mundique
1798 3551 2076 3616 magister,

744 3650 975 3705 Barbara
1003 3657 1319 3702 convertens
1351 3644 1607 3699 doitriuis
1637 3644 1842 3713 agmina
1873 3643 2063 3696 sacris.

822 3736 1194 3806 Quadrupcdis
1220 3735 1366 3789 vituli
1393 3734 1564 3789 Lucas
1594 3733 1846 3786 formatus
1877 3731 1941 3783 ad
1968 3733 2150 3791 instar,

746 3830 940 3887 Lucida
971 3829 1151 3883 divino
1178 3826 1391 3895 scripsit
1417 3825 1506 3894 qui
1544 3824 1790 3892 dogmata
1824 3822 1978 3883 libro,

746 3925 1086 3994 Septuaginta
1113 3930 1319 3992 patrum
1350 3918 1590 3975 scribens
1628 3931 1681 3972 et
1710 3918 1923 3972 nomina
1955 3926 2177 3981 septem.

748 4017 791 4071 Ε
819 4016 1009 4084 quibus
1038 4014 1375 4081 omnipotens
1403 4024 1685 4079 regnorum
1710 4008 1873 4076 gloria
1904 4002 2147 4057 Clll‘lsltls

748 4108 1014 4177 Gignitur,
1048 4115 1101 4160 et
1130 4115 1325 4158 nostrae
1348 4117 1486 4168 sum]
1508 4102 1580 4154 sit
1609 4099 1868 4155 cunabula
1900 4097 2103 4151 carnis.

743 4205 914 4267 Quem
945 4212 1095 4253 sacra
1118 4195 1364 4264 virgineis
1386 4194 1650 4248 ornabant
1677 4201 1817 4245 serta
1844 4188 2075 4251 coronis,

746 4294 985 4359 Quatuor
1012 4297 1067 4342 et
1088 4286 1265 4342 decies
1286 4300 1407 4340 cum
1435 4296 1637 4352 septem
1670 4284 1887 4352 degeret
1915 4296 2107 4338 annos.

746 4382 1059 4451 Progeniem
1088 4378 1286 4433 domini
1316 4391 1539 4431 narrans
1564 4375 1630 4429 ab
1658 4376 1864 4443 origine
1896 4376 2083 4440 prium,

751 4475 886 4529 Dum
910 4472 1073 4528 chaos
1104 4472 1407 4525 abstrusum
1433 4478 1486 4524 et
1515 4477 1733 4536 torpens
1760 4467 2004 4522 confusio
2039 4482 2214 4519 rerum

747 4570 955 4625 Tetrica
984 4568 1227 4623 terrificis
1251 4568 1471 4621 texisset
1492 4566 1646 4620 smcla
1676 4566 1911 4621 latebris.

748 4662 1155 4730 Tticsaurosque
1186 4660 1287 4726 poli
1319 4668 1586 4713 rescraret
1614 4659 1763 4711 clave
1792 4667 2059 4723 paternos.

750 4754 927 4808 Donec
955 4751 1191 4820 quadrati
1225 4751 1541 4819 praepollens
1565 4749 1809 4803 conditor
1828 4748 1990 4804 orbi»

752 4842 961 4898 Florida
984 4843 1082 4895 sub
1112 4841 1305 4896 nimbis
1337 4841 1623 4895 formassct
1650 4841 1806 4895 smcla
1835 4840 2102 4908 supernis.

752 4935 849 4989 llic
886 4932 1122 4988 medicus
1153 4932 1349 4987 dudum
1376 4933 1597 4987 sanabat
1625 4933 1837 4986 vulnera
1860 4932 2055 4989 carnis.

753 5026 964 5081 Putrida
988 5025 1238 5080 fibrarum
1272 5039 1559 5093 procurans
1583 5025 1759 5079 ulcera
1790 5022 1922 5078 fotu.

753 5109 977 5173 Uberius
997 5118 1247 5185 deinceps
1276 5117 1572 5170 animarum
1603 5118 1825 5172 crimina
1851 5128 2085 5175 sontum,

758 5213 817 5261 l-.t
841 5209 1100 5262 scelerum
1125 5208 1347 5270 facinus,
1381 5225 1498 5275 qua:
1528 5212 1718 5263 mentis
1748 5210 1961 5264 vulnera
1992 5219 2219 5277 patiant.

755 5300 1053 5367 Discipulos
1079 5297 1244 5366 Pauli,
1272 5299 1559 5369 Scriptura:
1590 5302 1820 5371 dogmati
1854 5301 2101 5367 dempsit.

756 5392 992 5460 Denique
1021 5402 1138 5458 post
1169 5401 1391 5445 mortem
1419 5393 1642 5447 sacratis
1661 5393 1870 5447 ossibus
1895 5406 2049 5446 ornat

754 5487 943 5541 Sedem
972 5488 1351 5554 Augustorum,
1379 5500 1479 5554 qua
1508 5501 1646 5540 nunc
1673 5486 1981 5539 monarcltia
2009 5486 2186 5538 ntuntii

761 5579 885 5633 Post
911 5582 1090 5632 liomm
1116 5578 1390 5645 imperium
1415 5579 1513 5631 sub
1538 5579 1658 5632 (ξωΙί
1690 5580 1919 5632 culmine
1950 5588 2149 5647 rcgn.:t.

829 5672 995 5725 Roma
1017 5672 1345 5725 sacerdotem
1377 5668 1703 5725 Clementem
1737 5679 1973 5739 tempore
1998 5670 2168 5737 prisco

761 5764 957 5827 Edidit,
987 5774 1039 5817 et
1067 5766 1253 5818 merito
1275 5764 1356 5818 cui
1388 5764 1479 5818 dat
1504 5763 1783 5818 clementia
1814 5780 2028 5820 nomen;

760 5858 924 5922 Quem
962 5856 1097 5912 Deus
1127 5856 1330 5911 :ethrali
1362 5856 1537 5911 ditavit
1570 5857 1732 5928 gratia
1764 5858 1949 5925 gratis,

2341 523 2391 579 Α
2425 523 2550 578 ltum
2575 541 2633 578 se
2660 528 2897 595 virgineo
2918 544 3152 586 servaret
3183 549 3402 592 munere
3429 541 3703 594 mundum.

2415 617 2525 671 lloc
2544 620 2725 687 genuit
2754 622 2939 690 pignus
2959 626 3191 681 caelestis
3211 629 3414 683 semine
3440 632 3587 686 verbi
3625 650 3638 684 :

2416 708 2481 759 Et
2506 707 2803 775 baptizandi
2833 713 3011 767 tribuit
3034 718 3292 771 cunabula
3319 734 3490 785 sacra,

2412 796 2601 852 Petrus
2631 802 2937 865 apostolicae
2966 806 3055 875 qtti
3085 808 3294 863 culmen
3320 812 3569 879 praesidet
3599 814 3762 867 aedis.

2410 886 2540 940 Nam
2569 904 2773 944 sacrum
2800 891 2996 962 jttgiter
3022 896 3291 953 doctorem
3322 902 3515 970 dogma
3538 904 3861 969 docentem,

2413 980 2581 1048 Atque
2612 997 2834 1050 supertta
2867 985 2958 1039 Dei
2984 987 3169 1043 crebro
3199 1003 3459 1060 praecepta
3484 1008 3761 1052 serentem

2412 1067 2710 1138 Discipulos
2740 1073 2858 1127 fidis
2884 1075 3108 1132 devotus
3132 1081 3374 1149 passibus
3400 1095 3595 1153 aequat,

2414 1161 2642 1233 Contigit
2669 1164 2867 1221 idcirco
2900 1167 3163 1238 longaevos
3188 1171 3323 1227 forte
3355 1186 3622 1241 parentes,

2415 1255 2478 1310 Et
2505 1259 2745 1326 praprios
2772 1262 2965 1329 pariter
2989 1277 3268 1332 germanos
3291 1268 3460 1322 visere
3486 1268 3680 1322 fratres
3697 1311 3713 1333 ,

2415 1349 2555 1413 Quos
2584 1350 2769 1406 Petrus
2794 1353 2990 1410 Christi
3018 1358 3191 1412 clarus
3220 1360 3450 1427 piscator
3474 1361 3524 1415 in
3555 1362 3686 1417 orbe

2418 1439 2633 1495 Retibus
2662 1446 2912 1509 angelicis
2936 1458 3114 1517 raptos
3141 1466 3200 1505 ev
3230 1467 3442 1517 aequore
3468 1455 3649 1508 mundi

2421 1532 2608 1584 Secum
2635 1531 2814 1587 felices
2846 1535 2907 1590 ad
2938 1537 3057 1591 (ιωΙὶ
3086 1539 3260 1594 sidera
3287 1543 3449 1595 vexit.

2491 1622 2749 1693 Tempore
2771 1642 2874 1696 quo
2904 1629 3078 1684 clarus
3108 1631 3250 1686 fulsit
3274 1643 3518 1703 regnator
3545 1635 3595 1689 in
3624 1636 3764 1690 orbe

2418 1711 2510 1763 (Ζυί
2541 1713 2916 1773 Constantinus
2946 1722 3230 1777 censebutt
3261 1726 3453 1779 saecula
3483 1742 3699 1793 nomen,

2419 1803 2689 1873 Sylvester
2720 1807 2887 1862 Roma
2912 1809 3138 1879 degebat
3169 1815 3357 1880 pricsul
3398 1816 3449 1869 in
3482 1817 3611 1872 urbe

2350 1874 2394 1931 Β
2427 1900 2648 1952 Sanctus
2677 1902 2985 1966 apostolica:
3006 1906 3092 1973 qui
3126 1908 3257 1959 rexit
3282 1910 3510 1962 culmina
3541 1910 3707 1965 sedis.

2424 1990 2758 2061 Plurimaque
2782 1992 2865 2047 hic
2892 1992 3016 2050 fecit
3035 1998 3287 2052 virtutum
3316 2003 3463 2070 signa
3486 2003 3765 2065 sacerdos,

2418 2087 2546 2147 Quae
2570 2084 2727 2139 modo
2754 2101 2848 2153 per
2876 2088 3130 2143 mundum
3153 2091 3349 2145 chartis
3381 2094 3577 2147 inserta
3601 2094 3872 2163 leguntur.

2421 2176 2654 2245 Denique
2677 2178 3067 2248 squamigerum
3090 2180 3254 2237 vinxit
3274 2184 3469 2239 virtute
3486 2185 3779 2241 draconem

2420 2265 2596 2321 Fortia
2623 2265 2829 2323 ferratis
2855 2273 3227 2343 constringens
3259 2275 3430 2329 vincla
3459 2276 3681 2342 catenis,

2417 2358 2515 2422 Qui
2545 2360 2687 2426 prius
2717 2376 2747 2416 e
2769 2371 2951 2431 crypta
2981 2363 3190 2419 funesto
3216 2367 3428 2421 flamine
3458 2368 3686 2436 spirans.

2420 2448 2638 2501 Romani
2669 2451 2817 2520 regni
2845 2451 3067 2505 vexabat
3093 2451 3213 2521 jure
3238 2466 3499 2519 catervas,

2422 2538 2548 2592 lium
2574 2548 3009 2610 contempserunt
3026 2542 3241 2599 Christo
3267 2544 3569 2601 fantularier
3598 2552 3714 2610 uni.

2419 2629 2643 2685 Natricis
2668 2630 2919 2688 horrendi
2949 2634 3149 2689 cultum
3182 2647 3434 2704 priestare
3464 2649 3710 2707 putantes
3741 2661 3751 2693 :

2418 2719 2519 2772 Sed
2552 2734 2670 2774 eum
2702 2723 3001 2779 strinxisset
3035 2726 3238 2780 helvam
3264 2728 3549 2783 collaribus
3578 2734 3769 2791 arctis.

2421 2810 2656 2864 Morbida
2687 2812 2921 2880 pestiferi
2949 2829 3292 2885 compescens
3320 2820 3482 2874 flabra
3505 2822 3777 2880 draconis.

2419 2903 2634 2959 Civibus
2656 2906 2897 2961 exoritur
2925 2922 3047 2963 mox
3075 2911 3362 2965 exsultatio
3392 2913 3549 2977 laetis.

2424 2993 2593 3048 Bestia
2616 2994 2825 3049 delituit
2854 3011 2973 3066 qua:
3000 2999 3206 3067 pridem
3237 3003 3425 3057 sa'vire
3455 3004 3684 3059 solebat.

2425 3087 2622 3142 Idcirco
2648 3090 2823 3143 statim
2855 3090 3098 3159 baptismi
3128 3094 3292 3163 gratia
3325 3094 3527 3166 fulgens

2425 3178 2645 3233 leitus
2669 3179 2837 3234 illuxit
2862 3179 3112 3237 Romanis
3133 3184 3345 3238 arcibus
3369 3196 3424 3239 ut
3447 3186 3549 3239 sol.

2497 3270 2591 3325 llic
2619 3270 2951 3327 Constantini
2981 3274 3187 3329 curavit
3212 3274 3379 3330 lurida
3412 3276 3672 3340 membra,

2429 3361 2652 3418 Horrida
2682 3362 2909 3431 leprosis
2929 3365 3218 3429 explodens
3240 3368 3413 3423 ulcera
3438 3372 3700 3437 sqztatn‘s,

2430 3461 2561 3514 Dum
2591 3465 2925 3527 regnatorem
2956 3456 3153 3512 Christi
3183 3459 3283 3514 sub
3301 3460 3504 3528 gurgite
3537 3460 3716 3513 tinxit.

2425 3554 2755 3623 Quapropter
2777 3552 2939 3607 Roma
2964 3552 3120 3621 fregit
3138 3552 3354 3607 delubra
3384 3552 3583 3614 sacelli,

2431 3648 2605 3701 Prisca
2637 3645 2985 3701 nefandorum
3014 3653 3361 3699 cootemuena
3390 3647 3504 3698 fana
3535 3644 3783 3706 deorum,

2430 3743 2491 3797 Et
2525 3739 2725 3808 potiora
2757 3738 2904 3792 rudis
2923 3747 3157 3792 sectatur
3183 3736 3413 3791 culmina
3439 3736 3645 3803 templi,

2426 3836 2546 3900 Qua
2574 3831 2865 3887 Salvatoris
2895 3831 3098 3898 signata
3126 3843 3315 3883 cruore
3339 3836 3641 3890 coruscant,

2431 3927 2826 3993 l’erpetuosqne
2851 3923 2942 3977 Dei
2973 3922 3206 3991 produnt
3234 3936 3328 3989 pcr
3357 3922 3513 3974 saecla
3546 3918 3876 3987 triumphus;

2430 4020 2516 4072 Sic
2538 4017 2786 4070 mundum
2820 4016 3045 4084 propriis
3061 4020 3283 4067 ornabat
3306 4014 3538 4067 moribus
3563 4013 3827 4080 amplum,

2433 4110 2563 4163 Dttm
2601 4122 2777 4177 regem
2805 4109 2986 4162 Romae
3012 4107 3245 4159 correxit
3263 4106 3504 4173 dogmate
3530 4103 3752 4159 Christi.

2430 4199 2597 4253 Porro
2617 4199 2921 4254 contlirtum
2952 4200 3116 4269 gessit
3143 4197 3443 4252 didascalus
3472 4197 3610 4250 idem

2428 4292 2621 4346 Contra
2651 4292 2730 4345 bis
2760 4306 2915 4346 senos
2940 4303 3204 4347 certantes
3225 4299 3341 4345 arte
3368 4291 3669 4359 magistros,

2428 4383 2528 4449 Qui
2563 4383 2752 4451 pignus
2774 4382 2955 4436 tnundi
2984 4381 3158 4434 fallaci
3188 4396 3318 4434 voce
3342 4383 3629 4449 negabant,

2433 4474 2563 4527 Dum
2590 4473 2891 4527 Meiliatoris
2912 4473 3237 4540 spernebant
3258 4474 3394 4525 dona
3422 4472 3680 4530 vocantis.

2352 4574 2404 4635 υ
2433 4565 2627 4620 Lucida
2661 4576 2926 4633 perpetuae
2955 4564 3042 4632 qui
3071 4563 3251 4631 pandit
3280 4563 3459 4616 limina
3492 4562 3633 4616 vitae.

2427 4662 2759 4728 Quapropter
2786 4668 3023 4722 cunctos,
3059 4656 3223 4712 fretus
3243 4657 3546 4712 coelestibus
3571 4658 3762 4722 armis,

2432 4754 2641 4807 \‘irerat
2667 4751 2935 4819 extemplo
2955 4751 3062 4804 voti
3091 4749 3381 4803 certamine
3406 4762 3647 4818 compos,

2431 4850 2506 4899 Ac
2528 4844 2670 4898 velut
2700 4843 2954 4897 adversus
2986 4840 3293 4909 frendentes
3316 4854 3409 4893 ore
3436 4840 3718 4901 ntolossos.

2432 4934 2646 4989 Frustra
2668 4934 2755 5002 qui
2779 4946 3002 5001 superas
3025 4931 3236 4997 impleti.
3268 4931 3394 4981 lalra
3406 4930 3542 4982 tibus
3564 4943 3747 4988 aurae.

2437 5029 2627 5081 l-‘errea
2658 5026 2951 5092 Scriptura:
2981 5022 3178 5077 direxit
3206 5021 3408 5089 Spicula
3444 5021 3630 5078 miles;

2436 5122 2567 5173 Dum
2598 5118 2920 5173 consternati
2944 5128 3066 5167 mox
3097 5128 3283 5166 omnes
3314 5123 3454 5179 terga
3480 5112 3757 5164 dederunt.

2436 5212 2671 5277 Excepto
2693 5206 2929 5271 Zambri,
2957 5205 3043 5273 qui
3076 5212 3220 5264 tunc,
3254 5203 3609 5255 necromantia
3642 5202 3832 5262 frenis,

2438 5303 2676 5367 Ignarum
2708 5296 2956 5368 populum
2988 5296 3274 5361 scropltesa
3307 5293 3490 5348 fraude
3514 5292 3719 5355 fefellit,

2436 5392 2569 5446 Dum
2594 5403 2778 5460 magus
2805 5390 2855 5442 iu
2884 5398 3088 5442 taurum
3112 5386 3284 5457 pellas
3316 5387 3432 5440 siue
3464 5398 3593 5438 voce
3624 5394 3884 5441 susurrat.

2435 5485 2646 5538 Corruit
2672 5482 2724 5537 in
2760 5492 2952 5536 terram
2983 5480 3281 5546 quadrupes
3310 5474 3572 5543 spiracula
3601 5474 3867 5543 linquens,

2443 5576 2629 5629 Vastus
2654 5575 2777 5629 dum
2809 5573 2949 5641 vulgi
2979 5576 3179 5625 clamor
3206 5569 3327 5624 ferit
3355 5569 3551 5622 aethera
3577 5568 3759 5621 ttitubi.

2439 5669 2540 5723 Sed
2567 5678 2742 5720 tamen
2773 5664 3066 5731 intrepidus
3100 5666 3374 5717 Dominum
3409 5661 3680 5730 Sylvcster
3709 5659 3910 5716 adorat.

2445 5758 2506 5814 Ut
2536 5760 2682 5827 plebs
2710 5772 2866 5827 quam
2893 5756 3137 5811 Christus
3167 5753 3382 5823 pretiosi
3417 5751 3693 5821 sanguinis
3721 5762 3866 5803 ostro

2444 5851 2688 5910 Reddidit
2718 5852 3026 5915 immunem,
3061 5847 3263 5904 sublata
3289 5844 3471 5899 ft'atrdc
3496 5843 3727 5913 maligni,

2344 3239 2391 3301 C
