4172 6600
239 552 343 603 ⁸369

237 667 399 719 Tetro
427 663 560 717 haud
588 663 793 719 fallatur
817 662 928 717 falsi
957 663 1323 732 phantasmate
1352 663 1567 716 Zainbri

237 756 355 810 Mox
386 756 542 826 igitur
572 755 705 808 tauri
735 764 1055 821 prostratum
1092 767 1259 808 morte
1291 758 1518 809 cadaver

235 849 466 901 Suseitat
490 848 714 903 exsertis
736 848 1017 901 absolvens
1041 848 1247 900 vincula
1282 848 1457 909 nodis,

235 940 299 992 Et
322 941 499 992 mitem
526 953 768 992 armento
799 940 919 994 fecit
950 941 1237 994 succedere
1261 951 1486 993 taurum.

229 1030 365 1082 Tuzu
398 1031 572 1097 pepuli
601 1032 793 1097 passim
825 1032 1127 1083 clamabant
1161 1047 1287 1084 voce
1313 1032 1629 1094 Tonantem,

233 1120 534 1173 Laudantes
568 1121 843 1174 hominum
874 1132 1151 1188 coeperunt
1186 1123 1362 1174 dicere
1386 1132 1585 1190 grates.

233 1212 326 1264 llic
362 1213 478 1273 fuit,
510 1224 566 1265 ut
594 1214 777 1275 fertur,
808 1230 987 1268 comes
1019 1214 1340 1281 integritatis
1373 1216 1616 1280 adeptus,

229 1304 411 1357 Donec
434 1319 735 1371 supremam
768 1305 1045 1360 claudebat
1074 1317 1313 1373 tempore
1337 1307 1517 1360 vitam.

301 1394 408 1447 Rex
439 1396 816 1450 Constantinus
843 1399 1106 1466 quondam
1134 1399 1392 1464 prmsagia
1427 1407 1591 1457 certa,

230 1488 403 1553 Atque
438 1488 727 1541 futurarum
753 1491 971 1541 rimatur
1004 1491 1207 1541 somnia
1240 1503 1437 1551 rerum,

229 1578 431 1631 Culcita
455 1579 575 1631 dum
605 1580 796 1647 plumis
826 1580 1042 1646 Augusti
1075 1588 1337 1633 sterneret
1368 1589 1533 1643 artos,

228 1671 466 1722 Cernens
496 1681 748 1722 matronm
781 1687 984 1737 rugosa)
1018 1672 1150 1723 forte
1180 1672 1398 1738 figuram

227 1759 368 1812 Vidit
398 1762 446 1813 in
482 1763 650 1815 extasi
682 1762 975 1814 deformem
1003 1764 1177 1814 fronte
1200 1769 1429 1820 vetusta,

222 1850 430 1902 tlernna
465 1866 579 1919 qure
612 1852 851 1919 graditur
877 1852 1112 1903 tremulis
1144 1849 1336 1918 agitata
1372 1849 1602 1901 lacertis.

224 1941 399 2008 Ιιιευιιι
421 1958 445 1994 r
477 1944 609 1994 hanc
643 1943 829 1995 mortis
850 1943 954 2008 jam
984 1956 1100 1995 sors
1128 1942 1374 1993 multaret
1397 1938 1611 2000 acerba,

220 2031 451 2098 Imperat
480 2035 694 2085 illustris
725 2050 900 2101 regem
925 2049 1170 2086 sermone
1192 2033 1446 2085 sacerdos

216 2123 496 2191 Sylvester
521 2125 924 2178 Constantinum
958 2126 1228 2193 decrepita
1265 2125 1501 2177 membra

217 2216 453 2268 Suscitet
484 2224 537 2268 ut
567 2216 755 2269 vetula:
789 2232 969 2268 rursus
1000 2231 1117 2267 cum
1151 2216 1348 2283 sospite
1379 2214 1506 2266 vita.

216 2304 367 2356 'J‘ufic
390 2307 527 2372 regis
556 2306 800 2372 precibus
826 2306 1056 2359 surrexit
1079 2309 1211 2358 bella
1248 2307 1442 2373 puella,

215 2394 388 2459 Quam
415 2396 560 2460 prius
585 2396 785 2463 efﬁgies
815 2399 1058 2462 tnrpahat
1086 2408 1230 2449 torva
1264 2409 1514 2450 senectte.

216 2486 283 2539 Et
309 2489 429 2540 licet
458 2498 579 2540 ante
608 2498 763 2540 situm
798 2498 1033 2554 torperet
1066 2499 1237 2541 morte
1269 2490 1514 2547 eadaver,

216 2579 303 2631 Fit
335 2590 509 2631 tamen
542 2580 808 2646 extemplo
833 2581 1061 2632 formosa
1087 2595 1348 2647 puerpera
1377 2585 1517 2630 vn'tn
1554 2598 1563 2629 :

215 2668 385 2732 Quam
420 2684 514 2722 rex
544 2669 930 2736 contemplatur
963 2685 1126 2723 ovans
1152 2709 1165 2733 ,
1197 2686 1315 2724 cum
1348 2679 1627 2723 stemmate

1594 2760 1796 2830 leniuit.

216 2849 482 2916 Tempora
513 2852 841 2916 prmcingens
871 2863 1001 2902 auro
1034 2851 1262 2902 llavente
1287 2860 1526 2915 Coronat,

214 2940 279 2991 Et
320 2940 472 3006 peplo
497 2939 791 3009 chlamydis
824 2954 920 2991 nec
954 2955 1055 2993 non
1086 2940 1395 3009 cycladibus
1426 2950 1600 3003 ornat,

217 3028 286 3081 Ut
314 3028 488 3097 regina
518 3041 663 3094 gerat
696 3030 792 3081 ruh
815 3032 985 3083 cunda
1018 3031 1304 3099 crepundia
1336 3032 1497 3085 collo.

210 3115 359 3167 Tahs
389 3127 496 3168 erat
526 3118 732 3184 species
761 3116 1010 3171 formosa:
1041 3120 1258 3187 virginis
1283 3122 1441 3173 alma.

208 3211 363 3263 'l‘unc
396 3210 586 3263 Helena
617 3213 815 3264 docens
846 3227 1024 3279 regem
1057 3228 1307 3267 sermone
1338 3214 1467 3267 futu:
1487 3230 1539 3278 a,

206 3300 303 3349 Sic
333 3300 401 3350 ait
434 3302 687 3364 Angusto,
719 3301 1037 3368 depromens
1068 3305 1243 3356 omnia
1274 3306 1445 3358 somni
1483 3324 1492 3356 :

205 3390 338 3442 llmc
371 3404 455 3443 tua
488 3405 701 3460 semper
728 3394 847 3453 erit,
882 3410 1000 3447 nam
1034 3395 1163 3449 letlii
1190 3397 1334 3450 calce
1362 3396 1589 3463 Carebil,

207 3478 406 3531 Ultima
440 3478 489 3532 ni
518 3482 649 3533 diris
679 3483 1004 3552 conflagrent
1035 3486 1225 3539 saecula
1257 3487 1503 3539 llammis.

203 3571 451 3637 (limique
484 3581 598 3624 toro
628 3571 763 3626 foret
794 3575 1063 3642 Augustus
1096 3585 1410 3641 perterritus
1438 3578 1566 3641 alto,

204 3659 442 3713 Pallidus
474 3664 683 3731 evigilat
713 3668 883 3717 somni
917 3666 1198 3719 formidine
1226 3679 1433 3735 captus.

198 3750 504 3817 Couglobat
540 3768 589 3804 in
617 3762 812 3807 emtum
840 3755 1067 3808 disertos
1099 3766 1213 3809 arte
1244 3757 1535 3823 Sophis'as,

200 3841 466 3908 Uytttttica
494 3846 580 3909 qui
604 3845 805 3912 jactattt
830 3859 1047 3901 vetttOsO
1077 3850 1319 3916 dogmata
1355 3850 1457 3901 fatu
1481 3868 1491 3902 :

201 3938 355 3995 Quos
388 3944 537 4003 rogat
568 3947 623 3987 ut
652 3952 827 3989 rerum
858 3940 955 3990 sibi
990 3939 1091 3991 lata
1125 3940 1341 3994 latentia
1372 3944 1597 4003 solvant,

196 4029 335 4089 Quae
368 4026 562 4079 dudum
594 4029 643 4080 in
668 4030 848 4082 stratis
878 4032 1088 4098 s‘gnant
1119 4046 1311 4084 arcana
1345 4032 1539 4084 futura.

196 4115 308 4167 Sed
344 4130 461 4167 cum
496 4117 629 4169 forte
654 4119 783 4170 nihil
814 4119 1007 4172 stolido
1038 4134 1284 4175 sermone
1320 4126 1579 4175 rel‘err-out

196 4206 433 4256 l’lurizna
466 4208 555 4258 sed
592 4206 738 4260 falsis
767 4210 1043 4263 linti~sent
1072 4210 1258 4263 frivola
1289 4214 1484 4274 verbis,

191 4298 349 4348 Tunc
382 4314 467 4351 rex
502 4298 991 4369 frugalesjejunans
1022 4306 1241 4371 castigat
1265 4316 1434 4369 artus,

190 4393 373 4456 Atque
395 4391 508 4442 dies
540 4400 745 4456 septem
777 4391 1006 4445 declinat
1041 4394 1236 4448 fercula
1273 4411 1498 4463 ρυιηιιςν,

199 4482 241 4533 Α
272 4480 490 4531 Christo
523 4482 743 4535 Domino
776 4498 1004 4550 poscens
1036 4486 1250 4539 oracula
1283 4489 1461 4555 pandi.

190 4572 307 4623 Nox
345 4572 469 4635 ruit,
492 4584 545 4626 et
570 4582 705 4628 tetro
738 4576 986 4629 nitmdum
1023 4579 1283 4632 velamine
1312 4581 1491 4640 vallat,

189 4663 302 4713 Nec
335 4676 439 4713 non
474 4672 526 4715 et
554 4662 717 4717 fulvis
751 4674 944 4719 terram
976 4666 1346 4734 complectitur
1370 4670 1492 4735 alis,

188 4751 331 4803 Dum
362 4764 523 4819 sopor
554 4751 606 4805 in
629 4762 795 4806 strato
825 4758 1032 4822 regales
1063 4766 1289 4825 occupat
1319 4771 1485 4812 artus.

186 4844 289 4898 Cui
323 4842 595 4913 Sylvester
618 4847 709 4909 ait,
743 4848 977 4913 pandens
1004 4849 1250 4919 mysteria
1278 4868 1454 4908 rerum
1484 4872 1496 4908 :

187 4934 437 4999 Femina,
470 4950 626 5004 quam
660 4948 805 4991 torva
836 4940 1049 4993 crevisti
1083 4940 1198 4996 luce
1229 4954 1513 5009 vetustam,

185 5032 321 5096 Qum
353 5028 445 5082 tibi
480 5029 730 5085 horrebat
760 5034 983 5087 multum
1011 5036 1288 5105 squalente
1316 5051 1552 5103 senecta,

190 5125 337 5178 Urbs
362 5133 444 5177 est
474 5139 632 5193 quam
665 5126 820 5195 vulgo
853 5127 1071 5197 Byzanti
1101 5133 1314 5187 nomine
1344 5134 1522 5190 dicunt
1550 5155 1559 5193 ;

184 5214 677 5283 ConstantinOpolis
701 5229 820 5286 post
852 5224 962 5274 tunc
995 5224 1253 5278 vocitetur
1283 5227 1332 5279 in
1365 5244 1558 5291 :evum,

186 5310 416 5362 Nomine
448 5324 639 5378 nempe
669 5320 758 5365 tuo
781 5324 955 5381 gestat
987 5330 1077 5383 per
1106 5318 1263 5371 smcla
1296 5318 1610 5389 triumphos.

184 5399 239 5451 In
272 5413 377 5466 qua
411 5413 680 5454 murorum
716 5404 967 5469 praecelsa
994 5410 1268 5463 cacumina
1292 5412 1584 5479 quondam,

183 5492 340 5543 Nunc
368 5502 628 5559 prostrata
655 5494 770 5547 solo
801 5505 1139 5553 veterascunt
1162 5515 1286 5556 arce
1318 5503 1512 5569 ruenti,

181 5581 378 5636 Maenia
409 5595 769 5651 marcescunt,
798 5597 850 5642 et
884 5594 1273 5660 prepugnacula
1306 5605 1518 5657 nutant,

180 5674 317 5738 Quae
348 5684 565 5743 quassat
591 5679 780 5741 caries,
810 5689 864 5734 et
893 5680 1087 5751 frangit
1112 5682 1251 5738 fessa
1282 5697 1538 5742 vetustas.

180 5765 290 5821 Sed
325 5773 375 5819 te
399 5780 715 5822 conservare
740 5788 851 5825 mea
886 5785 1146 5843 prcecepta
1169 5775 1386 5844 jubebu.

181 5857 507 5927 Cornipedis
534 5862 684 5931 spina
721 5877 898 5920 vectus
932 5883 1024 5936 per
1052 5870 1288 5937 squalida
1322 5889 1463 5937 rura,

183 5950 416 6018 Cu~p7de
445 5955 620 6009 vexilli
654 5959 893 6014 scrobem
923 5962 1129 6019 sultare
1160 5978 1451 6031 memento,

1454 548 1539 604 DE
1580 543 1919 605 LAUDIBUS
1962 549 2310 609 VIRGINUM.

1843 664 1893 720 Α
1924 660 2119 716 Labara
2151 669 2226 720 sic
2254 668 2500 736 equitans
2533 681 2627 735 per
2658 678 2854 723 terram
2886 668 3086 723 trndito
3116 670 3319 735 dextra,

3402 562 3503 613 ibi!

1920 754 2155 819 Quatuor
2183 757 2447 812 infindens
2471 757 2675 812 directo
2708 761 2917 812 tramite
2947 760 3148 821 sulcos,

1922 846 2021 897 Per
2048 860 2202 913 quos,
2229 850 2425 902 erectis
2455 860 2750 902 castrorum
2789 850 3018 903 turribus
3048 851 3189 911 altis.

1920 932 2107 986 Mteiiia
2140 949 2413 987 murorum
2448 945 2721 990 restanres
2749 938 2968 992 imbrice
2989 942 3171 1003 rubra,

1922 1022 1973 1073 In
1999 1041 2095 1090 qua
2127 1027 2370 1093 regnabit
2403 1030 2597 1094 proles,
2629 1032 2908 1097 prolesque
2939 1042 3211 1100 nepotum.

1918 1114 2065 1167 Sicut
2097 1121 2348 1186 regnabat
2383 1130 2590 1187 patrum
2622 1138 2901 1177 numerosa
2935 1138 3187 1190 propago,

1916 1207 2149 1270 Quorum
2183 1212 2460 1279 progenies
2489 1222 2538 1265 et
2571 1214 2651 1264 avi
2683 1216 3045 1281 glomerantur
3069 1229 3308 1267 avorum.

1986 1298 2102 1352 Jain
2136 1297 2232 1354 fuit
2258 1303 2523 1368 llespes'im
2555 1306 2789 1357 famo~us
2819 1306 2972 1359 laude
2997 1306 3249 1360 sacerdos

1916 1386 2249 1453 Ambrosius,
2282 1391 2479 1447 Christi
2502 1397 2775 1463 complens
2806 1407 3066 1463 praecepta
3100 1397 3335 1465 benigni,

1913 1477 2142 1547 Spiritus
2176 1492 2227 1535 et
2254 1494 2417 1536 casta:
2448 1487 2681 1538 servavit
2714 1486 2910 1541 ftedera
2942 1489 3141 1549 carnis,

1914 1570 2012 1631 Qui
2043 1586 2231 1625 nomei
2256 1574 2390 1641 gerit
2415 1574 2706 1627 Ambrosize
2733 1576 2798 1628 de
2831 1587 3045 1628 nectare
3068 1576 3307 1631 ductnni.

1920 1658 2010 1711 Hic
2047 1671 2195 1713 tener
2228 1663 2277 1715 in
2304 1665 2453 1715 cunis
2487 1664 2750 1729 quondam
2781 1665 2902 1717 dttm
2936 1667 3184 1732 parvulus
3206 1680 3341 1720 esset

1916 1749 2094 1813 Magna
2132 1750 2425 1804 futurarum
2463 1756 2622 1822 gessit
2649 1758 2948 1821 spectacula
2984 1773 3158 1810 rerum
3189 1775 3201 1820 ;

1912 1840 2145 1908 Namque
2167 1857 2387 1895 examen
2421 1859 2574 1909 apum
2607 1849 2904 1899 numerosis
2936 1851 3065 1901 forte
3088 1852 3315 1903 catervis

1910 1932 2154 1985 Contexit
2180 1932 2363 1986 faciem
2398 1937 2562 2001 pueri.
2601 1937 2838 1988 mirabile
2869 1938 3005 2001 fatu;

1838 2015 1879 2071 B
1909 2027 2035 2087 Qua:
2070 2025 2193 2078 licet
2223 2027 2485 2079 horrenda
2515 2031 2773 2095 separent
2805 2030 2947 2081 labra
2977 2032 3219 2090 Coliorte,

1908 2114 2020 2167 Non
2054 2124 2227 2166 tamen
2260 2116 2478 2169 infantis
2506 2120 2671 2169 sensit
2700 2118 3005 2171 discrimina
3036 2135 3249 2188 corpus.

1908 2201 1996 2256 Sic
2027 2202 2227 2254 crebris
2260 2205 2461 2256 vicibus
2491 2206 2768 2272 replebant
2795 2222 2884 2258 ora
2912 2206 3160 2275 jacentis,

1905 2293 2075 2361 Atque
2101 2295 2411 2346 catervatim
2437 2311 2645 2348 rursum
2681 2313 2917 2351 remeare
2942 2299 3245 2354 studebant.

1906 2383 2027 2438 Post
2060 2386 2171 2438 free
2197 2386 2443 2441 aetherios
2473 2399 2773 2457 repetentes
2795 2392 3004 2457 agmine
3034 2393 3266 2457 nimbos,

1907 2474 2116 2528 Visibus
2149 2479 2389 2529 humanis
2417 2489 2625 2530 certant
2652 2482 2942 2533 abscedere
2978 2497 3152 2546 porro.

1904 2564 2026 2619 lla‘c
2054 2576 2200 2633 pater
2224 2568 2490 2621 Ambrosii
2523 2571 2723 2637 stupuit
2749 2570 2996 2626 miraciila
3030 2588 3276 2637 cernens,

1904 2661 1942 2710 Α
1975 2674 2080 2725 quo
2103 2660 2324 2712 sortitur
2357 2675 2549 2714 nomen
2586 2663 2667 2715 sic
2694 2664 2887 2732 inclyta
2919 2666 3111 2732 proles.

1902 2749 2010 2801 lloc
2040 2767 2226 2819 nempe
2257 2770 2477 2808 examen
2506 2772 2611 2825 quo
2641 2761 2808 2810 sancti
2843 2761 2983 2811 labra
3014 2762 3337 2831 redundant,

1901 2838 2095 2893 Dulcia'
2119 2845 2410 2897 mulsiirum
2446 2849 2713 2913 portendit
2745 2849 2900 2903 verba
2937 2851 3200 2915 fatorum,

1905 2932 1943 2984 Ε
1966 2934 2154 2998 quibus
2180 2933 2385 2989 affatim
2416 2936 2737 2993 dulcescunt
2767 2951 2977 3008 pectoia
3008 2944 3197 3010 plebis.

1902 3023 2091 3078 Lucida
2123 3028 2336 3095 digessit
2370 3033 2701 3085 venerandus
2732 3036 2986 3102 opuscula
3013 3037 3220 3099 doctor,

1897 3113 2027 3167 Cum
2061 3120 2264 3173 ratione
2296 3121 2374 3186 pia
2405 3123 2639 3187 pandens
2667 3124 2731 3177 ab
2760 3125 2963 3194 origine
2993 3128 3183 3194 prima,

1895 3204 2131 3270 Qualiter
2162 3206 2300 3261 hunc
2324 3210 2576 3263 mundum
2604 3214 2797 3267 summi
2831 3216 3107 3282 prudentia
3142 3217 3312 3270 Patris-

1896 3293 2157 3357 Tempera
2191 3311 2505 3365 ιιι-ειιεθιιιυιῐι
2539 3311 2663 3356 tunc
2691 3317 2783 3370 per
2814 3304 2892 3356 bis
2919 3315 3068 3358 terna
3098 3307 3299 3359 dierum

1820 3361 1868 3423 (ἶ
1905 3384 2109 3442 Fecerit
2129 3398 2329 3441 aeterno
2359 3391 2647 3458 disponens
2678 3395 2870 3448 szecula
2900 3406 3049 3449 nutu.

1904 3476 2046 3541 Ilurc,
2083 3482 2318 3546 inquam,
2353 3481 2533 3535 docuit
2561 3486 2751 3538 crebro
2778 3501 3025 3541 sermone
3046 3489 3316 3550 sacerdos,

1904 3566 2087 3621 Plures
2110 3572 2407 3637 perducens
2438 3573 2500 3625 ad
2535 3575 2657 3629 cteli
2690 3591 2849 3642 regna
2880 3578 3189 3648 phalanges.

1972 3660 2192 3712 Carrula
2226 3661 2429 3715 Martini
2464 3680 2603 3718 nunc
2627 3668 2813 3732 prodat
2844 3670 3012 3722 littera
3046 3672 3277 3733 laudem.

1897 3749 2061 3813 Quam
2096 3751 2330 3805 celebrat
2357 3763 2496 3805 totus
2529 3757 2789 3823 quadrato
2820 3760 3034 3812 cardine
3066 3764 3310 3818 mundus.

1900 3840 2047 3893 Illinc
2077 3840 2231 3895 Pater
2259 3845 2594 3911 omnipotens
2619 3849 2851 3902 nonduin
2884 3850 3200 3917 baptismate
3224 3856 3386 3908 lotum

1898 3930 2002 3983 Nec
2034 3931 2387 3986 balsamornni
2420 3936 2585 3988 sacris
2617 3939 2994 3993 chrismatibus
3020 3952 3258 4008 tinctum,

1894 4022 2158 4090 Tempora
2192 4038 2454 4080 nocturno
2483 4029 2689 4083 caelesti
2721 4031 2875 4085 laude
2902 4033 3096 4096 beavit,

1896 4114 2025 4165 llum
2054 4116 2243 4178 stipem
2275 4118 2476 4169 uiancis
2507 4130 2560 4171 et
2592 4122 2803 4188 peplum
2837 4122 2999 4177 ferret
3029 4127 3231 4195 egenis,

1893 4209 2104 4262 Christo
2132 4212 2353 4263 devotus
2382 4228 2501 4265 cum
2529 4213 2639 4281 jam
2669 4216 3081 4271 catechumenos
3113 4229 3276 4273 esset.

1892 4300 2021 4362 Quis
2048 4314 2174 4352 vero
2201 4302 2432 4367 studeat,
2462 4304 2661 4356 diserto
2687 4305 2880 4360 lamiae
2906 4306 3093 4369 fretus,

1892 4395 2075 4445 timaia
2100 4393 2348 4448 virtutum
2378 4397 2580 4450 chartis
2606 4398 2916 4454 describere
2945 4402 3119 4470 signa,

1890 4483 2091 4548 Quanta
2128 4485 2261 4539 Deus
2287 4484 2498 4540 dederit
2526 4487 2719 4543 devoto
2746 4488 2882 4543 dona
2911 4491 3125 4546 clienti?

1890 4575 2044 4642 Saepe
2072 4576 2343 4630 salutifero
2370 4580 2606 4633 correxit
2636 4581 2881 4649 dogmate
2905 4597 3087 4653 pagos,

1890 4666 1957 4721 Ut
1988 4668 2117 4722 ritus
2148 4671 2342 4723 vellent
2368 4671 2535 4741 magis
2563 4674 2861 4742 exstirpare
2893 4676 3172 4741 nefandos,

1892 4759 2063 4827 Atque
2085 4768 2379 4815 creatorem
2414 4772 2722 4831 regnantem
2754 4766 2977 4820 credere
3000 4768 3294 4821 Christum.

1888 4847 2018 4900 Nam
2050 4864 2377 4918 paganorum
2408 4851 2666 4907 destruxit
2700 4854 2818 4907 fana
2847 4856 3088 4921 profana,

1887 4937 2012 4994 Jure
2047 4940 2396 5011 tyrannorum
2427 4956 2669 4999 sternens
2697 4945 2917 5000 delubra
2943 4963 3150 5001 reorum
3187 4970 3196 5001 :

1890 5030 1954 5083 Et
1983 5046 2105 5085 mox
2133 5033 2334 5101 antiqui
2359 5032 2630 5087 confracta
2663 5033 2847 5091 fraude
2869 5038 3049 5091 sacelli

1887 5120 2126 5174 Fabricat
2157 5122 2455 5178 Altithrono
2486 5127 2819 5179 venerandus
2847 5130 3039 5197 templa
3073 5133 3352 5186 sacenlm.

1882 5216 1967 5268 Sic
1996 5230 2209 5284 quoque
2240 5215 2499 5270 famosam
2526 5216 2793 5271 frondenti
2826 5222 3006 5287 stipite
3032 5224 3237 5289 pinum,

1880 5306 1991 5370 Qua
2020 5321 2265 5373 proceres
2290 5306 2463 5360 stolidi
2493 5317 2616 5362 tunc
2649 5309 2954 5366 thuriflcare
2985 5313 3253 5377 solebant,

1882 5396 1991 5448 lleu
2021 5397 2192 5450 scelus
2219 5397 2231 5449 !
2266 5396 2317 5450 in
2348 5400 2585 5453 verubus
2613 5409 2883 5454 torrentes
2913 5412 3031 5455 exta
3065 5404 3361 5461 hidedum.

1883 5487 2069 5548 Diruit,
2105 5500 2157 5542 ut
2191 5492 2441 5557 populum
2472 5507 2575 5544 non
2608 5491 2755 5545 fallat
2784 5493 3018 5547 cultibus
3048 5510 3219 5549 error.

1880 5578 2106 5646 Surgere
2131 5588 2209 5632 ter
2238 5578 2360 5635 fecit
2395 5579 2642 5635 defuncta
2667 5584 2927 5639 cadavera
2960 5587 3128 5651 letho,

1880 5670 2087 5725 Tetrica
2122 5676 2372 5727 terrentis
2399 5675 2738 5745 disrumpens
2770 5686 2970 5731 tartara
3007 5682 3215 5747 mortis,

1882 5762 1986 5817 Nec
2013 5780 2116 5819 non
2150 5768 2362 5833 {egrotis
2394 5768 2710 5838 impendens
2743 5773 2918 5825 munia
2951 5775 3091 5826 vitae.

1884 5855 2073 5909 lairida
2107 5859 2358 5912 debi'ium
2394 5860 2648 5914 fomentat
2681 5865 2913 5917 membra
2945 5866 3177 5919 virorum

1875 5955 2171 6015 Quam'ibet
2201 5964 2451 6023 expertus
2484 5971 2587 6011 non
2621 5970 2761 6015 esset
2792 5961 3009 6015 vulnera
3042 5962 3164 6018 ferri
