4172 6538
811 420 906 472 ⁸231
1622 417 1679 472 S.
1724 419 2074 472 ALDlIElMl
2116 416 2400 474 OPERUM
2441 415 2458 470 1

2441 413 2620 473 PARS
2662 416 2751 472 ΙΙΙ.
2789 444 2862 458 -ι
2902 414 3222 470 ΡΟΕΜΑΤΛ
3985 422 4061 473 55;

814 536 1073 601 linquam,
1105 545 1201 584 nec
1232 531 1391 582 rubro
1418 541 1618 582 roraret
1647 532 1903 599 sanguine
1934 540 2166 600 martyr,

811 628 914 678 Ant
942 635 1100 678 etiam
1132 623 1261 674 diris
1291 621 1511 672 arsisset
1541 621 1774 675 turribus
1803 621 1971 690 ignis;

811 719 1058 772 Attamen
1089 714 1346 767 illustrem
1379 713 1580 767 meruit
1604 715 1870 767 confessio
1903 715 2153 780 palmam,

812 811 941 859 Dum
975 823 1122 860 mens
1153 815 1297 872 parta
1328 806 1428 859 fuit
1459 811 1640 860 mortis
1671 807 1976 859 discrimina
2013 810 2167 859 ferre.

809 899 903 950 llic
937 897 1123 965 praesul
1155 896 1349 965 jugiter
1375 900 1664 963 permansit
1693 900 1840 965 virgo
1869 897 2114 965 perennis

809 989 986 1041 Donec
1011 987 1287 1042 aetheriam
1318 991 1469 1042 miles
1501 991 1750 1059 migraret
1777 989 1828 1041 in
1857 991 2051 1050 aulam,

808 1082 1074 1149 Angelieis
1107 1090 1289 1136 vectus
1319 1083 1438 1137 εαξιί
1470 1083 1536 1137 ad
1565 1099 1800 1137 convexa
1830 1083 2077 1136 catervis.

879 1174 1230 1242 Temporibus
1261 1175 1448 1242 priscis
1474 1175 1805 1230 venerandos
1833 1174 2037 1228 Griecia
2064 1183 2238 1242 patres

809 1265 1004 1328 Edidit,
1035 1281 1096 1318 ex
1129 1280 1354 1334 quorum
1387 1280 1607 1320 numero
1635 1266 2015 1320 celeberrimus
2036 1273 2207 1318 exstat

808 1356 1092 1421 Gregorius
1121 1357 1264 1421 felix,
1291 1356 1428 1409 fama
1456 1371 1616 1425 super
1639 1356 1838 1411 :etbera
1869 1365 2046 1417 notus,

806 1445 975 1510 Quem
1009 1446 1148 1500 Deus
1175 1448 1386 1500 edocuit
1409 1448 1664 1500 mundum
1697 1463 1910 1500 servare
1938 1447 2189 1515 pudorem

804 1534 1077 1602 Corporis,
1103 1545 1157 1590 et
1183 1546 1344 1590 castae
1374 1539 1695 1604 conjungere
1727 1538 1923 1589 fazdera
1953 1538 2163 1590 mentis.

805 1623 1067 1690 'l‘empore
1099 1642 1216 1679 nam
1245 1627 1469 1694 quoda‘rn
1501 1629 1741 1696 geminas
1773 1643 1866 1694 per
1896 1629 2102 1680 somnia
2134 1641 2359 1680 cernens

809 1712 1059 1778 Virgineo
1090 1716 1221 1768 vidit
1253 1716 1514 1784 fulgentes
1547 1718 1679 1770 flore
1709 1720 1933 1785 puellas,

805 1806 945 1870 Quas
971 1807 1060 1860 ille
1091 1808 1354 1875 aspiciens
1385 1811 1546 1862 torvis
1575 1811 1842 1863 obtutibus
1876 1811 2072 1872 horret,

806 1897 1088 1951 Femineos
1119 1903 1364 1965 quoniam
1390 1915 1491 1951 non
1523 1901 1681 1968 gestit
1710 1915 1930 1952 rernere
1956 1899 2153 1951 vultus.

805 1987 938 2039 'l'nrn
970 1995 1210 2039 sanctum
1241 1989 1463 2054 placidis
1492 1989 1813 2056 compellant
1839 1990 2056 2041 vocibus
2083 1988 2251 2042 ambae
2280 2006 2292 2040 .'

801 2078 878 2129 De
906 2077 1138 2142 graviter
1159 2078 1370 2144 juvenis
1395 2080 1611 2131 devotas
1641 2093 1832 2145 Sperne
1861 2080 2083 2146 puellas,

806 2168 1024 2235 Ncuqnc
1055 2169 1354 2236 indignatus
1386 2172 1587 2222 vultum
1622 2182 1906 2224 conterrme
1936 2187 2199 2236 sororum,

807 2260 936 2310 Dum
969 2259 1058 2311 tibi
1090 2270 1346 2328 perpetuo
1378 2259 1554 2313 fratris
1585 2262 1898 2328 cepulamnr
1927 2276 2129 2315 amore.

805 2350 934 2402 Nam
967 2349 1119 2402 nobis
1150 2353 1401 2402 mendum
1436 2352 1661 2405 tribuisti
1695 2354 1745 2404 in
1771 2351 1932 2404 corde
1964 2350 2236 2412 sacellum,

802 2445 918 2507 Quo
945 2443 1299 2509 jncundantes
1328 2458 1540 2510 semper
1568 2442 1880 2494 lactabimur
1908 2444 2096 2495 arnbm.

803 2533 1011 2595 Frater,
1045 2535 1274 2586 amicitia
1311 2549 1575 2601 nunquam
1607 2533 1926 2584 frandaliere
1959 2544 2138 2585 nostra
2173 2550 2185 2583 :

801 2625 981 2677 Altera
1012 2624 1286 2691 virginitas
1319 2624 1543 2676 l'CUIItiO
1575 2622 1705 2676 [lore
1740 2632 1990 2684 va..c;itnr;

801 2718 980 2769 Altera
1013 2716 1236 2785 gestabit
1267 2717 1433 2769 solers
1464 2716 1720 2782 sapientia
1754 2731 1968 2767 nomen.

803 2807 862 2857 Et
895 2820 1075 2858 sumus
1105 2805 1355 2873 angelicrs
1387 2806 1561 2858 rni~sze
1589 2805 1654 2857 de
1680 2805 1894 2857 sedibus
1925 2804 2122 2868 istbuc,

804 2896 871 2952 Ut
899 2909 1070 2950 tecum
1096 2908 1342 2950 maneant
1368 2908 1562 2950 nostrae
1589 2899 1854 2950 couSortia
1880 2899 2018 2947 vitai.

878 2989 1100 3042 Basilius
1127 2991 1392 3056 quondam
1422 2991 1700 3043 doctorum
1733 2988 1994 3042 maximus
2023 3001 2208 3040 auctor

802 3082 1051 3135 Condidit
1081 3083 1345 3150 egregiam
1369 3082 1549 3134 divino
1579 3086 1826 3149 dogmate
1859 3082 2024 3148 legem
2059 3098 2069 3108 ·

801 3175 842 3227 A
870 3189 968 3241 qua
998 3174 1254 3241 proreSsit
1285 3173 1484 3226 librata:
1517 3174 1756 3224 normula
1789 3173 1929 3235 vitm,

807 3265 1033 3333 Vergere
1059 3282 1173 3332 quae
1207 3265 1404 3326 nullum
1439 3265 1578 3316 laxat
1607 3266 1705 3316 sub
1737 3263 1972 3331 pondere
2003 3279 2164 3328 szeio,

803 3354 1050 3407 'l'rutinat
1078 3355 1296 3417 electos,
1329 3355 1420 3406 sed
1447 3355 1585 3419 jnsta
1613 3356 1760 3406 lance
1793 3355 1976 3420 libelli,

802 3445 1034 3498 Alternis
1083 3443 1284 3497 vicibus
1342 3442 1546 3516 [Borll.,
1593 3443 1818 3496 Vocibus
1844 3444 1961 3514 alt.j
1996 3445 2222 3496 reddens
2261 3460 2378 3494 ora.

1998 3537 2029 3606 [ι
2051 3539 2129 3589 nla
2159 3540 2373 3599 sanctis,

800 3627 1038 3692 Qualiter
1067 3638 1285 3680 ornetur
1314 3643 1476 3681 verax
1508 3629 1789 3680 conctirdia
1821 3627 2068 3692 fratrum,

800 3719 867 3771 Et
892 3717 1049 3784 justze
1073 3717 1263 3784 jngitcr
1293 3719 1579 3785 fulgescant
1614 3718 1810 3770 hedera
1847 3727 2056 3771 ments.

802 3809 910 3861 Nec
935 3823 1037 3862 non
1070 3807 1267 3862 diserto
1297 3809 1514 3877 digessit
1547 3809 1739 3861 famine
1766 3811 1973 3873 lilrrntn,

802 3899 980 3953 Prima
1011 3909 1307 3952 creatarum
1339 3901 1652 3966 pandentem
1685 3904 1888 3953 semina
1923 3917 2123 3964 rerum,

801 3989 1040 4054 Qualiter
1071 3998 1299 4041 aeternus
1329 3989 1612 4058 plasmaret
1633 3992 1829 4041 saecula
1859 3998 2051 4052 lector,

802 4082 1024 4144 Quoque
1057 4089 1329 4144 potentatu
1361 4081 1674 4147 quadratum
1708 4083 1962 4134 conderet
1993 4084 2194 4143 orbem,

802 4167 1072 4221 Materiam
1105 4170 1284 4223 mundi
1313 4170 1621 4222 discernens
1649 4172 1835 4223 ordine
1869 4183 2035 4236 recto,

803 4264 973 4313 Aurea
1000 4259 1186 4313 devexi
1219 4261 1340 4313 dntn
1375 4260 1564 4314 format
1594 4263 1765 4314 sidera
1800 4265 1944 4316 caeli.

803 4347 935 4402 Hinc
961 4349 1112 4404 nobis
1143 4353 1308 4404 oritur
1333 4354 1509 4405 mundi
1540 4357 1804 4406 nascentis
1835 4357 2004 4423 origo,

799 4442 1026 4495 Cuderet
1051 4454 1105 4495 ut
1127 4460 1363 4497 summus
1391 4461 1567 4498 rerum
1599 4447 1867 4499 molimina
1896 4450 2156 4516 pri..ceps,

807 4535 902 4588 llic
927 4551 982 4586 se
1011 4535 1301 4604 virgineum
1328 4537 1502 4604 prodit
1533 4553 1776 4592 servasse
1810 4542 2082 4606 pudorem,

801 4627 1002 4680 Taliter
1028 4632 1297 4681 al'lirmans
1330 4630 1563 4696 perfecto
1590 4630 1777 4682 famine
1807 4632 1994 4695 pnesnl
2023 4649 2034 4682 :

811 4737 827 4767 ι
878 4717 1123 4772 Frininea
1154 4735 1388 4787 pra-ceps
1419 4722 1641 4789 cognovi
1667 4737 1887 4789 corpora
1919 4739 2207 4789 nunquam,

807 4810 915 4862 Nec
947 4815 1085 4878 tetigi
1120 4813 1324 4878 genitus
1351 4813 1640 4866 muliebres
1675 4819 1901 4879 turpiter
1922 4825 2102 4875 artus;

810 4900 923 4954 [\‘un
953 4911 1125 4952 taruen
1160 4903 1407 4953 immunis
1439 4904 1710 4955 vocitabor
1739 4904 1950 4956 nomine
1983 4906 2149 4973 virgo.
2191 4925 2207 4956 ι

882 4992 1054 5043 lididit
1081 4992 1310 5058 insignes
1337 4993 1490 5044 tellus
1517 4993 1852 5058 Memphiten
1886 5004 2082 5062 patres,

808 5081 1002 5135 Lucida
1036 5096 1300 5148 perpetua:
1323 5097 1618 5136 tnercantcs
1647 5100 1863 5136 munera
1891 5086 2032 5137 vitae.

811 5172 851 5224 Ε
882 5187 1104 5237 quorum
1135 5188 1354 5225 numero
1386 5173 1618 5240 pollebat
1641 5185 1786 5228 sorte
1809 5177 1960 5228 beata

805 5263 1032 5316 Nomine
1057 5263 1260 5317 famoso
1283 5265 1406 5318 felix
1439 5265 1698 5319 Antonius
1726 5281 1930 5329 auctor,

809 5354 1026 5408 Summa
1051 5369 1398 5424 supernorum
1427 5362 1747 5427 conquirens
1771 5377 1929 5431 regna
1963 5364 2226 5430 polorum.

811 5446 904 5499 llic
952 5447 1152 5513 primus
1199 5448 1377 5501 docuit
1420 5449 1654 5502 cultores
1703 5452 1889 5505 ordine
1937 5452 2136 5523 [Bold.,
2169 5456 2370 5525 acerila]

2142 5549 2373 5618 [sanctos

808 5630 1055 5696 Squalida
1081 5647 1175 5700 per
1208 5635 1374 5688 saltus
1406 5647 1647 5703 peterent
1682 5647 1736 5691 ut
1764 5653 1888 5692 rura
1922 5640 2178 5696 locorum.

810 5719 862 5770 In
889 5722 1008 5786 quis
1040 5727 1476 5793 contemplativos
1503 5730 1788 5797 decerpere
1812 5733 2013 5783 fructus

815 5809 1048 5876 PUSsent,
1082 5823 1134 5868 et
1159 5815 1348 5885 jngiter
1385 5818 1610 5872 Domino
1639 5822 1940 5875 famulat‘icr
1970 5822 2097 5874 alto.

2403 3208 2452 3268 C

2415 527 2466 586 Α
2495 526 2610 586 llic,
2643 529 2875 595 inquam,
2910 529 3114 581 monuit
3135 530 3394 581 caelorum
3426 544 3589 598 regna
3619 541 3930 594 merentes,

2491 620 2754 685 Spernere
2780 619 3016 682 delicias,
3050 631 3100 672 et
3125 621 3306 672 mundi
3337 624 3580 689 linquere
3605 639 3804 691 gazas,

2489 709 2665 759 Ardua
2695 711 2907 777 sectari,
2935 725 3032 762 nec
3062 726 3163 764 non
3189 713 3385 764 devexa
3420 729 3636 767 cavere.

2490 803 2624 854 Dum
2649 805 2813 855 calles
2841 806 3037 872 gemini
3077 805 3274 873 dispari
3331 810 3542 862 tramite
3585 808 3851 868 tendunt,

2489 893 2635 947 Unus
2658 896 2709 946 in
2734 896 2979 948 a-tberios
3008 913 3101 962 per
3122 900 3240 950 cu:li
3271 901 3501 951 culrrrina
3545 915 3803 962 campos,

2486 986 2636 1038 Alter
2659 987 2736 1038 sic
2763 987 2990 1039 Erebum
3015 989 3202 1040 lustrat
3225 990 3341 1042 sine
3367 991 3469 1042 line
3510 991 3871 1056 profundum.

2485 1075 2650 1142 Cujus
2675 1076 2962 1130 clarrlicarn
2989 1077 3076 1146 qui
3101 1078 3301 1131 malunt
3332 1094 3553 1132 nos(cre
3579 1079 3778 1141 vitam,

2485 1168 2738 1234 Qualibus
2761 1168 2811 1220 in
2841 1170 3040 1223 mundo
3061 1171 3223 1238 signis
3250 1172 3506 1226 effu'serit
3543 1175 3751 1240 almus,

2485 1261 2710 1328 Quoque
2733 1263 2890 1314 modo
2913 1277 3133 1330 spurcas
3155 1266 3355 1318 curarit
3383 1281 3614 1332 corpore
3645 1265 3838 1318 clades
3858 1309 3871 1329 ,

2489 1351 2606 1404 Dira
2637 1353 2912 1406 salutifero
2936 1365 3240 1408 restaurans
3265 1355 3443 1409 ulcera
3471 1358 3603 1416 fotu.

2485 1441 2724 1507 Qualiter
2758 1453 2816 1496 ut
2839 1444 3075 1499 medicus
3099 1447 3412 1514 populorum
3441 1448 3678 1513 pestibus
3712 1449 3945 1502 obstans

2490 1535 2724 1589 Morbida
2751 1539 2951 1590 sanatis
2976 1550 3255 1590 renovaret
3279 1541 3482 1591 viscera
3515 1542 3684 1602 fibris,

2487 1626 2600 1680 Non
2635 1628 2806 1694 pigeat
2832 1643 3048 1694 prorsus
3079 1630 3270 1681 seriem
3301 1641 3569 1696 speetasse
3597 1631 3793 1693 lrbclfi,

2488 1719 2542 1772 In
2572 1735 2675 1785 quo
2700 1721 3006 1774 scribuntur
3026 1721 3245 1774 virtutes
3273 1722 3415 1774 illius
3439 1723 3650 1788 amplae.

2561 1809 2710 1862 llaud
2743 1825 2895 1864 secus
2919 1820 2974 1864 et
3000 1811 3192 1865 Paulus
3236 1813 3400 1877 signis
3439 1828 3600 1880 super
3643 1814 3858 1865 ειιιιιρττι
3903 1825 4052 1872 notus,

2412 1872 2458 1932 Β
2489 1899 2748 1952 Omnibus
2769 1910 2820 1953 et
2850 1902 3024 1968 regnis
3053 1917 3169 1969 qum.
3203 1901 3427 1954 lustrant
3455 1905 3649 1954 lumina
3677 1903 3902 1962 Pbo:bi,

2490 1991 2590 2044 Per
2613 1989 2823 2043 deserta
2857 1990 2953 2044 fuit
2977 2005 3082 2058 quo
3113 2007 3218 2044 non
3247 1996 3584 2059 prmstantior
3607 1994 3772 2051 alter.

2487 2080 2682 2132 Tendit
2706 2080 2770 2133 ad
2805 2091 3002 2133 {eterna
3029 2080 3146 2134 felix
3178 2081 3474 2133 habitacula
3502 2084 3674 2133 miles.

2491 2169 2638 2223 llunc
2668 2185 2830 2238 gener
2853 2169 3049 2222 inﬁdus
3074 2171 3355 2237 strOpboso
3400 2171 3586 2224 fallere
3617 2181 3777 2238 gestu

2483 2259 2662 2313 Maluit
2688 2261 2976 2324 insontem,
3010 2260 3350 2326 disrumpens
3380 2263 3576 2314 futdera
3612 2265 3764 2328 pacis
3794 2283 3803 2314 :

2485 2351 2686 2405 lderrco
2716 2353 2920 2420 fugiens
2941 2355 3133 2421 qumrit
3157 2354 3257 2406 sub
3289 2371 3419 2417 rnpe
3454 2355 3706 2416 latebras,

2488 2444 2662 2496 Donec
2687 2443 2901 2495 tortoris
2923 2444 3048 2494 szevi
3077 2453 3339 2496 tormenta
3365 2447 3630 2504 fatiscant,

2486 2533 2551 2584 Et
2575 2545 2758 2584 rursus
2783 2532 2987 2600 placido
3013 2531 3222 2585 lmtetur
3255 2542 3493 2600 tempore
3523 2532 3780 2585 ninndus.

2482 2623 2648 2687 Quem
2673 2623 2840 2675 nutrit
2863 2623 2912 2675 in
2941 2632 3126 2692 crypta
3157 2623 3368 2690 palmeti
3403 2623 3646 2689 dactylus
3674 2634 3854 2684 arcta,

2485 2715 2550 2766 Et
2571 2713 2764 2766 fruitur
2787 2713 2928 2765 foliis
2953 2728 3045 2779 pro
3068 2714 3246 2778 aprico
3270 2713 3500 2779 tegmine
3537 2713 3699 2778 pepli.

2483 2805 2612 2858 Nam
2643 2805 2759 2858 sitis
2788 2804 3033 2858 ardorem
3065 2803 3308 2856 demebat
3339 2806 3544 2871 gurgite
3577 2803 3762 2854 fontis.

2483 2898 2650 2958 Quem
2677 2910 2817 2955 mox,
2845 2903 2899 2946 ut
2929 2894 3126 2958 genuit.
3155 2893 3360 2946 telluris
3392 2897 3565 2961 glarea
3599 2896 3856 2960 glaucum

2483 2983 2684 3036 Rursus
2716 2983 2769 3036 iu
2801 2982 3071 3050 obliquum
3117 2981 3301 3036 latices
3321 2984 3584 3034 etl'uderat
3607 2995 3853 3044 antrum,

2481 3077 2662 3143 Aliger
2691 3086 2794 3127 tam
2824 3089 3028 3142 prarpes
3052 3074 3233 3142 gracili
3258 3078 3548 3128 nutrimine
3576 3074 3739 3127 farris

2485 3165 2704 3218 [’avcrat
2727 3166 2778 3218 itr
2804 3179 2962 3232 Speru
2988 3165 3178 3233 palmm
3201 3165 3298 3218 sub
3331 3164 3606 3218 frondibus
3650 3166 3778 3218 altis
3805 3184 3816 3223 ;

2483 3255 2578 3309 Cui
2606 3255 2998 3307 famulabantur
3021 3264 3195 3324 spreta
3221 3255 3427 3308 feritate
3454 3257 3664 3318 leones,

2486 3354 2653 3414 Atque
2676 3345 2780 3413 lupi
2807 3345 3192 3413 rabidosjussit
3213 3345 3493 3399 mitescere
3517 3348 3698 3399 rictus.

2486 3438 2704 3492 \‘ixerat
2729 3441 2782 3492 in
2809 3440 2986 3505 terris,
3011 3440 3211 3493 caelesti
3244 3455 3464 3492 munere
3490 3441 3671 3503 fretus,

2484 3529 2746 3583 Undecies
2777 3529 2962 3594 denos,
2989 3541 3041 3584 et
3076 3539 3181 3582 tres
3216 3530 3436 3583 feliciter
3462 3546 3650 3593 annos,

2479 3619 2626 3671 Tunc
2655 3621 2888 3683 demum,
2913 3621 3161 3673 telliereis
3191 3622 3415 3686 stipatus
3438 3621 3559 3690 jure
3587 3626 3841 3687 catervis,

2482 3713 2574 3763 lvit
2596 3712 2658 3762 ad
2685 3714 2863 3764 :i-terni
2888 3721 3067 3765 castris
3089 3726 3351 3765 consortia
3378 3715 3548 3780 regni,

2480 3804 2833 3871 i‘ercepturus
2870 3805 2918 3856 in
2951 3808 3160 3857 excelso
3192 3821 3322 3856 nova
3360 3807 3547 3873 gaudia
3578 3810 3768 3860 victor.

2549 3898 2654 3946 Nec
2680 3911 2804 3953 non.
2834 3895 3029 3947 eximia
3060 3895 3312 3947 virtutum
3342 3898 3506 3962 gratia
3534 3898 3577 3949 l'r
3616 3909 3720 3961 Ius,

2481 3985 2707 4037 l‘lnrirna
2744 3986 2968 4050 patravit
2989 3986 3204 4039 deserto
3225 3987 3372 4055 signa
3404 3992 3663 4054 stupenda

2482 4078 2713 4128 Hilari-in
2741 4078 2862 4129 felix
2890 4079 3092 4130 famoso
3123 4079 3337 4130 nomine
3360 4078 3552 4145 dictus,

2478 4172 2644 4231 Quem
2679 4181 2912 4232 praesens
2937 4168 3125 4220 crebro
3149 4168 3376 4220 mundus
3399 4183 3612 4220 rumore
3644 4171 3905 4221 celebrat.

2483 4257 2612 4309 llum
2661 4257 2882 4324 cupidus
2916 4259 3075 4324 gestit
3115 4273 3350 4310 normam
3399 4260 3731 4326 aequiparare
3778 4266 4028 4330 ιιιιεέδιιι.

2481 4351 2544 4402 Et
2575 4351 2825 4402 simulare
2854 4349 2932 4402 sui
2961 4349 3068 4419 jam
3099 4351 3472 4418 perpendicula
3505 4355 3687 4420 patris.

2483 4441 2576 4494 llic
2605 4443 2782 4494 stricta
2813 4456 3004 4508 corpus
3032 4442 3266 4494 frenabat
3299 4443 3410 4508 lege
3443 4445 3706 4510 petnlcun

2403 4553 2456 4610 1)
2484 4533 2699 4584 Tetriila
2733 4533 2940 4585 lasciva.-
2971 4533 3188 4586 (lClllClh
3212 4534 3450 4586 incendia
3497 4537 3689 4586 carnis.

2477 4624 2680 4689 Quique
2725 4623 3002 4676 titillantes
3048 4623 3248 4690 sprevit
3303 4624 3589 4690 primordia
3649 4624 3840 4690 luxus,

2482 4714 2654 4765 l‘rima
2675 4713 2969 4778 juventutis
2997 4717 3210 4766 calcans
3245 4714 3442 4766 ludicra
3473 4729 3654 4768 severe

2481 4805 2678 4856 Claruit
2705 4803 2956 4874 A‘jgypto,
2987 4806 3122 4872 quod
3153 4806 3393 4856 strictum
3436 4807 3670 4856 carmine
3707 4807 3904 4874 pando.

2479 4891 2608 4944 Nam
2633 4892 2859 4960 gipsurn,
2886 4898 3106 4945 miseros
3132 4894 3269 4960 quod
3294 4891 3487 4945 dudum
3516 4891 3759 4945 faucibus
3783 4896 3908 4946 atris

2479 4983 2690 5035 Sorbnit
2723 4983 2995 5050 indigenas
3019 5023 3033 5046 ,
3065 4983 3292 5035 ﬂarntnis
3327 4982 3616 5035 combussit
3647 4999 3902 5050 enorme,

2483 5073 2614 5125 Dum
2638 5089 2795 5141 rogus
2820 5076 3012 5141 ingenti
3048 5074 3310 5142 lignorum
3338 5073 3518 5128 fomite
3536 5073 3768 5143 ﬂagrans

2480 5165 2793 5232 lteptantem
2824 5167 2872 5218 iu
2907 5181 3099 5232 prunas
3121 5166 3445 5234 consumpsit
3474 5175 3614 5220 torre
3638 5168 3962 5237 chelydruru.

2481 5256 2715 5324 Denique
2739 5271 2858 5308 cum
2893 5257 3060 5324 pelagi
3096 5255 3358 5308 montanis
3387 5255 3631 5310 fluctibus
3669 5259 3796 5310 olim

2477 5347 2712 5417 [Equora
2748 5364 2838 5416 per
2871 5352 3065 5402 vitreos
3091 5349 3336 5402 bullirent
3363 5348 3562 5418 turgida
3593 5366 3832 5419 campos,

2475 5441 2761 5511 Priscaque
2794 5452 3099 5507 turgesceus
3130 5458 3230 5494 non
3257 5452 3436 5496 nosset
3468 5443 3640 5494 littora
3674 5458 3868 5511 pontus
3889 5487 3903 5508 ,

2475 5535 2677 5586 (Imrula
2723 5533 3016 5602 lltrctivagis
3044 5535 3134 5586 sed
3165 5543 3382 5601 regnant
3413 5536 3639 5588 molibus
3667 5538 3804 5599 alta,

2479 5625 2609 5677 Dum
2641 5625 2878 5692 proprias
2908 5634 3164 5692 spernunt
3189 5629 3450 5693 spumosis
3484 5627 3728 5681 lim-tibus
3761 5645 3899 5688 ores.

2474 5716 2618 5769 Tum:
2643 5730 2825 5768 omnes
2858 5716 3052 5783 pariter
3072 5715 3425 5783 glomerantes
3457 5718 3663 5784 agmine
3683 5719 3870 5780 denso,

2475 5806 2666 5859 Contra
2699 5806 2879 5859 flustra
2910 5818 3091 5858 senem
3123 5805 3381 5860 sistebant
3411 5807 3613 5874 turgida
3639 5819 3902 5872 sanctum,
