4172 6540
181 453 293 505 9.35
1413 442 1496 497 DE
1538 443 1717 498 LAUD

1840 442 1875 495 S
1920 441 2275 498 VIRGINUM.
3345 451 3446 505 εει

186 476 293 507 200

183 566 249 614 Μ
280 561 442 613 ttdum
477 559 684 611 tremuli
712 566 992 625 patronum
1022 556 1120 609 rite
1141 556 1431 625 rogabant,

177 651 448 703 Auxilium
481 651 692 703 miseris
719 658 775 702 ut
804 648 966 702 ferret
992 646 1194 703 civibus
1225 650 1384 703 ultro.

180 743 273 795 llle
301 744 473 796 crucis
498 742 717 811 pingens
744 743 941 809 pariter
962 741 1233 808 signacula
1259 741 1448 803 sulcat,

177 834 441 887 llorridus
466 836 515 888 in
539 833 809 888 cumulum
838 834 1096 886 salsarum
1121 833 1298 887 fluxus
1323 848 1577 899 aquarum

174 924 461 978 Concrevit
490 939 651 992 porro
677 939 898 990 surgens
926 924 988 975 ad
1022 924 1193 977 sidera
1217 924 1362 988 εαξη,

177 1015 301 1067 Mox
339 1015 617 1067 furibunda
638 1014 799 1067 maris
827 1014 1141 1081 compressit
1162 1014 1355 1065 cterula
1390 1012 1543 1066 Stevi.

176 1109 263 1161 Sic
289 1108 441 1162 miles
463 1108 656 1163 ChriSti
687 1106 927 1160 frenabat
958 1121 1218 1159 marmora
1246 1107 1415 1175 ponti,

176 1201 248 1257 Ut
278 1205 468 1256 merito
485 1202 652 1256 sancti
678 1217 779 1253 non
812 1215 1041 1267 unquam
1076 1200 1210 1253 fama
1239 1199 1467 1251 fatiscat.

244 1295 334 1347 Sic
362 1307 570 1361 quoque
598 1294 647 1346 in
676 1291 910 1362 Egypto
932 1290 1098 1344 fertur
1122 1293 1327 1343 vexisse
1350 1289 1610 1354 Joannes,

173 1385 373 1438 Accola
406 1385 623 1446 deserti,
649 1384 810 1436 vitam
843 1384 958 1435 sine
996 1382 1217 1434 crimine
1250 1380 1470 1434 ducens.

170 1476 273 1541 Qui
304 1476 506 1530 strictis
536 1474 806 1543 proprium
840 1472 1068 1526 nudabat
1094 1472 1317 1525 nexibus
1340 1486 1538 1535 :evunt,

173 1570 388 1623 Carnea
415 1569 624 1621 lasciva:
650 1568 871 1621 vincens
900 1566 1163 1635 ergastula
1192 1565 1407 1627 mentis,

168 1666 513 1717 Cunservans
544 1663 811 1731 geminum
836 1663 980 1728 justo
1013 1660 1378 1711 moderamine
1408 1656 1646 1725 pondus,

164 1754 306 1809 Dum
338 1754 514 1808 divina
545 1754 701 1806 ducet
721 1752 937 1819 duplam
966 1748 1227 1804 sententia
1255 1748 1446 1816 vitam,

164 1844 339 1909 Quam
363 1852 541 1897 rector
563 1842 717 1896 debet
744 1841 883 1909 justa
914 1841 1227 1893 discernere
1254 1840 1432 1902 lance,

164 1938 345 2003 Atque
371 1933 774 2003 gubernandum
805 1934 984 1985 carnis
1019 1947 1341 1999 cognoscere
1372 1942 1599 1984 motum.

168 2026 321 2079 llunc
348 2024 549 2078 famosa
582 2023 768 2077 rudem
797 2022 1035 2089 replebat
1060 2022 1229 2089 gratia
1262 2031 1461 2087 vatem,

164 2116 235 2172 Ut
265 2126 447 2185 posset
476 2117 688 2170 clausas
718 2129 896 2168 rerum
929 2128 1169 2167 reserare
1201 2113 1431 2168 latebras
1452 2153 1464 2177 ,

162 2208 418 2262 Clanciila
442 2209 679 2275 virginea
709 2207 947 2275 pandens
974 2207 1224 2275 mysteria
1258 2206 1428 2261 clave.

160 2300 428 2367 Tempore
460 2314 579 2353 nam
605 2298 836 2367 quodam
868 2312 961 2363 per
981 2312 1225 2349 somnum
1252 2298 1443 2350 femina
1475 2298 1642 2351 sensit

162 2390 387 2444 Munere
416 2391 672 2443 virtutum
697 2402 855 2456 quam
886 2388 1041 2455 pleno
1066 2386 1321 2454 praeditus
1360 2395 1525 2450 esset,

161 2481 378 2535 Scilicet
404 2489 640 2546 optatam
672 2478 797 2531 dum
830 2477 1056 2545 sumpsit
1087 2492 1247 2530 carne
1283 2478 1563 2541 medelam,

162 2571 471 2638 Quamlibet
498 2579 624 2624 ante
653 2582 871 2637 gemens
900 2577 1130 2636 gestaret
1162 2568 1324 2622 corde
1352 2570 1646 2636 querelam.

236 2662 522 2728 Imperium
551 2660 753 2712 mundo
776 2658 974 2712 ﬂorens
1002 2672 1123 2711 cum
1150 2657 1316 2711 Roma
1350 2668 1579 2723 teneret,

164 2757 339 2826 Atque
361 2755 682 2824 gubernaret
710 2766 995 2821 regnorum
1038 2760 1248 2819 sceptra
1278 2765 1374 2818 per
1403 2753 1611 2815 orbem,

160 2845 517 2915 Temporibus
548 2844 751 2897 faustus
781 2842 1103 2896 Benedictus
1132 2844 1325 2895 claruit
1356 2844 1547 2905 isdem,

159 2938 331 3005 Quem
364 2936 505 2989 Deus
535 2934 783 2989 Ausonia).
807 2934 1042 2987 clemens
1066 2932 1356 2986 indulserat
1386 2944 1603 2998 auctor,

160 3029 227 3082 Ut
258 3027 509 3097 populum
543 3026 749 3079 Domini
780 3025 1059 3078 vadentem
1091 3026 1302 3078 tramite
1342 3036 1488 3081 recto

158 3121 345 3175 Ferret
366 3120 431 3172 ad
464 3119 648 3173 :eterni
676 3118 865 3171 ductor
902 3118 1121 3185 vestigia
1158 3118 1302 3186 regni
1335 3137 1345 3171 :

157 3212 327 3277 Quem
354 3210 498 3279 prius
523 3209 801 3262 abstrusus
830 3210 985 3262 saevis
1014 3208 1343 3265 anfractibus
1370 3226 1523 3264 error

155 3302 341 3356 Traxit
362 3301 428 3355 ad
458 3300 654 3355 inferni
688 3302 936 3354 torrentis
972 3310 1167 3355 tartara
1212 3303 1381 3372 nigra.

154 3393 307 3459 Saepe
339 3402 682 3462 tyrannorum
713 3392 965 3445 contrivit
998 3393 1193 3460 templa
1220 3409 1484 3461 priorum,

154 3484 252 3548 Qui
287 3482 566 3535 Dominum
589 3482 719 3536 lucis
744 3484 1025 3537 tenebroso
1054 3483 1217 3537 corde
1242 3486 1412 3553 negab
1432 3496 1529 3539 int.

154 3574 272 3626 Mox
303 3573 373 3626 ibi
405 3572 642 3641 deﬁgens
674 3574 908 3627 victricia
941 3576 1087 3644 signa
1114 3577 1325 3641 salutis,

153 3664 243 3717 Sic
270 3663 425 3717 miles
455 3662 653 3717 Christi
687 3664 897 3718 devicto
929 3667 1080 3720 hoste
1111 3668 1423 3736 triumphat,

155 3754 433 3808 Basilicam
470 3755 696 3808 Domino
726 3765 1035 3810 restaurans
1064 3758 1177 3811 :ede
1207 3771 1407 3813 renata.

152 3849 281 3914 Quis
314 3847 539 3914 modus,
572 3858 660 3900 aut
695 3863 950 3903 numerus
972 3890 986 3914 ,
1020 3850 1101 3904 vel
1133 3861 1276 3905 certe
1306 3854 1539 3909 caletiltts
1572 3856 1727 3910 inde!

151 3940 452 4017 Ex_planare
486 3940 624 3993 valet
652 3940 876 3995 virtutes
902 3941 1044 3994 illius
1092 3944 1297 4011 amplas
1318 3985 1331 4008 ,

150 4032 277 4097 Qua:
308 4031 579 4084 modulum
602 4038 656 4084 et
684 4045 963 4085 numerum
994 4033 1259 4087 excedunt
1289 4049 1384 4103 pro
1429 4038 1571 4090 mole
1600 4052 1723 4106 ges-

1508 4129 1727 4200 lterum.

150 4212 390 4281 Namque
420 4212 769 4266 cadaveribus
793 4214 1047 4268 reddebat
1074 4215 1270 4269 lumina
1300 4216 1515 4281 functis,

147 4310 274 4375 Quze
302 4308 495 4377 gelida:
524 4308 712 4361 mortis
737 4323 832 4377 per
855 4310 960 4362 vim
992 4308 1203 4364 fortuna
1236 4322 1470 4367 necarat.

147 4402 340 4455 Auditu
364 4402 552 4453 surdos
576 4406 629 4453 et
654 4398 873 4453 claudos
894 4400 1167 4468 gressibus
1195 4412 1372 4456 ornat.

150 4488 401 4558 ASgrotos
429 4497 633 4558 vegetat
660 4489 1022 4543 membrorum
1056 4490 1254 4543 viribus
1280 4507 1503 4559 augens.

1786 544 1832 597 Α
1867 554 2027 622 llujus
2051 555 2389 607 alumnorum
2420 568 2643 608 numero
2672 555 3036 624 glomeramus
3059 569 3300 625 ovantes,

1865 648 2009 712 Quos
2033 645 2172 715 gerit
2200 646 2247 699 in
2275 646 2475 715 gremio
2507 644 2734 700 fecunda
2790 647 3062 702 Britannia
3096 650 3264 712 cives,

1867 740 1907 790 A
1936 755 2039 805 quo
2058 741 2168 806 jam
2198 739 2349 791 nobis
2372 740 2619 807 baptismi
2646 740 2813 807 gratia
2846 741 3019 804 fluxit,

1862 832 2034 897 Atque
2061 830 2433 899 magistrorum
2468 830 2773 885 veneranda
2801 842 3011 886 caterva
3044 834 3280 888 cucurrit

1933 922 2067 986 ρ-δίά
2100 936 2391 975 memorem
2427 922 2665 991 geminos
2694 938 2952 991 germano
2982 924 3183 979 findere
3212 924 3423 991 fratres,

1862 1013 2165 1068 Reddrutes
2187 1015 2393 1068 animas
2426 1014 2586 1066 astris
2606 1054 2619 1076 ,
2642 1024 2697 1066 et
2723 1030 2945 1082 corpora
2973 1018 3153 1068 terris.

1862 1106 2137 1175 Purpureo
2162 1123 2375 1175 passum
2405 1116 2734 1161 venerantes
2765 1108 3022 1173 sanguine
3053 1108 3345 1173 Christum,

1862 1196 2118 1268 Martyres
2148 1198 2317 1252 effecti
2346 1200 2642 1254 rubuerunt
2672 1212 2834 1252 carne
2862 1209 3109 1264 cruenta;

1859 1289 2064 1360 Quique
2091 1291 2266 1346 vicem
2307 1292 2535 1346 reddunt
2580 1291 2846 1356 Domino,
2881 1298 2938 1344 ut
2979 1290 3253 1347 Psaluiista
3281 1306 3443 1346 cane—

3294 1384 3431 1456 ibat:

1861 1472 1996 1527 Ecce
2026 1474 2310 1529 salutarem
2342 1476 2567 1531 calicem
2601 1492 2694 1546 per
2720 1480 2906 1548 pocula
2929 1478 3118 1532 mortis

1858 1571 2139 1637 Accipiunt
2167 1574 2364 1640 pariter
2394 1584 2676 1642 pergentes
2710 1576 2921 1629 tramite
2947 1573 3173 1637 Christi;

1857 1661 2003 1727 Quos
2031 1661 2187 1715 simul
2219 1664 2417 1716 invenit
2441 1674 2657 1718 sanctus
2684 1674 3016 1720 monstrante
3042 1665 3200 1719 beato

1856 1754 2173 1807 Ambrosius
2206 1754 2369 1808 Paulo
2398 1756 2676 1824 pulsantes
2705 1771 2869 1811 carne
2918 1758 3148 1825 sepulta,

1856 1845 2023 1899 Saxea
2050 1845 2320 1914 quadratis
2349 1862 2482 1915 quos
2507 1848 2689 1902 condit
2722 1848 2959 1903 tumbula
2988 1848 3165 1901 fossis.

1854 1935 1959 1989 llos
1993 1937 2072 2001 pia
2102 1936 2377 2002 virginitas
2400 1940 2645 1991 comebat
2677 1942 2807 1993 llore
2838 1954 3076 2006 superno

1851 2025 2120 2089 Angelicis
2150 2039 2361 2092 semper
2387 2042 2503 2095 qua:
2531 2036 2741 2081 eonstat
2766 2029 2927 2082 chara
2951 2031 3180 2084 catervis
3206 2049 3220 2093 ;

1853 2114 1999 2168 lluus
2029 2114 2339 2182 Gervasius,
2366 2132 2463 2171 nec
2491 2134 2595 2171 non
2630 2120 2903 2175 Prntasius
2937 2123 3108 2187 alter,

1850 2207 2079 2274 imperio
2112 2219 2357 2263 veterum
2389 2212 2576 2264 sortita
2612 2212 2865 2265 vocabula
2898 2223 3129 2281 gestant.

1920 2298 2116 2351 Prmsul
2149 2310 2261 2353 erat
2283 2300 2551 2368 quondam
2572 2301 2849 2355 Narcisms
2882 2305 3015 2357 forte
3041 2312 3283 2362 vocatus,

1854 2388 2118 2441 Virtutum
2147 2390 2355 2442 meritis
2384 2390 2633 2445 redolens
2656 2430 2670 2455 ,
2700 2401 2755 2443 ut
2785 2392 3001 2444 nomine
3036 2391 3253 2453 ﬂorens,

1847 2479 2017 2544 Quem
2044 2478 2199 2531 simul
2222 2480 2449 2532 ornabat
2478 2480 2774 2546 pollescens
2803 2496 3024 2534 munere
3054 2480 3215 2550 duplo

1848 2566 2191 2621 Pontilicatus
2211 2581 2344 2637 apex
2371 2584 2492 2622 cum
2524 2570 2843 2638 virginitatis
2874 2572 3100 2635 honore,

1843 2660 2048 2713 Claruit
2072 2660 2273 2714 idcirco
2307 2662 2505 2714 celebri
2532 2676 2748 2715 rumOre
2789 2677 2880 2729 per
2906 2663 3114 2727 orbem,

1848 2749 1982 2803 Dum
2015 2748 2135 2801 vite
2166 2748 2373 2802 meritis
2404 2748 2615 2803 fulcitur
2650 2752 2840 2819 dogma
2877 2753 3121 2820 loquelae.

1844 2839 1974 2893 Nam
2006 2838 2163 2893 fontis
2200 2840 2388 2894 latices
2414 2841 2535 2895 oleo
2570 2842 2921 2910 pinguescere
2963 2844 3110 2906 fecit,

1842 2931 1910 2985 Et
1940 2932 2134 3001 liquida
2158 2934 2355 2988 crassis
2388 2936 2612 2986 mutavit
2643 2933 2866 2987 [Iuntina
2920 2936 3120 3002 guttis;

1841 3023 2083 3090 Denique
2106 3024 2229 3077 dum
2258 3032 2468 3092 tempus
2492 3023 2642 3078 festis
2668 3025 3009 3093 paschalibus
3032 3034 3215 3092 aptum

1840 3114 2032 3167 Annua
2064 3112 2407 3167 Christicolis
2435 3126 2721 3169 renavaret
2748 3124 2867 3167 vota
2900 3130 2994 3183 per
3020 3116 3223 3180 orbem,

1842 3206 1990 3271 Quod
2016 3207 2152 3261 solet
2173 3207 2388 3260 uberius
2413 3207 2609 3261 Christi
2641 3208 2917 3263 celebrare
2953 3210 3251 3277 triumphos

1844 3295 2045 3350 Cictera
2076 3313 2233 3365 quam
2260 3297 2533 3351 celebrent
2553 3300 2679 3352 anui
2710 3300 2971 3353 solemnia
3021 3290 3176 3365 festa,

1839 3388 1988 3442 Tunc
2017 3390 2192 3443 oleum
2217 3391 2269 3444 in
2297 3406 2459 3444 vacua
2486 3390 2682 3447 defecit
2712 3392 2961 3461 lampade
2982 3394 3130 3458 vitri,

1840 3476 1906 3532 Et
1938 3481 2163 3550 lychnus
2194 3480 2401 3535 fumans
2432 3482 2599 3536 furvis
2623 3483 2896 3551 obtorpuit
2920 3483 3150 3547 umbris,

1838 3568 2078 3624 Pendula
2101 3587 2225 3624 cum
2253 3572 2393 3625 nulla
2432 3573 2732 3627 ﬂantmaret
2757 3574 2875 3627 luce
2908 3575 3148 3627 lucerna.

1836 3664 1953 3716 Mox
1977 3663 2196 3718 fontana
2224 3666 2371 3732 jubet
2394 3666 2671 3720 Narcissus
2698 3666 2914 3720 flumina
2940 3667 3194 3736 lymphm,

1838 3753 2031 3808 Fidens
2056 3757 2105 3809 in
2139 3756 2445 3821 Dominum,
2477 3773 2660 3811 sacros
2684 3757 2907 3812 haurire
2935 3758 3232 3811 ministros.

1839 3844 1904 3898 Et
1925 3848 2195 3912 complere
2222 3862 2410 3901 cavum
2439 3864 2559 3902 cum
2601 3850 2788 3918 glauco
2819 3849 3026 3918 gurgite
3054 3853 3272 3903 vitrum.

1838 3935 2097 3989 Funditur
2128 3939 2325 3992 interea
2359 3957 2452 4006 per
2481 3951 2702 3995 cnnctas
2734 3943 2871 3995 unda
2916 3944 3183 4007 lucernas,

1834 4026 1919 4080 Sic
1951 4030 2262 4085 exorcizans
2288 4032 2510 4099 lychnos
2541 4032 2813 4086 benedixit
2838 4049 3087 4101 aquosus.

1833 4115 2062 4187 Jamque
2092 4121 2230 4174 latex
2268 4122 2453 4177 lucens
2482 4122 2723 4178 flammas
2752 4125 3003 4192 pascebat
3032 4127 3244 4190 edaces,

1837 4209 2054 4278 Papirus
2079 4213 2128 4264 in
2161 4213 2337 4266 medio
2371 4214 2613 4267 radiabat
2643 4216 2846 4269 lumine
2876 4230 3085 4282 centro,

1832 4300 2039 4353 Clarius
2063 4312 2113 4353 et
2137 4304 2303 4356 multo
2338 4319 2497 4369 quam
2532 4304 2702 4359 fomes
2727 4306 2937 4372 pinguis
2972 4307 3120 4368 olivi,

1834 4390 1937 4442 Aut
1965 4402 2108 4443 certe
2135 4392 2187 4444 in
2213 4392 2355 4445 vitro
2398 4394 2779 4460 splendescens
2816 4396 2995 4447 arvina
3028 4398 3233 4449 scrofae.

1834 4483 1949 4536 Mox
1984 4484 2120 4549 vulgi
2152 4498 2357 4537 cuneus
2389 4499 2617 4539 cernens
2648 4488 2907 4539 miracula
2941 4504 3118 4540 rerum
3140 4529 3156 4553 ,

1780 1895 1825 1953 B

150 4574 414 4633 Dzemonis
436 4592 581 4631 arma
610 4574 817 4647 fugatis,
852 4592 949 4631 nec
980 4594 1083 4633 tton
1108 4588 1161 4633 et
1189 4581 1391 4647 Spicula
1425 4584 1676 4653 frangens
1705 4626 1718 4650 ,
1757 4597 1801 4655 ι)
1834 4574 1884 4627 lu
1915 4590 2197 4630 commune
2225 4576 2333 4629 Deo
2363 4586 2539 4645 grates
2564 4578 2851 4647 laudesque
2885 4579 3205 4647 frequentat.

144 4668 397 4723 llostibus
419 4666 649 4735 esplosis
676 4677 940 4721 restaurat
967 4670 1145 4724 saucia
1173 4671 1359 4726 corda.

144 4760 269 4814 Nam
303 4759 646 4827 capisterium
674 4759 933 4813 rimarum
965 4760 1226 4829 fragmine
1251 4775 1465 4832 ruptum

146 4854 384 4915 Innovat,
420 4860 475 4905 ut
498 4851 668 4904 nutrix
698 4850 1050 4921 lacryinaruai
1084 4852 1303 4908 ﬂumina
1344 4857 1497 4911 fudit.

144 4940 458 4996 Pestiferum
489 4940 731 5005 calicem,
753 4942 839 5009 qui
872 4946 1060 4999 mortis
1089 4948 1284 5014 pocula
1305 4950 1498 5014 cinxit,

142 5031 390 5087 Porrecta
417 5033 557 5099 rupit
585 5031 771 5087 dextra
804 5048 896 5101 per
921 5034 1068 5102 signa
1099 5038 1310 5093 salutis.

140 5124 228 5181 Sic
247 5124 405 5180 etiam
435 5122 716 5193 chalybem
752 5124 1054 5194 prolapsum
1106 5130 1315 5199 gurgite
1361 5128 1517 5184 Gothi

141 5218 218 5271 Ad
251 5218 495 5287 proprios
526 5218 715 5271 iterum
740 5217 898 5285 jussit
939 5236 1179 5278 remeare
1213 5224 1461 5280 lacertos.

141 5305 320 5362 Primo
341 5309 428 5377 qui
456 5312 641 5367 statuit
669 5324 866 5370 nostra!
892 5316 1184 5371 certamina
1210 5317 1360 5380 vitae,

141 5396 370 5463 Qualiter
391 5410 627 5468 Optatam
668 5412 881 5459 teneant
907 5406 1149 5460 emnohia
1182 5420 1462 5472 normam,

141 5489 355 5556 Quoque
378 5490 535 5543 modo
566 5504 814 5561 properet
854 5494 1061 5549 directo
1092 5496 1301 5549 tramite
1329 5509 1569 5564 sanctus,

142 5574 217 5627 Ad
242 5589 430 5645 supera
456 5581 717 5636 scandens
738 5584 1005 5638 caelorum
1031 5586 1262 5638 culmina
1295 5589 1497 5650 cultor;

142 5660 298 5733 Cujus
325 5670 641 5737 praclarum
674 5673 912 5741 pandens
935 5677 1001 5729 ab
1024 5676 1233 5746 origine
1264 5678 1427 5733 vitam

142 5754 435 5826 Gregorius
460 5763 652 5829 praasul
677 5765 879 5821 chartis
903 5768 1262 5838 descripserat
1287 5772 1432 5834 oliui,

145 5847 309 5904 Donec
340 5853 615 5911 a-thralein
643 5857 765 5911 felix
804 5861 1058 5931 migraret
1088 5862 1137 5917 in
1166 5879 1376 5919 arcem.

1826 4664 1939 4718 Non
1990 4667 2102 4718 tulit
2141 4667 2277 4720 hanc
2309 4668 2533 4720 faustam
2588 4680 2857 4737 grassatur
2898 4686 3139 4724 crescere
3188 4671 3407 4737 famam,

1822 4754 1919 4820 Qui
1943 4772 2109 4825 genus
2134 4756 2423 4812 humanum
2448 4761 2680 4828 str0phis
2708 4763 2904 4815 elidere
2930 4762 3131 4831 [Bodl.,
3162 4763 3411 4835 eludere]

3192 4853 3403 4926 [certat.

2715 4947 3035 5018 glomerant]
3089 4964 3207 5002 cum
3259 4950 3399 5002 trino

2877 5034 3046 5107 {teste
3085 5037 3405 5101 nefandum,

1821 5120 1920 5186 Qui
1973 5121 2150 5175 scelus
2182 5122 2507 5177 horrendum
2558 5126 2885 5180 concinnant
2926 5125 3130 5198 [Bth.,
3163 5128 3399 5202 conciat]

2952 5220 3198 5291 [crimine
3244 5222 3400 5282 falso,

1822 4939 2115 4993 Concilium
2160 4943 2421 5008 glomerat
2466 4942 2643 4999 lBodl.

1822 5322 2063 5376 Prmsulis
2092 5332 2149 5376 ut
2176 5323 2369 5377 famam
2400 5326 2665 5394 serpentis
2689 5326 2849 5381 dente
2879 5327 3173 5397 lacessant,

1820 5414 1990 5479 Atque
2019 5425 2269 5468 venenata
2300 5424 2542 5469 sanctum
2573 5431 2691 5469 cum
2726 5416 2911 5473 fraude
2938 5421 3223 5489 sugillent,

1820 5501 1857 5554 Ε
1888 5518 2109 5570 quarunt
2143 5520 2364 5560 numero
2388 5521 2544 5574 proce
2568 5508 2682 5560 lens
2716 5508 2960 5576 primitus
2986 5527 3140 5579 unus,

1815 5593 2065 5657 Quamvis
2091 5594 2315 5661 juraret,
2343 5596 2528 5663 pellaci
2564 5596 2746 5652 fraude
2778 5597 2964 5654 fefellit
2997 5619 3009 5652 :

1820 5681 2024 5743 Ignibus
2050 5685 2127 5737 sic
2150 5687 2301 5746 atris,
2344 5695 2397 5739 et
2426 5686 2653 5741 ﬂaminis
2687 5687 2869 5743 fomite
2898 5687 3056 5745 farsis

1814 5771 2148 5840 (Ionllagrem
2188 5775 2422 5843 penitus,
2456 5778 2500 5830 si
2534 5775 2643 5830 fatu
2672 5779 2854 5832 frivola
2888 5781 3105 5850 fingant.

1816 5863 1961 5917 .tltcr
1992 5866 2353 5937 sttbSeqnitur,
2386 5871 2721 5939 strophosatn
2754 5868 2895 5927 frrre
2925 5876 3194 5942 querelam
3223 5896 3235 5939 ι
