4172 6536
814 436 921 490 2ἓῶ
1632 435 1688 490 S.
1734 437 2080 491 ALUIILLMI
2120 436 2398 491 OPLllUM
2445 437 2461 486 ι

2445 437 2617 488 PAR:
2660 435 2743 488 Ill.
2788 463 2858 472 —
2897 434 3236 489 PUEMATA.
3989 439 4066 491 Ξῖέε

817 551 1016 604 Taliter
1040 549 1106 604 ad
1131 561 1328 604 turmas
1360 548 1475 600 infit
1503 563 1620 601 cum
1649 564 1778 603 voce
1810 550 2019 618 procaci
2059 569 2066 598 :

816 641 905 693 Sic
937 657 1050 694 mea
1091 657 1191 693 non
1222 651 1437 708 pereant
1471 643 1631 709 regali
1660 656 1879 709 corpora
1917 641 2136 707 morbo,

814 731 970 795 Quod
1001 745 1154 784 veros
1185 731 1385 798 promit
1410 731 1596 799 juraus
1618 733 1880 784 sententia
1914 731 2070 785 fatus.

812 823 1022 875 'l'ertius
1048 834 1128 875 ast
1153 823 1298 876 testis
1329 823 1528 891 profert
1555 839 1584 877 e
1608 836 1821 892 pectore
1848 835 2088 894 questus,

819 915 1184 982 Etjurainenti
1229 918 1443 970 nodosis
1477 917 1645 970 vincla
1685 919 1888 971 catenis

814 1005 1330 1075 Nititurimprndens
1363 1009 1538 1062 verbis
1559 1010 1926 1079 constringere
1953 1010 2133 1063 falsis:

810 1099 900 1151 Sic
925 1114 1040 1153 mea
1073 1117 1175 1154 non
1207 1102 1436 1156 tenebris
1460 1104 1760 1171 nigrescant
1795 1106 1988 1157 lumina
2021 1105 2208 1169 f'urvis,

813 1191 1098 1247 Glaucoma
1131 1211 1230 1249 nec
1262 1197 1474 1263 penitus
1516 1198 1684 1266 lippos
1715 1198 1983 1252 suffundat
2012 1199 2208 1253 ocellos

810 1285 1062 1338 Asscrtor
1091 1301 1246 1339 verax
1276 1289 1318 1341 si
1355 1288 1548 1356 fingam
1584 1290 1776 1342 farnina
1811 1290 1959 1344 falsa.

810 1373 1098 1444 Propterea
1133 1380 1376 1432 exsilium
1408 1381 1574 1434 voluit
1608 1383 1848 1452 perferre
1878 1383 2130 1437 sacerdos

805 1467 1022 1520 Invidia:
1051 1472 1310 1524 maeularit
1354 1471 1556 1539 fugiens
1586 1472 1817 1525 declinat
1868 1473 2127 1540 iniquam.

806 1558 895 1611 Sic
928 1571 1080 1627 pater
1109 1561 1158 1614 in
1188 1563 1319 1615 saltu
1365 1564 1532 1614 fertur
1564 1561 1758 1616 vixisse
1789 1573 2024 1615 remotus

806 1654 1260 1722 Contemplativos
1289 1670 1517 1723 carpens
1558 1657 1655 1710 sub
1689 1665 1868 1709 tnonte
1901 1655 2162 1723 maniplos
2191 1697 2203 1720 ,

813 1742 946 1795 Dum
990 1745 1136 1797 solus
1167 1745 1263 1797 soli
1297 1743 1511 1798 Christo
1544 1745 1852 1799 famularicr
1891 1756 2071 1812 optat,

808 1833 1033 1888 Lubrica
1066 1835 1294 1889 fallentis
1325 1836 1643 1889 conculcans
1675 1835 1861 1901 gaudia
1895 1834 2059 1886 smcli.

808 1926 928 1977 Mox
967 1928 1123 1994 igitur
1166 1927 1314 1993 punit
1347 1927 1593 1994 pratfatos
1621 1929 1750 1980 ultio
1781 1938 1966 1988 tcsms,

805 2016 906 2081 Qui
939 2018 1287 2071 sacramentis
1315 2019 1636 2072 concinnant
1664 2018 1852 2071 frivola
1888 2019 2053 2072 falsis.

806 2107 872 2158 lit
902 2117 1159 2161 temerare
1185 2111 1402 2162 student
1426 2112 1685 2162 insontem
1717 2111 1940 2162 crimine
1967 2117 2158 2162 vatem.

803 2198 906 2263 En,
951 2199 1058 2250 lare
1085 2201 1305 2251 torrenti
1341 2202 1490 2254 testis
1523 2202 1812 2269 conflagrat
1843 2202 2071 2268 iniquus,

806 2290 1017 2342 Primus
1041 2289 1130 2356 qui
1152 2288 1311 2342 labris
1335 2291 1592 2344 contorsit
1614 2293 1717 2344 tela
1761 2290 2021 2354 nefandis,

806 2380 1057 2434 PRBSUHS
1098 2393 1149 2433 nt
1183 2383 1347 2435 vitam
1379 2383 1652 2436 l'uscarent
1686 2383 1843 2436 verba
1879 2383 2127 2448 maligna.

806 2475 1050 2528 Culmina
1078 2475 1218 2527 celsa
1262 2485 1481 2540 crepant
1511 2476 1687 2543 ignitis
1716 2485 1830 2528 usta
1865 2475 2079 2540 favillis,

807 2568 982 2635 Atque
1007 2567 1420 2635 propinquorum
1456 2577 1656 2620 turmas
1679 2551 2046 2620 combiisseiat
2075 2565 2252 2618 ardor.

807 2659 898 2712 Sic
939 2675 1149 2726 quoque
1175 2659 1496 2712 crudescens
1524 2659 1780 2713 multabat
1809 2674 1962 2728 poma
1994 2658 2307 2722 sccumlmn,

803 2747 986 2800 Morbo
1014 2748 1174 2815 regali
1218 2748 1496 2814 plectendo
1529 2748 1696 2801 lurida
1726 2748 1966 2801 membra
1996 2790 2009 2812 ,

805 2845 985 2896 Donec
1017 2851 1331 2910 putrescens
1359 2843 1593 2910 prodiret
1620 2853 1829 2910 pectore
1851 2843 2023 2894 flatus.

808 2932 1021 2986 'l‘ertius
1047 2931 1266 2984 orbatus
1299 2932 1522 3001 geminis
1565 2931 1665 2984 sub
1693 2931 1866 2984 fronte
1907 2930 2170 2990 fenestris,

812 3025 1054 3092 Limpida
1085 3024 1208 3077 dum
1239 3024 1474 3078 tenebris
1506 3022 1830 3076 clauduntur
1859 3022 2055 3074 lumina
2100 3019 2272 3074 tetris.

806 3118 903 3170 llic
931 3131 1056 3184 ergo
1081 3115 1288 3184 aspexit
1320 3115 1577 3169 tremulus
1600 3124 1862 3167 tormenta
1897 3113 2152 3181 priorum,

806 3207 1044 3273 Qualiter
1073 3208 1405 3260 AltithrOous
1431 3205 1655 3272 pellaces
1681 3204 1931 3271 plecteret
1962 3212 2131 3268 astus,

803 3298 1067 3352 llorrendi
1099 3298 1320 3352 sceleris
1351 3313 1566 3350 scenam
1593 3296 1839 3362 patefecit
1869 3310 2111 3362 opacam.

806 3388 1048 3442 Machina
1088 3388 1354 3458 detegitur
1379 3389 1532 3443 caecis
1561 3390 1916 3454 frustrataque
1946 3388 2112 3440 stellis
2147 3407 2156 3438 :

809 3480 874 3532 Et
899 3495 1021 3533 reus
1049 3481 1099 3533 in
1131 3490 1330 3534 tantum
1365 3481 1716 3550 lacrymarnm
1750 3479 1964 3532 flmnina
1998 3479 2149 3542 fudit,

806 3572 994 3640 Irrigat
1019 3581 1072 3624 et
1100 3571 1256 3625 salsis
1280 3573 1558 3624 oculorum
1601 3570 1832 3622 fontibus
1863 3585 1952 3622 ora
1972 3609 1987 3632 ,

803 3663 985 3715 Donec
1014 3662 1300 3715 ocellorum
1329 3662 1626 3714 caruissent
1650 3660 1766 3713 luce
1797 3662 2024 3728 pupille.

800 3754 892 3806 Sic
914 3755 1142 3807 vindicta
1175 3769 1292 3807 reos
1317 3755 1577 3821 plectebat
1607 3754 1738 3806 trina
1764 3753 2037 3814 Tonantis,

802 3845 981 3914 Usque
1011 3843 1185 3912 fugam
1214 3846 1334 3897 vitze
1374 3859 1491 3897 cum
1523 3859 1664 3896 mors
1703 3843 1986 3896 bacchatur
2020 3841 2230 3896 acerba.

799 3937 1016 3991 Arbiter
1041 3948 1274 3990 mtcrnus
1305 3935 1431 3988 dum
1477 3945 1687 3987 sontum
1718 3936 1937 3987 crimina
1966 3937 2134 4002 punit,

800 4030 953 4085 Alma
989 4029 1282 4082 sacerdotis
1313 4027 1494 4095 pandit
1537 4029 1797 4095 prieconia
1832 4028 1983 4080 casti.

874 4123 982 4175 Nec
1010 4125 1183 4174 minus
1214 4123 1414 4174 interea
1447 4121 1647 4188 stupuit
1679 4121 2018 4188 Memphitica
2052 4122 2210 4174 tellus

803 4217 1066 4269 ltumores
1090 4225 1298 4281 patrum
1330 4212 1430 4264 sub
1457 4213 1577 4264 cu-li
1618 4212 1851 4265 culmine
1881 4213 2074 4274 claros,

800 4310 844 4363 Ε
876 4308 993 4377 quis
1029 4317 1175 4360 ortus
1205 4316 1319 4360 eiat
1350 4307 1470 4360 felix
1504 4305 1833 4359 Athanasius
1873 4305 2021 4367 olim,

799 4403 962 4470 Cujus
988 4402 1288 4455 Alexanler
1317 4397 1685 4452 sanctissimus
1716 4397 1920 4449 exstitit
1951 4399 2106 4450 altor.

799 4496 841 4547 A
875 4507 980 4559 quo
1013 4491 1183 4544 victus
1222 4501 1336 4544 erat
1367 4501 1572 4542 torvum
1601 4487 1688 4554 qui
1721 4487 1947 4540 schisma
1980 4485 2206 4540 docebat

801 4587 988 4637 Airns
1020 4581 1303 4644 infaustus,
1331 4579 1532 4634 ventris
1560 4577 1684 4631 dum
1718 4578 1922 4630 viscera
1957 4574 2091 4629 fwda

801 4672 1051 4740 'l‘urpiter
1090 4671 1288 4739 egessit
1321 4669 1488 4737 ruptis
1514 4667 1776 4721 extalibns
1807 4668 1918 4730 ani,

803 4768 934 4831 Quae
972 4777 1098 4818 cava
1132 4779 1224 4831 per
1255 4773 1467 4832 cryptas
1491 4761 1831 4829 complebant
1861 4771 2012 4813 antra
2048 4759 2270 4811 lati-inm.

806 4856 1036 4909 Sanctus
1059 4853 1386 4919 Alexander,
1417 4854 1592 4905 missa:
1633 4850 1969 4904 solemnibus
1997 4849 2147 4919 aczis,

807 4947 939 5000 Cum
981 4947 1378 4999 celebrarentur
1399 4939 1563 4997 sacra:
1588 4941 1839 4996 libamina
1874 4958 2092 5006 DICIISJ‘,

813 5038 1015 5103 Aspicit
1043 5035 1302 5088 infantum
1329 5036 1474 5103 ponti
1518 5049 1609 5100 per
1653 5034 1828 5087 littora
1858 5044 2084 5098 turmas,

812 5129 1030 5198 Mystica
1061 5129 1200 5182 dona
1225 5128 1316 5181 Dei
1346 5128 1469 5180 ludo
1499 5127 1752 5180 simulare
1784 5127 2068 5192 stupende.

814 5218 959 5271 Vidit
989 5233 1178 5287 nempe
1210 5217 1393 5286 procul
1423 5217 1562 5286 quod
1595 5219 1670 5270 sic
1697 5216 2020 5270 Athanasius
2047 5217 2162 5270 illos

806 5310 1060 5378 Tingeret
1089 5309 1314 5363 infantes
1339 5309 1586 5377 baptismi
1609 5310 1814 5378 gurgite
1844 5323 2069 5371 mersos,

807 5404 918 5458 Ceu
948 5402 1087 5456 foret
1111 5403 1328 5457 antistes
1350 5411 1559 5456 sacrato
1588 5416 1735 5454 more
1757 5401 1988 5455 dicatus.

806 5495 954 5548 Talia
980 5495 1127 5564 signa
1162 5510 1371 5549 sacrum
1406 5494 1879 5563 portenduntcsse
1908 5494 2136 5546 futurum
2164 5534 2178 5556 ,

811 5587 1068 5656 l'rOSpera
1101 5589 1240 5657 quod
1282 5603 1457 5644 rerum
1493 5588 1688 5652 liquido
1721 5588 1927 5641 fortuna
1959 5587 2214 5640 declarat.

811 5677 919 5730 lloc
945 5690 1145 5745 gestum
1175 5680 1313 5732 ludis
1341 5680 1550 5747 apicum
1580 5680 1670 5731 sed
1713 5679 1847 5730 seria
1885 5681 2123 5737 firmant.

810 5771 990 5823 Alinus
1025 5771 1322 5824 Alex:inder
1346 5786 1464 5824 cum
1493 5770 1650 5822 vitam
1681 5770 1865 5823 funere
1894 5770 2100 5823 clausit.

811 5864 926 5916 l‘nst
957 5863 1066 5917 haec
1097 5865 1349 5918 sniztessit
1373 5863 1566 5919 florens
1594 5864 1913 5917 Athanasius
1940 5879 2050 5917 tero
2079 5902 2087 5911 .

2421 556 2468 610 Α
2497 547 2594 611 Qui
2627 546 2798 610 gregis
2826 547 3076 600 excubias
3105 555 3160 598 ut
3195 554 3371 614 pastor
3402 547 3542 600 ovile
3584 555 3769 598 lucrm

2497 640 2689 692 Cootra
2715 639 2989 693 belvarum
3025 639 3236 693 fraudes
3276 641 3546 708 rictusque
3575 641 3864 708 luporum.

2495 732 2593 798 Qui
2627 736 2850 785 liiStrare
2881 732 3054 786 solent
3085 733 3354 792 mandras,
3390 745 3442 785 et
3464 743 3611 799 septa
3640 731 3948 784 bidentum.

2497 822 2593 874 llic
2618 836 2745 890 ergo
2776 823 2970 890 prmsul
3005 823 3319 876 stolidorum
3349 823 3596 892 dogmata
3633 824 3871 877 demens
3895 864 3910 884 ,

2494 913 2674 968 Sanos
2699 914 3070 969 Schismaticos
3093 923 3142 967 et
3172 915 3334 968 melle
3368 917 3598 980 pericula
3636 918 3870 982 perfert.

2494 1006 2659 1067 Quem
2703 1004 2860 1057 iidem
2888 1006 3231 1070 schismatici,
3267 1008 3436 1074 spissa
3465 1007 3946 1072 fallenteraterra,

2496 1096 2755 1150 Infimarc
2784 1099 3021 1162 student,
3052 1098 3308 1167 fingentes
3342 1101 3530 1152 frivola
3565 1102 3719 1163 falsa,

2496 1188 2626 1241 Dum
2658 1190 2764 1258 regi
2796 1199 3093 1244 monstrant
3123 1194 3361 1247 evulsum
3394 1210 3556 1248 carne
3595 1196 3864 1248 lacertum
3887 1238 3903 1258 ,

2496 1279 2559 1332 Et
2590 1278 2762 1333 loculo
2786 1289 2998 1348 gestant
3029 1281 3165 1351 vulgi
3195 1285 3260 1334 ad
3291 1286 3598 1351 Spectacula
3637 1295 3918 1350 truncum,

2493 1371 2642 1436 Quod
2675 1375 2878 1440 magico
2905 1372 3084 1426 stolidi
3115 1375 3297 1429 dicunt
3339 1375 3717 1442 phantasmate
3749 1389 3983 1446 gestum,

2491 1459 2743 1528 Turpiter
2765 1462 3049 1516 Arsenium
3073 1464 3150 1517 sic
3183 1465 3356 1518 l’antes
3385 1481 3612 1532 corpore
3644 1483 3925 1533 niancum,

2491 1550 2591 1616 Qui
2623 1551 2819 1605 dudum
2843 1555 3125 1608 exstiterat
3154 1555 3408 1608 librorum
3445 1559 3657 1610 tramite
3687 1559 3887 1611 lector.

2493 1643 2628 1696 Tum
2651 1643 2802 1711 jubet
2831 1645 3100 1713 Augustus
3127 1655 3302 1701 ratem
3328 1647 3675 1701 Constantius
3707 1651 3915 1702 almum

2497 1733 2747 1788 Protinus
2793 1738 2963 1790 arceri
3017 1737 3247 1807 [Bodl.,
3311 1737 3504 1808 arciri]
3557 1754 3717 1808 porro
3765 1742 3834 1793 de
3896 1744 4068 1795 “illius

3827 1834 3835 1894 ἱ
3871 1833 4037 1884 ἰέιιιῖιιλ

2419 1911 2466 1970 Β
2497 1919 2600 1974 Sed
2625 1936 2776 1974 secus
2801 1924 2998 1987 evenit,
3027 1939 3181 1987 quam
3212 1922 3456 1975 machina
3485 1923 3663 1976 straba
3696 1927 3924 1992 putabat

2497 2013 2751 2067 l’ratfatus
2783 2015 3090 2068 lectordum
3117 2015 3360 2068 fraudem
3393 2014 3626 2082 prodidit
3655 2027 3854 2067 atram.

2562 2105 2708 2159 Tunc
2733 2107 2849 2173 pius
2874 2108 3120 2169 antistes,
3155 2106 3364 2158 deteCIa
3393 2105 3579 2158 fraude
3609 2105 3846 2171 maligna
3881 2105 4068 2175 gl:.u-.,

3768 2198 4034 2267 ltitaligni?

2492 2285 2591 2352 En,
2621 2283 2812 2356 inquit,
2844 2302 3028 2341 sanam
3073 2287 3290 2340 lectoris
3320 2289 3528 2342 cernite
3556 2287 3828 2358 dextram,

2489 2377 2702 2430 Necnon
2735 2393 3014 2432 nervosam
3039 2379 3214 2432 cuncti
3240 2388 3478 2447 spectate
3509 2380 3813 2432 sinistram.

2489 2467 2622 2519 Tum
2669 2482 2834 2518 novus
2863 2469 3057 2520 insonti
3087 2469 3386 2522 crebrescit
3411 2470 3570 2524 laude
3598 2472 3938 2541 triumphus.

2485 2559 2709 2624 Quando
2737 2561 3077 2614 sacerdotem
3112 2569 3341 2614 noscunt
3395 2561 3513 2615 sine
3541 2564 3772 2617 crimine
3806 2580 4063 2621 sanctum.

2487 2649 2734 2704 Aimulus
2765 2650 3055 2719 obstupuit,
3092 2651 3292 2705 fraudis
3321 2651 3447 2705 dum
3481 2667 3639 2706 scena
3673 2658 3925 2720 patescit.

2486 2741 2698 2795 Buxeus
2723 2757 2754 2794 ο
2775 2751 3002 2811 quantos
3031 2743 3231 2796 obtexit
3262 2743 3431 2809 pallor
3461 2744 3688 2811 inertes,

2487 2834 2591 2888 Sen
2614 2844 2758 2887 certe
2786 2833 3040 2902 quosdam
3067 2836 3240 2886 rubra:
3271 2833 3518 2888 confusio
3541 2835 3757 2890 frontis.

2486 2923 2575 2977 Sic
2599 2939 2708 2988 rea,
2739 2923 3062 2994 suffragante
3092 2923 3223 2989 Deo,
3252 2936 3552 2979 commenta
3587 2926 3862 2983 fatiscunt.

2485 3015 2590 3068 Sed
2620 3015 2850 3069 contrita
2875 3016 3005 3069 rotis
3033 3017 3238 3070 extollit
3267 3017 3446 3083 vipera
3473 3017 3680 3086 ca-phal

2486 3105 2552 3161 Et
2575 3120 2758 3161 rursus
2783 3115 2959 3160 ructat
2988 3116 3179 3160 tetrum
3209 3107 3276 3162 de
3299 3108 3448 3162 fauce
3479 3125 3774 3164 venenum.

2489 3198 2728 3264 Namque
2758 3197 2860 3251 alia
2891 3209 3133 3251 sanctum
3167 3199 3404 3252 nituntur
3429 3199 3618 3254 fallere
3650 3201 3868 3260 fraude.

2415 3271 2460 3332 (ἶ
2494 3289 2716 3344 Femina
2751 3305 2946 3358 nempe
2987 3305 3186 3360 procax
3219 3291 3455 3359 stmphis
3499 3293 3758 3348 instructa
3803 3299 4060 3361 nefandis,

2485 3382 2798 3436 lnsimulare
2835 3383 3015 3436 studet
3039 3391 3348 3452 stuprorum
3394 3384 3615 3439 crimine
3646 3397 3852 3442 vatem.

2489 3474 2589 3528 Sed
2613 3473 2756 3528 dicto
2784 3473 2941 3527 citius
2972 3475 3257 3528 verborum
3288 3475 3491 3542 Spicula
3527 3478 3681 3542 peltis

2487 3561 2770 3632 Presbyter
2797 3563 3064 3626 obtundit,
3097 3565 3360 3618 moecham
3406 3565 3680 3620 molimine
3714 3570 3966 3634 vincens,

2484 3655 2652 3721 Quam
2685 3656 2939 3722 probrosa
2973 3673 3160 3710 manus
3181 3659 3402 3711 strictim
3437 3660 3672 3714 tollentis
3704 3663 3970 3718 obuneat.

2486 3747 2592 3802 Sed
2625 3757 2800 3801 tamen
2830 3749 3079 3813 antistes,
3113 3748 3308 3803 Christi
3342 3749 3609 3805 testudine
3637 3753 3833 3817 fretus.

2485 3838 2702 3894 Emula
2735 3855 2996 3893 saevorum
3026 3841 3154 3893 vitat
3183 3842 3433 3909 figmenta
3462 3843 3717 3908 virorum,

2486 3930 2700 3984 Delituit
2722 3930 2862 3983 senis
2891 3945 3150 3984 annorum
3183 3931 3452 3995 cursibus,
3483 3944 3632 3986 extra

2484 4024 2748 4078 Clsternzn
2781 4026 3043 4079 latebram
3070 4025 3406 4079 descendens
3428 4041 3596 4095 usque
3631 4028 3975 4094 profundam,

2486 4120 2616 4183 Quae
2645 4118 2879 4186 lymphis
2902 4133 3064 4170 vacua
3089 4118 3375 4186 pnestabat
3401 4129 3537 4172 tecta
3573 4121 3725 4187 tigilli
3764 4138 3776 4172 :

2488 4208 2602 4273 Qua
2634 4207 2850 4261 latuisse
2882 4209 3060 4262 ferunt
3087 4209 3270 4262 lustris
3296 4209 3628 4263 volventibus
3669 4211 3870 4279 ipsum,

2488 4297 2746 4350 Cerneret
2770 4307 2824 4350 ut
2856 4311 3113 4365 nusquam
3155 4296 3448 4350 radiantem
3481 4299 3676 4350 lumine
3713 4299 3992 4356 thbam.

2486 4389 2714 4443 Justitize
2737 4403 2860 4442 vero
2886 4390 3052 4442 solem
3084 4390 3442 4456 septemplicis
3473 4390 3674 4452 rethrze,

2486 4481 2656 4545 Quem
2699 4495 2851 4534 sacra
2883 4495 2975 4546 per
3001 4481 3174 4532 biblos
3204 4480 3488 4548 dercripSit
3520 4482 3693 4535 littera
3732 4483 3929 4544 lautos.

2490 4570 2727 4625 Pectoris
2757 4572 2945 4625 intuitu
2980 4569 3189 4623 desistit
3216 4585 3438 4624 cernere
3467 4586 3759 4639 nunquam.

2415 4635 2461 4693 ο
2561 4663 2785 4718 Garrnla
2817 4677 2955 4716 nunc
2986 4662 3196 4731 Babylae
3227 4661 3505 4730 depromat
3537 4663 3778 4715 chartula
3813 4664 4044 4730 palmam.

2492 4756 2725 4811 Plurima
2760 4755 3022 4823 pontificis
3049 4755 3288 4822 pandens
3317 4754 3576 4821 pra-conia
3609 4753 3764 4815 clari,

2491 4849 2589 4914 Qui
2616 4849 2792 4917 gregis
2821 4846 3071 4900 excubias
3102 4855 3157 4899 et
3182 4844 3362 4897 caulas
3392 4845 3588 4897 vallare
3611 4844 3886 4898 bidentum

2495 4939 2732 4992 lmbutus
2762 4937 2936 4992 fuerat
2962 4937 3266 5005 conscripto
3295 4935 3543 5004 dogmate
3573 4935 3702 4986 bibli

2503 5033 2744 5085 Dirorum
2773 5040 2957 5084 contra
2985 5044 3194 5082 morsus
3228 5029 3492 5095 rictusque
3525 5026 3792 5092 luporum.

2501 5124 2754 5189 Princeps
2782 5121 3056 5189 imperium
3086 5119 3172 5189 qui
3199 5120 3380 5172 Romae
3409 5126 3628 5171 uexerat
3656 5117 3922 5186 amplum,

2496 5219 2606 5272 lmo
2634 5215 2966 5284 triquadrum
2990 5214 3224 5267 discreto
3253 5211 3418 5266 limite
3447 5211 3723 5272 mundum,

2491 5309 2603 5362 Non
2631 5315 2916 5361 cunctante
2945 5303 3110 5374 gradu
3137 5318 3257 5356 cum
3285 5312 3480 5356 sancta:
3513 5302 3690 5355 limina
3724 5301 3890 5353 valva!

2490 5396 2660 5450 Vellet
2691 5395 2839 5448 adire
2867 5394 3039 5457 ferox,
3073 5391 3290 5459 strOpha
3322 5392 3627 5446 stimulante
3655 5389 3961 5457 malignum.

2488 5491 2621 5543 Tum
2647 5490 2762 5556 pius
2784 5491 3076 5556 Augustum
3100 5485 3364 5554 castigans
3387 5499 3516 5538 voce
3537 5483 3824 5549 superbum

2486 5583 2724 5650 increpat
2751 5585 2994 5644 antistes,
3027 5589 3335 5644 contempto
3356 5585 3636 5630 stemmate
3661 5575 3827 5645 regis,

2489 5673 2617 5726 l’atu
2647 5672 2937 5726 defendens
2965 5671 3102 5724 sacri
3129 5669 3385 5723 veStibnla
3415 5669 3614 5736 templi.

2490 5763 2735 5830 Praecipit
2763 5761 3017 5814 andaCter
3049 5761 3369 5812 maculatum
3393 5760 3542 5814 c:ede
3571 5771 3796 5813 cruenta

2490 5857 2737 5913 Absidam
2768 5856 3009 5912 ecclesia:
3042 5853 3202 5924 pullis
3229 5867 3330 5908 non
3364 5861 3582 5921 tangere
3608 5854 3814 5923 pannis.
