4172 6598
162 557 259 609 957

162 674 380 721 ὶὶννρέιιιτ
407 682 683 733 angustam
718 678 1045 736 quapropter
1076 664 1268 731 pra‘Sul
1302 666 1362 714 atl
1397 664 1594 723 aulam,

161 764 230 815 Lf
265 762 380 813 vice
410 762 694 813 vet'borttttt
726 761 906 813 Strabo
941 774 1057 811 cum
1093 771 1214 824 rege
1249 756 1487 821 loquatur
1525 772 1531 801 :

163 851 358 916 Impius
380 852 645 915 extemplo
675 850 1036 905 venerandum
1064 863 1251 915 cogere
1285 849 1452 912 pannis

164 942 536 994 Lbristicolatu
582 941 742 1007 coepit
773 942 1112 994 constrictum
1144 940 1362 991 nexibus
1394 936 1571 995 arctis,

161 1033 230 1085 [It
256 1038 473 1099 supplex
510 1047 739 1087 veterum
765 1045 936 1086 oraret
964 1032 1210 1097 figmenta
1250 1032 1363 1082 deo'
1384 1046 1491 1089 tun,

162 1125 411 1178 llelubris
443 1124 639 1195 [(30qu
673 1124 923 1195 Delubri]
976 1127 1162 1177 statuis
1210 1124 1377 1175 libans
1433 1122 1733 1172 holocausta

1495 1212 1502 1278 |
1529 1212 1731 1270 litaret;

163 1305 313 1370 Quod
346 1306 535 1358 ﬂamer.
563 1305 685 1359 felix
716 1316 769 1359 ut
796 1320 987 1369 spurca
1021 1319 1224 1357 venena
1256 1312 1488 1362 recusat,

164 1398 272 1450 Nec
299 1398 678 1450 blandimentis
713 1399 939 1450 inclinat
970 1398 1103 1448 Colla
1135 1395 1333 1447 sacelli.

164 1490 297 1541 Tum
330 1500 436 1541 tres
463 1490 691 1541 infantes
721 1504 976 1555 germano
1010 1488 1208 1542 foedere
1244 1486 1448 1537 functos
1474 1525 1488 1544 ,

164 1581 308 1643 Quos
335 1581 449 1645 pius
481 1578 739 1631 imbuerat
766 1577 1049 1645 Scriptura:
1074 1580 1321 1645 dogmate
1353 1574 1538 1641 prtcsul
1565 1614 1575 1634 ,

170 1670 400 1736 Imperat
432 1671 696 1737 Angustus
725 1671 883 1723 lentis
916 1684 1107 1721 vexare
1138 1669 1379 1737 ﬂagellis,

166 1759 440 1823 Quatenus
469 1760 683 1812 inﬂictis
714 1769 961 1812 nutarent
989 1769 1198 1827 pectora
1232 1759 1430 1826 ﬂagris,

170 1850 301 1914 Qua:
335 1853 478 1916 prius
510 1850 825 1903 obstiterant
857 1853 961 1919 regi
994 1865 1180 1918 parere
1208 1850 1453 1902 nefando.

165 1938 270 1991 Sed
307 1949 479 1992 tamen
507 1940 762 1992 infantum
787 1956 888 1991 non
918 1942 1111 1993 cedunt
1137 1953 1356 2005 corpora
1388 1936 1578 2006 pcenis,

166 2030 303 2089 Quin
338 2033 505 2098 mags
536 2030 828 2083 horrendas
858 2032 1076 2084 vincunt
1107 2030 1399 2100 prateordia
1432 2032 1625 2099 virgas,

163 2122 416 2185 Quamvis
447 2122 763 2188 sanguineos
791 2121 1047 2174 fudissent
1080 2123 1297 2175 verbera
1324 2126 1480 2185 rivos,

164 2210 441 2277 Crutlaqne
468 2227 556 2278 per
586 2223 791 2265 teneras
826 2223 1059 2273 rorareut
1086 2213 1299 2264 vulnera
1332 2212 1535 2278 pulpas.

164 2297 317 2352 Tunc
344 2300 553 2353 demunt
579 2303 766 2368 capital
796 2316 1077 2369 perpessus
1111 2303 1243 2355 forte
1273 2302 1541 2365 sacerdos,

164 2388 388 2442 AZtlzera
413 2391 595 2458 glauca
632 2394 757 2457 petit
780 2394 869 2444 tlev
884 2404 995 2447 ecta
1032 2403 1201 2446 morte
1227 2393 1575 2460 triumphans,

167 2482 278 2534 Nec
304 2496 402 2534 noti
437 2484 487 2534 in
514 2494 685 2536 vestes
709 2497 917 2536 sursum
944 2483 1206 2552 migrante
1232 2484 1506 2551 magistro,

163 2571 280 2624 lloc
311 2572 643 2640 esteplttnbi,
670 2587 801 2636 quos
829 2573 1000 2626 rubris
1026 2585 1165 2626 serta
1195 2576 1384 2626 rosetis

162 2662 457 2725 Urnabant,
492 2665 685 2729 pariter
716 2664 972 2716 caelorum
1001 2662 1211 2715 culmen
1232 2672 1475 2726 ovantes,

162 2756 430 2820 Ange’tcis
453 2754 619 2821 juncti
648 2756 995 2822 penetrabant
1017 2757 1240 2809 canibus
1270 2756 1455 2808 altum.

245 2845 373 2908 Quis
401 2852 533 2898 valet
566 2847 798 2900 urbanus
828 2847 1003 2901 laudes
1026 2862 1271 2900 sermone
1295 2847 1458 2914 polito

168 2939 293 2992 Fari
322 2948 622 2990 sanctorum
650 2937 747 2990 sub
768 2937 889 2990 emli
917 2938 1149 2990 culmine
1170 2938 1362 2999 claras,

161 3036 278 3090 Qua
303 3040 517 3079 croceos
546 3024 700 3078 Titan
728 3024 903 3078 radios
926 3024 1170 3078 diffundit
1200 3027 1249 3079 itt
1282 3026 1485 3089 urbem,

165 3119 304 3172 Dum
335 3118 522 3169 lustrat
553 3116 713 3168 latntn
746 3116 943 3169 reﬂexo
973 3116 1178 3169 tramite
1210 3115 1481 3168 tnundum.

161 3208 269 3261 Sed
304 3216 476 3259 tamen
508 3204 745 3273 egregios
774 3204 1089 3271 deprotucns
1119 3205 1326 3271 garrula
1355 3207 1542 3258 scabro

159 3298 384 3363 lncipiet
420 3301 687 3352 celebrare
715 3298 1014 3351 viresnunc
1043 3299 1231 3365 pagina
1264 3312 1420 3350 versu

163 3390 310 3455 Quos
338 3399 571 3441 materna
602 3388 759 3442 simul
786 3389 974 3441 matrix
1003 3389 1158 3442 enixa
1184 3388 1437 3457 gemellos

167 3480 355 3534 Edidit
383 3481 433 3533 iu
464 3479 660 3533 mundo
699 3480 914 3533 sortitos
946 3480 1155 3534 nomina
1186 3480 1364 3545 dupla.

161 3575 403 3634 Quorum
434 3571 566 3624 alter
592 3568 832 3635 Cosmas,
867 3572 1150 3625 Damianns
1176 3570 1367 3624 dicitur
1393 3569 1547 3625 alter.

162 3662 359 3715 linbuit
387 3660 479 3714 hos
510 3663 704 3728 pariter
731 3662 875 3715 saecli
903 3664 1137 3715 doctrina
1171 3662 1453 3725 medelam,

164 3751 271 3805 Nec
299 3766 403 3805 non
432 3750 605 3804 divina
648 3751 913 3819 pratstavit
941 3753 1106 3819 gratia
1137 3754 1325 3821 gratis,

165 3842 234 3897 Ut
267 3852 484 3910 possent
509 3842 654 3894 ﬁbris
686 3850 862 3908 putres
890 3840 1175 3907 explodere
1205 3849 1399 3909 pestes,

162 3936 339 4000 Atque
363 3930 685 3984 salutiferam
714 3932 909 3983 morbis
940 3932 1245 3999 impendere
1266 3947 1471 3995 curant,

164 4021 387 4075 Artibus
418 4020 707 4074 horrendas
739 4022 993 4089 pellentes
1022 4036 1243 4089 corpore
1268 4023 1463 4078 clades.

162 4112 357 4173 Muros,
402 4120 454 4164 et
484 4126 719 4172 mancos,
749 4111 983 4171 claudos,
1016 4112 1308 4180 surdasque
1339 4124 1597 4180 repertOs,

167 4204 391 4258 Luscos.
422 4212 468 4253 et
496 4200 721 4265 strabos,
752 4202 836 4268 qui
872 4211 1003 4253 torta
1030 4200 1145 4255 luce
1169 4201 1428 4266 frttuntttr,

168 4293 387 4351 Ulmus,
421 4305 484 4344 ac
504 4291 706 4353 balbus,
734 4291 820 4357 qui
845 4291 1000 4343 srevis
1030 4291 1185 4344 verba
1216 4292 1437 4359 loquelis

166 4382 364 4435 Fantes
389 4390 755 4449 corrumpunt,
779 4390 831 4435 et
854 4381 1103 4451 quidquid
1134 4382 1311 4437 debile
1344 4384 1526 4449 fertur,

159 4472 385 4527 C(elitus
413 4472 724 4532 instaurant,
756 4471 969 4525 Christo
996 4472 1245 4537 donante,
1278 4476 1526 4530 salutem.

230 4565 431 4631 Sicque
460 4564 599 4616 luem
629 4563 803 4616 carnis
834 4563 1045 4618 trudunt
1072 4566 1419 4623 medicamine
1441 4585 1663 4638 spurcar.

162 4652 267 4706 Nec
296 4665 472 4705 tamen
505 4652 698 4707 eximio
726 4655 975 4707 virtutum
1006 4671 1222 4712 munere
1251 4657 1411 4725 dites,

161 4744 288 4795 Auri
322 4740 557 4796 fallentis
582 4751 788 4811 gestant
815 4746 1080 4814 marsupia
1114 4747 1286 4810 farsa;

160 4836 262 4888 Sed
290 4835 495 4888 loculos
523 4836 722 4886 nummi
746 4837 971 4900 calcant,
1003 4848 1055 4889 ttt
1080 4847 1209 4891 tetra
1236 4854 1459 4899 venena.

161 4923 351 4977 Omnia
382 4922 641 4976 donantes
670 4924 833 4991 gratis
868 4940 960 4993 pro
987 4926 1122 4995 stipe
1140 4942 1385 4997 superna.

162 5014 417 5083 Princeps
452 5014 648 5068 interea
670 5015 871 5078 mundi,
904 5017 989 5085 qui
1022 5028 1230 5085 sceptra
1261 5021 1495 5089 regebat,

161 5107 418 5176 Martyres
444 5106 633 5159 edictis
661 5108 849 5160 multat
871 5107 1175 5163 crudelibus
1198 5121 1369 5166 atrox.

163 5197 293 5250 'l'unt
316 5197 559 5266 geminos
590 5196 758 5266 pelagi
791 5198 1068 5265 prtedictos
1094 5202 1299 5270 gurgite
1333 5202 1520 5258 fratres

162 5287 417 5342 Merserat
450 5288 501 5339 in
534 5296 749 5354 pontum
782 5286 943 5341 fretos
967 5290 1163 5344 virtute
1186 5291 1477 5345 Tonantis:

163 5378 347 5447 Algida
380 5376 475 5431 sed
505 5373 687 5430 vitreis
716 5378 1005 5432 mitescunt
1032 5393 1243 5448 :equora
1274 5379 1470 5438 ﬂustris

168 5468 293 5518 hom
321 5467 463 5520 dicto
489 5464 643 5519 citius
664 5474 875 5520 sanctos
897 5467 962 5521 ad
992 5467 1163 5522 littora
1192 5481 1421 5528 vectant.

164 5558 247 5611 Sic
269 5570 579 5625 compressa
603 5556 730 5610 salis
755 5571 905 5611 sacra
935 5557 1131 5614 virtute
1162 5571 1415 5628 potestas,

163 5648 393 5719 Turgida
424 5646 720 5717 ﬂuctivagis
744 5648 934 5715 sopivit
955 5651 1149 5702 caerula
1176 5654 1398 5720 campis,

167 5741 388 5796 Dextera
417 5742 542 5795 dum
572 5742 737 5809 patris
771 5751 977 5807 portum
1021 5742 1273 5809 patefecit
1302 5745 1352 5797 in
1386 5746 1559 5799 unciis.

169 5830 359 5899 Impius
386 5831 586 5885 idcirco
611 5844 835 5884 cernens
867 5830 1055 5884 vexilla
1089 5834 1293 5899 troptei,

170 5921 340 5976 Altera
371 5922 652 5992 gorgoneis
682 5921 894 5977 molitur
921 5922 1109 5976 damna
1147 5922 1380 5987 venenis,

1369 550 1452 601 11ῐί
1497 545 1833 601 LAL'DiBlJS
1876 545 2219 599 VlllCle'f-l.

3298 552 3400 607 258

1772 660 1816 718 Λ
1848 656 1973 708 Nam
2013 661 2301 712 truculenta
2337 668 2476 713 le.ox
2506 664 2833 716 flammarum
2879 663 3059 731 palmis
3096 676 3279 723 torrct.

1839 748 1903 797 fit
1931 761 2379 802 sacramentorum
2412 752 2674 805 fornacem
2711 755 2888 807 fomite
2915 755 3082 812 fari-it,

1841 840 1894 890 lit
1928 856 2080 904 quam
2109 840 2417 907 ﬂagrantem
2451 858 2628 896 sacros
2660 847 2939 899 detrudere
2966 846 3146 914 jtt~stl.

1841 928 1904 981 l't
1940 946 2095 996 rogus
2130 931 2363 985 insontes
2396 950 2678 1000 prunarttttt
2723 950 2863 989 torre
2892 950 3153 990 cremaret

1841 1023 2015 1081 Attus.
2051 1038 2183 1087 quos
2214 1024 2407 1076 dudum
2444 1036 2744 1091 turgt-scenis
2775 1030 2975 1095 gorgite
3011 1043 3198 1095 portus

1839 1112 2075 1180 Mei-gere
2105 1128 2203 1164 non
2230 1114 2407 1181 quibat
2439 1118 2769 1183 lympharum
2810 1117 3051 1172 fluctibus
3075 1122 3218 1171 atris.

1838 1204 1925 1257 Sic.
1956 1204 2123 1253 facula
2154 1205 2378 1257 flamma!
2413 1208 2640 1261 fornacis
2674 1207 2855 1261 fomite
2889 1208 3060 1277 friget,

1842 1293 1906 1347 [ι
1936 1294 2084 1345 miles
2107 1294 2320 1360 Christi,
2366 1298 2605 1365 neglecto
2636 1300 2841 1353 turbine
2876 1302 3122 1361 ﬂanima',

1842 1385 2106 1436 lit-(lderet
2140 1402 2375 1455 ingentes
2410 1405 2503 1457 pro
2535 1392 2637 1443 vita
2670 1394 2863 1456 sospite
2896 1406 3087 1461 grates.

1839 1476 1945 1528 Cen
1977 1479 2309 1530 Salatttandra
2353 1484 2496 1534 focos
2524 1484 2661 1535 solet
2693 1485 2944 1538 insultare
2970 1502 3238 1554 pyrarum,

1842 1571 2091 1633 Quamvis
2115 1574 2387 1637 congeries
2414 1576 2735 1640 glomcretnr
2759 1578 2889 1630 forte
2923 1595 3191 1647 rogorum.

1842 1657 1988 1711 'l‘nac
2016 1674 2192 1711 cruris
2222 1662 2270 1712 itt
2304 1663 2533 1729 patulam
2563 1678 2819 1730 Coguntur
2846 1670 3103 1723 scandere
3149 1671 3326 1735 robur,

1845 1748 2010 1812 Atque
2036 1751 2395 1815 pliaretrarnm
2427 1752 2617 1805 (16.5115
2648 1754 2866 1809 sufferre
2898 1760 3133 1827 Sagittas.

1843 1837 1957 1889 Mox
1991 1852 2131 1892 sator
2162 1853 2223 1892 a-t
2266 1859 2409 1907 rnus,
2436 1846 2521 1911 qui
2550 1850 2899 1915 S.tll(‘,|()Sjl1l't‘.
2931 1852 3238 1918 triumphat,

1845 1926 2054 1994 Spicula
2090 1940 2343 1984 tortorum
2368 1936 2624 2001 eonfiegit
2652 1939 2759 1987 dira
2794 1955 3023 1990 rearout.

1772 2005 1816 2063 Β
1847 2019 1981 2070 Exin
2009 2021 2243 2089 martyrii
2271 2035 2607 2090 sumpserunt
2636 2036 2773 2078 serta
2806 2041 3041 2088 cruenta,

1846 2112 1923 2162 Ad
1953 2125 2182 2164 convexa
2219 2114 2320 2176 poli
2355 2116 2638 2181 migrantes
2668 2119 2894 2170 culmina
2922 2122 3068 2173 celsi.

1916 2200 2021 2253 Nec
2071 2203 2375 2256 tncminis‘c
2409 2223 2584 2258 moror
2614 2211 2868 2274 prwconia
2913 2212 3052 2263 clara
3102 2210 3407 2283 Clnysanti,

1845 2289 2012 2355 Quem
2047 2304 2234 2345 merito
2260 2296 2483 2346 mundus
2512 2299 2705 2349 famosa
2743 2300 2893 2351 laude
2922 2300 3235 2369 frequentat.

1848 2381 1994 2433 llunc
2026 2383 2176 2449 igitur
2206 2388 2410 2451 genitor
2436 2386 2706 2439 ﬂorentem
2741 2399 2975 2456 tempore
3010 2404 3158 2457 proto

1844 2472 2086 2526 Tradidit
2116 2474 2370 2528 investem
2406 2480 2674 2530 rhetorum
2711 2479 2842 2533 forte
2872 2483 3157 2552 magistris,

1848 2562 1913 2617 Ut
1941 2579 2067 2630 puer
2095 2563 2287 2617 indolis
2320 2565 2573 2619 librorum
2606 2569 2833 2623 disceret
2864 2585 3026 2635 artes,

1844 2655 1985 2719 Quas
2018 2656 2282 2708 mundana
2314 2658 2438 2709 colit
2466 2659 2656 2711 stolido
2684 2662 2939 2728 sapientia
2969 2676 3146 2716 sensu.

1845 2746 1944 2813 Qui
1976 2747 2092 2808 fuit,
2128 2756 2181 2798 ιιι
2208 2746 2395 2811 fertur,
2429 2749 2652 2803 donatus
2684 2763 2858 2804 tuente
2882 2754 3077 2820 sztgaci.

1846 2838 2051 2893 Ardcns
2082 2840 2318 2907 ingenio,
2351 2852 2405 2895 et
2438 2846 2676 2909 prudenti
2711 2860 2919 2913 pectore
2948 2850 3129 2916 puber.

1847 2930 1972 2981 f'osl
2002 2930 2112 2983 lucc
2139 2929 2357 2983 illustris
2383 2934 2505 2983 dttnt
2538 2948 2688 2985 sacra
2717 2936 2976 2988 volumina
3011 2939 3176 2990 lector

1849 3020 2075 3073 Auribus
2108 3022 2370 3075 hausisset
2397 3023 2600 3077 cmicsri
2630 3038 2916 3092 gratutnale
2944 3029 3159 3094 scripta,

1848 3110 2095 3167 Protinus
2117 3115 2345 3182 antiqua:
2372 3125 2715 3170 contemnens
2745 3116 2988 3186 dogmata
3019 3130 3193 3183 secta',

1853 3205 2005 3257 Falsa
2035 3215 2353 3257 \‘ClU:|lll‘Ulll
2379 3205 2602 3259 calcavit
2629 3205 2813 3261 frivola
2847 3209 3041 3274 legunt,

1852 3294 1914 3345 Et
1944 3295 2083 3346 dicto
2106 3296 2283 3358 citius,
2314 3305 2495 3350 nactus
2524 3296 2815 3351 rudimenta
2850 3300 2990 3365 fidei,

1854 3343 1912 3345 __
1950 3343 2048 3346 π--
2314 3343 2492 3350 --_--.-_
2850 3343 2931 3351 ..ψ
2956 3343 2990 3365 .,

1765 3343 1816 3405 c
1850 3381 2133 3449 Flagitium
2168 3385 2382 3437 sceleris
2424 3385 2665 3453 baptisttti
2695 3388 2874 3441 didicit
2907 3391 3080 3443 unda:

1850 3473 1964 3526 Mox
2011 3475 2219 3541 publice
2249 3476 2518 3528 Lliristunt
2554 3480 2768 3545 paganis
2801 3482 3048 3546 praulzcat
3078 3482 3233 3545 ultro,

1847 3563 1967 3616 Dira
2004 3566 2347 3632 superbarum
2380 3580 2638 3632 spernens
2668 3576 2927 3623 tormenta
2962 3572 3241 3626 minarum.

1848 3653 1978 3706 Tum
2008 3658 2214 3723 genitor
2245 3656 2507 3721 sobolem,
2539 3670 2738 3713 natura:
2766 3662 2880 3728 jura
2915 3666 3207 3730 resolvens,

1846 3746 2099 3802 Truserat
2124 3751 2172 3800 in
2201 3751 2449 3803 tenebras
2478 3753 2711 3805 conclu~i
2744 3757 2973 3809 carceris
3003 3768 3167 3819 atras,

1846 3838 2165 3905 Magnopere
2192 3850 2429 3893 metuens
2455 3842 2562 3893 fisci
2594 3842 2802 3895 decreta
2837 3844 3067 3906 nefandi,

1849 3930 2068 3994 Insuper
2099 3931 2309 3995 etcapit
2330 3932 2358 3981 .l
2394 3932 2648 3984 tremulus
2679 3932 2927 3987 formidat
2954 3936 3225 3991 acerbum.

1843 4021 1946 4075 Sed
1977 4035 2097 4074 cum
2130 4035 2276 4075 mens
2305 4020 2511 4088 juvenis
2543 4023 2700 4076 ferret
2733 4034 2989 4077 tormenta
3023 4027 3244 4080 libenter

1853 4111 1970 4164 Mox
2001 4109 2156 4163 aliain
2180 4113 2387 4178 genitor
2418 4112 2743 4166 concinnans
2772 4116 3009 4169 machina
3041 4133 3273 4181 sitellam,

1846 4196 2065 4251 Lubrica
2096 4200 2375 4252 mundanis
2416 4202 2642 4252 admovit
2677 4205 2863 4269 gaudia
2900 4207 3123 4270 pompis,

1843 4289 2028 4342 Serica
2058 4293 2333 4356 purpureis
2370 4292 2607 4358 pra-beris
2648 4293 2901 4346 velamina
2934 4296 3119 4362 puplis,

1844 4381 1970 4445 Quae
2002 4390 2251 4432 inuritura
2289 4382 2410 4433 facit
2441 4380 2611 4434 fetoso
2642 4383 2842 4435 viscere
2873 4384 3105 4447 bombis,

1846 4471 2011 4521 Induit
2045 4485 2315 4538 egregium
2349 4481 2575 4536 pretiosa
2611 4483 2755 4525 veste
2780 4475 3051 4528 nitentem.

1844 4560 1977 4612 Tum
2008 4562 2155 4628 jussu
2190 4563 2351 4628 patris
2381 4564 2617 4615 convivia
2645 4564 2786 4631 larga
2814 4567 3021 4635 puellae,

1768 4692 1823 4753 Β
1854 4651 2180 4721 Deliciasque
2210 4652 2403 4717 ferunt,
2432 4654 2613 4721 epulas
2648 4655 2899 4725 luxusque
2923 4658 3127 4728 culinae,

1855 4741 2095 4795 Vestibus
2124 4754 2325 4797 ornatae
2356 4748 2534 4809 variis,
2569 4756 2621 4797 et
2649 4745 2823 4800 fronte
2849 4761 3090 4813 venusta,

1845 4832 2063 4885 Talibus
2102 4842 2155 4885 ιιι
2190 4833 2393 4899 pompis
2425 4835 2576 4887 miles
2607 4836 2943 4909 tnol‘lesceret
2976 4840 3170 4907 audax,

1844 4924 2040 4978 Ferrea
2066 4930 2181 4993 quis
2208 4925 2399 4978 crebro
2427 4927 2619 4979 cedunt
2649 4930 2935 4996 praacordia
2969 4932 3167 4999 virum;

1845 5016 1950 5070 Sed
1983 5027 2178 5080 tamen,
2210 5028 2443 5070 armatus
2469 5020 2659 5072 Christi
2699 5022 2981 5088 testudine,
3014 5023 3134 5089 tiro,

1844 5109 2039 5163 Uscula
2070 5109 2319 5176 virgineis
2345 5111 2589 5179 despexit
2626 5112 2823 5165 lubrica
2856 5114 3032 5178 labris,

1844 5201 1951 5253 Nec
1977 5210 2253 5266 penetrare
2276 5201 2397 5254 sinit
2430 5212 2736 5269 stuprorum
2766 5203 2964 5271 spicula
2992 5218 3201 5272 pectus;

1842 5292 1946 5347 Sed
1980 5292 2160 5359 procul
2188 5292 2427 5345 excussit
2449 5292 2709 5360 jaculatas
2738 5295 2922 5349 fraude
2951 5297 3192 5365 sagittas.

1842 5381 1979 5444 Non,
2012 5383 2148 5436 sicut
2183 5382 2378 5437 cecinit
2404 5384 2638 5452 sponsali
2666 5384 2897 5439 carmine
2933 5397 3099 5451 vates,

1844 5474 2020 5529 Mollia
2050 5484 2172 5528 tunc
2198 5473 2366 5529 roseis
2393 5475 2694 5528 hmresCtiiit
2722 5475 2867 5529 labra
2899 5477 3123 5545 labellis,

1844 5566 2021 5620 Dulcia
2044 5566 2136 5619 sed
2161 5565 2358 5619 Christi
2391 5566 2687 5620 lentescuut
2716 5566 2861 5621 labra
2894 5566 3122 5623 labellis.

1842 5658 1997 5712 Venit
2025 5657 2090 5713 ad
2118 5668 2413 5713 extremum
2445 5659 2594 5728 virgo
2633 5671 2905 5713 certamen
2938 5660 3138 5729 adulta,

1844 5750 1995 5803 Daria
2024 5749 2239 5803 vestalis
2272 5748 2502 5803 formosa
2536 5747 2707 5803 fronte
2737 5750 3045 5811 ruhescens.

1842 5845 2014 5895 Aurea
2036 5853 2154 5893 cont
2192 5840 2388 5910 glaucis
2418 5855 2575 5907 quam
2606 5842 2765 5896 caruit
2798 5842 2975 5894 lunula
3006 5844 3245 5911 gemmis.

1844 5930 2038 5984 Nititur
2070 5930 2182 5983 lucc
2206 5930 2452 5997 juvenem
2489 5928 2708 5985 Veneris
2736 5932 3103 6001 constringere
3141 5948 3301 5997 nem,
