4172 6576
679 470 784 524 259
1499 456 1556 509 S.
1597 448 1944 506 ALDIIELMI
1984 439 2256 499 OPItltt,‘.\l

2337 436 2487 488 ’AltS
2528 433 2611 487 ill.
2653 464 2721 477 -—
2761 435 3083 492 ΡΟΕΜΑΤᾹ
3828 433 3929 484 350

679 585 950 650 Quatenus
977 578 1040 630 ad
1069 574 1282 628 thalami
1314 571 1496 624 ﬂectat
1522 566 1790 619 connubia
1819 572 2071 616 mentem.

683 675 806 728 Hch
838 672 1104 739 phalerato
1136 666 1227 718 fuit
1258 659 1496 714 facundis
1527 658 1658 711 freta
1690 653 1932 722 loquelis.

684 765 922 829 Denique
943 757 1124 813 diserti
1155 761 1473 822 stupuerunt
1505 748 1642 802 forte
1675 743 1931 811 magistri,

688 823 920 923 Virginis
969 847 1240 917 ingenium
1286 841 1552 896 biblorum
1603 837 1798 891 famine
1836 832 2037 886 cultum
2081 823 2256 898 [Par.,

2029 913 2256 983 fultum].

689 1035 887 1100 Nempe
927 1041 1083 1084 tenax
1107 1026 1289 1091 scripti
1322 1025 1518 1083 fuerat,
1547 1019 1806 1083 veloxque
1843 1011 2049 1082 legendi

689 1127 791 1182 Sed
823 1137 977 1179 secus
1005 1121 1183 1176 evenit
1212 1118 1441 1171 fortunae
1483 1125 1640 1165 casus
1667 1121 1844 1175 opaca:
1869 1122 1882 1156 :

692 1218 824 1272 Dum
856 1217 970 1285 pius
997 1212 1244 1282 opposuit
1273 1206 1394 1260 fatis
1425 1201 1689 1258 contraria
1718 1200 1844 1252 fata.

696 1308 846 1362 Daria
876 1321 993 1376 qua:
1023 1303 1219 1356 dudum
1257 1297 1508 1352 servabat
1538 1294 1748 1346 numina
1781 1287 1984 1350 Vestae,

694 1375 926 1456 Credidit
953 1393 1315 1449 Altithrouum
1346 1386 1467 1440 θα)Ιί
1511 1383 1599 1451 qui
1634 1391 1842 1446 sceptra
1875 1375 2158 1445 gubernat,

697 1483 957 1541 Facundis
977 1482 1127 1549 virgo
1155 1477 1333 1530 verbis
1364 1486 1620 1527 conversa
1651 1465 1960 1536 Chrysanti.

697 1577 845 1631 Tunc
874 1574 1114 1629 simulata
1146 1568 1243 1622 tori
1273 1568 1474 1633 lingunt
1518 1561 1786 1615 consortia
1819 1558 1948 1618 fatu,

697 1667 928 1722 Moribus
956 1673 1009 1716 et
1034 1662 1196 1714 castis
1227 1661 1414 1710 vivunt
1443 1651 1782 1705 concorditer
1805 1648 1981 1708 ambo,

702 1759 770 1814 Ut
794 1768 1040 1824 spurcum
1076 1751 1284 1819 penitus
1308 1748 1539 1797 vitarent
1567 1751 1779 1808 pectore
1812 1751 2040 1797 urevum,

699 1847 770 1902 Et
792 1845 1050 1900 maculam
1080 1836 1299 1891 Veneris
1321 1833 1523 1901 pullam
1546 1843 1666 1883 cum
1692 1825 1856 1882 corde
1887 1825 2166 1891 fugissent.

701 1939 829 1992 Post
856 1935 967 1987 hmc
1000 1929 1247 1999 baptismi
1277 1926 1504 1980 sacratis
1530 1921 1781 1988 tinguitur
1813 1916 1986 1981 undis,

701 2031 976 2096 Quatenus
1002 2022 1219 2076 exuvias
1243 2017 1499 2087 spoliaret
1529 2021 1710 2066 mente
1738 2019 1997 2071 vetuSIas,

705 2121 772 2174 Et
799 2134 930 2172 nova
960 2115 1024 2169 de
1050 2112 1249 2180 liquido
1277 2115 1522 2162 sumatur
1551 2104 1756 2172 gurgite
1782 2101 1944 2153 lodix.

703 2211 838 2264 Tum
867 2210 1014 2274 virgo
1044 2214 1280 2258 veterum
1309 2199 1508 2266 sprevit
1536 2196 1858 2249 doeumenta
1891 2191 2169 2248 librorum,

711 2301 774 2354 Et
800 2297 1041 2367 sequitur
1069 2292 1266 2348 Christi
1297 2285 1572 2358 quadratis
1597 2284 1840 2352 dogmata
1868 2279 2045 2332 biblis.

705 2392 835 2455 Quis
859 2389 1048 2455 poterit
1076 2386 1215 2452 vulgi
1241 2391 1413 2435 tantas
1437 2392 1716 2432 numerare
1735 2382 1996 2434 catervas,

708 2483 942 2544 Quantas
965 2472 1219 2541 exemplis
1245 2477 1533 2537 coegerunt
1559 2465 1777 2519 credere
1805 2460 2018 2514 Christo
2041 2457 2064 2509 ἲ

711 2571 960 2623 Traditur
988 2567 1182 2620 idcirco
1207 2564 1376 2632 pinnis
1407 2557 1734 2628 torquendus
1761 2554 1989 2616 acerbis,

711 2659 1050 2728 Septuaginta
1079 2656 1175 2709 viri
1203 2669 1361 2721 quem
1390 2652 1554 2706 denso
1583 2649 1748 2703 milite
1772 2654 2000 2709 servant,

717 2753 958 2809 llerculis
988 2753 1038 2805 in
1069 2749 1214 2816 fano,
1242 2749 1296 2802 ni
1325 2750 1502 2802 forsan
1535 2744 1685 2798 thura
1711 2743 1906 2796 litaret.

713 2845 864 2898 Tunc
891 2843 1042 2896 miles
1067 2840 1229 2907 erepit
1250 2838 1399 2891 dirus
1418 2849 1611 2889 vexare
1638 2842 1918 2901 negantem

721 2933 984 2988 Athletam
1009 2930 1240 2991 Domini,
1275 2926 1471 2979 fretum
1498 2923 1692 2976 virtute
1715 2933 1965 2987 superna,

720 3025 846 3080 Udis
874 3035 925 3078 et
952 3021 1126 3075 crudis
1148 3031 1432 3072 nervorum
1457 3013 1678 3068 nexibus
1707 3023 1926 3079 angens,

717 3114 942 3171 Torrida
971 3108 1289 3165 ﬂammantis
1316 3107 1539 3159 laturum
1567 3109 1807 3155 caumata
1832 3099 1978 3154 solis.

719 3207 824 3264 Sed
854 3213 1048 3275 puncto
1072 3201 1226 3256 citius
1255 3200 1496 3252 laxantur
1527 3196 1635 3247 lora
1662 3192 1892 3255 lacertis,

717 3297 1092 3365 Omnipmente
1120 3291 1230 3345 Dco
1257 3295 1428 3342 restes
1455 3285 1693 3340 solvente
1714 3279 1988 3335 nefandos.

727 3391 792 3444 Et
818 3401 970 3442 suras
995 3387 1184 3438 iterum
1211 3381 1487 3447 cipporum
1518 3375 1724 3428 vincula
1755 3371 2024 3434 claudunt,

724 3481 996 3548 Cruraque
1023 3490 1142 3530 cum
1167 3472 1348 3541 rigidis
1379 3471 1663 3522 nectebant
1691 3465 1895 3532 turgida
1923 3463 2075 3531 lignis
2103 3481 2113 3514 :

727 3568 1000 3638 Extemplo
1024 3568 1234 3636 cippum
1267 3562 1416 3615 lindit
1445 3571 1691 3628 regnator
1719 3555 1950 3626 Olympi,

725 3661 979 3728 Quamvis
1010 3659 1149 3712 hunc
1177 3655 1353 3711 stolidi
1381 3661 1580 3708 ca:cata
1605 3659 1783 3703 mente
1813 3649 2055 3716 ligarent.

727 3755 876 3808 Lotia
907 3760 1030 3804 tunc
1054 3751 1209 3804 lictor
1235 3745 1460 3799 crudelis
1492 3757 1742 3812 spargere
1769 3741 1942 3807 jussit,

727 3847 921 3899 Sacros
954 3843 1264 3896 liumectans
1292 3847 1438 3889 artus
1463 3835 1630 3888 fetore
1660 3831 1882 3899 putenti,

729 3936 829 4000 Qui
857 3937 1045 4002 liquor,
1076 3941 1129 3984 ut
1151 3929 1353 3992 dicunt,
1385 3939 1553 3980 atrum
1579 3924 1891 3993 phantasma
1914 3921 2142 3988 fugabat,

733 4030 867 4082 Dum
892 4039 1109 4080 vernam
1144 4021 1349 4076 Domini
1380 4028 1556 4087 sperat
1585 4013 1943 4070 necromantia
1973 4014 2157 4065 fretum
2177 4053 2190 4076 ,

731 4120 835 4173 Sed
868 4126 1024 4186 putor
1052 4112 1370 4166 ambrosiam
1400 4108 1665 4176 fragrabat
1696 4116 1907 4158 nectare
1933 4117 2166 4156 suavem.

730 4211 869 4264 Exin
907 4216 1134 4260 tortores
1157 4201 1399 4258 buculam
1430 4199 1715 4267 deglobere
1743 4197 1885 4248 birsa

731 4299 1002 4360 Mandant,
1039 4307 1091 4347 ut
1117 4293 1284 4348 crudo
1313 4291 1640 4358 stringantur
1671 4297 1882 4353 tergore
1907 4283 2144 4336 membra

735 4388 1002 4456 Martyris,
1031 4383 1304 4436 ardentem
1341 4379 1543 4446 passuri
1573 4378 1770 4430 lumine
1796 4375 1961 4428 solem
1985 4390 1998 4435 ;

732 4478 956 4533 Torrida
986 4475 1080 4530 sed
1107 4475 1260 4528 'l‘itau
1292 4470 1612 4538 compressit
1640 4469 1855 4521 fulmina
1887 4465 2155 4530 frendens,

739 4570 804 4624 Ut
833 4568 975 4621 nulla
1006 4564 1230 4619 insontis
1258 4563 1457 4617 ferrent
1488 4561 1726 4614 incendia
1760 4559 2015 4612 membra.

741 4662 888 4714 'l’uuc
921 4661 1190 4725 reciproca
1225 4657 1394 4708 virum
1429 4652 1682 4706 claudunt
1708 4649 1970 4719 ergastula
2001 4663 2227 4710 sacrum,

740 4756 900 4806 Arcta
928 4760 1232 4802 catenarum
1264 4745 1631 4811 constringunt
1664 4743 1832 4793 vincla
1867 4743 2110 4802 lacertos,

743 4844 958 4898 Necnon
990 4849 1045 4894 et
1072 4839 1268 4893 collum
1300 4845 1520 4889 nectunt
1548 4850 1666 4887 cum
1699 4847 1851 4886 crure
1881 4829 2125 4899 gemello.

742 4938 878 4990 Ecce
909 4941 1127 4999 repente
1159 4932 1272 4994 pius
1303 4931 1528 4981 nodatos
1556 4925 1749 4978 arbiter
1779 4935 1926 4976 artus

744 5027 933 5093 Eiipit,
965 5034 1018 5078 et
1048 5021 1288 5090 chalybis
1317 5034 1436 5072 mox
1467 5019 1648 5071 stricta
1679 5016 1924 5082 ligamina
1953 5016 2114 5079 ropit.

745 5117 908 5169 Porro
936 5129 1053 5167 cum
1079 5123 1320 5165 sanctum
1347 5107 1547 5160 nodoso
1580 5107 1776 5158 vimine
1803 5106 1954 5157 miles

741 5209 967 5262 Cederet
1000 5205 1282 5264 infaustus,
1317 5201 1480 5255 rubro
1509 5200 1598 5268 qui
1630 5198 1889 5267 sanguine
1920 5197 2127 5265 gaudet,

742 5298 868 5364 Sed,
902 5297 1092 5350 mirum
1121 5294 1288 5357 dictu,
1318 5300 1650 5360 sceptrorum
1677 5290 1836 5358 ﬂagra
1870 5289 2054 5341 beatus

749 5389 943 5441 lctibus
969 5386 1169 5454 argutis
1201 5394 1401 5451 martyr
1432 5396 1537 5435 non
1569 5380 1737 5433 sensit
1766 5379 1983 5441 acerba;

745 5481 881 5546 Quin
911 5481 1017 5532 imo
1045 5487 1101 5532 ut
1129 5476 1320 5544 pluma:
1354 5474 1669 5528 mollescunt
1691 5472 1884 5524 vimina
1910 5479 2094 5523 sancto

747 5573 929 5633 Lenia,
956 5585 1050 5623 ceu
1083 5568 1272 5622 viridis
1305 5566 1548 5619 lentescit
1582 5578 1808 5632 papyrus
1835 5577 2022 5625 amne;

746 5664 993 5717 Claudius
1021 5661 1103 5713 bis
1129 5659 1288 5727 signis
1320 5669 1670 5724 compunctus
1694 5653 1919 5707 credidit
1951 5653 2110 5718 ultro,

751 5753 1092 5821 Septuaginta
1123 5751 1264 5802 viros
1299 5756 1620 5802 convertens
1651 5745 1897 5814 dogmate
1926 5745 2091 5807 Clam,

751 5845 897 5900 Fecit
923 5843 1167 5914 baptismi
1199 5843 1406 5910 purgari
1439 5841 1644 5910 gurgite
1675 5853 1900 5893 mersos.

2284 553 2331 609 Α
2359 551 2690 618 Quapropter
2721 553 2880 604 rubro
2915 551 3158 618 perfusos
3184 549 3456 618 sanguinis
3489 557 3657 606 ostro.

2362 643 2509 695 Miles
2539 643 2602 695 ad
2633 643 2910 695 (eLherium
2945 644 3147 695 faustus
3172 642 3415 709 perduxit
3449 641 3749 710 Olympum.

2360 734 2502 799 Quos
2531 735 2687 788 simul
2717 735 2980 788 obstruxit
3013 735 3133 787 felix
3168 734 3418 802 Spelunca
3451 735 3712 802 sepultos,

2363 827 2560 879 Lucida
2595 836 2864 897 perpetua:
2891 828 3096 880 visuros
3129 828 3341 892 prmmia
3374 825 3512 880 vitae.

2364 918 2457 972 llis
2485 932 2720 972 convexa
2753 919 2857 985 poli
2894 919 3086 971 merito
3114 917 3464 970 lustrantibus
3494 915 3620 976 alta,

2365 1012 2518 1064 ltaria
2549 1026 2667 1063 eum
2697 1010 2828 1063 duro
2857 1009 3056 1078 patitttr
3089 1019 3356 1062 tormenta
3389 1009 3721 1076 Chrysanto;

2368 1099 2591 1175 Impiger
2623 1114 2707 1158 ast
2738 1107 2843 1167 ille,
2872 1105 3090 1157 strictus
3124 1121 3191 1154 mi
3215 1101 3397 1154 limine
3428 1100 3572 1160 ferri.

2367 1202 2616 1256 Truditur
2641 1202 2693 1254 in
2725 1200 2968 1254 tenebras
2996 1197 3200 1252 laturus
3231 1196 3460 1250 carectis
3491 1206 3654 1258 atras,

2371 1295 2567 1350 Lurida
2589 1308 2694 1362 quo
2726 1293 2952 1361 putridis
2989 1292 3253 1344 fluxerunt
3297 1299 3530 1342 stercora
3581 1287 3708 1352 ripis
3754 1284 3940 1355 [Ρλίγη

3695 1375 3893 1438 crypti-

2371 1475 2594 1530 Nectare
2623 1473 2713 1527 sed
2746 1472 2880 1528 fetor
2910 1471 3073 1534 cedit,
3103 1485 3200 1523 ceu
3233 1469 3347 1521 luce
3375 1469 3611 1521 latebra}.

2372 1571 2621 1624 Traditur
2648 1570 2849 1621 interea
2883 1564 3158 1619 sceleratis
3185 1561 3338 1615 Daria
3372 1562 3529 1613 scorti
3555 1577 3564 1609 :

2377 1662 2732 1714 Prostibulum
2768 1661 2993 1713 mceclizc
3025 1667 3312 1726 penetrans
3340 1653 3456 1706 sine
3485 1652 3705 1706 crimine
3733 1665 3912 1710 smvm,

2383 1753 2486 1808 Sed
2518 1753 2598 1804 leo
2627 1749 2695 1804 de
2723 1750 2975 1802 claustris
3005 1747 3332 1815 rngibundus
3363 1743 3592 1795 mittitur
3618 1741 3805 1802 atCtiS,

2384 1847 2660 1916 Virgineos
2690 1858 2836 1899 artus
2865 1853 3005 1896 tutos
3036 1854 3253 1894 servare
3284 1837 3493 1904 puellm,

2307 1918 2354 1975 Β
2382 1937 2436 1990 Si
2465 1936 2744 2002 quisquam
2778 1941 2998 1997 cuperet
3029 1940 3268 1982 sanctum
3304 1937 3565 1978 temerare
3597 1921 3876 1989 pudorem.

2378 2027 2628 2082 Gestibus
2654 2023 2902 2077 obscenis
2929 2027 3269 2074 contrectans
3302 2029 3495 2081 corpus
3528 2015 3804 2065 honestum
3828 2026 3839 2056 :

2381 2121 2571 2171 Arcam
2601 2129 2698 2168 ceu
2723 2112 2984 2181 quondam
3017 2109 3306 2177 probrosus
3335 2103 3700 2170 contigitOza,

2384 2207 2630 2260 Protinus
2659 2209 2935 2271 oppeteret
2961 2199 3219 2255 confusus
3251 2196 3421 2248 fronte
3452 2192 3716 2261 petttlcus,

2387 2296 2627 2350 ltictibus
2651 2303 2704 2347 et
2727 2291 2895 2345 rabidi
2930 2301 3181 2341 corrosus
3209 2287 3368 2337 dente
3398 2283 3564 2335 leonis

2387 2389 2636 2441 Ultricem
2663 2397 2872 2450 pinnam
2902 2378 3126 2433 sentiret
3149 2385 3321 2428 morte
3354 2371 3540 2426 ferina.

2386 2477 2533 2530 Tunc
2553 2474 2766 2528 demum
2791 2469 3010 2540 Augusti
3037 2468 3128 2536 qui
3158 2469 3338 2519 Itonia:
3363 2478 3521 2531 regna
3549 2463 3790 2529 gerebat,

2389 2571 2609 2622 Decreto
2637 2566 2824 2617 rubras
2851 2565 3198 2627 sumpserunt
3225 2563 3396 2609 morte
3423 2566 3666 2610 coronas.

2390 2661 2457 2714 Et
2487 2660 2643 2713 simul
2674 2656 2725 2708 in
2759 2665 2946 2722 crypta
2979 2659 3204 2721 pansant
3233 2648 3452 2702 sablone
3483 2644 3697 2710 sepulti,

2389 2751 2533 2816 Quos
2561 2746 2717 2800 simul
2747 2745 2798 2798 in
2826 2744 2928 2797 vita
2960 2741 3173 2796 vexavit
3204 2752 3359 2806 posita
3389 2745 3626 2793 cruenta,

2389 2840 2670 2894 Credimus
2703 2846 2759 2891 ut
2788 2833 2974 2889 faustis
2999 2832 3322 2902 glomeratos
3346 2825 3472 2896 jure
3497 2821 3724 2877 catervis

2391 2931 2468 2985 De
2490 2929 2693 2999 gremio
2720 2926 2929 2990 tumuli,
2953 2938 3072 2976 cum
3097 2922 3251 2975 tellus
3279 2925 3467 2986 sponte
3487 2914 3746 2974 dehiscet,

2395 3023 2457 3074 Et
2479 3035 2648 3090 genus
2679 3019 2967 3071 humanum
3001 3010 3197 3067 lumbis
3223 3006 3500 3063 emerserit
3527 3003 3674 3055 atris.

2391 3112 2626 3165 Suscitet
2660 3107 2727 3160 ad
2758 3106 3012 3173 requiem,
3045 3101 3299 3153 mundum
3329 3095 3451 3149 dum
3484 3093 3624 3146 laxat
3649 3090 3893 3142 habenis.

2463 3202 2728 3268 Tempore
2758 3205 3045 3258 transacto,
3078 3200 3315 3246 sanctam
3344 3185 3629 3254 gentilibus
3656 3197 3824 3234 armis

2312 3253 2363 3320 ο
2398 3289 2691 3344 Ecclesium
2721 3285 2920 3339 Christi
2950 3289 3239 3348 tempestas
3271 3290 3410 3330 Sieta
3440 3283 3748 3336 cruentans,

2394 3382 2711 3451 Martyrihus
2740 3376 2904 3432 sacris
2932 3375 3119 3429 mortis
3145 3370 3450 3427 discrimina
3482 3367 3624 3421 mille

2396 3473 2710 3542 Congiobat,
2745 3472 2985 3524 insontes
3019 3477 3272 3535 torquens
3302 3463 3416 3515 sine
3444 3459 3668 3513 crimine
3697 3458 3894 3524 culpae,

2402 3566 2470 3620 Ut
2499 3565 2651 3616 miles
2673 3561 2868 3614 Christi
2891 3560 3073 3612 striCto
3101 3571 3354 3608 mucrone
3384 3567 3600 3608 necaret

2401 3653 2563 3721 Impia
2596 3661 2854 3704 tortorum
2887 3663 3004 3702 cum
3037 3647 3200 3700 ferret
3224 3647 3382 3713 ﬂagra
3412 3645 3689 3697 malorum.

2402 3745 2510 3798 llos
2541 3743 2701 3805 inter,
2735 3739 2946 3809 quidam
2979 3738 3216 3791 Julianus
3251 3735 3465 3788 nomine
3496 3743 3712 3802 martyr,

2403 3836 2623 3892 llorrida
2654 3834 2958 3904 sanguineis
2989 3830 3185 3902 perfert
3212 3830 3500 3883 certamina
3536 3826 3729 3894 poenis.

2401 3931 2569 3994 Quem
2597 3937 2745 3996 pater
2767 3926 2830 3977 ad
2857 3922 3116 3982 scholam,
3149 3935 3267 3974 cum
3299 3921 3464 3987 primo
3486 3919 3730 3986 glisceret
3760 3929 3897 3975 arvo,

2406 4018 2665 4080 Tradidit,
2700 4027 2755 4068 ut
2797 4015 2953 4067 tomis
2981 4012 3255 4065 dialectica
3285 4011 3527 4078 dogmata
3558 4022 3751 4069 rerum,

2404 4112 2471 4165 Et
2498 4109 2652 4163 simul
2685 4108 2977 4160 rhetoricas
3006 4103 3266 4156 bibl-orum
3295 4101 3523 4152 disceret
3549 4110 3710 4150 artes.

2403 4202 2523 4255 Mox
2557 4200 2716 4268 igitur
2741 4195 2954 4265 juvenis
2982 4205 3216 4247 veterum
3243 4191 3450 4244 ιιοειιιηο
3473 4201 3558 4242 nta
3587 4188 3866 4250 librorum,

2403 4292 2653 4357 Quamvis
2691 4289 2740 4340 in
2778 4300 2962 4340 tenero
2992 4284 3213 4352 pulcher
3245 4281 3556 4349 pubesceret
3588 4294 3720 4339 arvo,

2405 4378 2642 4446 Limpida
2673 4375 2964 4442 discipulus
2993 4372 3204 4439 scripsit
3233 4371 3580 4424 scholasticus
3611 4378 3750 4428 astu,

2403 4465 2642 4532 Cumque
2669 4474 2815 4533 pater
2842 4461 2938 4514 sub
2963 4462 3076 4513 :lctn
3108 4459 3335 4512 vetulam
3369 4456 3593 4509 vidisset
3621 4457 3878 4515 adultam,

2405 4557 2602 4610 Nititur
2632 4555 2917 4607 indocilem
2950 4553 2996 4603 cl
3019 4552 3108 4602 iris
3143 4549 3404 4602 natalibus
3434 4557 3602 4600 ortum

2325 4612 2381 4673 Β
2411 4650 2648 4703 Flectere
2671 4663 2788 4699 cum
2819 4645 3086 4713 precibus,
3113 4642 3465 4694 thalamorum
3497 4639 3688 4706 ntjura
3709 4651 3974 4706 capessat,

2408 4742 2680 4806 Quatenus
2709 4736 2830 4788 inde
2863 4736 2997 4786 lotet
3031 4742 3146 4799 post
3175 4742 3480 4782 sttcceSsura
3514 4737 3761 4792 nepotum

2411 4828 2720 4897 Progenies,
2755 4826 2933 4878 mallet
2963 4822 3007 4875 si
3040 4823 3202 4874 ditem
3231 4820 3426 4872 ducere
3453 4833 3726 4886 sponsum.

2412 4923 2634 4989 Flagitat
2669 4918 2906 4972 inducias
2939 4925 3141 4982 septem
3173 4912 3399 4964 sufferre
3428 4909 3657 4971 dierum,

2410 5015 2680 5080 Quatenus
2707 5010 2805 5062 hoc
2828 5009 3000 5077 spatio
3026 5005 3258 5073 puls.iret
3283 5018 3410 5056 voce
3443 5001 3760 5062 Tonantem,

2413 5104 2663 5159 thnixis
2695 5100 2938 5168 precibus
2972 5097 3208 5165 rogitans
3238 5093 3452 5145 oracula
3479 5091 3584 5143 divi

2409 5198 2615 5250 Certius
2649 5205 2701 5247 ut
2727 5196 2902 5262 quiret
2927 5189 3124 5244 Christi
3155 5199 3475 5254 cognoscere
3505 5191 3704 5234 nutum.

2414 5289 2648 5353 Denique
2677 5292 2944 5336 transacto
2970 5276 3303 5331 venerandus
3339 5283 3580 5339 tempore
3610 5270 3797 5336 puber,

2412 5380 2573 5432 Lecto
2598 5377 2801 5443 sepitus
2823 5387 2942 5426 cum
2971 5382 3158 5423 somno
3184 5367 3422 5420 membra
3442 5362 3695 5416 dedisset.

2410 5472 2600 5523 Drama
2632 5482 2724 5535 per
2752 5474 2960 5518 noctem
2987 5461 3245 5514 cernebat
3277 5462 3379 5511 rite
3408 5467 3716 5522 supernum,

2411 5560 2669 5614 Cielestes
2695 5557 2832 5609 fatus
2862 5556 2938 5608 sic
2969 5553 3091 5606 felix
3120 5549 3338 5603 auribus
3363 5545 3533 5599 hausit
3561 5561 3574 5597 :

2415 5654 2664 5706 Protinus
2692 5664 2721 5702 e
2745 5655 2920 5702 strato
2951 5646 3160 5699 festinat
3185 5654 3400 5709 surgere
3425 5637 3598 5700 miles,

2414 5744 2487 5798 Ne
2517 5753 2742 5803 metuas,
2769 5739 3000 5807 juvenis.
3035 5733 3214 5789 sortiri
3243 5732 3369 5786 dote
3390 5727 3644 5798 puellam,

2419 5835 2595 5889 Dulcia
2628 5850 2727 5887 neu
2763 5832 2956 5900 iigitlos
2986 5826 3192 5895 frangas
3219 5824 3432 5878 decreta
3464 5827 3763 5888 parentum.
