4172 6532
203 387 291 439 ίὶῦῑ
1394 384 1476 436 ΗΕ
1521 385 1855 438 [Αιλῐηιὶίᾔδ
1899 386 2240 439 κἨἶΟΙΧυλΙ.

202 495 301 547 Sed
331 504 502 544 tamen
528 490 660 543 hanc
692 490 885 542 sociam
920 501 1155 542 sanctam
1189 505 1399 543 servare
1432 505 1700 545 memento

201 589 323 649 Qua!
354 583 441 635 tibi
475 597 592 634 cum
628 596 771 633 mero
795 583 1074 648 copulatur
1100 597 1321 650 corpore
1358 587 1524 653 virgo,

201 676 435 738 Namque
463 670 726 737 pudicitia:
750 685 926 724 comes
964 673 1223 725 indefessa
1259 678 1513 729 tnauebit.

200 764 355 816 Multa
387 763 511 813 milii
543 764 719 829 populi
748 762 1023 814 servibttnt
1050 764 1209 814 tnillin
1240 766 1457 830 possint,

196 860 321 917 Qua:
352 855 543 905 vestris
574 855 797 905 credunt
827 856 1081 906 cmlorum
1117 867 1326 921 sceptra
1360 857 1605 923 loquelis.

199 943 396 995 Interea
428 943 636 1009 juvenis
667 944 827 1010 patris
860 955 1117 1010 praecepta
1150 948 1386 1005 lacessit,

199 1035 259 1086 Et
295 1036 539 1087 simulata
575 1036 672 1087 tori
706 1038 976 1101 spondens
1006 1039 1267 1089 connubia
1303 1041 1473 1091 matri.

192 1128 398 1195 Accipit
430 1140 668 1181 ornatam
704 1130 927 1197 gemmis
961 1145 1194 1198 auroque
1229 1133 1479 1195 puellam.

192 1227 440 1275 Attamen
473 1221 797 1273 Allitliroutts
836 1222 1073 1288 quadrati
1105 1222 1345 1274 conditor
1374 1224 1518 1275 urbis

191 1315 348 1367 Parta
382 1324 578 1365 tutatur
607 1328 859 1378 spon-uin
893 1330 1008 1363 eum
1040 1316 1241 1377 virgine
1273 1324 1500 1374 castum,

192 1406 411 1468 l’ropria
455 1406 725 1455 fuscarth
755 1413 809 1454 ttt
844 1420 1109 1470 nunquam
1143 1406 1365 1455 crimine
1395 1404 1653 1467 membra,

190 1496 473 1547 l..uxuri:un
502 1495 676 1547 carnis
707 1496 971 1547 frenantes
1006 1496 1156 1546 ilibus
1189 1497 1363 1557 almis,

188 1585 493 1636 Pra-scrtim
527 1585 607 1649 pia
638 1598 757 1634 cum
786 1583 1029 1635 Coristus
1062 1584 1350 1649 pra-cordia
1390 1600 1650 1654 pungens,

189 1674 290 1725 l’er
335 1687 577 1724 somnum
612 1680 822 1723 moneat
851 1682 1053 1724 eastum
1088 1687 1303 1725 servare
1338 1673 1632 1740 pudorem;

185 1765 315 1816 Nam
349 1764 469 1815 liibli
502 1765 716 1823 seriem,
748 1779 902 1829 quam
936 1781 1026 1817 rex
1055 1765 1242 1817 direxit
1278 1764 1508 1832 Olympi,

187 1856 240 1908 lu
278 1855 512 1907 thalamo
543 1863 783 1914 cernunt,
820 1865 1002 1905 aurato
1049 1866 1341 1922 grannnate
1376 1859 1650 1925 scriptam.

185 1946 241 1997 In
275 1961 372 2012 qua
407 1944 677 2010 virginitas
708 1945 910 1996 servari
939 1955 1117 1997 sancta
1142 1946 1372 2013 jnbelur.

187 2035 317 2086 Exin
348 2048 628 2087 vernarum
661 2033 884 2085 fundant
913 2038 1155 2087 coanobia
1188 2038 1406 2100 Christi,

183 2125 434 2176 Nortnatn
456 2126 670 2191 justitta:
702 2124 788 2190 qui
819 2135 1031 2177 servant
1066 2128 1276 2178 tramite
1307 2126 1537 2193 scripto.

185 2212 499 2280 Virginibus
526 2226 736 2278 quoque
767 2211 1002 2264 condunt
1029 2214 1296 2280 glll‘glls‘ilfl
1328 2215 1504 2276 celltn,

182 2306 329 2367 Quas
359 2302 477 2355 licet
508 2304 723 2355 interior
750 2317 910 2355 sexus
941 2303 1273 2355 disernninet
1325 2306 1474 2366 ordo,

182 2395 299 2445 Non
334 2404 509 2443 tamen
552 2391 776 2445 inferior
808 2393 1057 2444 virtutum
1088 2394 1249 2445 cardo
1282 2406 1617 2461 sequestrat;

187 2486 242 2536 la
272 2486 388 2550 quis
425 2498 614 2549 nempe
647 2482 833 2535 decem
872 2486 1251 2536 monacliarum
1284 2487 1445 2537 millia
1477 2487 1691 2549 florent,

180 2575 443 2627 Cantibus
480 2574 726 2636 assiduis,
756 2584 807 2626 et
832 2573 1019 2639 psalmi
1048 2575 1281 2627 carmine
1311 2576 1521 2627 crebro.

181 2668 272 2717 Sic
305 2664 701 2717 fatuutahantur
727 2666 948 2731 jugiter,
983 2676 1295 2733 noctesque,
1325 2666 1566 2735 diesque,

189 2758 218 2805 ἱ
240 2756 403 2807 iribus
438 2755 675 2808 infractis
702 2755 970 2821 puls;intes
1003 2756 1135 2807 atria
1166 2757 1283 2808 cu-li

187 2846 332 2899 Λευὶ
359 2848 431 2899 eri
464 2846 709 2911 precibus
738 2846 860 2897 dum
890 2846 1115 2898 lustrant
1145 2845 1303 2899 limen
1333 2842 1566 2913 Olympi.

186 2939 394 2991 interea
429 2918 625 2990 veteris
656 2945 931 2989 rnctantur
959 2936 1106 2990 fauce
1135 2938 1380 2990 draconis

188 3030 323 3080 Atra
355 3040 581 3087 venena,
614 3039 794 3078 sacras
824 3023 1019 3079 Christi
1053 3028 1346 3094 torquentia
1378 3037 1579 3081 turmas
1606 3069 1613 3077 .

186 3119 325 3172 Tum
368 3119 518 3171 utiles
548 3117 745 3170 Christi
784 3117 982 3169 nodoso
1015 3117 1151 3172 fitSte
1186 3120 1386 3187 flagella

186 3213 432 3263 Sustinet
463 3212 729 3263 immerito
762 3210 1081 3261 constrictus
1113 3213 1338 3263 nexibus
1366 3214 1545 3265 arctis.

194 3302 495 3369 Flagraque
522 3315 641 3352 cum
670 3302 872 3366 crepitu
906 3298 1218 3367 praesultant
1247 3302 1392 3353 csade
1421 3309 1657 3365 cruenta,

192 3392 373 3445 Donec
403 3404 667 3457 purpureo
696 3398 939 3443 rorarent
966 3389 1221 3459 sanguine
1251 3391 1366 3442 rivi.

189 3481 281 3535 Sic
322 3481 567 3545 sequitur
594 3480 868 3531 Dominum
895 3479 1086 3532 devota
1119 3491 1293 3534 mente
1326 3483 1585 3547 minister,

189 3572 268 3620 Ad
297 3582 519 3633 superas
543 3580 694 3619 arces
725 3577 950 3633 angusto
976 3570 1186 3621 tramite
1214 3571 1451 3632 tendens,

189 3661 256 3715 Ut
293 3662 438 3728 prius
467 3668 690 3726 angusto
723 3659 969 3711 tendebat
995 3660 1126 3714 calle
1158 3663 1425 3728 magister,

185 3751 464 3819 Sanguine
495 3764 764 3817 purpureo
789 3749 1007 3802 demens
1034 3753 1335 3817 peccamina
1372 3752 1567 3814 mundi,

189 3843 328 3895 Dum
360 3840 477 3907 pius
508 3841 559 3891 iit
590 3840 823 3905 patulum
854 3840 1101 3906 dignatur
1132 3840 1391 3893 scandere
1423 3842 1638 3909 lignum.

186 3931 327 3983 Tum
363 3932 542 3980 luscus
576 3937 744 3980 tortor
774 3929 939 3980 sensit
969 3928 1289 3981 detrimenta
1324 3932 1553 3996 papillae,

184 4018 436 4087 Martyris
459 4017 687 4069 atllictus
720 4018 916 4085 flagris,
952 4026 1004 4069 et
1034 4018 1233 4085 stipitis
1265 4020 1390 4072 ictu.

185 4111 310 4162 Mox
346 4106 771 4174 tnonoptitlialtni
806 4117 1063 4161 restanrat
1097 4109 1291 4160 lumina
1326 4122 1540 4179 martyr,

181 4201 441 4262 Quamvis
473 4197 749 4263 pontilices
781 4196 885 4249 fani
918 4199 1141 4250 ludibria
1170 4200 1306 4265 passi

180 4290 439 4343 Reddere
467 4305 570 4341 non
596 4298 811 4355 possent
840 4290 1074 4341 evulsam
1108 4289 1289 4357 stipite
1322 4290 1492 4342 lucem

180 4380 414 4448 insuper
444 4380 711 4433 excelsum
753 4380 875 4432 forti
904 4394 1158 4447 compage
1189 4380 1443 4432 sacellum

177 4470 578 4536 Quinquaginta
611 4469 764 4519 simul
794 4469 1005 4521 stabant
1031 4470 1313 4521 simulacra
1348 4470 1598 4523 metallis.

177 4562 359 4615 Dirnit
392 4563 456 4613 ad
489 4562 707 4613 fundunt
738 4573 985 4616 sternens
1016 4564 1284 4616 molimina
1318 4565 1509 4630 prisca.

177 4654 299 4708 Non
332 4653 473 4707 Mars
502 4652 801 4716 vulnificus,
836 4654 923 4722 qui
956 4653 1082 4709 belli
1113 4658 1316 4709 semina
1347 4658 1565 4726 spargit,

181 4743 432 4798 liancida
466 4744 751 4812 gorgoneis
780 4746 1049 4812 inspirans
1078 4746 1235 4799 corda
1271 4751 1510 4810 venenis,

179 4835 410 4890 Deluhri
444 4833 634 4888 statuis
669 4835 837 4899 potuit
868 4849 1182 4888 succurrere
1213 4836 1439 4904 parmis:

176 4926 291 4980 Nec
326 4924 524 4986 Venus,
559 4934 651 4977 aut
678 4922 899 4977 Veneris
934 4924 1149 4993 prodest
1192 4926 1539 4993 spurcissima
1568 4938 1762 4997 proles.

176 5016 366 5069 Aurea
400 5023 714 5065 sternuntur
744 5012 907 5065 fundo
937 5015 1215 5067 simulacra
1246 5016 1519 5083 Minervm,

181 5108 472 5170 Quamque
506 5102 666 5155 Deam
698 5102 875 5155 stolidi
904 5104 1152 5158 dixerunt
1181 5115 1293 5159 arte
1323 5118 1480 5172 poten
1508 5124 1623 5172 ein;

176 5194 294 5247 Nec
326 5194 567 5244 Bacchus
603 5193 782 5256 valuit,
816 5194 898 5246 eui
925 5194 1171 5248 frondent
1206 5199 1420 5264 palmite
1451 5200 1606 5266 vites,

178 5284 249 5338 Ut
284 5283 529 5336 referunt
556 5282 689 5335 falso
717 5294 955 5337 veterum
982 5286 1231 5353 ﬁgmenta
1266 5288 1541 5355 librormn,

176 5373 417 5426 Numine
450 5382 694 5425 nutantes
721 5370 826 5425 fani
858 5374 1046 5429 fulcire
1078 5378 1380 5432 columnas.

174 5465 283 5519 Sed
322 5463 553 5516 titubant
586 5462 763 5529 templi
799 5465 1159 5519 tremebundis
1192 5483 1458 5521 marmora
1490 5472 1700 5531 crustis,

180 5558 241 5608 Et
280 5553 392 5606 rnit
422 5553 469 5602 in
503 5566 741 5619 praeceps
770 5552 992 5605 lCSSt'lliS
1026 5556 1218 5610 fabrica
1255 5558 1456 5613 fractis.

177 5651 464 5712 Neptuniis
497 5646 634 5696 fama
667 5648 837 5700 dictus
870 5662 1119 5717 regnator
1150 5667 1428 5720 aquarum,

176 5742 276 5805 Qui
313 5751 449 5803 regit
484 5737 761 5803 imperium
792 5744 932 5805 ponti
969 5746 1300 5809 turgentibus
1330 5748 1505 5815 undis,

3343 399 3442 453 26?

1801 499 1847 554 Α
1882 496 2057 548 Falsas
2086 497 2317 566 effigies.
2353 514 2481 563 quas
2513 500 2702 565 glauco
2731 517 3000 557 marmore
3029 510 3295 574 sealpnnt,

1875 593 2043 636 Aurea
2078 600 2169 638 seu
2194 586 2335 639 fulva
2364 602 2491 653 quas
2518 599 2705 641 ornant
2740 592 2906 657 petala
2936 594 3124 658 fronte,

1875 674 2022 725 llaud
2055 676 2217 728 valuit
2248 686 2486 728 veterum
2522 688 2643 730 tunc
2672 693 2972 736 sustentare
3001 686 3241 743 deorum.

1872 765 2083 816 Alcides
2117 764 2281 818 fertur
2311 767 2562 820 Centauri
2594 770 2757 822 victor
2784 775 3011 838 opimus,

1873 855 2138 909 Flammea
2173 858 2260 925 qni
2292 860 2483 926 pressit
2515 862 2736 912 latronis
2770 862 2978 918 flainina
3011 868 3159 929 Caci,

1870 950 2121 1013 Quamvis
2159 952 2376 1001 fumosis
2410 963 2641 1007 rut-taret
2677 956 2837 1009 flabra
2869 960 3113 1027 loquelis,

1870 1038 2113 1091 llerculis
2145 1042 2193 1091 in
2229 1052 2409 1107 crypta
2440 1054 2491 1094 et
2522 1056 2789 1111 torqueret
2825 1048 3038 1103 dextera
3070 1058 3293 1119 clavam,

1869 1129 1981 1181 Non
2018 1142 2191 1199 tamen
2227 1136 2275 1185 in
2305 1135 2499 1201 templo
2530 1138 2689 1201 rigida
2723 1143 2920 1194 virtute
2954 1145 3194 1209 resultat,

1868 1223 1978 1284 Qua
2008 1218 2234 1275 famulus
2265 1224 2457 1276 Christi
2495 1228 2713 1291 supplex
2749 1233 2985 1284 eramiua
3020 1233 3172 1285 fudit.

1873 1312 2135 1365 Vulranus
2168 1325 2343 1375 cutax,
2375 1330 2529 1382 quem
2566 1317 2767 1384 tingunt
2801 1336 2916 1388 igne
2952 1335 3254 1390 potentem,

1868 1400 2087 1455 Torrida
2121 1403 2461 1472 flauuuigeris
2495 1410 2631 1458 modi
2656 1422 2860 1463 rantem
2897 1412 3114 1468 fulmina
3158 1418 3325 1472 frenis

1869 1493 2128 1545 Funditns
2158 1494 2402 1547 occubuit
2436 1482 2705 1552 fraudatus
2738 1510 2878 1555 torre
2910 1521 3176 1573 rogorum.

1868 1580 1956 1635 Sic
1984 1593 2227 1650 quassata
2260 1586 2363 1638 ruit
2396 1587 2699 1641 sinmlaeris
2733 1594 2973 1647 machina
3005 1599 3187 1662 lap-is.

1870 1671 1931 1725 Ut
1971 1683 2207 1727 veterum
2259 1687 2440 1730 narrat
2472 1695 2627 1732 verax
2672 1681 2890 1737 historia
2926 1701 3101 1741 rerum
3148 1689 3322 1759 [P;ir.,
3356 1706 3439 1745 ie-

3264 1784 3432 1852 sumi.

1788 1840 1835 1897 Β
1866 1851 1995 1905 Cum
2027 1855 2293 1920 geminam
2322 1856 2510 1910 flamen
2548 1861 2747 1926 prolem
2783 1880 3001 1929 peccare
3033 1870 3256 1933 videret,

1862 1943 1971 1994 μου
2004 1952 2176 1996 tamen
2210 1949 2465 2011 aSperitas
2494 1950 2657 2014 patris
2687 1966 3054 2019 compesceret
3087 1960 3214 2019 tilla,

1866 2032 2124 2087 Plerteret
2155 2046 2245 2087 aut
2273 2046 2455 2091 sontes
2484 2041 2805 2096 crudescens
2834 2045 2962 2097 ultio
2995 2056 3171 2113 natos,

1865 2125 2075 2176 Acrder
2134 2123 2329 2180 ideirco
2354 2131 2553 2181 exarsit
2582 2132 2810 2185 vindicta
2839 2135 3122 2201 'l'onantis,

1872 2212 2141 2276 Quatenus
2170 2230 2289 2267 arca
2323 2216 2414 2270 Dei
2444 2218 2571 2271 dirte
2604 2230 2721 2286 post
2754 2224 2933 2276 funera
2965 2230 3177 2293 stragis,

1872 2304 2033 2354 tincta
2070 2318 2162 2369 per
2190 2308 2393 2358 Azoton
2426 2306 2764 2364 simulacrum
2796 2324 3059 2367 sterneret
3088 2324 3249 2371 altum
3277 2337 3289 2382 ;

1864 2391 2011 2443 'l‘une
2045 2394 2149 2443 ruit
2176 2393 2226 2445 in
2259 2392 2491 2448 frontem
2523 2400 2791 2454 contracto
2818 2407 3013 2470 p0plite
3057 2406 3255 2474 Dagon,

1866 2482 1928 2534 Et
1955 2494 2109 2548 caput
2142 2486 2409 2539 infandum
2441 2489 2677 2542 funestos
2710 2494 2934 2560 liquerat
2966 2510 3131 2560 artus,

1864 2571 2014 2634 Quod
2040 2573 2246 2625 vulsum
2274 2589 2337 2627 ex
2369 2577 2601 2631 humeris
2633 2584 2777 2634 cives
2810 2586 2858 2635 in
2892 2585 3071 2639 limine
3098 2600 3350 2643 cernunt.

1866 2664 2071 2715 Aurora
2105 2664 2156 2716 in
2182 2668 2342 2719 fulvis
2373 2668 2497 2721 dum
2527 2672 2657 2723 luxit
2690 2673 2831 2726 lutea
2866 2677 3021 2744 bigis,

1868 2751 1933 2804 Et
1963 2766 2209 2806 croceum
2237 2754 2392 2823 jubar
2428 2758 2478 2810 in
2503 2762 2761 2826 quadrum
2795 2766 3103 2821 llavesceret
3134 2770 3341 2837 orbem,

1874 2844 1949 2895 Ac
1982 2860 2168 2897 roseos
2202 2850 2391 2913 patulis
2434 2852 2608 2904 radios
2640 2854 2935 2910 infunderet
2964 2864 3124 2923 arvis,

1868 2933 2277 2999 Spinaque‘cum
2314 2945 2497 2990 trunca
2534 2944 2892 2997 membrorum
2925 2960 3069 3013 parte
3102 2966 3210 3002 rem
3234 2952 3354 3006 'usit
3383 2971 3398 3015 ;

1867 3023 2015 3077 llaud
2046 3040 2200 3079 secus
2225 3026 2277 3079 in
2309 3029 2479 3093 divos,
2511 3046 2733 3098 quorum
2758 3048 2964 3089 cassala
2992 3050 3226 3104 potestas

1866 3115 1945 3167 Ad
1975 3114 2191 3168 fundum
2225 3120 2437 3183 cecidit,
2471 3134 2622 3174 sa:vit
2654 3136 2902 3193 regnatur
2936 3130 3135 3197 olympi
3170 3148 3184 3194 ;

2426 3174 2436 3183 .
2690 3174 2895 3193 κσηττη-
2940 3174 3013 3197 νη

1792 3174 1837 3235 C
1872 3208 2072 3275 Expers
2103 3218 2157 3261 ut
2180 3212 2355 3262 nullus
2386 3215 2485 3264 diri
2516 3217 2839 3271 discriminis
2870 3232 3031 3282 esset,

1871 3296 1978 3350 Ceu
2008 3300 2130 3369 Styli
2163 3301 2328 3354 sexies
2361 3310 2608 3369 prassenti
2641 3320 2933 3375 graminate
2965 3314 3170 3381 pandit,

1872 3386 1958 3440 Sic
1993 3406 2202 3456 quoque
2242 3404 2381 3460 terga
2409 3396 2552 3448 dedit
2580 3411 2787 3451 eassato
2821 3406 3037 3456 numine
3062 3404 3314 3460 ι’ίιωὺυε.

1872 3481 1967 3542 Qui
1995 3486 2087 3533 lmt
2117 3482 2327 3535 intausti
2356 3486 2569 3539 Saturni
2607 3494 2741 3541 titius
2768 3504 2940 3557 atrox,

1869 3568 2074 3638 Jupiter
2108 3573 2373 3642 ingentem
2406 3594 2561 3643 quem
2596 3595 2846 3649 putnpznt
2878 3588 3111 3639 carmina
3144 3600 3342 3654 vatum,

1872 3662 1963 3713 llic
1996 3667 2161 3727 patris
2193 3668 2494 3735 inperium,
2530 3672 2666 3736 ιιι]οά
2702 3676 2877 3728 tantur
2902 3681 3154 3744 opuscula
3180 3683 3349 3746 prisca

1875 3757 2072 3809 Contra
2101 3768 2343 3811 naturam
2372 3763 2522 3827 pulso
2553 3768 2786 3829 spadone
2815 3771 3063 3835 capessit,

1873 3846 2002 3897 'l'um
2037 3849 2196 3901 miser
2228 3850 2276 3901 in
2313 3851 2481 3917 Latio,
2512 3854 2741 3922 demptis
2766 3860 3103 3925 genitalibus,
3135 3862 3285 3916 exsul

1871 3937 2114 4001 Delituit,
2150 3943 2256 3993 nati
2286 3942 2455 3996 vitans
2481 3946 2769 4000 discrimen
2803 3950 2998 4003 acerbi.

1872 4026 1980 4080 Nec
2014 4028 2207 4081 Pluton
2238 4033 2473 4099 prodest,
2498 4035 2589 4101 qui
2617 4038 2763 4091 tetris
2794 4039 3011 4094 Tartara
3039 4049 3267 4113 sceptris

1873 4116 2045 4177 llexit,
2072 4128 2124 4170 et
2150 4120 2341 4173 interni
2373 4124 2519 4173 furva
2544 4128 2780 4191 regnavit
2808 4129 2857 4180 in
2890 4133 3003 4182 anla
3033 4149 3045 4195 ;

1872 4207 1965 4259 llic
1995 4207 2205 4263 Cereris
2230 4211 2467 4266 sobolem
2499 4216 2765 4282 nigrantes
2797 4219 2934 4273 vexit
2965 4226 3028 4275 ad
3061 4226 3298 4281 umbras.

1868 4295 1970 4347 Sed
2004 4299 2181 4365 regina
2212 4303 2361 4368 sequi
2390 4316 2613 4357 matrem
2648 4307 2971 4375 Proserpina
2998 4317 3135 4369 nolle

1872 4387 2059 4443 Fertur
2083 4393 2133 4444 in
2167 4396 2395 4462 antiquis
2428 4397 2621 4452 falsato
2646 4414 2937 4469 grammate
2967 4408 3142 4461 biblis.

1791 4510 1843 4567 Ι)
1872 4480 1976 4533 Nec
2005 4480 2109 4534 Pan
2140 4485 2400 4553 Arcadiae,
2432 4503 2589 4556 quem
2621 4506 2750 4558 gens
2782 4496 2906 4547 colit
2932 4507 3049 4549 exta
3094 4498 3314 4563 litando,

1875 4572 2105 4626 Plurima
2129 4575 2254 4629 dum
2286 4579 2516 4633 verubus
2547 4584 2782 4637 torrebat
2813 4586 3011 4640 viscera
3045 4589 3294 4649 ﬂammis.

1870 4662 2102 4715 Contulit
2132 4665 2383 4718 auxilium
2418 4670 2523 4721 fani
2556 4670 2861 4728 fundamine
2891 4676 3078 4731 fracto.

1869 4751 2106 4804 Machina
2137 4755 2277 4807 celsa
2311 4758 2473 4821 labat,
2506 4760 2631 4814 dum
2664 4765 2893 4817 culmina
2929 4767 3090 4821 fracta
3124 4770 3393 4824 fatiscunt.

1870 4840 1977 4895 Nec
2005 4844 2118 4911 glns
2148 4844 2450 4901 lentescens
2482 4867 2753 4905 murormu
2782 4871 2975 4909 muenia
3004 4861 3199 4927 pangit,

1870 4933 1977 4986 Nec
2008 4937 2169 4988 durus
2194 4941 2439 5004 scopulus
2470 4945 2628 4995 calcis
2655 4959 2910 5015 compage
2939 4951 3230 5015 quadratur
3256 4970 3267 5004 2

1872 5024 1960 5077 Sic
1990 5025 2146 5077 simul
2178 5027 2430 5082 exhausta
2468 5042 2701 5085 veterum
2736 5037 2927 5090 virtute
2954 5039 3195 5107 deortttn,

1880 5116 2097 5184 Insuper
2123 5128 2402 5185 augustum
2435 5136 2681 5188 quassata
2712 5128 2849 5181 mole
2879 5132 3131 5184 sacellum

1873 5204 2039 5257 Diruit
2070 5208 2122 5258 iu
2156 5208 2393 5261 cinerem
2427 5213 2618 5266 vindex
2650 5230 2873 5269 censura
2907 5216 3189 5285 Tonantis,

1872 5295 1932 5349 Ut
1966 5298 2209 5364 precibus
2234 5310 2433 5369 martyr
2461 5306 2680 5371 supplex
2710 5322 2830 5361 cum
2863 5324 2988 5363 voce
3022 5317 3285 5383 poposcit,

1870 5387 2139 5450 Quatenus
2173 5389 2549 5455 Altitltronnm,
2584 5394 2727 5449 lauta
2751 5400 2839 5464 qui
2870 5414 2996 5467 regii
3020 5409 3057 5453 rt
3085 5406 3134 5454 in
3164 5417 3307 5469 arce,

1870 5478 2090 5532 Possem
2119 5480 2364 5533 claritieis
2389 5485 2575 5551 pagani
2602 5489 2817 5542 credere
2839 5490 3022 5558 signis.

1875 5572 2032 5626 Unica
2062 5582 2168 5624 tum
2199 5573 2411 5627 soboles
2436 5578 2662 5644 prwfccti
2694 5582 2918 5633 credidit
2949 5584 3087 5636 ultro

1872 5666 2035 5719 Deum
2066 5666 2145 5732 pia
2179 5668 2461 5721 tructiferis
2492 5672 2675 5738 pandit
2706 5676 2999 5740 prmerirdia
3025 5679 3222 5731 verbis.

1872 5753 2112 5819 Martyris
2145 5755 2420 5821 amplexus
2455 5755 2578 5811 felix
2611 5763 2824 5814 oracula
2856 5764 3042 5831 puber.
