4172 6536
736 427 838 480 96.5
1556 422 1610 473 Β.
1653 420 2001 474 ΑΙᾹΗΗΞΜΗ
2046 420 2324 474 Οἱδέἰιίιέλι
2373 419 2383 471 l

1556 422 1610 473 Β.
1653 420 2001 474 ΑΙᾹΗΗΞΜΗ
2046 420 2324 474 ΟΙῚ-ζιίιέλι
2373 418 2546 471 PARS
2588 418 2671 471 ιη.
2718 449 2780 456 --—
2826 418 3165 473 l’OEMA'l’A.

732 542 880 592 Tunc
914 538 1064 591 simul
1099 538 1148 589 in
1181 536 1409 590 latebras
1434 538 1715 587 truduntur
1736 538 1973 590 carceris
2004 546 2169 589 atras.

731 632 845 693 Qua
874 629 1238 679 damnatorum
1274 637 1587 693 putresccns
1618 627 1752 679 torte
1782 626 2010 679 cadaver

731 719 975 785 Turpiter
1003 716 1263 770 introrsus
1293 717 1509 769 bulliret
1540 717 1811 769 vermibus
1843 719 1971 768 atris
1998 733 2010 776 ;

732 809 837 864 Sed
863 820 1035 862 tamen
1066 808 1332 861 insmnnm
1360 808 1703 873 complentur
1728 818 1939 861 nectare
1972 822 2149 870 nares,

731 900 994 954 ("factum
1023 901 1315 955 Ambrosiaa
1346 900 1617 966 spirantes
1649 900 1782 953 forte
1809 913 2122 966 supernum.

734 993 841 1045 Nec.
871 993 1002 1044 lucis
1026 991 1193 1044 radiis
1225 991 1470 1058 linquens
1499 989 1765 1059 ergastula
1796 991 1980 1052 cessit,

736 1084 974 1148 Limpida
1006 1084 1097 1136 sed
1132 1084 1380 1137 tenebras
1410 1086 1660 1137 arcebant
1686 1082 1882 1136 lumina
1914 1085 2108 1147 furvas,

734 1173 823 1227 Sic
850 1173 991 1227 Deus
1020 1176 1072 1228 in
1102 1174 1300 1228 sanctis
1324 1174 1460 1227 alma
1484 1174 1686 1228 virtute
1716 1174 2020 1241 triumphat.

738 1267 781 1319 Τ
789 1283 872 1318 om
898 1276 1079 1321 custos
1107 1282 1332 1321 cernens
1357 1283 1538 1322 rerum
1568 1269 1817 1322 miracula
1851 1279 1989 1321 tanta

734 1359 973 1412 Credidit
997 1359 1357 1413 Altitbronum
1388 1363 1679 1413 salvantem
1710 1359 1897 1412 szerula
1933 1376 2134 1432 regem,

736 1449 1062 1515 liaptismum
1097 1459 1283 1503 nactus
1305 1451 1531 1518 stipatur
1560 1449 1727 1502 milite
1757 1450 1947 1516 denso,

735 1540 835 1603 Qui
869 1540 1014 1607 prius
1044 1540 1295 1593 excubias
1322 1540 1569 1593 serVabat
1590 1540 1820 1593 carceris
1845 1542 1967 1596 atri.

736 1630 966 1698 Imperat
992 1632 1189 1684 interea
1224 1631 1499 1685 multatum
1531 1641 1701 1684 morte
1733 1631 1957 1685 cadaver

736 1723 967 1791 Surgere
992 1724 1059 1777 dc
1088 1724 1273 1791 nigris,
1306 1725 1482 1776 anima
1516 1725 1794 1785 redeunte,
1830 1722 2072 1786 latebris,

734 1815 886 1878 Quod
922 1816 1065 1877 prius
1090 1815 1381 1868 ohvolvens
1408 1814 1726 1867 constrinxit
1754 1814 1917 1867 fascia
1949 1832 2090 1870 nexu
2117 1833 2132 1871 :

738 1906 971 1959 Mortuus
999 1905 1216 1970 evigilat
1236 1904 1575 1970 disrumpens
1609 1915 1804 1956 tartara
1833 1908 1993 1957 tetra!

735 1994 886 2048 Tunc
916 1994 1162 2059 precibus
1191 2003 1379 2047 turma:
1410 2005 1560 2045 va5to
1588 1998 1853 2058 crepitant
1885 1994 2136 2057 tumultu,

737 2084 1027 2138 Ilortantur
1052 2085 1302 2151 juvenem
1333 2098 1458 2134 vero
1479 2081 1803 2149 depromere
1835 2082 1944 2137 fatu

736 2175 974 2240 Quaiin-r
1002 2174 1267 2226 exanimis
1296 2173 1459 2226 furva:
1490 2173 1750 2227 vestibula
1780 2174 1945 2226 Valvze

740 2264 1046 2334 lnfernique
1070 2265 1248 2333 nigras
1277 2273 1460 2334 posset
1489 2277 1768 2331 penetrare
1798 2265 2049 2329 latebras,

740 2358 808 2412 Et
838 2357 1106 2411 redivivus
1138 2358 1260 2410 item
1294 2357 1662 2423 splendentem
1694 2372 1918 2411 cernere
1947 2359 2136 2414 solem.

739 2447 922 2502 Edidit
945 2446 1213 2512 extemplo
1243 2445 1372 2504 lethi
1401 2446 1613 2501 deoreta
1639 2462 1946 2517 resurgens.

739 2538 1044 2594 Poshumns
1074 2539 1308 2605 angelica
1342 2537 1575 2606 prodens
1603 2539 1851 2607 sullragia
1882 2539 2071 2592 turbis.

815 2631 890 2684 En
918 2631 1107 2683 iterum
1137 2630 1329 2692 sancti,
1360 2631 1576 2698 str0pha
1608 2630 1910 2684 stimulante
1937 2632 2206 2700 draconis,

741 2722 1003 2792 Martyres
1032 2722 1083 2775 in
1111 2735 1275 2790 cupas
1306 2731 1614 2789 merguntur
1643 2720 1826 2776 fomite
1858 2722 2048 2787 farsas,

741 2811 798 2867 In
829 2811 1019 2880 quibus
1050 2820 1159 2864 atra
1192 2810 1320 2879 picis
1352 2824 1525 2864 massa
1556 2811 1868 2880 ﬂagraverat
1891 2813 2107 2877 ardens,

742 2903 852 2957 Nec
879 2919 980 2956 non
1012 2903 1329 2970 sulphureas
1360 2911 1574 2957 ructant
1605 2905 1844 2957 incemlia
1878 2904 2139 2972 ﬂammas,

745 2996 808 3050 Et
839 3006 1230 3049 sarmentorum
1259 2995 1582 3050 comburunt
1613 2997 1799 3064 pabuli
1838 3000 1973 3067 pagi,

744 3090 920 3142 Donec
950 3089 1002 3141 in
1034 3088 1284 3141 :etherias
1314 3087 1523 3140 ﬂamma
1557 3100 1925 3157 prorumperet
1948 3106 2089 3146 oras.

743 3178 846 3230 Sed
878 3189 1053 3231 tamen
1086 3179 1321 3231 insuntes
1346 3176 1541 3232 Chri~ti
1579 3180 1825 3249 suffragia
1860 3182 2082 3248 vallant,

746 3268 889 3322 Licia
917 3277 1039 3322 tunc
1062 3268 1256 3336 digitos
1283 3268 1404 3321 oleo
1428 3269 1695 3323 madentia
1722 3280 1962 3333 uertunt,

743 3362 844 3430 Qui
873 3377 994 3415 mox
1028 3362 1164 3430 ignis
1194 3362 1326 3415 edax
1352 3361 1578 3416 ﬂammis
1606 3363 1901 3417 combussit
1928 3366 2157 3431 acerbis,

745 3455 862 3507 Non
895 3464 1067 3506 tamen
1093 3452 1301 3506 exussit
1322 3463 1628 3507 sanctorum
1661 3466 1803 3508 torre
1836 3456 2081 3509 lacertos.

747 3544 825 3597 En
856 3545 1041 3596 iterum
1071 3557 1268 3611 gypsns
1298 3544 1459 3612 spiris
1489 3543 1696 3598 sinuata
1730 3545 1996 3613 malignis,

747 3634 951 3688 Caerula
985 3632 1251 3702 pestiferis
1283 3633 1491 3687 extollit
1519 3635 1659 3687 colla
1683 3636 1939 3689 venenis:

747 3725 1002 3795 Martyres
1031 3725 1095 3776 ad
1129 3724 1391 3777 theatrum
1420 3727 1702 3780 truduntur
1734 3738 1875 3781 reste
1911 3730 2077 3796 ligati,

749 3814 991 3868 ltictibus
1019 3823 1077 3867 ut
1101 3815 1290 3867 rodant
1317 3825 1621 3868 sanctorum
1654 3818 1894 3870 membra
1924 3818 2125 3882 leones,

752 3905 968 3958 Necnon
1001 3905 1335 3958 niamtibulas
1361 3920 1605 3959 ursorum
1639 3903 1777 3961 ferre
1801 3918 2049 3961 cruentas

752 3994 979 4064 Cogeret
1013 3995 1251 4047 insontes
1287 4002 1546 4048 tortorum
1581 4011 1736 4062 pinna
1768 3998 1999 4051 lacertos

755 4084 859 4138 Sed
886 4098 1040 4136 secus
1063 4085 1242 4137 evenit
1272 4086 1470 4138 sanctis
1502 4087 1720 4139 victoria
1754 4088 1939 4156 palum
1964 4105 1977 4141 :

757 4174 934 4227 Bestia
969 4184 1272 4227 sanctorum
1300 4174 1459 4227 labris
1490 4175 1708 4242 vestigia
1741 4176 1911 4241 linxit,

754 4264 1077 4331 Obsequium
1103 4264 1367 4332 przebeiis,
1399 4266 1604 4331 praedas
1630 4264 1788 4318 oblita
1818 4276 2079 4321 recentes.

762 4356 872 4417 Sic,
899 4364 1136 4408 mutante
1168 4355 1298 4420 Deo,
1334 4354 1619 4407 mitescunt
1645 4354 1805 4407 corda
1835 4353 2084 4417 ferarum,

755 4447 1007 4512 Quamvis
1037 4446 1318 4498 stultorum
1349 4454 1655 4511 torpescant
1685 4446 1845 4499 corda
1874 4446 2130 4498 virorum.

758 4535 828 4588 llt
854 4536 1117 4603 quondam
1146 4545 1295 4587 vates
1324 4535 1437 4588 cola
1464 4549 1583 4587 cum
1612 4547 1876 4589 commate
1907 4539 2187 4602 prompsit,

761 4626 1043 4679 lCdidii-ere
1076 4638 1250 4678 truces
1282 4626 1511 4694 pra-dam
1546 4640 1759 4677 servare
1790 4625 1988 4678 leones.

761 4719 885 4772 l‘ost
920 4721 1031 4771 hac
1056 4719 1292 4787 martyrii
1329 4730 1631 4771 mercantur
1654 4727 1796 4771 serta
1825 4727 2066 4781 eruenta,

762 4809 956 4864 Lucida
986 4809 1239 4875 stelligeri
1273 4809 1593 4861 scandentes
1620 4809 1849 4861 eulmina
1884 4808 2026 4866 creti.

768 4900 845 4951 Ad
872 4914 1094 4964 qmirum
1129 4898 1338 4952 tumbas
1367 4899 1555 4965 gelida:
1588 4907 1704 4966 post
1731 4900 1911 4951 funera
1945 4896 2133 4951 mortis

767 4990 1004 5056 Corpore
1036 4989 1232 5042 calloso
1263 4990 1387 5042 dein
1419 5005 1614 5043 venere
1645 4989 1861 5055 leprosi.

767 5078 869 5144 Qui
897 5079 1051 5130 simul
1075 5078 1126 5132 in
1158 5094 1312 5132 sacro
1343 5078 1585 5145 baptismi
1614 5081 1822 5148 gurgite
1854 5081 2036 5144 mersi,

768 5170 997 5239 Spiritus
1023 5183 1075 5225 et
1100 5172 1277 5225 carnis
1304 5182 1644 5240 sumpserunt
1672 5173 1835 5227 corde
1868 5171 2149 5225 medelam.

840 5262 1071 5331 Antiquo
1099 5261 1268 5316 fuerat
1296 5260 1532 5317 famosus
1564 5273 1801 5331 tempore
1827 5264 2043 5332 quidam

770 5352 1032 5424 Legitime
1059 5355 1274 5408 Christo
1302 5354 1562 5409 famulans
1586 5357 1902 5410 vernaculus
1928 5360 2053 5422 alto,

771 5446 937 5510 Quem
968 5445 1148 5513 genuit
1178 5446 1378 5499 mundo
1403 5447 1605 5501 clarum
1635 5447 1859 5502 Nilotica
1891 5450 2066 5516 tellus,

771 5532 933 5584 Sacra
971 5536 1279 5598 pudicorum
1310 5546 1641 5605 qumrentem
1676 5539 1822 5592 lucra
1853 5539 2107 5604 virorum,

770 5626 937 5688 Quem
970 5636 1114 5675 vocat
1149 5624 1407 5695 Egyptus
1437 5628 1639 5681 crebris
1672 5630 1887 5682 rumoril
1910 5645 1970 5682 us
1999 5632 2181 5685 Amos.

774 5713 1008 5767 l‘lurima
1039 5718 1122 5768 hic
1152 5720 1314 5783 gessit
1346 5719 1601 5771 virtutum
1633 5721 1776 5788 signa
1801 5721 2072 5784 sacerdos,

772 5806 871 5867 Qui
901 5807 994 5859 fuit
1025 5808 1075 5861 in
1110 5808 1291 5860 Nitriai
1318 5807 1583 5865 frondosis
1614 5811 1789 5863 accola
1822 5812 2016 5873 dumis,

3881 423 3913 473 ‘2

3918 424 3947 473 ὁ

3951 426 3978 469 έ

2340 537 2387 593 Α
2417 532 2669 597 Squalida
2696 536 2891 587 deserti
2929 550 3216 601 procurans
3244 534 3424 599 jugera
3458 534 3618 587 ruris.

2422 623 2515 675 llic
2546 623 2690 675 locus
2715 640 2774 676 ex
2809 624 2954 677 Nitro
2977 624 3195 676 sortitur
3222 623 3385 675 Nitria
3417 638 3630 675 numen.

2417 715 2665 768 Creditur
2696 715 2955 770 interdum
2982 718 3121 785 quod
3152 733 3344 770 nomen
3378 719 3568 769 saecula
3592 734 3621 787 ς
3644 726 3831 784 guunt.

2421 808 2589 858 Causa
2620 806 2869 872 fortunaé,
2904 808 2945 859 si
2979 807 3061 861 his
3090 809 3359 861 conlidere
3386 809 3461 861 fas
3489 817 3591 870 cst,

2418 895 2475 949 Si
2509 896 2616 948 fms
2644 908 2735 949 aut
2767 898 2954 961 fatum,
2987 912 3079 949 seu
3101 879 3438 950 constellatio
3463 898 3745 966 quidquam
3772 908 3877 963 est,

2415 985 2470 1039 Si
2503 1002 2669 1053 parra:
2700 988 2827 1040 nulli
2860 998 3138 1055 parcentes
3172 988 3255 1040 lila
3284 988 3601 1056 gubernant,

2419 1078 2627 1130 Mor-tali
2660 1079 2780 1130 vita:
2812 1079 3033 1144 fusaque
3063 1088 3271 1130 rotante
3303 1078 3594 1141 minantur,

2416 1170 2567 1233 Quod
2599 1170 2740 1222 vehit
2768 1169 2819 1222 in
2855 1171 2993 1223 collo
3018 1169 3171 1222 tereti
3207 1170 3465 1236 vertigine
3488 1167 3703 1222 molem.

2417 1263 2521 1313 Sed
2552 1262 2719 1329 magis
2750 1262 3002 1324 arbi'ror,
3031 1261 3171 1326 qnml
3204 1263 3278 1313 sic
3311 1270 3484 1313 errata
3516 1275 3728 1313 reorum

2415 1352 2579 1405 Nitria
2616 1354 2879 1421 purgavit,
2906 1354 3041 1404 sicut
3075 1352 3387 1419 corpuscula
3418 1355 3556 1404 nitro

2416 1443 2674 1495 Sordibus
2705 1452 2990 1509 expurgata
3020 1443 3191 1505 malis,
3217 1454 3270 1494 et
3294 1446 3393 1495 tota
3419 1446 3706 1496 nitescunt.

2418 1533 2512 1586 llic
2547 1535 2810 1600 quondam
2841 1532 3061 1586 oﬂeudit
3093 1542 3386 1597 turgentem
3421 1543 3657 1599 tempore
3685 1533 3887 1601 Nilum,

2416 1625 2516 1691 Qui
2550 1626 2771 1679 leruuda
2804 1628 2934 1693 rigat
2963 1626 3165 1680 ﬂustris
3201 1626 3535 1692 Memphitica
3570 1641 3749 1694 regna.

2418 1716 2549 1770 Nam
2582 1717 2810 1769 transire
2841 1716 3030 1768 volens
3055 1724 3233 1781 optata
3265 1716 3421 1766 lintre
3449 1715 3702 1767 carebat:

2423 1805 2526 1858 Sed
2557 1804 2787 1872 spoliare
2818 1814 2958 1857 vetat
2987 1816 3205 1857 carnem
3234 1801 3547 1854 verecundia
3579 1802 3782 1866 frontis,

2344 1885 2388 1942 Β
2419 1898 2656 1963 Corpore
2689 1913 2753 1949 ne
2786 1897 2927 1948 nudo
2952 1905 3237 1950 temeraret
3262 1894 3381 1961 jura
3412 1893 3644 1961 pudoris.

2415 1985 2550 2037 Tum
2579 1985 2723 2037 dicto
2747 1987 2906 2037 citius
2933 1994 3241 2052 spumantes
3269 1985 3448 2035 littore
3477 1982 3720 2050 lymphas

2417 2076 2676 2142 Penniger
2704 2083 2761 2127 ut
2788 2089 2988 2143 pra-pes
3012 2075 3327 2126 translertur
3351 2072 3559 2125 cullitus
3591 2074 3747 2135 ultra,

2416 2163 2637 2219 Piscifer
2665 2173 2722 2217 ut
2752 2164 2949 2216 dudum
2982 2164 3237 2217 momenti
3272 2172 3508 2230 tempore
3536 2175 3682 2216 vates

2418 2254 2670 2323 Angelico
2701 2265 2853 2321 raptu
2885 2255 3139 2306 lustrabat
3167 2253 3399 2306 Chaldea
3433 2268 3617 2321 regna,

2421 2348 2487 2402 Ut
2516 2362 2731 2401 vernam
2771 2346 2975 2399 Domini
3016 2348 3283 2399 nutrirent
3309 2345 3546 2399 crustula
3578 2345 3751 2401 farris.

2420 2437 2558 2491 Ecce
2589 2453 2720 2506 puer
2748 2439 2960 2505 qudam
2998 2438 3256 2490 laceratus
3288 2438 3446 2491 dente
3479 2437 3716 2499 molossi,

2423 2532 2596 2596 Atque
2627 2540 2891 2583 venenato
2927 2544 3209 2597 perpessus
3234 2530 3450 2582 vulnera
3482 2529 3637 2594 rictu,

2424 2616 2667 2670 Vertitur
2693 2619 2743 2670 in
2776 2619 2976 2671 rabiem
3011 2619 3285 2671 fraudatus
3316 2629 3492 2672 mente
3516 2617 3712 2687 sagaci,

2423 2703 2616 2759 Ferrea
2643 2721 2800 2774 quem
2830 2709 3033 2761 strictis
3064 2711 3348 2762 nectebant
3375 2709 3545 2763 vincla
3576 2708 3801 2769 catenis.

2424 2794 2720 2851 Bacchatur
2749 2799 3001 2868 quoniam
3032 2800 3364 2870 vagabuudis
3394 2801 3636 2868 passibus
3663 2815 3872 2856 amens.

2425 2886 2628 2945 Idcirco
2659 2891 2820 2958 prolis
2844 2893 3099 2946 luxerunt
3130 2890 3237 2944 fata
3270 2903 3537 2959 parentes,

2424 2984 2496 3040 Et
2523 2986 2823 3039 veneranda
2853 2995 3044 3053 petunt
3067 2984 3257 3040 ﬂentes
3282 2986 3494 3039 oracula
3524 2987 3714 3051 sancti,

2426 3075 2496 3131 Ut
2520 3077 2701 3130 miseri
2733 3075 2959 3139 cladem,
2985 3088 3039 3129 et
3066 3075 3256 3128 vulnus
3287 3085 3495 3129 sanaret
3523 3078 3794 3128 acerbum.

2426 3166 2597 3232 Quem
2622 3165 2865 3220 coiisulta
2896 3166 3072 3218 ferunt
3099 3166 3188 3219 tali
3215 3180 3335 3219 cum
3365 3179 3496 3219 voce
3519 3165 3749 3219 dedisse.

2353 3248 2400 3311 C
2431 3255 2661 3310 Reddite
2691 3270 2829 3309 nunc
2857 3256 3030 3309 vidua:
3055 3256 3317 3309 sublatum
3349 3255 3534 3309 fraude
3556 3255 3873 3325 iuvencum,

2431 3345 2500 3398 Et
2524 3360 2713 3412 sospes
2743 3346 2956 3399 soboles
2979 3346 3131 3399 vobis
3158 3347 3439 3400 comitatur
3460 3347 3703 3400 amanda.

2426 3435 2528 3490 Olli
2556 3436 2818 3489 mirantur
2841 3436 2980 3504 quod
3014 3445 3197 3490 nosset
3225 3437 3463 3489 claucula
3493 3437 3645 3502 furta,

2428 3528 2559 3593 Qua:
2587 3525 2731 3594 prius
2753 3527 3017 3580 abstrusis
3045 3527 3333 3580 credebant
3352 3536 3497 3595 gesta
3528 3527 3745 3581 latebris
3772 3545 3786 3581 :

2431 3617 2564 3670 Tum
2592 3618 2799 3685 genitor
2824 3618 3061 3685 gaudens
3088 3629 3357 3687 grassatur
3384 3617 3582 3685 sospite
3611 3628 3756 3682 nato,

2432 3709 2675 3759 Actutum
2706 3708 2860 3759 saevis
2903 3706 3132 3760 reddens
3183 3705 3359 3771 lPar.,
3391 3706 3636 3777 reddunt]
3682 3707 3893 3778 direpta
3923 3725 4003 3762 ra-

3752 3798 3939 3871 [pinis.

2435 3886 2523 3939 Sic
2554 3886 2664 3941 fors
2693 3886 2890 3950 evenit,
2924 3902 3084 3942 verax
3115 3898 3174 3943 ut
3198 3903 3325 3943 voce
3354 3890 3657 3958 spopondit,

2435 3977 2698 4046 Tempore
2729 3993 2851 4031 mox
2879 3980 2982 4033 alio
3008 3980 3208 4034 dolium
3232 3981 3442 4036 deferre
3472 3983 3732 4050 poposcit,

2435 4069 2585 4132 Quod
2618 4069 2722 4121 duo
2754 4078 3039 4136 voverunt,
3073 4071 3208 4125 alter
3230 4072 3323 4125 sed
3346 4082 3461 4125 vota
3500 4072 3705 4126 fefellit.

2435 4160 2641 4215 Idcirco
2668 4161 2838 4229 gelida
2866 4162 3216 4216 constrictum
3243 4176 3416 4217 morte
3445 4165 3707 4217 camelum

2440 4253 2707 4306 l‘erdebat
2733 4254 2974 4320 gibbum.
3007 4267 3112 4322 quo
3140 4255 3348 4307 vascula
3373 4250 3512 4306 ferre
3540 4254 3795 4320 peperi-it,

2439 4345 2654 4411 Sospite
2677 4341 2965 4412 perfruitur
2992 4345 3086 4399 sed
3116 4360 3274 4398 verax
3316 4345 3450 4398 alter
3474 4345 3661 4405 asello,

2439 4434 2555 4501 Quo
2586 4436 2843 4503 promissa
2876 4437 2990 4489 seni
3020 4436 3306 4504 complevit
3335 4446 3455 4490 vo:a
3487 4436 3765 4505 benignus.

2442 4527 2593 4580 llunc
2623 4528 2753 4580 vidit
2776 4526 2902 4582 ferri
2928 4528 3054 4582 felix
3088 4528 3350 4582 Antonius
3378 4529 3527 4591 oliui,

2362 4585 2410 4646 C
2443 4620 2731 4688 Lingueret
2758 4622 3003 4687 egregius
3032 4637 3151 4674 cum
3182 4622 3354 4675 carnis
3381 4619 3585 4674 vincula
3616 4622 3789 4685 miles,

2446 4711 2723 4778 Angelicis
2758 4710 2946 4763 turmis
2975 4711 3040 4763 ad
3070 4711 3191 4764 caeli
3223 4712 3397 4764 sidera
3430 4720 3659 4774 vei-tum,

2442 4801 2775 4869 Pulchraque
2810 4810 3080 4868 perpetuat
3111 4813 3481 4868 penetrantem
3518 4802 3701 4856 limina
3729 4802 3876 4858 vita.

2513 4892 2776 4960 Tempore.
2799 4891 2908 4960 jam
2942 4893 3117 4958 prisco
3146 4893 3248 4946 fuit
3272 4894 3581 4960 Apollonius
3607 4894 3801 4950 almus.

2448 4984 2627 5038 Edidit
2653 4985 2792 5036 hunc
2827 4983 2991 5050 signis
3020 4983 3225 5037 clarum
3262 4984 3482 5037 Nilonca
3517 4983 3690 5048 tellus,

2451 5075 2545 5129 llic
2571 5082 2686 5127 erat
2712 5075 2763 5126 in
2791 5074 3050 5142 quadrum
3084 5074 3329 5143 vulgatus
3374 5075 3613 5129 laudibus
3645 5075 3854 5139 orbem,

2449 5166 2700 5220 Praebens
2729 5164 3028 5225 exemplum
3057 5165 3363 5232 quingentis
3400 5165 3650 5218 fratn‘bus
3678 5179 3918 5234 :cquum,

2447 5257 2512 5312 Et
2542 5255 2832 5325 pubertatis
2858 5256 3127 5310 desertum
3167 5266 3416 5325 tempore
3438 5258 3648 5322 quaerit.

2446 5349 2575 5402 Nam
2609 5358 2688 5402 ter
2715 5347 3075 5417 quinquennis
3105 5350 3362 5403 mortales
3391 5347 3594 5416 aufugit
3623 5347 3765 5401 ultro
3786 5388 3800 5400 .

2453 5439 2545 5494 llic
2570 5449 2757 5494 octena
2788 5440 2945 5493 simul
2971 5455 3300 5495 conversans
3330 5440 3491 5494 lustra
3520 5441 3740 5509 peregit.

2450 5532 2664 5584 Centies
2693 5547 2919 5586 exorans
2943 5530 3216 5585 nocturnis
3241 5531 3408 5584 ferme
3433 5530 3668 5590 latebris.

2454 5623 2516 5677 Et
2550 5624 2767 5676 totidem
2800 5623 2999 5677 vicibus
3026 5625 3103 5675 sic
3132 5622 3298 5690 gessit
3325 5621 3459 5675 forte
3488 5622 3712 5674 diurnis.

2456 5718 2522 5772 Ut
2549 5719 2767 5785 genibus
2792 5717 2967 5781 ﬂexis,
2994 5727 3046 5770 et
3076 5729 3240 5770 curvo
3272 5714 3469 5783 poplite
3502 5714 3711 5769 Patrem

2452 5812 2693 5865 Ccruuus
2719 5821 2899 5866 oraret
2930 5812 3091 5866 frctus
3124 5811 3317 5878 pietate
3341 5807 3616 5863 Tonantis.
