  <div class='ocr_page' id='page_1' title='image "/cluster/home/n/w/nwhite01/storage/ocr_20150623/88-89/uc1.31175000868714/810.png"; bbox 0 0 4172 6576; ppageno 0'>
   <div class='ocr_carea' id='block_1_1' title="bbox 249 485 356 537">
    <p class='ocr_par' dir='ltr' id='par_1_1' title="bbox 249 485 356 537">
     <span class='ocr_line' id='line_1_1' title="bbox 249 485 356 537; baseline 0 0"><span class='ocrx_word' id='word_1_1' title='bbox 249 485 356 537; x_wconf 68' lang='lat'><strong>285</strong></span> 
     </span>
    </p>
   </div>
   <div class='ocr_carea' id='block_1_2' title="bbox 253 590 1501 664">
    <p class='ocr_par' dir='ltr' id='par_1_2' title="bbox 253 590 1501 664">
     <span class='ocr_line' id='line_1_2' title="bbox 253 590 1501 664; baseline -0.009 -12"><span class='ocrx_word' id='word_1_2' title='bbox 253 602 489 664; x_wconf 71' lang='lat' dir='ltr'><strong>Siuppea</strong></span> <span class='ocrx_word' id='word_1_3' title='bbox 523 593 606 647; x_wconf 92' lang='lat' dir='ltr'><strong>eui</strong></span> <span class='ocrx_word' id='word_1_4' title='bbox 635 594 846 646; x_wconf 80' lang='lat' dir='ltr'><strong>inerant</strong></span> <span class='ocrx_word' id='word_1_5' title='bbox 874 590 1014 659; x_wconf 89' lang='lat' dir='ltr'><strong>pepli</strong></span> <span class='ocrx_word' id='word_1_6' title='bbox 1050 590 1316 643; x_wconf 84' lang='lat' dir='ltr'><strong>velamina</strong></span> <span class='ocrx_word' id='word_1_7' title='bbox 1349 590 1501 652; x_wconf 83' lang='lat' dir='ltr'><strong>texti,</strong></span> 
     </span>
    </p>
   </div>
   <div class='ocr_carea' id='block_1_3' title="bbox 252 687 1550 753">
    <p class='ocr_par' dir='ltr' id='par_1_3' title="bbox 252 687 1550 753">
     <span class='ocr_line' id='line_1_3' title="bbox 252 687 1550 753; baseline -0.006 -11"><span class='ocrx_word' id='word_1_8' title='bbox 252 687 431 742; x_wconf 86' lang='lat' dir='ltr'><strong>Donec</strong></span> <span class='ocrx_word' id='word_1_9' title='bbox 456 687 682 749; x_wconf 78' lang='lat' dir='ltr'><strong>degebat</strong></span> <span class='ocrx_word' id='word_1_10' title='bbox 706 701 979 753; x_wconf 85' lang='lat' dir='ltr'><strong>nunquam</strong></span> <span class='ocrx_word' id='word_1_11' title='bbox 1008 698 1229 750; x_wconf 92' lang='lat' dir='ltr'><strong>passura</strong></span> <span class='ocrx_word' id='word_1_12' title='bbox 1256 693 1550 736; x_wconf 85' lang='lat' dir='ltr'><strong>senectam.</strong></span> 
     </span>
    </p>
   </div>
   <div class='ocr_carea' id='block_1_4' title="bbox 249 776 1511 831">
    <p class='ocr_par' dir='ltr' id='par_1_4' title="bbox 249 776 1511 831">
     <span class='ocr_line' id='line_1_4' title="bbox 249 776 1511 831; baseline -0.005 -2"><span class='ocrx_word' id='word_1_13' title='bbox 249 782 451 831; x_wconf 70' lang='lat' dir='ltr'><strong>tllarviit</strong></span> <span class='ocrx_word' id='word_1_14' title='bbox 481 778 685 830; x_wconf 74' lang='lat' dir='ltr'><strong>idcirco</strong></span> <span class='ocrx_word' id='word_1_15' title='bbox 716 776 916 829; x_wconf 88' lang='lat' dir='ltr'><strong>celebri</strong></span> <span class='ocrx_word' id='word_1_16' title='bbox 955 790 1170 828; x_wconf 85' lang='lat' dir='ltr'><strong>rumore</strong></span> <span class='ocrx_word' id='word_1_17' title='bbox 1201 789 1511 827; x_wconf 73' lang='lat' dir='ltr'><strong>coruscans.</strong></span> 
     </span>
    </p>
   </div>
   <div class='ocr_carea' id='block_1_5' title="bbox 248 866 1542 938">
    <p class='ocr_par' dir='ltr' id='par_1_5' title="bbox 248 866 1542 938">
     <span class='ocr_line' id='line_1_5' title="bbox 248 866 1542 938; baseline -0.002 -16"><span class='ocrx_word' id='word_1_18' title='bbox 248 870 377 923; x_wconf 80' lang='lat' dir='ltr'><strong>Nam</strong></span> <span class='ocrx_word' id='word_1_19' title='bbox 409 884 611 938; x_wconf 87' lang='lat' dir='ltr'><strong>pagana</strong></span> <span class='ocrx_word' id='word_1_20' title='bbox 636 867 821 936; x_wconf 82' lang='lat' dir='ltr'><strong>procul</strong></span> <span class='ocrx_word' id='word_1_21' title='bbox 854 867 995 934; x_wconf 87' lang='lat' dir='ltr'><strong>vulgi</strong></span> <span class='ocrx_word' id='word_1_22' title='bbox 1028 868 1239 919; x_wconf 90' lang='lat' dir='ltr'><strong>cultura</strong></span> <span class='ocrx_word' id='word_1_23' title='bbox 1272 866 1542 919; x_wconf 87' lang='lat' dir='ltr'><strong>manebat.</strong></span> 
     </span>
    </p>
   </div>
   <div class='ocr_carea' id='block_1_6' title="bbox 245 956 1555 1028">
    <p class='ocr_par' dir='ltr' id='par_1_6' title="bbox 245 956 1555 1028">
     <span class='ocr_line' id='line_1_6' title="bbox 245 956 1555 1028; baseline -0.006 -15"><span class='ocrx_word' id='word_1_24' title='bbox 245 963 361 1028; x_wconf 77' lang='lat' dir='ltr'><strong>Qua</strong></span> <span class='ocrx_word' id='word_1_25' title='bbox 390 963 538 1015; x_wconf 89' lang='lat' dir='ltr'><strong>stetit</strong></span> <span class='ocrx_word' id='word_1_26' title='bbox 568 959 790 1025; x_wconf 88' lang='lat' dir='ltr'><strong>antiquo</strong></span> <span class='ocrx_word' id='word_1_27' title='bbox 826 957 1110 1010; x_wconf 85' lang='lat' dir='ltr'><strong>delubrum</strong></span> <span class='ocrx_word' id='word_1_28' title='bbox 1144 972 1294 1009; x_wconf 90' lang='lat' dir='ltr'><strong>more</strong></span> <span class='ocrx_word' id='word_1_29' title='bbox 1322 956 1555 1007; x_wconf 90' lang='lat' dir='ltr'><strong>dicatum</strong></span> 
     </span>
    </p>
   </div>
   <div class='ocr_carea' id='block_1_7' title="bbox 249 1048 1547 1106">
    <p class='ocr_par' dir='ltr' id='par_1_7' title="bbox 249 1048 1547 1106">
     <span class='ocr_line' id='line_1_7' title="bbox 249 1048 1547 1106; baseline -0.007 0"><span class='ocrx_word' id='word_1_30' title='bbox 249 1053 374 1106; x_wconf 91' lang='lat' dir='ltr'><strong>Inde</strong></span> <span class='ocrx_word' id='word_1_31' title='bbox 406 1051 720 1106; x_wconf 87' lang='lat' dir='ltr'><strong>sacerdotes</strong></span> <span class='ocrx_word' id='word_1_32' title='bbox 750 1050 945 1104; x_wconf 86' lang='lat' dir='ltr'><strong>crebro</strong></span> <span class='ocrx_word' id='word_1_33' title='bbox 978 1050 1261 1103; x_wconf 85' lang='lat' dir='ltr'><strong>simulacra</strong></span> <span class='ocrx_word' id='word_1_34' title='bbox 1297 1048 1547 1105; x_wconf 84' lang='lat' dir='ltr'><strong>ferentes,</strong></span> 
     </span>
    </p>
   </div>
   <div class='ocr_carea' id='block_1_8' title="bbox 248 1141 1547 1209">
    <p class='ocr_par' dir='ltr' id='par_1_8' title="bbox 248 1141 1547 1209">
     <span class='ocr_line' id='line_1_8' title="bbox 248 1141 1547 1209; baseline -0.008 -12"><span class='ocrx_word' id='word_1_35' title='bbox 248 1145 611 1197; x_wconf 76' lang='lat' dir='ltr'><strong>Bacchantum</strong></span> <span class='ocrx_word' id='word_1_36' title='bbox 645 1145 746 1195; x_wconf 91' lang='lat' dir='ltr'><strong>ritu</strong></span> <span class='ocrx_word' id='word_1_37' title='bbox 784 1142 955 1209; x_wconf 85' lang='lat' dir='ltr'><strong>longis</strong></span> <span class='ocrx_word' id='word_1_38' title='bbox 985 1141 1315 1193; x_wconf 71' lang='lat' dir='ltr'><strong>anfractibus</strong></span> <span class='ocrx_word' id='word_1_39' title='bbox 1348 1146 1547 1190; x_wconf 91' lang='lat' dir='ltr'><strong>errant.</strong></span> 
     </span>
    </p>
   </div>
   <div class='ocr_carea' id='block_1_9' title="bbox 244 1233 1444 1290">
    <p class='ocr_par' dir='ltr' id='par_1_9' title="bbox 244 1233 1444 1290">
     <span class='ocr_line' id='line_1_9' title="bbox 244 1233 1444 1290; baseline -0.005 -1"><span class='ocrx_word' id='word_1_40' title='bbox 244 1237 452 1290; x_wconf 77' lang='lat' dir='ltr'><strong>Taliter</strong></span> <span class='ocrx_word' id='word_1_41' title='bbox 484 1246 541 1287; x_wconf 91' lang='lat' dir='ltr'><strong>ut</strong></span> <span class='ocrx_word' id='word_1_42' title='bbox 572 1236 703 1287; x_wconf 81' lang='lat' dir='ltr'><strong>vidit</strong></span> <span class='ocrx_word' id='word_1_43' title='bbox 726 1234 1004 1288; x_wconf 86' lang='lat' dir='ltr'><strong>dementes</strong></span> <span class='ocrx_word' id='word_1_44' title='bbox 1031 1234 1168 1286; x_wconf 88' lang='lat' dir='ltr'><strong>forte</strong></span> <span class='ocrx_word' id='word_1_45' title='bbox 1194 1233 1444 1285; x_wconf 83' lang='lat' dir='ltr'><strong>cohortes</strong></span> 
     </span>
    </p>
   </div>
   <div class='ocr_carea' id='block_1_10' title="bbox 246 1324 1621 1393">
    <p class='ocr_par' dir='ltr' id='par_1_10' title="bbox 246 1324 1621 1393">
     <span class='ocr_line' id='line_1_10' title="bbox 246 1324 1621 1393; baseline -0.006 -13"><span class='ocrx_word' id='word_1_46' title='bbox 246 1328 517 1380; x_wconf 69' lang='lat' dir='ltr'><strong>Fauorutn</strong></span> <span class='ocrx_word' id='word_1_47' title='bbox 548 1336 776 1378; x_wconf 87' lang='lat' dir='ltr'><strong>statuam</strong></span> <span class='ocrx_word' id='word_1_48' title='bbox 808 1342 900 1389; x_wconf 85' lang='lat' dir='ltr'><strong>per</strong></span> <span class='ocrx_word' id='word_1_49' title='bbox 923 1340 1113 1393; x_wconf 75' lang='lat' dir='ltr'><strong>gyrum</strong></span> <span class='ocrx_word' id='word_1_50' title='bbox 1150 1326 1289 1378; x_wconf 84' lang='lat' dir='ltr'><strong>ferre</strong></span> <span class='ocrx_word' id='word_1_51' title='bbox 1315 1324 1621 1383; x_wconf 80' lang='lat' dir='ltr'><strong>nefandam,</strong></span> 
     </span>
    </p>
   </div>
   <div class='ocr_carea' id='block_1_11' title="bbox 241 1417 1655 1484">
    <p class='ocr_par' dir='ltr' id='par_1_11' title="bbox 241 1417 1655 1484">
     <span class='ocr_line' id='line_1_11' title="bbox 241 1417 1655 1484; baseline -0.003 -15"><span class='ocrx_word' id='word_1_52' title='bbox 241 1420 404 1481; x_wconf 83' lang='lat' dir='ltr'><strong>Tum,</strong></span> <span class='ocrx_word' id='word_1_53' title='bbox 436 1419 588 1471; x_wconf 81' lang='lat' dir='ltr'><strong>ﬂexis</strong></span> <span class='ocrx_word' id='word_1_54' title='bbox 617 1420 861 1483; x_wconf 81' lang='lat' dir='ltr'><strong>genibus,</strong></span> <span class='ocrx_word' id='word_1_55' title='bbox 892 1419 1140 1484; x_wconf 80' lang='lat' dir='ltr'><strong>pulsabat</strong></span> <span class='ocrx_word' id='word_1_56' title='bbox 1166 1432 1297 1470; x_wconf 86' lang='lat' dir='ltr'><strong>voce</strong></span> <span class='ocrx_word' id='word_1_57' title='bbox 1329 1417 1655 1467; x_wconf 70' lang='lat' dir='ltr'><strong>&#39;l‘onauteur</strong></span> 
     </span>
    </p>
   </div>
   <div class='ocr_carea' id='block_1_12' title="bbox 244 1510 1645 1575">
    <p class='ocr_par' dir='ltr' id='par_1_12' title="bbox 244 1510 1645 1575">
     <span class='ocr_line' id='line_1_12' title="bbox 244 1510 1645 1575; baseline -0.004 -12"><span class='ocrx_word' id='word_1_58' title='bbox 244 1511 311 1563; x_wconf 82' lang='lat' dir='ltr'><strong>Et</strong></span> <span class='ocrx_word' id='word_1_59' title='bbox 343 1526 466 1562; x_wconf 86' lang='lat' dir='ltr'><strong>mox</strong></span> <span class='ocrx_word' id='word_1_60' title='bbox 496 1524 643 1562; x_wconf 88' lang='lat' dir='ltr'><strong>stare</strong></span> <span class='ocrx_word' id='word_1_61' title='bbox 674 1512 800 1561; x_wconf 76' lang='lat' dir='ltr'><strong>facit</strong></span> <span class='ocrx_word' id='word_1_62' title='bbox 830 1512 1150 1561; x_wconf 77' lang='lat' dir='ltr'><strong>bacchantes</strong></span> <span class='ocrx_word' id='word_1_63' title='bbox 1183 1510 1396 1575; x_wconf 90' lang='lat' dir='ltr'><strong>agmine</strong></span> <span class='ocrx_word' id='word_1_64' title='bbox 1424 1517 1645 1569; x_wconf 71' lang='lat' dir='ltr'><strong>turmas,</strong></span> 
     </span>
    </p>
   </div>
   <div class='ocr_carea' id='block_1_13' title="bbox 243 1600 1717 1668">
    <p class='ocr_par' dir='ltr' id='par_1_13' title="bbox 243 1600 1717 1668">
     <span class='ocr_line' id='line_1_13' title="bbox 243 1600 1717 1668; baseline -0.005 -16"><span class='ocrx_word' id='word_1_65' title='bbox 243 1601 509 1652; x_wconf 74' lang='lat' dir='ltr'><strong>Funditus</strong></span> <span class='ocrx_word' id='word_1_66' title='bbox 540 1611 595 1652; x_wconf 92' lang='lat' dir='ltr'><strong>ut</strong></span> <span class='ocrx_word' id='word_1_67' title='bbox 626 1600 807 1652; x_wconf 90' lang='lat' dir='ltr'><strong>nullus</strong></span> <span class='ocrx_word' id='word_1_68' title='bbox 832 1615 952 1653; x_wconf 90' lang='lat' dir='ltr'><strong>cum</strong></span> <span class='ocrx_word' id='word_1_69' title='bbox 985 1600 1182 1668; x_wconf 89' lang='lat' dir='ltr'><strong>plantis</strong></span> <span class='ocrx_word' id='word_1_70' title='bbox 1204 1608 1447 1666; x_wconf 73' lang='lat' dir='ltr'><strong>pergeret</strong></span> <span class='ocrx_word' id='word_1_71' title='bbox 1473 1613 1717 1663; x_wconf 82' lang='lat' dir='ltr'><strong>usquam,</strong></span> 
     </span>
    </p>
   </div>
   <div class='ocr_carea' id='block_1_14' title="bbox 241 1689 1622 1756">
    <p class='ocr_par' dir='ltr' id='par_1_14' title="bbox 241 1689 1622 1756">
     <span class='ocr_line' id='line_1_14' title="bbox 241 1689 1622 1756; baseline -0.001 -17"><span class='ocrx_word' id='word_1_72' title='bbox 241 1692 355 1742; x_wconf 60' lang='lat' dir='ltr'><strong>Sed</strong></span> <span class='ocrx_word' id='word_1_73' title='bbox 383 1694 561 1743; x_wconf 87' lang='lat' dir='ltr'><strong>cuncti</strong></span> <span class='ocrx_word' id='word_1_74' title='bbox 588 1692 806 1756; x_wconf 88' lang='lat' dir='ltr'><strong>pariter,</strong></span> <span class='ocrx_word' id='word_1_75' title='bbox 840 1691 981 1743; x_wconf 89' lang='lat' dir='ltr'><strong>velut</strong></span> <span class='ocrx_word' id='word_1_76' title='bbox 1010 1705 1155 1741; x_wconf 83' lang='lat' dir='ltr'><strong>a-nea</strong></span> <span class='ocrx_word' id='word_1_77' title='bbox 1184 1690 1331 1755; x_wconf 76' lang='lat' dir='ltr'><strong>signa</strong></span> <span class='ocrx_word' id='word_1_78' title='bbox 1362 1689 1622 1751; x_wconf 71' lang='lat' dir='ltr'><strong>rigebant,</strong></span> 
     </span>
    </p>
   </div>
   <div class='ocr_carea' id='block_1_15' title="bbox 241 1779 1459 1845">
    <p class='ocr_par' dir='ltr' id='par_1_15' title="bbox 241 1779 1459 1845">
     <span class='ocr_line' id='line_1_15' title="bbox 241 1779 1459 1845; baseline -0.003 -14"><span class='ocrx_word' id='word_1_79' title='bbox 241 1781 475 1833; x_wconf 87' lang='lat' dir='ltr'><strong>&#39;l‘orrida</strong></span> <span class='ocrx_word' id='word_1_80' title='bbox 515 1780 791 1845; x_wconf 84' lang='lat' dir='ltr'><strong>flagrantis</strong></span> <span class='ocrx_word' id='word_1_81' title='bbox 822 1782 1061 1845; x_wconf 74' lang='lat' dir='ltr'><strong>perpessi</strong></span> <span class='ocrx_word' id='word_1_82' title='bbox 1098 1780 1297 1831; x_wconf 89' lang='lat' dir='ltr'><strong>lumina</strong></span> <span class='ocrx_word' id='word_1_83' title='bbox 1329 1779 1459 1830; x_wconf 82' lang='lat' dir='ltr'><strong>solis</strong></span> 
     </span>
    </p>
   </div>
   <div class='ocr_carea' id='block_1_16' title="bbox 245 1869 1484 1940">
    <p class='ocr_par' dir='ltr' id='par_1_16' title="bbox 245 1869 1484 1940">
     <span class='ocr_line' id='line_1_16' title="bbox 245 1869 1484 1940; baseline -0.004 -16"><span class='ocrx_word' id='word_1_84' title='bbox 245 1874 382 1925; x_wconf 74' lang='lat' dir='ltr'><strong>llum</strong></span> <span class='ocrx_word' id='word_1_85' title='bbox 412 1874 530 1940; x_wconf 87' lang='lat' dir='ltr'><strong>plus</strong></span> <span class='ocrx_word' id='word_1_86' title='bbox 551 1874 737 1925; x_wconf 77' lang='lat' dir='ltr'><strong>:estivo</strong></span> <span class='ocrx_word' id='word_1_87' title='bbox 770 1873 1008 1923; x_wconf 79' lang='lat' dir='ltr'><strong>torrebat</strong></span> <span class='ocrx_word' id='word_1_88' title='bbox 1037 1881 1278 1938; x_wconf 89' lang='lat' dir='ltr'><strong>tempore</strong></span> <span class='ocrx_word' id='word_1_89' title='bbox 1312 1869 1484 1922; x_wconf 81' lang='lat' dir='ltr'><strong>Titan.</strong></span> 
     </span>
    </p>
   </div>
   <div class='ocr_carea' id='block_1_17' title="bbox 244 1961 1530 2017">
    <p class='ocr_par' dir='ltr' id='par_1_17' title="bbox 244 1961 1530 2017">
     <span class='ocr_line' id='line_1_17' title="bbox 244 1961 1530 2017; baseline -0.005 -2"><span class='ocrx_word' id='word_1_90' title='bbox 244 1964 453 2015; x_wconf 74' lang='lat' dir='ltr'><strong>interea</strong></span> <span class='ocrx_word' id='word_1_91' title='bbox 488 1962 741 2013; x_wconf 86' lang='lat' dir='ltr'><strong>damnum</strong></span> <span class='ocrx_word' id='word_1_92' title='bbox 774 1962 897 2012; x_wconf 87' lang='lat' dir='ltr'><strong>dum</strong></span> <span class='ocrx_word' id='word_1_93' title='bbox 932 1971 1127 2013; x_wconf 90' lang='lat' dir='ltr'><strong>norunt</strong></span> <span class='ocrx_word' id='word_1_94' title='bbox 1152 1961 1293 2013; x_wconf 89' lang='lat' dir='ltr'><strong>unde</strong></span> <span class='ocrx_word' id='word_1_95' title='bbox 1321 1962 1530 2017; x_wconf 87' lang='lat' dir='ltr'><strong>fuisset,</strong></span> 
     </span>
    </p>
   </div>
   <div class='ocr_carea' id='block_1_18' title="bbox 240 2052 1617 2117">
    <p class='ocr_par' dir='ltr' id='par_1_18' title="bbox 240 2052 1617 2117">
     <span class='ocr_line' id='line_1_18' title="bbox 240 2052 1617 2117; baseline -0.001 -14"><span class='ocrx_word' id='word_1_96' title='bbox 240 2053 480 2105; x_wconf 70' lang='lat' dir='ltr'><strong>Credula</strong></span> <span class='ocrx_word' id='word_1_97' title='bbox 506 2053 766 2105; x_wconf 77' lang='lat' dir='ltr'><strong>doctrina:</strong></span> <span class='ocrx_word' id='word_1_98' title='bbox 796 2053 1062 2115; x_wconf 73' lang='lat' dir='ltr'><strong>spondent</strong></span> <span class='ocrx_word' id='word_1_99' title='bbox 1096 2052 1390 2117; x_wconf 68' lang='lat' dir='ltr'><strong>prmcordia</strong></span> <span class='ocrx_word' id='word_1_100' title='bbox 1418 2052 1617 2109; x_wconf 78' lang='lat' dir='ltr'><strong>verbis.</strong></span> 
     </span>
    </p>
   </div>
   <div class='ocr_carea' id='block_1_19' title="bbox 245 2141 1475 2211">
    <p class='ocr_par' dir='ltr' id='par_1_19' title="bbox 245 2141 1475 2211">
     <span class='ocr_line' id='line_1_19' title="bbox 245 2141 1475 2211; baseline -0.002 -18"><span class='ocrx_word' id='word_1_101' title='bbox 245 2143 465 2211; x_wconf 63' lang='lat' dir='ltr'><strong>llystica</strong></span> <span class='ocrx_word' id='word_1_102' title='bbox 508 2144 746 2195; x_wconf 71' lang='lat' dir='ltr'><strong>cmlestis</strong></span> <span class='ocrx_word' id='word_1_103' title='bbox 779 2154 1055 2194; x_wconf 76' lang='lat' dir='ltr'><strong>sumentes</strong></span> <span class='ocrx_word' id='word_1_104' title='bbox 1085 2142 1224 2193; x_wconf 86' lang='lat' dir='ltr'><strong>dona</strong></span> <span class='ocrx_word' id='word_1_105' title='bbox 1259 2141 1475 2202; x_wconf 80' lang='lat' dir='ltr'><strong>lavacri,</strong></span> 
     </span>
    </p>
   </div>
   <div class='ocr_carea' id='block_1_20' title="bbox 244 2231 1644 2300">
    <p class='ocr_par' dir='ltr' id='par_1_20' title="bbox 244 2231 1644 2300">
     <span class='ocr_line' id='line_1_20' title="bbox 244 2231 1644 2300; baseline -0.002 -15"><span class='ocrx_word' id='word_1_106' title='bbox 244 2235 462 2286; x_wconf 62' lang='lat' dir='ltr'><strong>Aiuntla</strong></span> <span class='ocrx_word' id='word_1_107' title='bbox 486 2234 529 2285; x_wconf 85' lang='lat' dir='ltr'><strong>si</strong></span> <span class='ocrx_word' id='word_1_108' title='bbox 561 2234 810 2299; x_wconf 83' lang='lat' dir='ltr'><strong>precibus</strong></span> <span class='ocrx_word' id='word_1_109' title='bbox 834 2234 1133 2300; x_wconf 85' lang='lat' dir='ltr'><strong>disrumpat</strong></span> <span class='ocrx_word' id='word_1_110' title='bbox 1168 2232 1342 2285; x_wconf 83' lang='lat' dir='ltr'><strong>vincla</strong></span> <span class='ocrx_word' id='word_1_111' title='bbox 1369 2231 1644 2292; x_wconf 79' lang='lat' dir='ltr'><strong>sacerdos,</strong></span> 
     </span>
    </p>
   </div>
   <div class='ocr_carea' id='block_1_21' title="bbox 241 2327 1638 2392">
    <p class='ocr_par' dir='ltr' id='par_1_21' title="bbox 241 2327 1638 2392">
     <span class='ocr_line' id='line_1_21' title="bbox 241 2327 1638 2392; baseline -0.002 -15"><span class='ocrx_word' id='word_1_112' title='bbox 241 2328 499 2378; x_wconf 69' lang='lat' dir='ltr'><strong>l’a.~sibus</strong></span> <span class='ocrx_word' id='word_1_113' title='bbox 520 2336 579 2377; x_wconf 90' lang='lat' dir='ltr'><strong>ut</strong></span> <span class='ocrx_word' id='word_1_114' title='bbox 600 2327 849 2391; x_wconf 78' lang='lat' dir='ltr'><strong>properis</strong></span> <span class='ocrx_word' id='word_1_115' title='bbox 875 2336 1072 2378; x_wconf 78' lang='lat' dir='ltr'><strong>trames</strong></span> <span class='ocrx_word' id='word_1_116' title='bbox 1104 2340 1197 2392; x_wconf 84' lang='lat' dir='ltr'><strong>per</strong></span> <span class='ocrx_word' id='word_1_117' title='bbox 1226 2339 1347 2377; x_wconf 89' lang='lat' dir='ltr'><strong>rura</strong></span> <span class='ocrx_word' id='word_1_118' title='bbox 1381 2333 1638 2390; x_wconf 85' lang='lat' dir='ltr'><strong>patescat,</strong></span> 
     </span>
    </p>
   </div>
   <div class='ocr_carea' id='block_1_22' title="bbox 245 2417 1434 2486">
    <p class='ocr_par' dir='ltr' id='par_1_22' title="bbox 245 2417 1434 2486">
     <span class='ocr_line' id='line_1_22' title="bbox 245 2417 1434 2486; baseline -0.003 -16"><span class='ocrx_word' id='word_1_119' title='bbox 245 2420 311 2471; x_wconf 67' lang='lat' dir='ltr'><strong>lit</strong></span> <span class='ocrx_word' id='word_1_120' title='bbox 342 2419 542 2486; x_wconf 76' lang='lat' dir='ltr'><strong>possint</strong></span> <span class='ocrx_word' id='word_1_121' title='bbox 567 2422 727 2469; x_wconf 83' lang='lat' dir='ltr'><strong>solito</strong></span> <span class='ocrx_word' id='word_1_122' title='bbox 757 2428 1040 2483; x_wconf 66' lang='lat' dir='ltr'><strong>pergentes</strong></span> <span class='ocrx_word' id='word_1_123' title='bbox 1066 2417 1202 2469; x_wconf 87' lang='lat' dir='ltr'><strong>calle</strong></span> <span class='ocrx_word' id='word_1_124' title='bbox 1235 2431 1434 2470; x_wconf 90' lang='lat' dir='ltr'><strong>meare.</strong></span> 
     </span>
    </p>
   </div>
   <div class='ocr_carea' id='block_1_23' title="bbox 245 2506 1533 2574">
    <p class='ocr_par' dir='ltr' id='par_1_23' title="bbox 245 2506 1533 2574">
     <span class='ocr_line' id='line_1_23' title="bbox 245 2506 1533 2574; baseline 0 -17"><span class='ocrx_word' id='word_1_125' title='bbox 245 2507 338 2560; x_wconf 91' lang='lat' dir='ltr'><strong>Ille</strong></span> <span class='ocrx_word' id='word_1_126' title='bbox 368 2521 545 2559; x_wconf 86' lang='lat' dir='ltr'><strong>moras</strong></span> <span class='ocrx_word' id='word_1_127' title='bbox 567 2507 737 2574; x_wconf 85' lang='lat' dir='ltr'><strong>rupit,</strong></span> <span class='ocrx_word' id='word_1_128' title='bbox 773 2506 1003 2558; x_wconf 83' lang='lat' dir='ltr'><strong>fundens</strong></span> <span class='ocrx_word' id='word_1_129' title='bbox 1031 2507 1273 2558; x_wconf 87' lang='lat' dir='ltr'><strong>oramiua</strong></span> <span class='ocrx_word' id='word_1_130' title='bbox 1299 2521 1533 2567; x_wconf 61' lang='lat' dir='ltr'><strong>sursum,</strong></span> 
     </span>
    </p>
   </div>
   <div class='ocr_carea' id='block_1_24' title="bbox 248 2598 1691 2666">
    <p class='ocr_par' dir='ltr' id='par_1_24' title="bbox 248 2598 1691 2666">
     <span class='ocr_line' id='line_1_24' title="bbox 248 2598 1691 2666; baseline -0.001 -15"><span class='ocrx_word' id='word_1_131' title='bbox 248 2600 383 2651; x_wconf 80' lang='lat' dir='ltr'><strong>llum</strong></span> <span class='ocrx_word' id='word_1_132' title='bbox 411 2601 617 2651; x_wconf 87' lang='lat' dir='ltr'><strong>crebris</strong></span> <span class='ocrx_word' id='word_1_133' title='bbox 649 2599 854 2651; x_wconf 79' lang='lat' dir='ltr'><strong>vicibus</strong></span> <span class='ocrx_word' id='word_1_134' title='bbox 885 2601 1088 2651; x_wconf 86' lang='lat' dir='ltr'><strong>celsum</strong></span> <span class='ocrx_word' id='word_1_135' title='bbox 1123 2599 1369 2664; x_wconf 85' lang='lat' dir='ltr'><strong>pulsabat</strong></span> <span class='ocrx_word' id='word_1_136' title='bbox 1393 2598 1691 2666; x_wconf 84' lang='lat' dir='ltr'><strong>olympum.</strong></span> 
     </span>
    </p>
   </div>
   <div class='ocr_carea' id='block_1_25' title="bbox 241 2691 1608 2758">
    <p class='ocr_par' dir='ltr' id='par_1_25' title="bbox 241 2691 1608 2758">
     <span class='ocr_line' id='line_1_25' title="bbox 241 2691 1608 2758; baseline -0.002 -15"><span class='ocrx_word' id='word_1_137' title='bbox 241 2693 334 2743; x_wconf 68' lang='lat' dir='ltr'><strong>Sic</strong></span> <span class='ocrx_word' id='word_1_138' title='bbox 366 2701 512 2743; x_wconf 89' lang='lat' dir='ltr'><strong>sator</strong></span> <span class='ocrx_word' id='word_1_139' title='bbox 542 2692 847 2743; x_wconf 82' lang='lat' dir='ltr'><strong>arcitenens</strong></span> <span class='ocrx_word' id='word_1_140' title='bbox 872 2691 1116 2742; x_wconf 67' lang='lat' dir='ltr'><strong>dissolvit</strong></span> <span class='ocrx_word' id='word_1_141' title='bbox 1140 2692 1372 2758; x_wconf 85' lang='lat' dir='ltr'><strong>compita</strong></span> <span class='ocrx_word' id='word_1_142' title='bbox 1403 2692 1608 2753; x_wconf 81' lang='lat' dir='ltr'><strong>clausa,</strong></span> 
     </span>
    </p>
   </div>
   <div class='ocr_carea' id='block_1_26' title="bbox 246 2781 1605 2846">
    <p class='ocr_par' dir='ltr' id='par_1_26' title="bbox 246 2781 1605 2846">
     <span class='ocr_line' id='line_1_26' title="bbox 246 2781 1605 2846; baseline 0.001 -16"><span class='ocrx_word' id='word_1_143' title='bbox 246 2781 300 2832; x_wconf 93' lang='lat' dir='ltr'><strong>lu</strong></span> <span class='ocrx_word' id='word_1_144' title='bbox 328 2792 532 2833; x_wconf 89' lang='lat' dir='ltr'><strong>tantum</strong></span> <span class='ocrx_word' id='word_1_145' title='bbox 564 2793 619 2833; x_wconf 90' lang='lat' dir='ltr'><strong>ut</strong></span> <span class='ocrx_word' id='word_1_146' title='bbox 646 2797 848 2834; x_wconf 78' lang='lat' dir='ltr'><strong>ruueus</strong></span> <span class='ocrx_word' id='word_1_147' title='bbox 881 2792 1126 2833; x_wconf 86' lang='lat' dir='ltr'><strong>votorum</strong></span> <span class='ocrx_word' id='word_1_148' title='bbox 1160 2796 1382 2846; x_wconf 85' lang='lat' dir='ltr'><strong>compos</strong></span> <span class='ocrx_word' id='word_1_149' title='bbox 1413 2781 1605 2843; x_wconf 88' lang='lat' dir='ltr'><strong>abiret,</strong></span> 
     </span>
    </p>
   </div>
   <div class='ocr_carea' id='block_1_27' title="bbox 250 2874 1480 2943">
    <p class='ocr_par' dir='ltr' id='par_1_27' title="bbox 250 2874 1480 2943">
     <span class='ocr_line' id='line_1_27' title="bbox 250 2874 1480 2943; baseline -0.003 -17"><span class='ocrx_word' id='word_1_150' title='bbox 250 2876 508 2943; x_wconf 75' lang='lat' dir='ltr'><strong>l&#39;mgatus</strong></span> <span class='ocrx_word' id='word_1_151' title='bbox 532 2875 755 2929; x_wconf 87' lang='lat' dir='ltr'><strong>maculis</strong></span> <span class='ocrx_word' id='word_1_152' title='bbox 782 2874 1031 2942; x_wconf 86' lang='lat' dir='ltr'><strong>baptismi</strong></span> <span class='ocrx_word' id='word_1_153' title='bbox 1066 2874 1273 2940; x_wconf 74' lang='lat' dir='ltr'><strong>gurgite</strong></span> <span class='ocrx_word' id='word_1_154' title='bbox 1304 2888 1480 2936; x_wconf 88' lang='lat' dir='ltr'><strong>sacro,</strong></span> 
     </span>
    </p>
   </div>
   <div class='ocr_carea' id='block_1_28' title="bbox 247 2963 1682 3031">
    <p class='ocr_par' dir='ltr' id='par_1_28' title="bbox 247 2963 1682 3031">
     <span class='ocr_line' id='line_1_28' title="bbox 247 2963 1682 3031; baseline 0.001 -14"><span class='ocrx_word' id='word_1_155' title='bbox 247 2966 391 3018; x_wconf 85' lang='lat' dir='ltr'><strong>ldola</strong></span> <span class='ocrx_word' id='word_1_156' title='bbox 418 2966 585 3019; x_wconf 89' lang='lat' dir='ltr'><strong>fracta</strong></span> <span class='ocrx_word' id='word_1_157' title='bbox 614 2965 835 3031; x_wconf 82' lang='lat' dir='ltr'><strong>fricans,</strong></span> <span class='ocrx_word' id='word_1_158' title='bbox 869 2974 923 3019; x_wconf 90' lang='lat' dir='ltr'><strong>et</strong></span> <span class='ocrx_word' id='word_1_159' title='bbox 949 2980 1068 3017; x_wconf 83' lang='lat' dir='ltr'><strong>uiox</strong></span> <span class='ocrx_word' id='word_1_160' title='bbox 1105 2963 1153 3016; x_wconf 89' lang='lat' dir='ltr'><strong>in</strong></span> <span class='ocrx_word' id='word_1_161' title='bbox 1189 2965 1355 3016; x_wconf 80' lang='lat' dir='ltr'><strong>frusta</strong></span> <span class='ocrx_word' id='word_1_162' title='bbox 1382 2965 1682 3018; x_wconf 75' lang='lat' dir='ltr'><strong>resolvens.</strong></span> 
     </span>
    </p>
   </div>
   <div class='ocr_carea' id='block_1_29' title="bbox 320 3058 1761 3127">
    <p class='ocr_par' dir='ltr' id='par_1_29' title="bbox 320 3058 1761 3127">
     <span class='ocr_line' id='line_1_29' title="bbox 320 3058 1761 3127; baseline -0.001 -16"><span class='ocrx_word' id='word_1_163' title='bbox 320 3058 413 3111; x_wconf 87' lang='lat' dir='ltr'><strong>Lis</strong></span> <span class='ocrx_word' id='word_1_164' title='bbox 434 3060 701 3125; x_wconf 88' lang='lat' dir='ltr'><strong>quomlam</strong></span> <span class='ocrx_word' id='word_1_165' title='bbox 735 3072 918 3127; x_wconf 87' lang='lat' dir='ltr'><strong>pacem</strong></span> <span class='ocrx_word' id='word_1_166' title='bbox 953 3058 1278 3111; x_wconf 79' lang='lat' dir='ltr'><strong>crudescens</strong></span> <span class='ocrx_word' id='word_1_167' title='bbox 1310 3059 1454 3125; x_wconf 85' lang='lat' dir='ltr'><strong>rupit</strong></span> <span class='ocrx_word' id='word_1_168' title='bbox 1485 3058 1761 3112; x_wconf 79' lang='lat' dir='ltr'><strong>honestam</strong></span> 
     </span>
    </p>
   </div>
   <div class='ocr_carea' id='block_1_30' title="bbox 255 3150 1585 3218">
    <p class='ocr_par' dir='ltr' id='par_1_30' title="bbox 255 3150 1585 3218">
     <span class='ocr_line' id='line_1_30' title="bbox 255 3150 1585 3218; baseline 0.001 -17"><span class='ocrx_word' id='word_1_169' title='bbox 255 3152 399 3204; x_wconf 83' lang='lat' dir='ltr'><strong>tuter</strong></span> <span class='ocrx_word' id='word_1_170' title='bbox 427 3154 711 3204; x_wconf 91' lang='lat' dir='ltr'><strong>credentes</strong></span> <span class='ocrx_word' id='word_1_171' title='bbox 743 3150 835 3218; x_wconf 90' lang='lat' dir='ltr'><strong>qui</strong></span> <span class='ocrx_word' id='word_1_172' title='bbox 859 3150 1133 3203; x_wconf 86' lang='lat' dir='ltr'><strong>Christum</strong></span> <span class='ocrx_word' id='word_1_173' title='bbox 1159 3151 1326 3204; x_wconf 88' lang='lat' dir='ltr'><strong>corde</strong></span> <span class='ocrx_word' id='word_1_174' title='bbox 1355 3150 1585 3202; x_wconf 85' lang='lat' dir='ltr'><strong>fatentur</strong></span> 
     </span>
    </p>
   </div>
   <div class='ocr_carea' id='block_1_31' title="bbox 250 3244 1596 3311">
    <p class='ocr_par' dir='ltr' id='par_1_31' title="bbox 250 3244 1596 3311">
     <span class='ocr_line' id='line_1_31' title="bbox 250 3244 1596 3311; baseline -0.001 -13"><span class='ocrx_word' id='word_1_175' title='bbox 250 3247 315 3298; x_wconf 71' lang='lat' dir='ltr'><strong>Et</strong></span> <span class='ocrx_word' id='word_1_176' title='bbox 348 3245 658 3297; x_wconf 80' lang='lat' dir='ltr'><strong>diffidentes</strong></span> <span class='ocrx_word' id='word_1_177' title='bbox 690 3246 777 3311; x_wconf 93' lang='lat' dir='ltr'><strong>qui</strong></span> <span class='ocrx_word' id='word_1_178' title='bbox 810 3244 1081 3297; x_wconf 59' lang='lat' dir='ltr'><strong>Christum</strong></span> <span class='ocrx_word' id='word_1_179' title='bbox 1117 3245 1299 3298; x_wconf 79' lang='lat' dir='ltr'><strong>fraude</strong></span> <span class='ocrx_word' id='word_1_180' title='bbox 1332 3245 1557 3297; x_wconf 77' lang='lat' dir='ltr'><strong>refutant</strong></span> <span class='ocrx_word' id='word_1_181' title='bbox 1585 3265 1596 3304; x_wconf 68' lang='grc' dir='ltr'><strong>ς</strong></span> 
     </span>
    </p>
   </div>
   <div class='ocr_carea' id='block_1_32' title="bbox 247 3332 1475 3389">
    <p class='ocr_par' dir='ltr' id='par_1_32' title="bbox 247 3332 1475 3389">
     <span class='ocr_line' id='line_1_32' title="bbox 247 3332 1475 3389; baseline 0.003 -4"><span class='ocrx_word' id='word_1_182' title='bbox 247 3332 379 3386; x_wconf 75' lang='lat' dir='ltr'><strong>Nam</strong></span> <span class='ocrx_word' id='word_1_183' title='bbox 410 3332 627 3387; x_wconf 81' lang='lat' dir='ltr'><strong>Bellona</strong></span> <span class='ocrx_word' id='word_1_184' title='bbox 657 3334 804 3387; x_wconf 84' lang='lat' dir='ltr'><strong>ferox</strong></span> <span class='ocrx_word' id='word_1_185' title='bbox 835 3334 1017 3387; x_wconf 79' lang='lat' dir='ltr'><strong>infecit</strong></span> <span class='ocrx_word' id='word_1_186' title='bbox 1050 3336 1207 3386; x_wconf 88' lang='lat' dir='ltr'><strong>corda</strong></span> <span class='ocrx_word' id='word_1_187' title='bbox 1240 3333 1475 3389; x_wconf 87' lang='lat' dir='ltr'><strong>venenis.</strong></span> 
     </span>
    </p>
   </div>
   <div class='ocr_carea' id='block_1_33' title="bbox 247 3424 1545 3491">
    <p class='ocr_par' dir='ltr' id='par_1_33' title="bbox 247 3424 1545 3491">
     <span class='ocr_line' id='line_1_33' title="bbox 247 3424 1545 3491; baseline -0.004 -13"><span class='ocrx_word' id='word_1_188' title='bbox 247 3428 412 3478; x_wconf 85' lang='lat' dir='ltr'><strong>Arma</strong></span> <span class='ocrx_word' id='word_1_189' title='bbox 437 3434 659 3478; x_wconf 86' lang='lat' dir='ltr'><strong>cruenta</strong></span> <span class='ocrx_word' id='word_1_190' title='bbox 686 3426 863 3478; x_wconf 85' lang='lat' dir='ltr'><strong>ferens</strong></span> <span class='ocrx_word' id='word_1_191' title='bbox 893 3424 1125 3476; x_wconf 88' lang='lat' dir='ltr'><strong>turbavit</strong></span> <span class='ocrx_word' id='word_1_192' title='bbox 1151 3425 1351 3477; x_wconf 63' lang='lat' dir='ltr'><strong>hedera</strong></span> <span class='ocrx_word' id='word_1_193' title='bbox 1385 3426 1545 3491; x_wconf 73' lang='lat' dir='ltr'><strong>pacis.</strong></span> 
     </span>
    </p>
   </div>
   <div class='ocr_carea' id='block_1_34' title="bbox 248 3514 1454 3582">
    <p class='ocr_par' dir='ltr' id='par_1_34' title="bbox 248 3514 1454 3582">
     <span class='ocr_line' id='line_1_34' title="bbox 248 3514 1454 3582; baseline -0.002 -16"><span class='ocrx_word' id='word_1_194' title='bbox 248 3514 552 3567; x_wconf 78' lang='lat' dir='ltr'><strong>Procedunt</strong></span> <span class='ocrx_word' id='word_1_195' title='bbox 584 3515 728 3567; x_wconf 85' lang='lat' dir='ltr'><strong>acies</strong></span> <span class='ocrx_word' id='word_1_196' title='bbox 757 3514 924 3566; x_wconf 86' lang='lat' dir='ltr'><strong>densa</strong></span> <span class='ocrx_word' id='word_1_197' title='bbox 954 3518 1189 3582; x_wconf 80' lang='lat' dir='ltr'><strong>stipante</strong></span> <span class='ocrx_word' id='word_1_198' title='bbox 1218 3526 1454 3579; x_wconf 83' lang='lat' dir='ltr'><strong>caterva,</strong></span> 
     </span>
    </p>
   </div>
   <div class='ocr_carea' id='block_1_35' title="bbox 250 3606 1559 3669">
    <p class='ocr_par' dir='ltr' id='par_1_35' title="bbox 250 3606 1559 3669">
     <span class='ocr_line' id='line_1_35' title="bbox 250 3606 1559 3669; baseline 0 -12"><span class='ocrx_word' id='word_1_199' title='bbox 250 3606 514 3659; x_wconf 82' lang='lat' dir='ltr'><strong>Horridus</strong></span> <span class='ocrx_word' id='word_1_200' title='bbox 545 3608 778 3659; x_wconf 76' lang='lat' dir='ltr'><strong>exsultat</strong></span> <span class='ocrx_word' id='word_1_201' title='bbox 807 3606 974 3660; x_wconf 90' lang='lat' dir='ltr'><strong>crudo</strong></span> <span class='ocrx_word' id='word_1_202' title='bbox 1002 3608 1295 3660; x_wconf 84' lang='lat' dir='ltr'><strong>Certautine</strong></span> <span class='ocrx_word' id='word_1_203' title='bbox 1330 3608 1559 3669; x_wconf 75' lang='lat' dir='ltr'><strong>Mavors,</strong></span> 
     </span>
    </p>
   </div>
   <div class='ocr_carea' id='block_1_36' title="bbox 244 3698 1687 3765">
    <p class='ocr_par' dir='ltr' id='par_1_36' title="bbox 244 3698 1687 3765">
     <span class='ocr_line' id='line_1_36' title="bbox 244 3698 1687 3765; baseline 0.001 -17"><span class='ocrx_word' id='word_1_204' title='bbox 244 3701 457 3750; x_wconf 83' lang='lat' dir='ltr'><strong>Cornua</strong></span> <span class='ocrx_word' id='word_1_205' title='bbox 489 3713 646 3750; x_wconf 88' lang='lat' dir='ltr'><strong>rauca</strong></span> <span class='ocrx_word' id='word_1_206' title='bbox 688 3707 900 3759; x_wconf 88' lang='lat' dir='ltr'><strong>sonant,</strong></span> <span class='ocrx_word' id='word_1_207' title='bbox 933 3709 986 3752; x_wconf 92' lang='lat' dir='ltr'><strong>et</strong></span> <span class='ocrx_word' id='word_1_208' title='bbox 1014 3698 1181 3765; x_wconf 83' lang='lat' dir='ltr'><strong>salpix</strong></span> <span class='ocrx_word' id='word_1_209' title='bbox 1214 3698 1434 3751; x_wconf 79' lang='lat' dir='ltr'><strong>claSsica</strong></span> <span class='ocrx_word' id='word_1_210' title='bbox 1470 3700 1687 3765; x_wconf 86' lang='lat' dir='ltr'><strong>clangit,</strong></span> 
     </span>
    </p>
   </div>
   <div class='ocr_carea' id='block_1_37' title="bbox 250 3790 1742 3858">
    <p class='ocr_par' dir='ltr' id='par_1_37' title="bbox 250 3790 1742 3858">
     <span class='ocr_line' id='line_1_37' title="bbox 250 3790 1742 3858; baseline 0.001 -18"><span class='ocrx_word' id='word_1_211' title='bbox 250 3792 388 3841; x_wconf 80' lang='lat' dir='ltr'><strong>llum</strong></span> <span class='ocrx_word' id='word_1_212' title='bbox 422 3790 699 3841; x_wconf 77' lang='lat' dir='ltr'><strong>stimulant</strong></span> <span class='ocrx_word' id='word_1_213' title='bbox 733 3802 960 3843; x_wconf 88' lang='lat' dir='ltr'><strong>mortem</strong></span> <span class='ocrx_word' id='word_1_214' title='bbox 989 3791 1247 3842; x_wconf 82' lang='lat' dir='ltr'><strong>bonibosa</strong></span> <span class='ocrx_word' id='word_1_215' title='bbox 1276 3805 1407 3843; x_wconf 83' lang='lat' dir='ltr'><strong>voce</strong></span> <span class='ocrx_word' id='word_1_216' title='bbox 1433 3792 1742 3858; x_wconf 71' lang='lat' dir='ltr'><strong>phalanges.</strong></span> 
     </span>
    </p>
   </div>
   <div class='ocr_carea' id='block_1_38' title="bbox 244 3883 1551 3951">
    <p class='ocr_par' dir='ltr' id='par_1_38' title="bbox 244 3883 1551 3951">
     <span class='ocr_line' id='line_1_38' title="bbox 244 3883 1551 3951; baseline 0.002 -16"><span class='ocrx_word' id='word_1_217' title='bbox 244 3883 383 3935; x_wconf 85' lang='lat' dir='ltr'><strong>&#39;l‘um</strong></span> <span class='ocrx_word' id='word_1_218' title='bbox 415 3883 559 3936; x_wconf 89' lang='lat' dir='ltr'><strong>celer</strong></span> <span class='ocrx_word' id='word_1_219' title='bbox 583 3884 806 3935; x_wconf 83' lang='lat' dir='ltr'><strong>advenit</strong></span> <span class='ocrx_word' id='word_1_220' title='bbox 830 3884 1084 3951; x_wconf 67' lang='lat' dir='ltr'><strong>prtcl‘atus</strong></span> <span class='ocrx_word' id='word_1_221' title='bbox 1107 3886 1246 3938; x_wconf 84' lang='lat' dir='ltr'><strong>forte</strong></span> <span class='ocrx_word' id='word_1_222' title='bbox 1278 3885 1551 3949; x_wconf 83' lang='lat' dir='ltr'><strong>Sacerdos,</strong></span> 
     </span>
    </p>
   </div>
   <div class='ocr_carea' id='block_1_39' title="bbox 239 3974 1478 4041">
    <p class='ocr_par' dir='ltr' id='par_1_39' title="bbox 239 3974 1478 4041">
     <span class='ocr_line' id='line_1_39' title="bbox 239 3974 1478 4041; baseline -0.002 -16"><span class='ocrx_word' id='word_1_223' title='bbox 239 3974 369 4039; x_wconf 77' lang='lat' dir='ltr'><strong>Qui,</strong></span> <span class='ocrx_word' id='word_1_224' title='bbox 394 3988 583 4041; x_wconf 77' lang='lat' dir='ltr'><strong>pacare</strong></span> <span class='ocrx_word' id='word_1_225' title='bbox 606 3975 827 4025; x_wconf 78' lang='lat' dir='ltr'><strong>studens</strong></span> <span class='ocrx_word' id='word_1_226' title='bbox 853 3975 974 4027; x_wconf 81' lang='lat' dir='ltr'><strong>belli</strong></span> <span class='ocrx_word' id='word_1_227' title='bbox 1000 3977 1291 4028; x_wconf 89' lang='lat' dir='ltr'><strong>certamina</strong></span> <span class='ocrx_word' id='word_1_228' title='bbox 1316 3992 1478 4036; x_wconf 62' lang='lat' dir='ltr'><strong>satva,</strong></span> 
     </span>
    </p>
   </div>
   <div class='ocr_carea' id='block_1_40' title="bbox 246 4063 1687 4129">
    <p class='ocr_par' dir='ltr' id='par_1_40' title="bbox 246 4063 1687 4129">
     <span class='ocr_line' id='line_1_40' title="bbox 246 4063 1687 4129; baseline 0.001 -15"><span class='ocrx_word' id='word_1_229' title='bbox 246 4064 446 4114; x_wconf 63' lang='lat' dir='ltr'><strong>Nititur</strong></span> <span class='ocrx_word' id='word_1_230' title='bbox 477 4077 758 4116; x_wconf 80' lang='lat' dir='ltr'><strong>accensam</strong></span> <span class='ocrx_word' id='word_1_231' title='bbox 790 4063 994 4115; x_wconf 82' lang='lat' dir='ltr'><strong>fraudis</strong></span> <span class='ocrx_word' id='word_1_232' title='bbox 1025 4065 1361 4129; x_wconf 80' lang='lat' dir='ltr'><strong>restinguere</strong></span> <span class='ocrx_word' id='word_1_233' title='bbox 1392 4066 1687 4122; x_wconf 84' lang='lat' dir='ltr'><strong>llaunuaui.</strong></span> 
     </span>
    </p>
   </div>
   <div class='ocr_carea' id='block_1_41' title="bbox 242 4156 1620 4212">
    <p class='ocr_par' dir='ltr' id='par_1_41' title="bbox 242 4156 1620 4212">
     <span class='ocr_line' id='line_1_41' title="bbox 242 4156 1620 4212; baseline 0.001 -3"><span class='ocrx_word' id='word_1_234' title='bbox 242 4156 309 4209; x_wconf 68' lang='lat' dir='ltr'><strong>fit</strong></span> <span class='ocrx_word' id='word_1_235' title='bbox 341 4158 486 4209; x_wconf 83' lang='lat' dir='ltr'><strong>necis</strong></span> <span class='ocrx_word' id='word_1_236' title='bbox 512 4156 797 4209; x_wconf 68' lang='lat' dir='ltr'><strong>horrenda:</strong></span> <span class='ocrx_word' id='word_1_237' title='bbox 818 4158 1071 4210; x_wconf 89' lang='lat' dir='ltr'><strong>stolidum</strong></span> <span class='ocrx_word' id='word_1_238' title='bbox 1103 4159 1292 4211; x_wconf 89' lang='lat' dir='ltr'><strong>sedare</strong></span> <span class='ocrx_word' id='word_1_239' title='bbox 1317 4162 1620 4212; x_wconf 86' lang='lat' dir='ltr'><strong>tumultum.</strong></span> 
     </span>
    </p>
   </div>
   <div class='ocr_carea' id='block_1_42' title="bbox 241 4248 1688 4315">
    <p class='ocr_par' dir='ltr' id='par_1_42' title="bbox 241 4248 1688 4315">
     <span class='ocr_line' id='line_1_42' title="bbox 241 4248 1688 4315; baseline -0.001 -13"><span class='ocrx_word' id='word_1_240' title='bbox 241 4249 349 4302; x_wconf 70' lang='lat' dir='ltr'><strong>Sed</strong></span> <span class='ocrx_word' id='word_1_241' title='bbox 378 4248 593 4315; x_wconf 89' lang='lat' dir='ltr'><strong>quidam</strong></span> <span class='ocrx_word' id='word_1_242' title='bbox 626 4250 868 4303; x_wconf 69' lang='lat' dir='ltr'><strong>incentor</strong></span> <span class='ocrx_word' id='word_1_243' title='bbox 903 4252 1197 4304; x_wconf 86' lang='lat' dir='ltr'><strong>bacchatur</strong></span> <span class='ocrx_word' id='word_1_244' title='bbox 1228 4261 1407 4307; x_wconf 88' lang='lat' dir='ltr'><strong>mente</strong></span> <span class='ocrx_word' id='word_1_245' title='bbox 1437 4254 1688 4315; x_wconf 64' lang='lat' dir='ltr'><strong>tttttiiglta,</strong></span> 
     </span>
    </p>
   </div>
   <div class='ocr_carea' id='block_1_43' title="bbox 237 4340 1651 4410">
    <p class='ocr_par' dir='ltr' id='par_1_43' title="bbox 237 4340 1651 4410">
     <span class='ocr_line' id='line_1_43' title="bbox 237 4340 1651 4410; baseline 0.004 -21"><span class='ocrx_word' id='word_1_246' title='bbox 237 4342 344 4405; x_wconf 75' lang='lat' dir='ltr'><strong>Qui</strong></span> <span class='ocrx_word' id='word_1_247' title='bbox 369 4349 551 4408; x_wconf 89' lang='lat' dir='ltr'><strong>caput,</strong></span> <span class='ocrx_word' id='word_1_248' title='bbox 577 4350 631 4393; x_wconf 89' lang='lat' dir='ltr'><strong>et</strong></span> <span class='ocrx_word' id='word_1_249' title='bbox 657 4340 929 4408; x_wconf 70' lang='lat' dir='ltr'><strong>princeps,</strong></span> <span class='ocrx_word' id='word_1_250' title='bbox 956 4357 1018 4394; x_wconf 90' lang='lat' dir='ltr'><strong>ac</strong></span> <span class='ocrx_word' id='word_1_251' title='bbox 1047 4357 1234 4408; x_wconf 64' lang='lat' dir='ltr'><strong>pugnte</strong></span> <span class='ocrx_word' id='word_1_252' title='bbox 1258 4342 1475 4410; x_wconf 79' lang='lat' dir='ltr'><strong>signifer</strong></span> <span class='ocrx_word' id='word_1_253' title='bbox 1505 4355 1651 4395; x_wconf 89' lang='lat' dir='ltr'><strong>atrox</strong></span> 
     </span>
    </p>
   </div>
   <div class='ocr_carea' id='block_1_44' title="bbox 245 4432 1599 4502">
    <p class='ocr_par' dir='ltr' id='par_1_44' title="bbox 245 4432 1599 4502">
     <span class='ocr_line' id='line_1_44' title="bbox 245 4432 1599 4502; baseline 0.001 -17"><span class='ocrx_word' id='word_1_254' title='bbox 245 4434 561 4495; x_wconf 58' lang='lat' dir='ltr'><strong>I‘Lxstitcrat,</strong></span> <span class='ocrx_word' id='word_1_255' title='bbox 593 4432 776 4486; x_wconf 89' lang='lat' dir='ltr'><strong>dicens</strong></span> <span class='ocrx_word' id='word_1_256' title='bbox 809 4450 867 4486; x_wconf 85' lang='lat' dir='ltr'><strong>se</strong></span> <span class='ocrx_word' id='word_1_257' title='bbox 896 4449 1167 4501; x_wconf 89' lang='lat' dir='ltr'><strong>nunquam</strong></span> <span class='ocrx_word' id='word_1_258' title='bbox 1203 4434 1421 4502; x_wconf 80' lang='lat' dir='ltr'><strong>pignora</strong></span> <span class='ocrx_word' id='word_1_259' title='bbox 1455 4436 1599 4502; x_wconf 83' lang='lat' dir='ltr'><strong>pacis</strong></span> 
     </span>
    </p>
   </div>
   <div class='ocr_carea' id='block_1_45' title="bbox 244 4521 1615 4590">
    <p class='ocr_par' dir='ltr' id='par_1_45' title="bbox 244 4521 1615 4590">
     <span class='ocr_line' id='line_1_45' title="bbox 244 4521 1615 4590; baseline 0.001 -15"><span class='ocrx_word' id='word_1_260' title='bbox 244 4524 420 4586; x_wconf 57' lang='lat' dir='ltr'><strong>slalle,</strong></span> <span class='ocrx_word' id='word_1_261' title='bbox 446 4534 634 4576; x_wconf 86' lang='lat' dir='ltr'><strong>tetram</strong></span> <span class='ocrx_word' id='word_1_262' title='bbox 667 4523 839 4576; x_wconf 92' lang='lat' dir='ltr'><strong>donec</strong></span> <span class='ocrx_word' id='word_1_263' title='bbox 864 4533 1132 4590; x_wconf 85' lang='lat' dir='ltr'><strong>perpetret</strong></span> <span class='ocrx_word' id='word_1_264' title='bbox 1156 4521 1342 4579; x_wconf 90' lang='lat' dir='ltr'><strong>funere</strong></span> <span class='ocrx_word' id='word_1_265' title='bbox 1368 4534 1615 4580; x_wconf 90' lang='lat' dir='ltr'><strong>mortem.</strong></span> 
     </span>
    </p>
   </div>
   <div class='ocr_carea' id='block_1_46' title="bbox 242 4613 1509 4682">
    <p class='ocr_par' dir='ltr' id='par_1_46' title="bbox 242 4613 1509 4682">
     <span class='ocr_line' id='line_1_46' title="bbox 242 4613 1509 4682; baseline 0.001 -15"><span class='ocrx_word' id='word_1_266' title='bbox 242 4615 393 4667; x_wconf 83' lang='lat' dir='ltr'><strong>&#39;l‘une</strong></span> <span class='ocrx_word' id='word_1_267' title='bbox 419 4614 494 4666; x_wconf 85' lang='lat' dir='ltr'><strong>ait</strong></span> <span class='ocrx_word' id='word_1_268' title='bbox 522 4614 780 4667; x_wconf 88' lang='lat' dir='ltr'><strong>audacter</strong></span> <span class='ocrx_word' id='word_1_269' title='bbox 806 4613 1131 4682; x_wconf 84' lang='lat' dir='ltr'><strong>depromens</strong></span> <span class='ocrx_word' id='word_1_270' title='bbox 1161 4613 1267 4668; x_wconf 83' lang='lat' dir='ltr'><strong>fata</strong></span> <span class='ocrx_word' id='word_1_271' title='bbox 1303 4618 1475 4670; x_wconf 86' lang='lat' dir='ltr'><strong>futura</strong></span> <span class='ocrx_word' id='word_1_272' title='bbox 1498 4633 1509 4668; x_wconf 89' lang='lat'><strong><em>:</em></strong></span> 
     </span>
    </p>
   </div>
   <div class='ocr_carea' id='block_1_47' title="bbox 236 4704 1447 4772">
    <p class='ocr_par' dir='ltr' id='par_1_47' title="bbox 236 4704 1447 4772">
     <span class='ocr_line' id='line_1_47' title="bbox 236 4704 1447 4772; baseline -0.002 -15"><span class='ocrx_word' id='word_1_273' title='bbox 236 4706 331 4758; x_wconf 71' lang='lat' dir='ltr'><strong>Sic</strong></span> <span class='ocrx_word' id='word_1_274' title='bbox 369 4705 462 4757; x_wconf 88' lang='lat' dir='ltr'><strong>tibi</strong></span> <span class='ocrx_word' id='word_1_275' title='bbox 487 4704 766 4772; x_wconf 84' lang='lat' dir='ltr'><strong>contingat</strong></span> <span class='ocrx_word' id='word_1_276' title='bbox 790 4705 917 4756; x_wconf 87' lang='lat' dir='ltr'><strong>lethi</strong></span> <span class='ocrx_word' id='word_1_277' title='bbox 952 4707 1170 4758; x_wconf 79' lang='lat' dir='ltr'><strong>fortuna</strong></span> <span class='ocrx_word' id='word_1_278' title='bbox 1201 4719 1447 4770; x_wconf 89' lang='lat' dir='ltr'><strong>cruenta,</strong></span> 
     </span>
    </p>
   </div>
   <div class='ocr_carea' id='block_1_48' title="bbox 240 4794 1448 4862">
    <p class='ocr_par' dir='ltr' id='par_1_48' title="bbox 240 4794 1448 4862">
     <span class='ocr_line' id='line_1_48' title="bbox 240 4794 1448 4862; baseline 0.003 -17"><span class='ocrx_word' id='word_1_279' title='bbox 240 4796 353 4847; x_wconf 77' lang='lat' dir='ltr'><strong>Ceu</strong></span> <span class='ocrx_word' id='word_1_280' title='bbox 386 4794 563 4849; x_wconf 78' lang='lat' dir='ltr'><strong>verbis</strong></span> <span class='ocrx_word' id='word_1_281' title='bbox 590 4805 770 4862; x_wconf 79' lang='lat' dir='ltr'><strong>Optas,</strong></span> <span class='ocrx_word' id='word_1_282' title='bbox 795 4794 997 4848; x_wconf 88' lang='lat' dir='ltr'><strong>crudeli</strong></span> <span class='ocrx_word' id='word_1_283' title='bbox 1031 4796 1177 4848; x_wconf 90' lang='lat' dir='ltr'><strong>calce</strong></span> <span class='ocrx_word' id='word_1_284' title='bbox 1204 4810 1448 4849; x_wconf 90' lang='lat' dir='ltr'><strong>casurus.</strong></span> 
     </span>
    </p>
   </div>
   <div class='ocr_carea' id='block_1_49' title="bbox 238 4889 1761 4955">
    <p class='ocr_par' dir='ltr' id='par_1_49' title="bbox 238 4889 1761 4955">
     <span class='ocr_line' id='line_1_49' title="bbox 238 4889 1761 4955; baseline 0.001 -13"><span class='ocrx_word' id='word_1_285' title='bbox 238 4889 401 4942; x_wconf 80' lang='lat' dir='ltr'><strong>Solus</strong></span> <span class='ocrx_word' id='word_1_286' title='bbox 432 4903 625 4955; x_wconf 86' lang='lat' dir='ltr'><strong>nempe</strong></span> <span class='ocrx_word' id='word_1_287' title='bbox 663 4900 849 4941; x_wconf 86' lang='lat' dir='ltr'><strong>necem</strong></span> <span class='ocrx_word' id='word_1_288' title='bbox 881 4902 1073 4941; x_wconf 90' lang='lat' dir='ltr'><strong>cernes</strong></span> <span class='ocrx_word' id='word_1_289' title='bbox 1106 4889 1457 4941; x_wconf 86' lang='lat' dir='ltr'><strong>moribundus</strong></span> <span class='ocrx_word' id='word_1_290' title='bbox 1486 4891 1761 4953; x_wconf 87' lang='lat' dir='ltr'><strong>acerbam,</strong></span> 
     </span>
    </p>
   </div>
   <div class='ocr_carea' id='block_1_50' title="bbox 241 4978 1832 5050">
    <p class='ocr_par' dir='ltr' id='par_1_50' title="bbox 241 4978 1832 5050">
     <span class='ocr_line' id='line_1_50' title="bbox 241 4978 1832 5050; baseline 0.001 -17"><span class='ocrx_word' id='word_1_291' title='bbox 241 4981 458 5048; x_wconf 77' lang='lat' dir='ltr'><strong>SoSpite</strong></span> <span class='ocrx_word' id='word_1_292' title='bbox 501 4995 620 5033; x_wconf 92' lang='lat' dir='ltr'><strong>cum</strong></span> <span class='ocrx_word' id='word_1_293' title='bbox 660 4978 852 5046; x_wconf 85' lang='lat' dir='ltr'><strong>reliqui</strong></span> <span class='ocrx_word' id='word_1_294' title='bbox 886 4978 991 5031; x_wconf 84' lang='lat' dir='ltr'><strong>vita</strong></span> <span class='ocrx_word' id='word_1_295' title='bbox 1029 4978 1522 5050; x_wconf 83' lang='lat' dir='ltr'><strong>fungunturlPur.,</strong></span> <span class='ocrx_word' id='word_1_296' title='bbox 1570 4986 1832 5047; x_wconf 75' lang='lat' dir='ltr'><strong>fruantur:</strong></span> 
     </span>
    </p>
   </div>
   <div class='ocr_carea' id='block_1_51' title="bbox 1494 5071 1761 5143">
    <p class='ocr_par' dir='ltr' id='par_1_51' title="bbox 1494 5071 1761 5143">
     <span class='ocr_line' id='line_1_51' title="bbox 1494 5071 1761 5143; baseline 0.004 -18"><span class='ocrx_word' id='word_1_297' title='bbox 1494 5071 1761 5143; x_wconf 68' lang='lat' dir='ltr'><strong>[0t&#39;atlles,</strong></span> 
     </span>
    </p>
   </div>
   <div class='ocr_carea' id='block_1_52' title="bbox 239 5160 1830 5232">
    <p class='ocr_par' dir='ltr' id='par_1_52' title="bbox 239 5160 1830 5232">
     <span class='ocr_line' id='line_1_52' title="bbox 239 5160 1830 5232; baseline 0.002 -15"><span class='ocrx_word' id='word_1_298' title='bbox 239 5161 347 5217; x_wconf 87' lang='lat' dir='ltr'><strong>Sed</strong></span> <span class='ocrx_word' id='word_1_299' title='bbox 383 5162 473 5216; x_wconf 88' lang='lat' dir='ltr'><strong>tibi</strong></span> <span class='ocrx_word' id='word_1_300' title='bbox 508 5171 628 5231; x_wconf 90' lang='lat' dir='ltr'><strong>post</strong></span> <span class='ocrx_word' id='word_1_301' title='bbox 650 5160 809 5218; x_wconf 87' lang='lat' dir='ltr'><strong>funus</strong></span> <span class='ocrx_word' id='word_1_302' title='bbox 838 5160 1018 5227; x_wconf 76' lang='lat' dir='ltr'><strong>fPar.,</strong></span> <span class='ocrx_word' id='word_1_303' title='bbox 1058 5162 1244 5232; x_wconf 89' lang='lat' dir='ltr'><strong>finch</strong></span> <span class='ocrx_word' id='word_1_304' title='bbox 1294 5178 1399 5218; x_wconf 94' lang='lat' dir='ltr'><strong>non</strong></span> <span class='ocrx_word' id='word_1_305' title='bbox 1447 5166 1651 5232; x_wconf 73' lang='lat' dir='ltr'><strong>przebet</strong></span> <span class='ocrx_word' id='word_1_306' title='bbox 1691 5179 1830 5221; x_wconf 87' lang='lat' dir='ltr'><strong>terra</strong></span> 
     </span>
    </p>
   </div>
   <div class='ocr_carea' id='block_1_53' title="bbox 798 5254 1653 5327">
    <p class='ocr_par' dir='ltr' id='par_1_53' title="bbox 798 5254 1653 5327">
     <span class='ocr_line' id='line_1_53' title="bbox 798 5254 1653 5327; baseline -0.001 -18"><span class='ocrx_word' id='word_1_307' title='bbox 798 5294 802 5302; x_wconf 89' lang='grc'><strong>-</strong></span> <span class='ocrx_word' id='word_1_308' title='bbox 1293 5254 1619 5327; x_wconf 85' lang='lat' dir='ltr'><strong>[sepulcrum</strong></span> <span class='ocrx_word' id='word_1_309' title='bbox 1640 5274 1653 5317; x_wconf 83' lang='lat'><strong>;</strong></span> 
     </span>
    </p>
   </div>
   <div class='ocr_carea' id='block_1_54' title="bbox 247 5344 1834 5421">
    <p class='ocr_par' dir='ltr' id='par_1_54' title="bbox 247 5344 1834 5421">
     <span class='ocr_line' id='line_1_54' title="bbox 247 5344 1834 5421; baseline 0.005 -22"><span class='ocrx_word' id='word_1_310' title='bbox 247 5346 419 5401; x_wconf 81' lang='lat' dir='ltr'><strong>Bestia</strong></span> <span class='ocrx_word' id='word_1_311' title='bbox 444 5344 535 5400; x_wconf 89' lang='lat' dir='ltr'><strong>sed</strong></span> <span class='ocrx_word' id='word_1_312' title='bbox 560 5344 763 5415; x_wconf 87' lang='lat' dir='ltr'><strong>rapidis</strong></span> <span class='ocrx_word' id='word_1_313' title='bbox 792 5344 1063 5417; x_wconf 87' lang='lat' dir='ltr'><strong>discerpet</strong></span> <span class='ocrx_word' id='word_1_314' title='bbox 1085 5346 1241 5416; x_wconf 76' lang='lat' dir='ltr'><strong>(Par.</strong></span> <span class='ocrx_word' id='word_1_315' title='bbox 1287 5349 1578 5421; x_wconf 88' lang='lat' dir='ltr'><strong>discerpat]</strong></span> <span class='ocrx_word' id='word_1_316' title='bbox 1614 5352 1834 5407; x_wconf 72' lang='lat' dir='ltr'><strong>ric.ibus</strong></span> 
     </span>
    </p>
   </div>
   <div class='ocr_carea' id='block_1_55' title="bbox 1503 5464 1700 5533">
    <p class='ocr_par' dir='ltr' id='par_1_55' title="bbox 1503 5464 1700 5533">
     <span class='ocr_line' id='line_1_55' title="bbox 1503 5464 1700 5533; baseline 0.02 -18"><span class='ocrx_word' id='word_1_317' title='bbox 1503 5464 1700 5533; x_wconf 67' lang='grc' dir='ltr'><strong>[ταις-Μ,</strong></span> 
     </span>
    </p>
   </div>
   <div class='ocr_carea' id='block_1_56' title="bbox 247 5568 1731 5637">
    <p class='ocr_par' dir='ltr' id='par_1_56' title="bbox 247 5568 1731 5637">
     <span class='ocr_line' id='line_1_56' title="bbox 247 5568 1731 5637; baseline 0.003 -13"><span class='ocrx_word' id='word_1_318' title='bbox 247 5572 312 5625; x_wconf 79' lang='lat' dir='ltr'><strong>Et</strong></span> <span class='ocrx_word' id='word_1_319' title='bbox 348 5568 629 5624; x_wconf 85' lang='lat' dir='ltr'><strong>volucrum</strong></span> <span class='ocrx_word' id='word_1_320' title='bbox 662 5570 858 5637; x_wconf 89' lang='lat' dir='ltr'><strong>pariter</strong></span> <span class='ocrx_word' id='word_1_321' title='bbox 892 5578 1197 5625; x_wconf 89' lang='lat' dir='ltr'><strong>truncatum</strong></span> <span class='ocrx_word' id='word_1_322' title='bbox 1228 5581 1401 5625; x_wconf 86' lang='lat' dir='ltr'><strong>rostra</strong></span> <span class='ocrx_word' id='word_1_323' title='bbox 1436 5573 1731 5631; x_wconf 86' lang='lat' dir='ltr'><strong>lacessent.</strong></span> 
     </span>
    </p>
   </div>
   <div class='ocr_carea' id='block_1_57' title="bbox 243 5663 1519 5727">
    <p class='ocr_par' dir='ltr' id='par_1_57' title="bbox 243 5663 1519 5727">
     <span class='ocr_line' id='line_1_57' title="bbox 243 5663 1519 5727; baseline 0.003 -13"><span class='ocrx_word' id='word_1_324' title='bbox 243 5666 332 5719; x_wconf 74' lang='lat' dir='ltr'><strong>Sic</strong></span> <span class='ocrx_word' id='word_1_325' title='bbox 362 5663 479 5727; x_wconf 85' lang='lat' dir='ltr'><strong>fuit,</strong></span> <span class='ocrx_word' id='word_1_326' title='bbox 511 5671 567 5715; x_wconf 92' lang='lat' dir='ltr'><strong>ut</strong></span> <span class='ocrx_word' id='word_1_327' title='bbox 590 5677 749 5716; x_wconf 88' lang='lat' dir='ltr'><strong>verax</strong></span> <span class='ocrx_word' id='word_1_328' title='bbox 780 5663 917 5714; x_wconf 82' lang='lat' dir='ltr'><strong>fatur</strong></span> <span class='ocrx_word' id='word_1_329' title='bbox 950 5677 1203 5718; x_wconf 81' lang='lat' dir='ltr'><strong>sermone</strong></span> <span class='ocrx_word' id='word_1_330' title='bbox 1232 5665 1519 5720; x_wconf 85' lang='lat' dir='ltr'><strong>sacerdos:</strong></span> 
     </span>
    </p>
   </div>
   <div class='ocr_carea' id='block_1_58' title="bbox 245 5755 1511 5820">
    <p class='ocr_par' dir='ltr' id='par_1_58' title="bbox 245 5755 1511 5820">
     <span class='ocr_line' id='line_1_58' title="bbox 245 5755 1511 5820; baseline 0.002 -10"><span class='ocrx_word' id='word_1_331' title='bbox 245 5755 453 5810; x_wconf 84' lang='lat' dir='ltr'><strong>Funere</strong></span> <span class='ocrx_word' id='word_1_332' title='bbox 487 5764 758 5808; x_wconf 86' lang='lat' dir='ltr'><strong>transacto</strong></span> <span class='ocrx_word' id='word_1_333' title='bbox 790 5765 987 5809; x_wconf 90' lang='lat' dir='ltr'><strong>tectum</strong></span> <span class='ocrx_word' id='word_1_334' title='bbox 1013 5755 1234 5811; x_wconf 85' lang='lat' dir='ltr'><strong>sablouc</strong></span> <span class='ocrx_word' id='word_1_335' title='bbox 1263 5757 1511 5820; x_wconf 83' lang='lat' dir='ltr'><strong>cadaver,</strong></span> 
     </span>
    </p>
   </div>
   <div class='ocr_carea' id='block_1_59' title="bbox 244 5846 1693 5918">
    <p class='ocr_par' dir='ltr' id='par_1_59' title="bbox 244 5846 1693 5918">
     <span class='ocr_line' id='line_1_59' title="bbox 244 5846 1693 5918; baseline 0.008 -18"><span class='ocrx_word' id='word_1_336' title='bbox 244 5848 447 5902; x_wconf 80' lang='lat' dir='ltr'><strong>ltursus</strong></span> <span class='ocrx_word' id='word_1_337' title='bbox 476 5860 632 5901; x_wconf 87' lang='lat' dir='ltr'><strong>mane</strong></span> <span class='ocrx_word' id='word_1_338' title='bbox 660 5846 867 5911; x_wconf 89' lang='lat' dir='ltr'><strong>vident,</strong></span> <span class='ocrx_word' id='word_1_339' title='bbox 904 5859 1186 5915; x_wconf 88' lang='lat' dir='ltr'><strong>rumpente</strong></span> <span class='ocrx_word' id='word_1_340' title='bbox 1210 5853 1521 5918; x_wconf 77' lang='lat' dir='ltr'><strong>crepuscula</strong></span> <span class='ocrx_word' id='word_1_341' title='bbox 1557 5851 1693 5911; x_wconf 85' lang='lat' dir='ltr'><strong>lure.</strong></span> 
     </span>
    </p>
   </div>
   <div class='ocr_carea' id='block_1_60' title="bbox 244 5936 1510 6008">
    <p class='ocr_par' dir='ltr' id='par_1_60' title="bbox 244 5936 1510 6008">
     <span class='ocr_line' id='line_1_60' title="bbox 244 5936 1510 6008; baseline 0.003 -17"><span class='ocrx_word' id='word_1_342' title='bbox 244 5938 445 5992; x_wconf 69' lang='lat' dir='ltr'><strong>Belluis</strong></span> <span class='ocrx_word' id='word_1_343' title='bbox 480 5937 735 5991; x_wconf 81' lang='lat' dir='ltr'><strong>effossum</strong></span> <span class='ocrx_word' id='word_1_344' title='bbox 771 5936 980 5992; x_wconf 89' lang='lat' dir='ltr'><strong>funesto</strong></span> <span class='ocrx_word' id='word_1_345' title='bbox 1010 5953 1204 6008; x_wconf 82' lang='lat' dir='ltr'><strong>corpus</strong></span> <span class='ocrx_word' id='word_1_346' title='bbox 1238 5942 1307 5994; x_wconf 88' lang='lat' dir='ltr'><strong>ab</strong></span> <span class='ocrx_word' id='word_1_347' title='bbox 1336 5951 1510 6007; x_wconf 86' lang='lat' dir='ltr'><strong>antro,</strong></span> 
     </span>
    </p>
   </div>
   <div class='ocr_carea' id='block_1_61' title="bbox 526 6051 1203 6115">
    <p class='ocr_par' dir='ltr' id='par_1_61' title="bbox 526 6051 1203 6115">
     <span class='ocr_line' id='line_1_61' title="bbox 526 6051 1203 6115; baseline -0.003 0"><span class='ocrx_word' id='word_1_348' title='bbox 526 6054 795 6115; x_wconf 52' lang='lat' dir='ltr'><strong>Parant“</strong></span> <span class='ocrx_word' id='word_1_349' title='bbox 849 6051 948 6111; x_wconf 78' lang='lat' dir='ltr'><strong>LX</strong></span> <span class='ocrx_word' id='word_1_350' title='bbox 968 6051 1203 6113; x_wconf 70' lang='lat' dir='ltr'><strong>XXIX.</strong></span> 
     </span>
    </p>
   </div>
   <div class='ocr_carea' id='block_1_62' title="bbox 1477 470 2336 530">
    <p class='ocr_par' dir='ltr' id='par_1_62' title="bbox 1477 470 2336 530">
     <span class='ocr_line' id='line_1_62' title="bbox 1477 470 2336 530; baseline -0.002 0"><span class='ocrx_word' id='word_1_351' title='bbox 1477 476 1561 530; x_wconf 75' lang='lat' dir='ltr'><strong>DE</strong></span> <span class='ocrx_word' id='word_1_352' title='bbox 1601 471 1942 530; x_wconf 72' lang='lat' dir='ltr'><strong>LAUDIBUS</strong></span> <span class='ocrx_word' id='word_1_353' title='bbox 1985 470 2336 529; x_wconf 73' lang='lat' dir='ltr'><strong>VIRGINUM.</strong></span> 
     </span>
    </p>
   </div>
   <div class='ocr_carea' id='block_1_63' title="bbox 1865 4664 1913 4721">
    <p class='ocr_par' dir='ltr' id='par_1_63' title="bbox 1865 4664 1913 4721">
     <span class='ocr_line' id='line_1_63' title="bbox 1865 4664 1913 4721; baseline 0 0"><span class='ocrx_word' id='word_1_354' title='bbox 1865 4664 1913 4721; x_wconf 85' lang='grc' dir='ltr'><strong>ι)</strong></span> 
     </span>
    </p>
   </div>
   <div class='ocr_carea' id='block_1_64' title="bbox 3420 479 3524 538">
    <p class='ocr_par' dir='ltr' id='par_1_64' title="bbox 3420 479 3524 538">
     <span class='ocr_line' id='line_1_64' title="bbox 3420 479 3524 538; baseline 0.038 -4"><span class='ocrx_word' id='word_1_355' title='bbox 3420 479 3524 538; x_wconf 71' lang='grc' dir='ltr'><strong>’16ίῖ</strong></span> 
     </span>
    </p>
   </div>
   <div class='ocr_carea' id='block_1_65' title="bbox 1868 586 3220 650">
    <p class='ocr_par' dir='ltr' id='par_1_65' title="bbox 1868 586 3220 650">
     <span class='ocr_line' id='line_1_65' title="bbox 1868 586 3220 650; baseline 0.004 -8"><span class='ocrx_word' id='word_1_356' title='bbox 1868 590 1910 642; x_wconf 86' lang='grc' dir='ltr'><strong>Λ</strong></span> <span class='ocrx_word' id='word_1_357' title='bbox 1952 586 2012 638; x_wconf 79' lang='lat' dir='ltr'><strong>Et</strong></span> <span class='ocrx_word' id='word_1_358' title='bbox 2043 590 2320 643; x_wconf 86' lang='lat' dir='ltr'><strong>volucrum</strong></span> <span class='ocrx_word' id='word_1_359' title='bbox 2346 586 2507 643; x_wconf 88' lang='lat' dir='ltr'><strong>rictus</strong></span> <span class='ocrx_word' id='word_1_360' title='bbox 2529 598 2676 644; x_wconf 85' lang='lat' dir='ltr'><strong>artus</strong></span> <span class='ocrx_word' id='word_1_361' title='bbox 2710 590 2970 648; x_wconf 88' lang='lat' dir='ltr'><strong>lacerasse</strong></span> <span class='ocrx_word' id='word_1_362' title='bbox 2999 594 3220 650; x_wconf 57' lang='lat' dir='ltr'><strong>nefandi.</strong></span> 
     </span>
    </p>
   </div>
   <div class='ocr_carea' id='block_1_66' title="bbox 1948 678 3360 753">
    <p class='ocr_par' dir='ltr' id='par_1_66' title="bbox 1948 678 3360 753">
     <span class='ocr_line' id='line_1_66' title="bbox 1948 678 3360 753; baseline 0.007 -22"><span class='ocrx_word' id='word_1_363' title='bbox 1948 678 2081 731; x_wconf 79' lang='lat' dir='ltr'><strong>Tum</strong></span> <span class='ocrx_word' id='word_1_364' title='bbox 2114 684 2313 746; x_wconf 79' lang='lat' dir='ltr'><strong>passim</strong></span> <span class='ocrx_word' id='word_1_365' title='bbox 2346 681 2527 750; x_wconf 87' lang='lat' dir='ltr'><strong>populi</strong></span> <span class='ocrx_word' id='word_1_366' title='bbox 2552 683 2842 739; x_wconf 89' lang='lat' dir='ltr'><strong>credebant</strong></span> <span class='ocrx_word' id='word_1_367' title='bbox 2873 701 2992 741; x_wconf 89' lang='lat' dir='ltr'><strong>esse</strong></span> <span class='ocrx_word' id='word_1_368' title='bbox 3022 690 3360 753; x_wconf 81' lang='lat' dir='ltr'><strong>prOphetam,</strong></span> 
     </span>
    </p>
   </div>
   <div class='ocr_carea' id='block_1_67' title="bbox 1946 771 3271 844">
    <p class='ocr_par' dir='ltr' id='par_1_67' title="bbox 1946 771 3271 844">
     <span class='ocr_line' id='line_1_67' title="bbox 1946 771 3271 844; baseline 0.005 -23"><span class='ocrx_word' id='word_1_369' title='bbox 1946 771 2077 822; x_wconf 84' lang='lat' dir='ltr'><strong>llum</strong></span> <span class='ocrx_word' id='word_1_370' title='bbox 2110 771 2254 824; x_wconf 89' lang='lat' dir='ltr'><strong>celer</strong></span> <span class='ocrx_word' id='word_1_371' title='bbox 2281 772 2505 827; x_wconf 73' lang='lat' dir='ltr'><strong>effectus</strong></span> <span class='ocrx_word' id='word_1_372' title='bbox 2535 788 2713 827; x_wconf 91' lang='lat' dir='ltr'><strong>rerum</strong></span> <span class='ocrx_word' id='word_1_373' title='bbox 2737 780 3039 843; x_wconf 88' lang='lat' dir='ltr'><strong>spectacula</strong></span> <span class='ocrx_word' id='word_1_374' title='bbox 3074 778 3271 844; x_wconf 86' lang='lat' dir='ltr'><strong>pandit.</strong></span> 
     </span>
    </p>
   </div>
   <div class='ocr_carea' id='block_1_68' title="bbox 1943 865 3150 934">
    <p class='ocr_par' dir='ltr' id='par_1_68' title="bbox 1943 865 3150 934">
     <span class='ocr_line' id='line_1_68' title="bbox 1943 865 3150 934; baseline 0.007 -20"><span class='ocrx_word' id='word_1_375' title='bbox 1943 867 2140 916; x_wconf 80' lang='lat' dir='ltr'><strong>Uiunes</strong></span> <span class='ocrx_word' id='word_1_376' title='bbox 2170 866 2415 918; x_wconf 90' lang='lat' dir='ltr'><strong>certatim</strong></span> <span class='ocrx_word' id='word_1_377' title='bbox 2445 867 2535 934; x_wconf 86' lang='lat' dir='ltr'><strong>qui</strong></span> <span class='ocrx_word' id='word_1_378' title='bbox 2566 865 2703 921; x_wconf 87' lang='lat' dir='ltr'><strong>fanis</strong></span> <span class='ocrx_word' id='word_1_379' title='bbox 2733 868 2887 921; x_wconf 89' lang='lat' dir='ltr'><strong>thura</strong></span> <span class='ocrx_word' id='word_1_380' title='bbox 2922 871 3150 923; x_wconf 88' lang='lat' dir='ltr'><strong>litabant</strong></span> 
     </span>
    </p>
   </div>
   <div class='ocr_carea' id='block_1_69' title="bbox 1945 954 3250 1027">
    <p class='ocr_par' dir='ltr' id='par_1_69' title="bbox 1945 954 3250 1027">
     <span class='ocr_line' id='line_1_69' title="bbox 1945 954 3250 1027; baseline 0.008 -22"><span class='ocrx_word' id='word_1_381' title='bbox 1945 954 2139 1007; x_wconf 84' lang='lat' dir='ltr'><strong>Lurida</strong></span> <span class='ocrx_word' id='word_1_382' title='bbox 2170 957 2389 1011; x_wconf 64' lang='lat' dir='ltr'><strong>cultura:</strong></span> <span class='ocrx_word' id='word_1_383' title='bbox 2422 958 2667 1026; x_wconf 88' lang='lat' dir='ltr'><strong>linquttnt</strong></span> <span class='ocrx_word' id='word_1_384' title='bbox 2689 959 2973 1013; x_wconf 83' lang='lat' dir='ltr'><strong>simulacra</strong></span> <span class='ocrx_word' id='word_1_385' title='bbox 3006 972 3250 1027; x_wconf 70' lang='lat' dir='ltr'><strong>vetustte,</strong></span> 
     </span>
    </p>
   </div>
   <div class='ocr_carea' id='block_1_70' title="bbox 1947 1046 3240 1113">
    <p class='ocr_par' dir='ltr' id='par_1_70' title="bbox 1947 1046 3240 1113">
     <span class='ocr_line' id='line_1_70' title="bbox 1947 1046 3240 1113; baseline 0.008 -17"><span class='ocrx_word' id='word_1_386' title='bbox 1947 1046 2186 1113; x_wconf 85' lang='lat' dir='ltr'><strong>Limpida</strong></span> <span class='ocrx_word' id='word_1_387' title='bbox 2219 1048 2527 1102; x_wconf 88' lang='lat' dir='ltr'><strong>Inundantis</strong></span> <span class='ocrx_word' id='word_1_388' title='bbox 2556 1059 2823 1103; x_wconf 84' lang='lat' dir='ltr'><strong>sectantes</strong></span> <span class='ocrx_word' id='word_1_389' title='bbox 2851 1050 2988 1103; x_wconf 89' lang='lat' dir='ltr'><strong>dona</strong></span> <span class='ocrx_word' id='word_1_390' title='bbox 3024 1052 3240 1105; x_wconf 88' lang='lat' dir='ltr'><strong>lavacri.</strong></span> 
     </span>
    </p>
   </div>
   <div class='ocr_carea' id='block_1_71' title="bbox 1945 1137 3348 1208">
    <p class='ocr_par' dir='ltr' id='par_1_71' title="bbox 1945 1137 3348 1208">
     <span class='ocr_line' id='line_1_71' title="bbox 1945 1137 3348 1208; baseline 0.006 -19"><span class='ocrx_word' id='word_1_391' title='bbox 1945 1137 2041 1191; x_wconf 92' lang='lat' dir='ltr'><strong>llic</strong></span> <span class='ocrx_word' id='word_1_392' title='bbox 2066 1138 2222 1192; x_wconf 79' lang='lat' dir='ltr'><strong>l’ater</strong></span> <span class='ocrx_word' id='word_1_393' title='bbox 2250 1140 2479 1193; x_wconf 91' lang='lat' dir='ltr'><strong>illustris</strong></span> <span class='ocrx_word' id='word_1_394' title='bbox 2508 1140 2790 1194; x_wconf 87' lang='lat' dir='ltr'><strong>celebrans</strong></span> <span class='ocrx_word' id='word_1_395' title='bbox 2817 1142 3073 1194; x_wconf 88' lang='lat' dir='ltr'><strong>solemnia</strong></span> <span class='ocrx_word' id='word_1_396' title='bbox 3110 1142 3348 1208; x_wconf 59' lang='lat' dir='ltr'><strong>Pascha.</strong></span> 
     </span>
    </p>
   </div>
   <div class='ocr_carea' id='block_1_72' title="bbox 1947 1228 3207 1301">
    <p class='ocr_par' dir='ltr' id='par_1_72' title="bbox 1947 1228 3207 1301">
     <span class='ocr_line' id='line_1_72' title="bbox 1947 1228 3207 1301; baseline 0.003 -20"><span class='ocrx_word' id='word_1_397' title='bbox 1947 1228 2189 1298; x_wconf 85' lang='lat' dir='ltr'><strong>Undique</strong></span> <span class='ocrx_word' id='word_1_398' title='bbox 2234 1230 2434 1285; x_wconf 88' lang='lat' dir='ltr'><strong>deserti</strong></span> <span class='ocrx_word' id='word_1_399' title='bbox 2476 1241 2681 1285; x_wconf 89' lang='lat' dir='ltr'><strong>turmas</strong></span> <span class='ocrx_word' id='word_1_400' title='bbox 2729 1232 2993 1287; x_wconf 85' lang='lat' dir='ltr'><strong>asciscere</strong></span> <span class='ocrx_word' id='word_1_401' title='bbox 3026 1232 3207 1301; x_wconf 82' lang='lat' dir='ltr'><strong>jussit,</strong></span> 
     </span>
    </p>
   </div>
   <div class='ocr_carea' id='block_1_73' title="bbox 1946 1324 3314 1392">
    <p class='ocr_par' dir='ltr' id='par_1_73' title="bbox 1946 1324 3314 1392">
     <span class='ocr_line' id='line_1_73' title="bbox 1946 1324 3314 1392; baseline 0.004 -19"><span class='ocrx_word' id='word_1_402' title='bbox 1946 1324 2120 1389; x_wconf 75' lang='lat' dir='ltr'><strong>Atque</strong></span> <span class='ocrx_word' id='word_1_403' title='bbox 2152 1324 2460 1376; x_wconf 88' lang='lat' dir='ltr'><strong>catervatim</strong></span> <span class='ocrx_word' id='word_1_404' title='bbox 2491 1338 2719 1378; x_wconf 91' lang='lat' dir='ltr'><strong>cuneum</strong></span> <span class='ocrx_word' id='word_1_405' title='bbox 2751 1325 3052 1392; x_wconf 76' lang='lat' dir='ltr'><strong>glomerare</strong></span> <span class='ocrx_word' id='word_1_406' title='bbox 3083 1326 3314 1380; x_wconf 84' lang='lat' dir='ltr'><strong>fidelem.</strong></span> 
     </span>
    </p>
   </div>
   <div class='ocr_carea' id='block_1_74' title="bbox 1948 1412 3325 1479">
    <p class='ocr_par' dir='ltr' id='par_1_74' title="bbox 1948 1412 3325 1479">
     <span class='ocr_line' id='line_1_74' title="bbox 1948 1412 3325 1479; baseline 0.005 -15"><span class='ocrx_word' id='word_1_407' title='bbox 1948 1414 2071 1464; x_wconf 86' lang='lat' dir='ltr'><strong>l’ost</strong></span> <span class='ocrx_word' id='word_1_408' title='bbox 2099 1412 2235 1477; x_wconf 74' lang='lat' dir='ltr'><strong>lnrc,</strong></span> <span class='ocrx_word' id='word_1_409' title='bbox 2267 1415 2473 1467; x_wconf 83' lang='lat' dir='ltr'><strong>exactis</strong></span> <span class='ocrx_word' id='word_1_410' title='bbox 2504 1415 2681 1468; x_wconf 76' lang='lat' dir='ltr'><strong>missa:</strong></span> <span class='ocrx_word' id='word_1_411' title='bbox 2712 1416 3088 1479; x_wconf 88' lang='lat' dir='ltr'><strong>concentibus,</strong></span> <span class='ocrx_word' id='word_1_412' title='bbox 3116 1433 3325 1479; x_wconf 85' lang='lat' dir='ltr'><strong>omnes,</strong></span> 
     </span>
    </p>
   </div>
   <div class='ocr_carea' id='block_1_75' title="bbox 1946 1503 3402 1574">
    <p class='ocr_par' dir='ltr' id='par_1_75' title="bbox 1946 1503 3402 1574">
     <span class='ocr_line' id='line_1_75' title="bbox 1946 1503 3402 1574; baseline 0.003 -18"><span class='ocrx_word' id='word_1_413' title='bbox 1946 1504 2170 1558; x_wconf 78' lang='lat' dir='ltr'><strong>Fcrcula</strong></span> <span class='ocrx_word' id='word_1_414' title='bbox 2195 1503 2322 1558; x_wconf 91' lang='lat' dir='ltr'><strong>dum</strong></span> <span class='ocrx_word' id='word_1_415' title='bbox 2355 1505 2529 1557; x_wconf 73' lang='lat' dir='ltr'><strong>solita:</strong></span> <span class='ocrx_word' id='word_1_416' title='bbox 2561 1516 2805 1573; x_wconf 81' lang='lat' dir='ltr'><strong>peterent</strong></span> <span class='ocrx_word' id='word_1_417' title='bbox 2836 1507 3158 1574; x_wconf 88' lang='lat' dir='ltr'><strong>paupercula</strong></span> <span class='ocrx_word' id='word_1_418' title='bbox 3184 1520 3402 1569; x_wconf 55' lang='lat' dir='ltr'><strong>tuente.</strong></span> 
     </span>
    </p>
   </div>
   <div class='ocr_carea' id='block_1_76' title="bbox 1952 1595 3163 1664">
    <p class='ocr_par' dir='ltr' id='par_1_76' title="bbox 1952 1595 3163 1664">
     <span class='ocr_line' id='line_1_76' title="bbox 1952 1595 3163 1664; baseline 0.004 -18"><span class='ocrx_word' id='word_1_419' title='bbox 1952 1596 2249 1650; x_wconf 81' lang='lat' dir='ltr'><strong>Vescuntur</strong></span> <span class='ocrx_word' id='word_1_420' title='bbox 2272 1596 2471 1664; x_wconf 87' lang='lat' dir='ltr'><strong>pariter</strong></span> <span class='ocrx_word' id='word_1_421' title='bbox 2500 1595 2645 1649; x_wconf 90' lang='lat' dir='ltr'><strong>sicco</strong></span> <span class='ocrx_word' id='word_1_422' title='bbox 2677 1598 2966 1650; x_wconf 83' lang='lat' dir='ltr'><strong>nutrimiue</strong></span> <span class='ocrx_word' id='word_1_423' title='bbox 2990 1599 3163 1661; x_wconf 79' lang='lat' dir='ltr'><strong>farris,</strong></span> 
     </span>
    </p>
   </div>
   <div class='ocr_carea' id='block_1_77' title="bbox 1948 1685 3319 1756">
    <p class='ocr_par' dir='ltr' id='par_1_77' title="bbox 1948 1685 3319 1756">
     <span class='ocr_line' id='line_1_77' title="bbox 1948 1685 3319 1756; baseline 0.004 -18"><span class='ocrx_word' id='word_1_424' title='bbox 1948 1685 2183 1739; x_wconf 82' lang='lat' dir='ltr'><strong>Necnon</strong></span> <span class='ocrx_word' id='word_1_425' title='bbox 2214 1686 2481 1740; x_wconf 87' lang='lat' dir='ltr'><strong>fasciculis</strong></span> <span class='ocrx_word' id='word_1_426' title='bbox 2510 1701 2646 1756; x_wconf 89' lang='lat' dir='ltr'><strong>quos</strong></span> <span class='ocrx_word' id='word_1_427' title='bbox 2678 1686 2866 1740; x_wconf 89' lang='lat' dir='ltr'><strong>hortus</strong></span> <span class='ocrx_word' id='word_1_428' title='bbox 2890 1696 3130 1755; x_wconf 89' lang='lat' dir='ltr'><strong>tempore</strong></span> <span class='ocrx_word' id='word_1_429' title='bbox 3154 1704 3319 1743; x_wconf 86' lang='lat' dir='ltr'><strong>verno</strong></span> 
     </span>
    </p>
   </div>
   <div class='ocr_carea' id='block_1_78' title="bbox 1945 1778 3403 1847">
    <p class='ocr_par' dir='ltr' id='par_1_78' title="bbox 1945 1778 3403 1847">
     <span class='ocr_line' id='line_1_78' title="bbox 1945 1778 3403 1847; baseline 0.002 -18"><span class='ocrx_word' id='word_1_430' title='bbox 1945 1778 2227 1831; x_wconf 83' lang='lat' dir='ltr'><strong>Gerininat</strong></span> <span class='ocrx_word' id='word_1_431' title='bbox 2249 1794 2311 1833; x_wconf 87' lang='lat' dir='ltr'><strong>ex</strong></span> <span class='ocrx_word' id='word_1_432' title='bbox 2343 1779 2568 1843; x_wconf 82' lang='lat' dir='ltr'><strong>gremio,</strong></span> <span class='ocrx_word' id='word_1_433' title='bbox 2601 1794 2721 1832; x_wconf 91' lang='lat' dir='ltr'><strong>cum</strong></span> <span class='ocrx_word' id='word_1_434' title='bbox 2754 1780 2929 1847; x_wconf 79' lang='lat' dir='ltr'><strong>gliscit</strong></span> <span class='ocrx_word' id='word_1_435' title='bbox 2955 1780 3199 1847; x_wconf 88' lang='lat' dir='ltr'><strong>gramine</strong></span> <span class='ocrx_word' id='word_1_436' title='bbox 3226 1782 3403 1833; x_wconf 55' lang='lat' dir='ltr'><strong>tellus.</strong></span> 
     </span>
    </p>
   </div>
   <div class='ocr_carea' id='block_1_79' title="bbox 1948 1868 3275 1937">
    <p class='ocr_par' dir='ltr' id='par_1_79' title="bbox 1948 1868 3275 1937">
     <span class='ocr_line' id='line_1_79' title="bbox 1948 1868 3275 1937; baseline 0.001 -17"><span class='ocrx_word' id='word_1_437' title='bbox 1948 1870 2080 1920; x_wconf 81' lang='lat' dir='ltr'><strong>&#39;l‘um</strong></span> <span class='ocrx_word' id='word_1_438' title='bbox 2114 1868 2229 1937; x_wconf 91' lang='lat' dir='ltr'><strong>pius</strong></span> <span class='ocrx_word' id='word_1_439' title='bbox 2254 1869 2547 1937; x_wconf 87' lang='lat' dir='ltr'><strong>alloquitur</strong></span> <span class='ocrx_word' id='word_1_440' title='bbox 2578 1870 2667 1920; x_wconf 90' lang='lat' dir='ltr'><strong>tali</strong></span> <span class='ocrx_word' id='word_1_441' title='bbox 2697 1884 2817 1921; x_wconf 89' lang='lat' dir='ltr'><strong>cum</strong></span> <span class='ocrx_word' id='word_1_442' title='bbox 2845 1883 2973 1922; x_wconf 87' lang='lat' dir='ltr'><strong>voce</strong></span> <span class='ocrx_word' id='word_1_443' title='bbox 2995 1880 3237 1924; x_wconf 83' lang='lat' dir='ltr'><strong>catervas</strong></span> <span class='ocrx_word' id='word_1_444' title='bbox 3266 1891 3275 1921; x_wconf 89' lang='lat'>:</span> 
     </span>
    </p>
   </div>
   <div class='ocr_carea' id='block_1_80' title="bbox 1874 1950 3217 2029">
    <p class='ocr_par' dir='ltr' id='par_1_80' title="bbox 1874 1950 3217 2029">
     <span class='ocr_line' id='line_1_80' title="bbox 1874 1950 3217 2029; baseline 0.006 -20"><span class='ocrx_word' id='word_1_445' title='bbox 1874 1950 1915 2005; x_wconf 69' lang='grc' dir='ltr'><strong>Β</strong></span> <span class='ocrx_word' id='word_1_446' title='bbox 1944 1959 2168 2014; x_wconf 78' lang='lat' dir='ltr'><strong>Credula</strong></span> <span class='ocrx_word' id='word_1_447' title='bbox 2194 1962 2237 2013; x_wconf 91' lang='lat' dir='ltr'><strong>si</strong></span> <span class='ocrx_word' id='word_1_448' title='bbox 2272 1977 2394 2015; x_wconf 87' lang='lat' dir='ltr'><strong>vere</strong></span> <span class='ocrx_word' id='word_1_449' title='bbox 2424 1970 2696 2029; x_wconf 89' lang='lat' dir='ltr'><strong>gestamus</strong></span> <span class='ocrx_word' id='word_1_450' title='bbox 2730 1971 2968 2029; x_wconf 91' lang='lat' dir='ltr'><strong>pectora,</strong></span> <span class='ocrx_word' id='word_1_451' title='bbox 3005 1963 3217 2026; x_wconf 85' lang='lat' dir='ltr'><strong>fratres,</strong></span> 
     </span>
    </p>
   </div>
   <div class='ocr_carea' id='block_1_81' title="bbox 1944 2052 3455 2122">
    <p class='ocr_par' dir='ltr' id='par_1_81' title="bbox 1944 2052 3455 2122">
     <span class='ocr_line' id='line_1_81' title="bbox 1944 2052 3455 2122; baseline 0.002 -18"><span class='ocrx_word' id='word_1_452' title='bbox 1944 2053 2095 2105; x_wconf 84' lang='lat' dir='ltr'><strong>Nune</strong></span> <span class='ocrx_word' id='word_1_453' title='bbox 2129 2054 2375 2119; x_wconf 89' lang='lat' dir='ltr'><strong>precibus</strong></span> <span class='ocrx_word' id='word_1_454' title='bbox 2402 2052 2689 2106; x_wconf 89' lang='lat' dir='ltr'><strong>Dominum</strong></span> <span class='ocrx_word' id='word_1_455' title='bbox 2725 2053 2869 2119; x_wconf 76' lang='lat' dir='ltr'><strong>cteli,</strong></span> <span class='ocrx_word' id='word_1_456' title='bbox 2900 2054 2989 2121; x_wconf 89' lang='lat' dir='ltr'><strong>qui</strong></span> <span class='ocrx_word' id='word_1_457' title='bbox 3021 2063 3204 2122; x_wconf 86' lang='lat' dir='ltr'><strong>regnat</strong></span> <span class='ocrx_word' id='word_1_458' title='bbox 3230 2053 3282 2108; x_wconf 84' lang='lat' dir='ltr'><strong>in</strong></span> <span class='ocrx_word' id='word_1_459' title='bbox 3310 2070 3455 2119; x_wconf 78' lang='lat' dir='ltr'><strong>arce,</strong></span> 
     </span>
    </p>
   </div>
   <div class='ocr_carea' id='block_1_82' title="bbox 1945 2144 3415 2213">
    <p class='ocr_par' dir='ltr' id='par_1_82' title="bbox 1945 2144 3415 2213">
     <span class='ocr_line' id='line_1_82' title="bbox 1945 2144 3415 2213; baseline 0.006 -19"><span class='ocrx_word' id='word_1_460' title='bbox 1945 2146 2008 2194; x_wconf 67' lang='lat' dir='ltr'><strong>lit</strong></span> <span class='ocrx_word' id='word_1_461' title='bbox 2032 2144 2168 2210; x_wconf 87' lang='lat' dir='ltr'><strong>regit</strong></span> <span class='ocrx_word' id='word_1_462' title='bbox 2194 2144 2476 2211; x_wconf 89' lang='lat' dir='ltr'><strong>imperium</strong></span> <span class='ocrx_word' id='word_1_463' title='bbox 2504 2144 2709 2207; x_wconf 90' lang='lat' dir='ltr'><strong>mundi,</strong></span> <span class='ocrx_word' id='word_1_464' title='bbox 2740 2145 2864 2197; x_wconf 90' lang='lat' dir='ltr'><strong>dum</strong></span> <span class='ocrx_word' id='word_1_465' title='bbox 2898 2156 3107 2212; x_wconf 84' lang='lat' dir='ltr'><strong>sceptra</strong></span> <span class='ocrx_word' id='word_1_466' title='bbox 3132 2147 3415 2213; x_wconf 80' lang='lat' dir='ltr'><strong>gubernat.</strong></span> 
     </span>
    </p>
   </div>
   <div class='ocr_carea' id='block_1_83' title="bbox 1946 2234 3255 2303">
    <p class='ocr_par' dir='ltr' id='par_1_83' title="bbox 1946 2234 3255 2303">
     <span class='ocr_line' id='line_1_83' title="bbox 1946 2234 3255 2303; baseline 0.002 -18"><span class='ocrx_word' id='word_1_467' title='bbox 1946 2234 2223 2287; x_wconf 75' lang='lat' dir='ltr'><strong>l’ulsemus</strong></span> <span class='ocrx_word' id='word_1_468' title='bbox 2258 2235 2476 2303; x_wconf 90' lang='lat' dir='ltr'><strong>pariter,</strong></span> <span class='ocrx_word' id='word_1_469' title='bbox 2507 2235 2767 2288; x_wconf 88' lang='lat' dir='ltr'><strong>solamina</strong></span> <span class='ocrx_word' id='word_1_470' title='bbox 2800 2235 2959 2301; x_wconf 78' lang='lat' dir='ltr'><strong>digna</strong></span> <span class='ocrx_word' id='word_1_471' title='bbox 2994 2244 3255 2302; x_wconf 83' lang='lat' dir='ltr'><strong>petentes.</strong></span> 
     </span>
    </p>
   </div>
   <div class='ocr_carea' id='block_1_84' title="bbox 1942 2328 3281 2395">
    <p class='ocr_par' dir='ltr' id='par_1_84' title="bbox 1942 2328 3281 2395">
     <span class='ocr_line' id='line_1_84' title="bbox 1942 2328 3281 2395; baseline 0.003 -16"><span class='ocrx_word' id='word_1_472' title='bbox 1942 2330 2221 2392; x_wconf 69' lang='lat' dir='ltr'><strong>Quatenus</strong></span> <span class='ocrx_word' id='word_1_473' title='bbox 2252 2328 2525 2395; x_wconf 83' lang='lat' dir='ltr'><strong>impendat</strong></span> <span class='ocrx_word' id='word_1_474' title='bbox 2553 2329 2714 2395; x_wconf 85' lang='lat' dir='ltr'><strong>judex</strong></span> <span class='ocrx_word' id='word_1_475' title='bbox 2750 2330 3005 2381; x_wconf 86' lang='lat' dir='ltr'><strong>alimenta</strong></span> <span class='ocrx_word' id='word_1_476' title='bbox 3036 2329 3281 2393; x_wconf 89' lang='lat' dir='ltr'><strong>misellis,</strong></span> 
     </span>
    </p>
   </div>
   <div class='ocr_carea' id='block_1_85' title="bbox 1944 2419 3131 2491">
    <p class='ocr_par' dir='ltr' id='par_1_85' title="bbox 1944 2419 3131 2491">
     <span class='ocr_line' id='line_1_85' title="bbox 1944 2419 3131 2491; baseline 0.003 -19"><span class='ocrx_word' id='word_1_477' title='bbox 1944 2420 2145 2487; x_wconf 80' lang='lat' dir='ltr'><strong>Nempe</strong></span> <span class='ocrx_word' id='word_1_478' title='bbox 2175 2422 2261 2475; x_wconf 91' lang='lat' dir='ltr'><strong>die</strong></span> <span class='ocrx_word' id='word_1_479' title='bbox 2293 2419 2430 2474; x_wconf 70' lang='lat' dir='ltr'><strong>festo</strong></span> <span class='ocrx_word' id='word_1_480' title='bbox 2463 2422 2707 2475; x_wconf 80' lang='lat' dir='ltr'><strong>laxantur</strong></span> <span class='ocrx_word' id='word_1_481' title='bbox 2742 2423 2887 2476; x_wconf 82' lang='lat' dir='ltr'><strong>frena</strong></span> <span class='ocrx_word' id='word_1_482' title='bbox 2920 2426 3131 2491; x_wconf 87' lang='lat' dir='ltr'><strong>rigoris.</strong></span> 
     </span>
    </p>
   </div>
   <div class='ocr_carea' id='block_1_86' title="bbox 1947 2511 3311 2585">
    <p class='ocr_par' dir='ltr' id='par_1_86' title="bbox 1947 2511 3311 2585">
     <span class='ocr_line' id='line_1_86' title="bbox 1947 2511 3311 2585; baseline 0.005 -21"><span class='ocrx_word' id='word_1_483' title='bbox 1947 2512 2086 2566; x_wconf 73' lang='lat' dir='ltr'><strong>Ecce</strong></span> <span class='ocrx_word' id='word_1_484' title='bbox 2121 2511 2287 2581; x_wconf 89' lang='lat' dir='ltr'><strong>dapes</strong></span> <span class='ocrx_word' id='word_1_485' title='bbox 2322 2514 2513 2573; x_wconf 89' lang='lat' dir='ltr'><strong>lautas,</strong></span> <span class='ocrx_word' id='word_1_486' title='bbox 2543 2524 2595 2567; x_wconf 92' lang='lat' dir='ltr'><strong>et</strong></span> <span class='ocrx_word' id='word_1_487' title='bbox 2628 2528 2848 2568; x_wconf 89' lang='lat' dir='ltr'><strong>munera</strong></span> <span class='ocrx_word' id='word_1_488' title='bbox 2878 2514 3020 2585; x_wconf 85' lang='lat' dir='ltr'><strong>larga</strong></span> <span class='ocrx_word' id='word_1_489' title='bbox 3050 2516 3311 2581; x_wconf 88' lang='lat' dir='ltr'><strong>ciborum,</strong></span> 
     </span>
    </p>
   </div>
   <div class='ocr_carea' id='block_1_87' title="bbox 1944 2605 3139 2670">
    <p class='ocr_par' dir='ltr' id='par_1_87' title="bbox 1944 2605 3139 2670">
     <span class='ocr_line' id='line_1_87' title="bbox 1944 2605 3139 2670; baseline 0.004 -14"><span class='ocrx_word' id='word_1_490' title='bbox 1944 2607 2083 2657; x_wconf 82' lang='lat' dir='ltr'><strong>Ante</strong></span> <span class='ocrx_word' id='word_1_491' title='bbox 2110 2605 2253 2657; x_wconf 80' lang='lat' dir='ltr'><strong>fores</strong></span> <span class='ocrx_word' id='word_1_492' title='bbox 2285 2606 2422 2658; x_wconf 88' lang='lat' dir='ltr'><strong>antri</strong></span> <span class='ocrx_word' id='word_1_493' title='bbox 2453 2617 2700 2670; x_wconf 85' lang='lat' dir='ltr'><strong>cernunt,</strong></span> <span class='ocrx_word' id='word_1_494' title='bbox 2735 2607 2979 2661; x_wconf 85' lang='lat' dir='ltr'><strong>mirabile</strong></span> <span class='ocrx_word' id='word_1_495' title='bbox 3008 2610 3139 2662; x_wconf 86' lang='lat' dir='ltr'><strong>l&#39;atn.</strong></span> 
     </span>
    </p>
   </div>
   <div class='ocr_carea' id='block_1_88' title="bbox 1946 2696 3415 2769">
    <p class='ocr_par' dir='ltr' id='par_1_88' title="bbox 1946 2696 3415 2769">
     <span class='ocr_line' id='line_1_88' title="bbox 1946 2696 3415 2769; baseline 0.005 -21"><span class='ocrx_word' id='word_1_496' title='bbox 1946 2696 2070 2748; x_wconf 79' lang='lat' dir='ltr'><strong>llzec</strong></span> <span class='ocrx_word' id='word_1_497' title='bbox 2099 2706 2311 2764; x_wconf 83' lang='lat' dir='ltr'><strong>gestant</strong></span> <span class='ocrx_word' id='word_1_498' title='bbox 2340 2699 2531 2765; x_wconf 87' lang='lat' dir='ltr'><strong>geruli,</strong></span> <span class='ocrx_word' id='word_1_499' title='bbox 2562 2714 2695 2766; x_wconf 89' lang='lat' dir='ltr'><strong>quos</strong></span> <span class='ocrx_word' id='word_1_500' title='bbox 2725 2714 2958 2768; x_wconf 82' lang='lat' dir='ltr'><strong>unquam</strong></span> <span class='ocrx_word' id='word_1_501' title='bbox 2992 2717 3150 2756; x_wconf 91' lang='lat' dir='ltr'><strong>nemo</strong></span> <span class='ocrx_word' id='word_1_502' title='bbox 3180 2703 3415 2769; x_wconf 66' lang='lat' dir='ltr'><strong>videbat,</strong></span> 
     </span>
    </p>
   </div>
   <div class='ocr_carea' id='block_1_89' title="bbox 1944 2786 3216 2859">
    <p class='ocr_par' dir='ltr' id='par_1_89' title="bbox 1944 2786 3216 2859">
     <span class='ocr_line' id='line_1_89' title="bbox 1944 2786 3216 2859; baseline 0.007 -20"><span class='ocrx_word' id='word_1_503' title='bbox 1944 2786 2203 2851; x_wconf 78' lang='lat' dir='ltr'><strong>Quamvis</strong></span> <span class='ocrx_word' id='word_1_504' title='bbox 2233 2787 2450 2858; x_wconf 66' lang='lat' dir='ltr'><strong>Egypti</strong></span> <span class='ocrx_word' id='word_1_505' title='bbox 2486 2790 2771 2845; x_wconf 78' lang='lat' dir='ltr'><strong>lustrasset</strong></span> <span class='ocrx_word' id='word_1_506' title='bbox 2797 2795 3045 2859; x_wconf 83' lang='lat' dir='ltr'><strong>passibus</strong></span> <span class='ocrx_word' id='word_1_507' title='bbox 3072 2811 3216 2848; x_wconf 88' lang='lat' dir='ltr'><strong>arva.</strong></span> 
     </span>
    </p>
   </div>
   <div class='ocr_carea' id='block_1_90' title="bbox 1944 2876 3295 2955">
    <p class='ocr_par' dir='ltr' id='par_1_90' title="bbox 1944 2876 3295 2955">
     <span class='ocr_line' id='line_1_90' title="bbox 1944 2876 3295 2955; baseline 0.008 -22"><span class='ocrx_word' id='word_1_508' title='bbox 1944 2876 2146 2934; x_wconf 82' lang='lat' dir='ltr'><strong>Punica</strong></span> <span class='ocrx_word' id='word_1_509' title='bbox 2180 2881 2320 2933; x_wconf 89' lang='lat' dir='ltr'><strong>mala</strong></span> <span class='ocrx_word' id='word_1_510' title='bbox 2351 2881 2551 2944; x_wconf 85' lang='lat' dir='ltr'><strong>vident,</strong></span> <span class='ocrx_word' id='word_1_511' title='bbox 2588 2884 2768 2948; x_wconf 84' lang='lat' dir='ltr'><strong>granis</strong></span> <span class='ocrx_word' id='word_1_512' title='bbox 2798 2885 3047 2955; x_wconf 87' lang='lat' dir='ltr'><strong>cittisque</strong></span> <span class='ocrx_word' id='word_1_513' title='bbox 3079 2888 3295 2953; x_wconf 67' lang='lat' dir='ltr'><strong>referta,</strong></span> 
     </span>
    </p>
   </div>
   <div class='ocr_carea' id='block_1_91' title="bbox 1946 2970 3154 3041">
    <p class='ocr_par' dir='ltr' id='par_1_91' title="bbox 1946 2970 3154 3041">
     <span class='ocr_line' id='line_1_91' title="bbox 1946 2970 3154 3041; baseline 0.004 -15"><span class='ocrx_word' id='word_1_514' title='bbox 1946 2970 2157 3034; x_wconf 84' lang='lat' dir='ltr'><strong>Botros,</strong></span> <span class='ocrx_word' id='word_1_515' title='bbox 2191 2981 2247 3023; x_wconf 88' lang='lat' dir='ltr'><strong>et</strong></span> <span class='ocrx_word' id='word_1_516' title='bbox 2281 2976 2431 3037; x_wconf 88' lang='lat' dir='ltr'><strong>licos,</strong></span> <span class='ocrx_word' id='word_1_517' title='bbox 2461 2981 2515 3026; x_wconf 91' lang='lat' dir='ltr'><strong>et</strong></span> <span class='ocrx_word' id='word_1_518' title='bbox 2538 2973 2714 3041; x_wconf 78' lang='lat' dir='ltr'><strong>plures</strong></span> <span class='ocrx_word' id='word_1_519' title='bbox 2736 2975 2924 3030; x_wconf 85' lang='lat' dir='ltr'><strong>ordine</strong></span> <span class='ocrx_word' id='word_1_520' title='bbox 2955 2986 3154 3041; x_wconf 84' lang='lat' dir='ltr'><strong>tortas;</strong></span> 
     </span>
    </p>
   </div>
   <div class='ocr_carea' id='block_1_92' title="bbox 1944 3064 3179 3138">
    <p class='ocr_par' dir='ltr' id='par_1_92' title="bbox 1944 3064 3179 3138">
     <span class='ocr_line' id='line_1_92' title="bbox 1944 3064 3179 3138; baseline 0.008 -25"><span class='ocrx_word' id='word_1_521' title='bbox 1944 3064 2198 3118; x_wconf 75' lang='lat' dir='ltr'><strong>Cernitur</strong></span> <span class='ocrx_word' id='word_1_522' title='bbox 2226 3065 2312 3117; x_wconf 91' lang='lat' dir='ltr'><strong>hic</strong></span> <span class='ocrx_word' id='word_1_523' title='bbox 2340 3066 2500 3117; x_wconf 86' lang='lat' dir='ltr'><strong>etiam</strong></span> <span class='ocrx_word' id='word_1_524' title='bbox 2536 3066 2760 3132; x_wconf 85' lang='lat' dir='ltr'><strong>palmeri</strong></span> <span class='ocrx_word' id='word_1_525' title='bbox 2792 3067 3036 3138; x_wconf 88' lang='lat' dir='ltr'><strong>dactylus</strong></span> <span class='ocrx_word' id='word_1_526' title='bbox 3067 3070 3179 3136; x_wconf 89' lang='lat' dir='ltr'><strong>alti,</strong></span> 
     </span>
    </p>
   </div>
   <div class='ocr_carea' id='block_1_93' title="bbox 1946 3153 3314 3230">
    <p class='ocr_par' dir='ltr' id='par_1_93' title="bbox 1946 3153 3314 3230">
     <span class='ocr_line' id='line_1_93' title="bbox 1946 3153 3314 3230; baseline 0.008 -24"><span class='ocrx_word' id='word_1_527' title='bbox 1946 3153 2005 3206; x_wconf 77' lang='lat' dir='ltr'><strong>Et</strong></span> <span class='ocrx_word' id='word_1_528' title='bbox 2036 3154 2139 3206; x_wconf 88' lang='lat' dir='ltr'><strong>mel</strong></span> <span class='ocrx_word' id='word_1_529' title='bbox 2175 3154 2475 3208; x_wconf 80' lang='lat' dir='ltr'><strong>lentescens</strong></span> <span class='ocrx_word' id='word_1_530' title='bbox 2505 3170 2750 3209; x_wconf 89' lang='lat' dir='ltr'><strong>cerarum</strong></span> <span class='ocrx_word' id='word_1_531' title='bbox 2781 3160 3023 3214; x_wconf 84' lang='lat' dir='ltr'><strong>machina</strong></span> <span class='ocrx_word' id='word_1_532' title='bbox 3054 3162 3314 3230; x_wconf 56' lang='lat' dir='ltr'><strong>clausum,</strong></span> 
     </span>
    </p>
   </div>
   <div class='ocr_carea' id='block_1_94' title="bbox 1946 3245 3323 3319">
    <p class='ocr_par' dir='ltr' id='par_1_94' title="bbox 1946 3245 3323 3319">
     <span class='ocr_line' id='line_1_94' title="bbox 1946 3245 3323 3319; baseline 0.009 -22"><span class='ocrx_word' id='word_1_533' title='bbox 1946 3248 2121 3312; x_wconf 81' lang='lat' dir='ltr'><strong>Atque</strong></span> <span class='ocrx_word' id='word_1_534' title='bbox 2155 3245 2259 3298; x_wconf 84' lang='lat' dir='ltr'><strong>favi</strong></span> <span class='ocrx_word' id='word_1_535' title='bbox 2288 3259 2537 3300; x_wconf 88' lang='lat' dir='ltr'><strong>croceum</strong></span> <span class='ocrx_word' id='word_1_536' title='bbox 2569 3246 2835 3301; x_wconf 82' lang='lat' dir='ltr'><strong>distillans</strong></span> <span class='ocrx_word' id='word_1_537' title='bbox 2868 3249 3084 3304; x_wconf 88' lang='lat' dir='ltr'><strong>flumine</strong></span> <span class='ocrx_word' id='word_1_538' title='bbox 3117 3265 3323 3319; x_wconf 78' lang='lat' dir='ltr'><strong>nectar.</strong></span> 
     </span>
    </p>
   </div>
   <div class='ocr_carea' id='block_1_95' title="bbox 1862 3302 3309 3399">
    <p class='ocr_par' dir='ltr' id='par_1_95' title="bbox 1862 3302 3309 3399">
     <span class='ocr_line' id='line_1_95' title="bbox 1862 3302 3309 3399; baseline 0.007 -11"><span class='ocrx_word' id='word_1_539' title='bbox 1862 3302 1909 3362; x_wconf 62' lang='grc' dir='ltr'>Ο</span> <span class='ocrx_word' id='word_1_540' title='bbox 1946 3336 2010 3389; x_wconf 85' lang='lat' dir='ltr'><strong>Et</strong></span> <span class='ocrx_word' id='word_1_541' title='bbox 2038 3335 2195 3389; x_wconf 88' lang='lat' dir='ltr'><strong>simul</strong></span> <span class='ocrx_word' id='word_1_542' title='bbox 2224 3336 2446 3389; x_wconf 87' lang='lat' dir='ltr'><strong>ubertim</strong></span> <span class='ocrx_word' id='word_1_543' title='bbox 2476 3337 2805 3393; x_wconf 58' lang='lat' dir='ltr'><strong>candescens</strong></span> <span class='ocrx_word' id='word_1_544' title='bbox 2836 3339 2973 3395; x_wconf 83' lang='lat' dir='ltr'><strong>laete</strong></span> <span class='ocrx_word' id='word_1_545' title='bbox 2994 3345 3309 3399; x_wconf 87' lang='lat' dir='ltr'><strong>colustrum.</strong></span> 
     </span>
    </p>
   </div>
   <div class='ocr_carea' id='block_1_96' title="bbox 1947 3428 3313 3495">
    <p class='ocr_par' dir='ltr' id='par_1_96' title="bbox 1947 3428 3313 3495">
     <span class='ocr_line' id='line_1_96' title="bbox 1947 3428 3313 3495; baseline 0.008 -16"><span class='ocrx_word' id='word_1_546' title='bbox 1947 3428 2038 3480; x_wconf 86' lang='lat' dir='ltr'><strong>llis</strong></span> <span class='ocrx_word' id='word_1_547' title='bbox 2069 3428 2252 3493; x_wconf 85' lang='lat' dir='ltr'><strong>gestis,</strong></span> <span class='ocrx_word' id='word_1_548' title='bbox 2278 3428 2444 3495; x_wconf 86' lang='lat' dir='ltr'><strong>geruli</strong></span> <span class='ocrx_word' id='word_1_549' title='bbox 2477 3440 2759 3495; x_wconf 88' lang='lat' dir='ltr'><strong>properant</strong></span> <span class='ocrx_word' id='word_1_550' title='bbox 2789 3430 3077 3488; x_wconf 86' lang='lat' dir='ltr'><strong>abscedere</strong></span> <span class='ocrx_word' id='word_1_551' title='bbox 3108 3451 3313 3490; x_wconf 85' lang='lat' dir='ltr'><strong>rursus.</strong></span> 
     </span>
    </p>
   </div>
   <div class='ocr_carea' id='block_1_97' title="bbox 1943 3516 3213 3589">
    <p class='ocr_par' dir='ltr' id='par_1_97' title="bbox 1943 3516 3213 3589">
     <span class='ocr_line' id='line_1_97' title="bbox 1943 3516 3213 3589; baseline 0.006 -19"><span class='ocrx_word' id='word_1_552' title='bbox 1943 3520 2040 3570; x_wconf 85' lang='lat' dir='ltr'><strong>Ast</strong></span> <span class='ocrx_word' id='word_1_553' title='bbox 2069 3516 2159 3569; x_wconf 92' lang='lat' dir='ltr'><strong>olli</strong></span> <span class='ocrx_word' id='word_1_554' title='bbox 2191 3516 2409 3570; x_wconf 84' lang='lat' dir='ltr'><strong>Christo</strong></span> <span class='ocrx_word' id='word_1_555' title='bbox 2441 3529 2724 3585; x_wconf 68' lang='lat' dir='ltr'><strong>coeperunt</strong></span> <span class='ocrx_word' id='word_1_556' title='bbox 2755 3519 2981 3576; x_wconf 85' lang='lat' dir='ltr'><strong>reddere</strong></span> <span class='ocrx_word' id='word_1_557' title='bbox 3011 3533 3213 3589; x_wconf 84' lang='lat' dir='ltr'><strong>grates,</strong></span> 
     </span>
    </p>
   </div>
   <div class='ocr_carea' id='block_1_98' title="bbox 1944 3605 3312 3684">
    <p class='ocr_par' dir='ltr' id='par_1_98' title="bbox 1944 3605 3312 3684">
     <span class='ocr_line' id='line_1_98' title="bbox 1944 3605 3312 3684; baseline 0.009 -27"><span class='ocrx_word' id='word_1_558' title='bbox 1944 3605 2165 3659; x_wconf 77' lang='lat' dir='ltr'><strong>Fercula</strong></span> <span class='ocrx_word' id='word_1_559' title='bbox 2198 3606 2289 3675; x_wconf 89' lang='lat' dir='ltr'><strong>qui</strong></span> <span class='ocrx_word' id='word_1_560' title='bbox 2311 3606 2535 3674; x_wconf 88' lang='lat' dir='ltr'><strong>dapibus</strong></span> <span class='ocrx_word' id='word_1_561' title='bbox 2566 3608 2745 3675; x_wconf 89' lang='lat' dir='ltr'><strong>largus</strong></span> <span class='ocrx_word' id='word_1_562' title='bbox 2772 3611 3069 3679; x_wconf 82' lang='lat' dir='ltr'><strong>complevit</strong></span> <span class='ocrx_word' id='word_1_563' title='bbox 3096 3614 3312 3684; x_wconf 84' lang='lat' dir='ltr'><strong>epimis,</strong></span> 
     </span>
    </p>
   </div>
   <div class='ocr_carea' id='block_1_99' title="bbox 1944 3698 3384 3768">
    <p class='ocr_par' dir='ltr' id='par_1_99' title="bbox 1944 3698 3384 3768">
     <span class='ocr_line' id='line_1_99' title="bbox 1944 3698 3384 3768; baseline 0.01 -17"><span class='ocrx_word' id='word_1_564' title='bbox 1944 3698 2121 3764; x_wconf 80' lang='lat' dir='ltr'><strong>Usque</strong></span> <span class='ocrx_word' id='word_1_565' title='bbox 2145 3698 2287 3752; x_wconf 88' lang='lat' dir='ltr'><strong>diem</strong></span> <span class='ocrx_word' id='word_1_566' title='bbox 2318 3700 2490 3766; x_wconf 89' lang='lat' dir='ltr'><strong>penti,</strong></span> <span class='ocrx_word' id='word_1_567' title='bbox 2524 3714 2684 3768; x_wconf 88' lang='lat' dir='ltr'><strong>quem</strong></span> <span class='ocrx_word' id='word_1_568' title='bbox 2715 3700 2898 3756; x_wconf 87' lang='lat' dir='ltr'><strong>dicunt</strong></span> <span class='ocrx_word' id='word_1_569' title='bbox 2930 3706 3145 3761; x_wconf 87' lang='lat' dir='ltr'><strong>nomine</strong></span> <span class='ocrx_word' id='word_1_570' title='bbox 3173 3720 3384 3767; x_wconf 86' lang='lat' dir='ltr'><strong>costen.</strong></span> 
     </span>
    </p>
   </div>
   <div class='ocr_carea' id='block_1_100' title="bbox 1942 3790 3384 3869">
    <p class='ocr_par' dir='ltr' id='par_1_100' title="bbox 1942 3790 3384 3869">
     <span class='ocr_line' id='line_1_100' title="bbox 1942 3790 3384 3869; baseline 0.01 -28"><span class='ocrx_word' id='word_1_571' title='bbox 1942 3790 2033 3841; x_wconf 66' lang='lat' dir='ltr'><strong>Sic</strong></span> <span class='ocrx_word' id='word_1_572' title='bbox 2066 3790 2203 3843; x_wconf 77' lang='lat' dir='ltr'><strong>lleus</strong></span> <span class='ocrx_word' id='word_1_573' title='bbox 2222 3792 2586 3856; x_wconf 86' lang='lat' dir='ltr'><strong>omnipotens,</strong></span> <span class='ocrx_word' id='word_1_574' title='bbox 2620 3794 2709 3861; x_wconf 91' lang='lat' dir='ltr'><strong>qui</strong></span> <span class='ocrx_word' id='word_1_575' title='bbox 2734 3805 2923 3848; x_wconf 90' lang='lat' dir='ltr'><strong>cuncta</strong></span> <span class='ocrx_word' id='word_1_576' title='bbox 2956 3797 3170 3852; x_wconf 87' lang='lat' dir='ltr'><strong>latentia</strong></span> <span class='ocrx_word' id='word_1_577' title='bbox 3191 3805 3384 3869; x_wconf 78' lang='lat' dir='ltr'><strong>noscit,</strong></span> 
     </span>
    </p>
   </div>
   <div class='ocr_carea' id='block_1_101' title="bbox 1943 3878 3206 3952">
    <p class='ocr_par' dir='ltr' id='par_1_101' title="bbox 1943 3878 3206 3952">
     <span class='ocr_line' id='line_1_101' title="bbox 1943 3878 3206 3952; baseline 0.01 -21"><span class='ocrx_word' id='word_1_578' title='bbox 1943 3878 2161 3934; x_wconf 83' lang='lat' dir='ltr'><strong>Deliciis</strong></span> <span class='ocrx_word' id='word_1_579' title='bbox 2195 3884 2445 3951; x_wconf 85' lang='lat' dir='ltr'><strong>prOprios</strong></span> <span class='ocrx_word' id='word_1_580' title='bbox 2471 3885 2630 3936; x_wconf 88' lang='lat' dir='ltr'><strong>tantis</strong></span> <span class='ocrx_word' id='word_1_581' title='bbox 2661 3886 2914 3952; x_wconf 87' lang='lat' dir='ltr'><strong>pascebat</strong></span> <span class='ocrx_word' id='word_1_582' title='bbox 2940 3888 3206 3945; x_wconf 84' lang='lat' dir='ltr'><strong>alumnos.</strong></span> 
     </span>
    </p>
   </div>
   <div class='ocr_carea' id='block_1_102' title="bbox 1938 3974 3238 4047">
    <p class='ocr_par' dir='ltr' id='par_1_102' title="bbox 1938 3974 3238 4047">
     <span class='ocr_line' id='line_1_102' title="bbox 1938 3974 3238 4047; baseline 0.008 -21"><span class='ocrx_word' id='word_1_583' title='bbox 1938 3974 2055 4026; x_wconf 84' lang='lat' dir='ltr'><strong>Jam</strong></span> <span class='ocrx_word' id='word_1_584' title='bbox 2087 3974 2242 4026; x_wconf 84' lang='lat' dir='ltr'><strong>famis</strong></span> <span class='ocrx_word' id='word_1_585' title='bbox 2266 3975 2485 4045; x_wconf 63' lang='lat' dir='ltr'><strong>Atlgypti</strong></span> <span class='ocrx_word' id='word_1_586' title='bbox 2514 3976 2756 4030; x_wconf 89' lang='lat' dir='ltr'><strong>multavit</strong></span> <span class='ocrx_word' id='word_1_587' title='bbox 2783 3977 2933 4033; x_wconf 85' lang='lat' dir='ltr'><strong>clade</strong></span> <span class='ocrx_word' id='word_1_588' title='bbox 2952 3980 3238 4047; x_wconf 79' lang='lat' dir='ltr'><strong>cohortes;</strong></span> 
     </span>
    </p>
   </div>
   <div class='ocr_carea' id='block_1_103' title="bbox 1942 4068 3149 4141">
    <p class='ocr_par' dir='ltr' id='par_1_103' title="bbox 1942 4068 3149 4141">
     <span class='ocr_line' id='line_1_103' title="bbox 1942 4068 3149 4141; baseline 0.007 -22"><span class='ocrx_word' id='word_1_589' title='bbox 1942 4068 2081 4121; x_wconf 78' lang='lat' dir='ltr'><strong>Ecce</strong></span> <span class='ocrx_word' id='word_1_590' title='bbox 2107 4071 2417 4121; x_wconf 76' lang='lat' dir='ltr'><strong>catervatim</strong></span> <span class='ocrx_word' id='word_1_591' title='bbox 2440 4068 2622 4122; x_wconf 87' lang='lat' dir='ltr'><strong>densis</strong></span> <span class='ocrx_word' id='word_1_592' title='bbox 2655 4084 2850 4125; x_wconf 83' lang='lat' dir='ltr'><strong>venere</strong></span> <span class='ocrx_word' id='word_1_593' title='bbox 2880 4073 3149 4141; x_wconf 88' lang='lat' dir='ltr'><strong>maniplis,</strong></span> 
     </span>
    </p>
   </div>
   <div class='ocr_carea' id='block_1_104' title="bbox 1944 4159 3283 4227">
    <p class='ocr_par' dir='ltr' id='par_1_104' title="bbox 1944 4159 3283 4227">
     <span class='ocr_line' id='line_1_104' title="bbox 1944 4159 3283 4227; baseline 0.005 -15"><span class='ocrx_word' id='word_1_594' title='bbox 1944 4159 2008 4213; x_wconf 85' lang='lat' dir='ltr'><strong>Ut</strong></span> <span class='ocrx_word' id='word_1_595' title='bbox 2038 4160 2236 4226; x_wconf 88' lang='lat' dir='ltr'><strong>pariter</strong></span> <span class='ocrx_word' id='word_1_596' title='bbox 2263 4160 2442 4213; x_wconf 80' lang='lat' dir='ltr'><strong>miseri</strong></span> <span class='ocrx_word' id='word_1_597' title='bbox 2470 4171 2713 4227; x_wconf 83' lang='lat' dir='ltr'><strong>peterent</strong></span> <span class='ocrx_word' id='word_1_598' title='bbox 2734 4163 2991 4216; x_wconf 85' lang='lat' dir='ltr'><strong>alimenta</strong></span> <span class='ocrx_word' id='word_1_599' title='bbox 3023 4164 3283 4221; x_wconf 87' lang='lat' dir='ltr'><strong>ciborum.</strong></span> 
     </span>
    </p>
   </div>
   <div class='ocr_carea' id='block_1_105' title="bbox 1940 4252 3306 4323">
    <p class='ocr_par' dir='ltr' id='par_1_105' title="bbox 1940 4252 3306 4323">
     <span class='ocr_line' id='line_1_105' title="bbox 1940 4252 3306 4323; baseline 0.007 -19"><span class='ocrx_word' id='word_1_600' title='bbox 1940 4252 2072 4304; x_wconf 84' lang='lat' dir='ltr'><strong>&#39;l‘um</strong></span> <span class='ocrx_word' id='word_1_601' title='bbox 2102 4261 2207 4305; x_wconf 86' lang='lat' dir='ltr'><strong>tres</strong></span> <span class='ocrx_word' id='word_1_602' title='bbox 2236 4253 2489 4320; x_wconf 83' lang='lat' dir='ltr'><strong>expendit</strong></span> <span class='ocrx_word' id='word_1_603' title='bbox 2509 4262 2716 4319; x_wconf 89' lang='lat' dir='ltr'><strong>sportas</strong></span> <span class='ocrx_word' id='word_1_604' title='bbox 2744 4266 2862 4306; x_wconf 90' lang='lat' dir='ltr'><strong>cum</strong></span> <span class='ocrx_word' id='word_1_605' title='bbox 2897 4270 3032 4321; x_wconf 87' lang='lat' dir='ltr'><strong>pane</strong></span> <span class='ocrx_word' id='word_1_606' title='bbox 3060 4256 3306 4323; x_wconf 72' lang='lat' dir='ltr'><strong>refertas,</strong></span> 
     </span>
    </p>
   </div>
   <div class='ocr_carea' id='block_1_106' title="bbox 1937 4343 3261 4415">
    <p class='ocr_par' dir='ltr' id='par_1_106' title="bbox 1937 4343 3261 4415">
     <span class='ocr_line' id='line_1_106' title="bbox 1937 4343 3261 4415; baseline 0.008 -22"><span class='ocrx_word' id='word_1_607' title='bbox 1937 4344 2081 4409; x_wconf 82' lang='lat' dir='ltr'><strong>Quas</strong></span> <span class='ocrx_word' id='word_1_608' title='bbox 2104 4344 2249 4411; x_wconf 88' lang='lat' dir='ltr'><strong>prius</strong></span> <span class='ocrx_word' id='word_1_609' title='bbox 2269 4357 2499 4396; x_wconf 88' lang='lat' dir='ltr'><strong>exorans</strong></span> <span class='ocrx_word' id='word_1_610' title='bbox 2522 4344 2693 4412; x_wconf 86' lang='lat' dir='ltr'><strong>palma</strong></span> <span class='ocrx_word' id='word_1_611' title='bbox 2719 4343 3065 4401; x_wconf 84' lang='lat' dir='ltr'><strong>benedixerat</strong></span> <span class='ocrx_word' id='word_1_612' title='bbox 3095 4350 3261 4415; x_wconf 86' lang='lat' dir='ltr'><strong>alma,</strong></span> 
     </span>
    </p>
   </div>
   <div class='ocr_carea' id='block_1_107' title="bbox 1940 4434 3132 4505">
    <p class='ocr_par' dir='ltr' id='par_1_107' title="bbox 1940 4434 3132 4505">
     <span class='ocr_line' id='line_1_107' title="bbox 1940 4434 3132 4505; baseline 0.003 -16"><span class='ocrx_word' id='word_1_613' title='bbox 1940 4434 2027 4489; x_wconf 84' lang='lat' dir='ltr'><strong>Bis</strong></span> <span class='ocrx_word' id='word_1_614' title='bbox 2054 4434 2191 4489; x_wconf 84' lang='lat' dir='ltr'><strong>binis</strong></span> <span class='ocrx_word' id='word_1_615' title='bbox 2213 4434 2337 4489; x_wconf 85' lang='lat' dir='ltr'><strong>exin</strong></span> <span class='ocrx_word' id='word_1_616' title='bbox 2367 4435 2588 4487; x_wconf 89' lang='lat' dir='ltr'><strong>nutrivit</strong></span> <span class='ocrx_word' id='word_1_617' title='bbox 2620 4436 2895 4490; x_wconf 89' lang='lat' dir='ltr'><strong>mensibus</strong></span> <span class='ocrx_word' id='word_1_618' title='bbox 2922 4451 3132 4505; x_wconf 89' lang='lat' dir='ltr'><strong>omnes,</strong></span> 
     </span>
    </p>
   </div>
   <div class='ocr_carea' id='block_1_108' title="bbox 1941 4524 3320 4605">
    <p class='ocr_par' dir='ltr' id='par_1_108' title="bbox 1941 4524 3320 4605">
     <span class='ocr_line' id='line_1_108' title="bbox 1941 4524 3320 4605; baseline 0.003 -24"><span class='ocrx_word' id='word_1_619' title='bbox 1941 4524 2009 4581; x_wconf 89' lang='lat' dir='ltr'><strong>Ut</strong></span> <span class='ocrx_word' id='word_1_620' title='bbox 2036 4541 2301 4596; x_wconf 87' lang='lat' dir='ltr'><strong>nunquam</strong></span> <span class='ocrx_word' id='word_1_621' title='bbox 2324 4525 2534 4595; x_wconf 89' lang='lat' dir='ltr'><strong>penitus</strong></span> <span class='ocrx_word' id='word_1_622' title='bbox 2566 4526 2723 4580; x_wconf 83' lang='lat' dir='ltr'><strong>farris</strong></span> <span class='ocrx_word' id='word_1_623' title='bbox 2754 4525 3047 4597; x_wconf 80' lang='lat' dir='ltr'><strong>fragmenta</strong></span> <span class='ocrx_word' id='word_1_624' title='bbox 3080 4545 3320 4605; x_wconf 67' lang='lat' dir='ltr'><strong>negaret,</strong></span> 
     </span>
    </p>
   </div>
   <div class='ocr_carea' id='block_1_109' title="bbox 1944 4618 3336 4688">
    <p class='ocr_par' dir='ltr' id='par_1_109' title="bbox 1944 4618 3336 4688">
     <span class='ocr_line' id='line_1_109' title="bbox 1944 4618 3336 4688; baseline 0.007 -17"><span class='ocrx_word' id='word_1_625' title='bbox 1944 4618 2051 4671; x_wconf 62' lang='lat' dir='ltr'><strong>Nec</strong></span> <span class='ocrx_word' id='word_1_626' title='bbox 2082 4627 2257 4671; x_wconf 88' lang='lat' dir='ltr'><strong>tamen</strong></span> <span class='ocrx_word' id='word_1_627' title='bbox 2290 4618 2563 4671; x_wconf 87' lang='lat' dir='ltr'><strong>exhaustis</strong></span> <span class='ocrx_word' id='word_1_628' title='bbox 2592 4628 2827 4672; x_wconf 85' lang='lat' dir='ltr'><strong>cessaret</strong></span> <span class='ocrx_word' id='word_1_629' title='bbox 2855 4621 3089 4688; x_wconf 85' lang='lat' dir='ltr'><strong>sportula</strong></span> <span class='ocrx_word' id='word_1_630' title='bbox 3121 4627 3336 4682; x_wconf 87' lang='lat' dir='ltr'><strong>crustis.</strong></span> 
     </span>
    </p>
   </div>
   <div class='ocr_carea' id='block_1_110' title="bbox 1941 4709 3277 4785">
    <p class='ocr_par' dir='ltr' id='par_1_110' title="bbox 1941 4709 3277 4785">
     <span class='ocr_line' id='line_1_110' title="bbox 1941 4709 3277 4785; baseline 0.006 -22"><span class='ocrx_word' id='word_1_631' title='bbox 1941 4710 2030 4764; x_wconf 86' lang='lat' dir='ltr'><strong>Sic</strong></span> <span class='ocrx_word' id='word_1_632' title='bbox 2055 4725 2264 4779; x_wconf 85' lang='lat' dir='ltr'><strong>quoque</strong></span> <span class='ocrx_word' id='word_1_633' title='bbox 2293 4720 2536 4764; x_wconf 88' lang='lat' dir='ltr'><strong>naturam</strong></span> <span class='ocrx_word' id='word_1_634' title='bbox 2570 4709 2779 4780; x_wconf 90' lang='lat' dir='ltr'><strong>pinguis</strong></span> <span class='ocrx_word' id='word_1_635' title='bbox 2809 4714 3102 4770; x_wconf 90' lang='lat' dir='ltr'><strong>cumulavit</strong></span> <span class='ocrx_word' id='word_1_636' title='bbox 3129 4718 3277 4785; x_wconf 88' lang='lat' dir='ltr'><strong>olivi,</strong></span> 
     </span>
    </p>
   </div>
   <div class='ocr_carea' id='block_1_111' title="bbox 1944 4800 3317 4877">
    <p class='ocr_par' dir='ltr' id='par_1_111' title="bbox 1944 4800 3317 4877">
     <span class='ocr_line' id='line_1_111' title="bbox 1944 4800 3317 4877; baseline 0.006 -22"><span class='ocrx_word' id='word_1_637' title='bbox 1944 4800 2009 4855; x_wconf 90' lang='lat' dir='ltr'><strong>Ut</strong></span> <span class='ocrx_word' id='word_1_638' title='bbox 2031 4800 2297 4868; x_wconf 87' lang='lat' dir='ltr'><strong>quondam</strong></span> <span class='ocrx_word' id='word_1_639' title='bbox 2333 4800 2475 4855; x_wconf 81' lang='lat' dir='ltr'><strong>Elias</strong></span> <span class='ocrx_word' id='word_1_640' title='bbox 2508 4801 2700 4870; x_wconf 83' lang='lat' dir='ltr'><strong>legitur</strong></span> <span class='ocrx_word' id='word_1_641' title='bbox 2729 4805 3028 4859; x_wconf 83' lang='lat' dir='ltr'><strong>curnulasse</strong></span> <span class='ocrx_word' id='word_1_642' title='bbox 3061 4808 3317 4877; x_wconf 81' lang='lat' dir='ltr'><strong>propheta</strong></span> 
     </span>
    </p>
   </div>
   <div class='ocr_carea' id='block_1_112' title="bbox 1941 4891 3259 4965">
    <p class='ocr_par' dir='ltr' id='par_1_112' title="bbox 1941 4891 3259 4965">
     <span class='ocr_line' id='line_1_112' title="bbox 1941 4891 3259 4965; baseline 0.006 -21"><span class='ocrx_word' id='word_1_643' title='bbox 1941 4892 2230 4944; x_wconf 73' lang='lat' dir='ltr'><strong>Lenticulce</strong></span> <span class='ocrx_word' id='word_1_644' title='bbox 2260 4906 2498 4945; x_wconf 89' lang='lat' dir='ltr'><strong>crassum</strong></span> <span class='ocrx_word' id='word_1_645' title='bbox 2533 4891 2828 4948; x_wconf 88' lang='lat' dir='ltr'><strong>fecundans</strong></span> <span class='ocrx_word' id='word_1_646' title='bbox 2852 4910 2945 4948; x_wconf 92' lang='lat' dir='ltr'><strong>ore</strong></span> <span class='ocrx_word' id='word_1_647' title='bbox 2980 4898 3259 4965; x_wconf 89' lang='lat' dir='ltr'><strong>liquorem.</strong></span> 
     </span>
    </p>
   </div>
   <div class='ocr_carea' id='block_1_113' title="bbox 2015 4985 3188 5055">
    <p class='ocr_par' dir='ltr' id='par_1_113' title="bbox 2015 4985 3188 5055">
     <span class='ocr_line' id='line_1_113' title="bbox 2015 4985 3188 5055; baseline 0.007 -20"><span class='ocrx_word' id='word_1_648' title='bbox 2015 4985 2148 5037; x_wconf 70' lang='lat' dir='ltr'><strong>Ecce</strong></span> <span class='ocrx_word' id='word_1_649' title='bbox 2174 4985 2468 5038; x_wconf 78' lang='lat' dir='ltr'><strong>Sacerdotis</strong></span> <span class='ocrx_word' id='word_1_650' title='bbox 2511 4987 2735 5052; x_wconf 87' lang='lat' dir='ltr'><strong>pandam</strong></span> <span class='ocrx_word' id='word_1_651' title='bbox 2768 4989 3030 5055; x_wconf 73' lang='lat' dir='ltr'><strong>praeconia</strong></span> <span class='ocrx_word' id='word_1_652' title='bbox 3064 4990 3188 5045; x_wconf 88' lang='lat' dir='ltr'><strong>lauti</strong></span> 
     </span>
    </p>
   </div>
   <div class='ocr_carea' id='block_1_114' title="bbox 1940 5077 3240 5147">
    <p class='ocr_par' dir='ltr' id='par_1_114' title="bbox 1940 5077 3240 5147">
     <span class='ocr_line' id='line_1_114' title="bbox 1940 5077 3240 5147; baseline 0.007 -18"><span class='ocrx_word' id='word_1_653' title='bbox 1940 5077 2133 5129; x_wconf 44' lang='lat' dir='ltr'><strong>Mentio</strong></span> <span class='ocrx_word' id='word_1_654' title='bbox 2162 5077 2288 5129; x_wconf 89' lang='lat' dir='ltr'><strong>dum</strong></span> <span class='ocrx_word' id='word_1_655' title='bbox 2318 5078 2485 5131; x_wconf 85' lang='lat' dir='ltr'><strong>sancti</strong></span> <span class='ocrx_word' id='word_1_656' title='bbox 2520 5079 2693 5147; x_wconf 86' lang='lat' dir='ltr'><strong>pulsat</strong></span> <span class='ocrx_word' id='word_1_657' title='bbox 2722 5081 3010 5146; x_wconf 73' lang='lat' dir='ltr'><strong>penetralia</strong></span> <span class='ocrx_word' id='word_1_658' title='bbox 3040 5085 3240 5144; x_wconf 86' lang='lat' dir='ltr'><strong>cordis.</strong></span> 
     </span>
    </p>
   </div>
   <div class='ocr_carea' id='block_1_115' title="bbox 1939 5168 3297 5241">
    <p class='ocr_par' dir='ltr' id='par_1_115' title="bbox 1939 5168 3297 5241">
     <span class='ocr_line' id='line_1_115' title="bbox 1939 5168 3297 5241; baseline 0.007 -22"><span class='ocrx_word' id='word_1_659' title='bbox 1939 5168 2103 5233; x_wconf 88' lang='lat' dir='ltr'><strong>Cujus</strong></span> <span class='ocrx_word' id='word_1_660' title='bbox 2131 5170 2446 5235; x_wconf 84' lang='lat' dir='ltr'><strong>quadratum</strong></span> <span class='ocrx_word' id='word_1_661' title='bbox 2478 5170 2765 5223; x_wconf 58' lang='lat' dir='ltr'><strong>crebrescit</strong></span> <span class='ocrx_word' id='word_1_662' title='bbox 2796 5170 2932 5224; x_wconf 89' lang='lat' dir='ltr'><strong>fama</strong></span> <span class='ocrx_word' id='word_1_663' title='bbox 2968 5188 3059 5239; x_wconf 89' lang='lat' dir='ltr'><strong>per</strong></span> <span class='ocrx_word' id='word_1_664' title='bbox 3088 5174 3297 5241; x_wconf 84' lang='lat' dir='ltr'><strong>orbem,</strong></span> 
     </span>
    </p>
   </div>
   <div class='ocr_carea' id='block_1_116' title="bbox 1940 5260 3265 5333">
    <p class='ocr_par' dir='ltr' id='par_1_116' title="bbox 1940 5260 3265 5333">
     <span class='ocr_line' id='line_1_116' title="bbox 1940 5260 3265 5333; baseline 0.007 -22"><span class='ocrx_word' id='word_1_665' title='bbox 1940 5265 2111 5328; x_wconf 82' lang='lat' dir='ltr'><strong>Atque</strong></span> <span class='ocrx_word' id='word_1_666' title='bbox 2134 5274 2230 5328; x_wconf 87' lang='lat' dir='ltr'><strong>per</strong></span> <span class='ocrx_word' id='word_1_667' title='bbox 2260 5270 2526 5313; x_wconf 87' lang='lat' dir='ltr'><strong>extremas</strong></span> <span class='ocrx_word' id='word_1_668' title='bbox 2548 5260 2713 5329; x_wconf 80' lang='lat' dir='ltr'><strong>fulget</strong></span> <span class='ocrx_word' id='word_1_669' title='bbox 2740 5262 3023 5331; x_wconf 88' lang='lat' dir='ltr'><strong>prudentia</strong></span> <span class='ocrx_word' id='word_1_670' title='bbox 3055 5276 3223 5320; x_wconf 84' lang='lat' dir='ltr'><strong>uictas</strong></span> <span class='ocrx_word' id='word_1_671' title='bbox 3249 5283 3265 5333; x_wconf 87' lang='lat'><strong>;</strong></span> 
     </span>
    </p>
   </div>
   <div class='ocr_carea' id='block_1_117' title="bbox 1937 5351 3180 5425">
    <p class='ocr_par' dir='ltr' id='par_1_117' title="bbox 1937 5351 3180 5425">
     <span class='ocr_line' id='line_1_117' title="bbox 1937 5351 3180 5425; baseline 0.007 -23"><span class='ocrx_word' id='word_1_672' title='bbox 1937 5352 2034 5418; x_wconf 87' lang='lat' dir='ltr'><strong>Qui</strong></span> <span class='ocrx_word' id='word_1_673' title='bbox 2059 5351 2154 5404; x_wconf 85' lang='lat' dir='ltr'><strong>fuit</strong></span> <span class='ocrx_word' id='word_1_674' title='bbox 2185 5351 2449 5420; x_wconf 69' lang='lat' dir='ltr'><strong>interpres</strong></span> <span class='ocrx_word' id='word_1_675' title='bbox 2475 5362 2529 5407; x_wconf 90' lang='lat' dir='ltr'><strong>et</strong></span> <span class='ocrx_word' id='word_1_676' title='bbox 2555 5365 2738 5407; x_wconf 87' lang='lat' dir='ltr'><strong>custos</strong></span> <span class='ocrx_word' id='word_1_677' title='bbox 2764 5354 2915 5424; x_wconf 82' lang='lat' dir='ltr'><strong>virgo</strong></span> <span class='ocrx_word' id='word_1_678' title='bbox 2945 5357 3180 5425; x_wconf 90' lang='lat' dir='ltr'><strong>pudoris,</strong></span> 
     </span>
    </p>
   </div>
   <div class='ocr_carea' id='block_1_118' title="bbox 1940 5441 3159 5502">
    <p class='ocr_par' dir='ltr' id='par_1_118' title="bbox 1940 5441 3159 5502">
     <span class='ocr_line' id='line_1_118' title="bbox 1940 5441 3159 5502; baseline 0.006 -7"><span class='ocrx_word' id='word_1_679' title='bbox 1940 5441 2162 5497; x_wconf 76' lang='lat' dir='ltr'><strong>Hebraea</strong></span> <span class='ocrx_word' id='word_1_680' title='bbox 2197 5442 2450 5497; x_wconf 78' lang='lat' dir='ltr'><strong>Romanis</strong></span> <span class='ocrx_word' id='word_1_681' title='bbox 2482 5455 2696 5499; x_wconf 89' lang='lat' dir='ltr'><strong>vertens</strong></span> <span class='ocrx_word' id='word_1_682' title='bbox 2725 5448 2937 5501; x_wconf 86' lang='lat' dir='ltr'><strong>oracula</strong></span> <span class='ocrx_word' id='word_1_683' title='bbox 2962 5448 3159 5502; x_wconf 91' lang='lat' dir='ltr'><strong>verbis.</strong></span> 
     </span>
    </p>
   </div>
   <div class='ocr_carea' id='block_1_119' title="bbox 1938 5536 3274 5613">
    <p class='ocr_par' dir='ltr' id='par_1_119' title="bbox 1938 5536 3274 5613">
     <span class='ocr_line' id='line_1_119' title="bbox 1938 5536 3274 5613; baseline 0.006 -24"><span class='ocrx_word' id='word_1_684' title='bbox 1938 5537 2066 5589; x_wconf 77' lang='lat' dir='ltr'><strong>Nam</strong></span> <span class='ocrx_word' id='word_1_685' title='bbox 2100 5536 2244 5591; x_wconf 89' lang='lat' dir='ltr'><strong>rudis</strong></span> <span class='ocrx_word' id='word_1_686' title='bbox 2270 5548 2321 5591; x_wconf 90' lang='lat' dir='ltr'><strong>et</strong></span> <span class='ocrx_word' id='word_1_687' title='bbox 2353 5538 2540 5605; x_wconf 74' lang='lat' dir='ltr'><strong>prisca:</strong></span> <span class='ocrx_word' id='word_1_688' title='bbox 2564 5538 2693 5606; x_wconf 80' lang='lat' dir='ltr'><strong>legis</strong></span> <span class='ocrx_word' id='word_1_689' title='bbox 2727 5539 2975 5607; x_wconf 88' lang='lat' dir='ltr'><strong>patefecit</strong></span> <span class='ocrx_word' id='word_1_690' title='bbox 3003 5542 3274 5613; x_wconf 82' lang='lat' dir='ltr'><strong>abyssum,</strong></span> 
     </span>
    </p>
   </div>
   <div class='ocr_carea' id='block_1_120' title="bbox 1936 5628 3518 5707">
    <p class='ocr_par' dir='ltr' id='par_1_120' title="bbox 1936 5628 3518 5707">
     <span class='ocr_line' id='line_1_120' title="bbox 1936 5628 3518 5707; baseline 0.006 -25"><span class='ocrx_word' id='word_1_691' title='bbox 1936 5628 2283 5698; x_wconf 70' lang='lat' dir='ltr'><strong>Septuaginta</strong></span> <span class='ocrx_word' id='word_1_692' title='bbox 2345 5632 2452 5683; x_wconf 87' lang='lat' dir='ltr'><strong>duo</strong></span> <span class='ocrx_word' id='word_1_693' title='bbox 2509 5630 2787 5685; x_wconf 86' lang='lat' dir='ltr'><strong>recludens</strong></span> <span class='ocrx_word' id='word_1_694' title='bbox 2837 5632 3026 5701; x_wconf 83' lang='lat' dir='ltr'><strong>pagina</strong></span> <span class='ocrx_word' id='word_1_695' title='bbox 3079 5632 3220 5704; x_wconf 65' lang='lat' dir='ltr'><strong>HL,</strong></span> <span class='ocrx_word' id='word_1_696' title='bbox 3277 5633 3518 5707; x_wconf 83' lang='lat' dir='ltr'><strong>bargina]</strong></span> 
     </span>
    </p>
   </div>
   <div class='ocr_carea' id='block_1_121' title="bbox 3228 5745 3444 5823">
    <p class='ocr_par' dir='ltr' id='par_1_121' title="bbox 3228 5745 3444 5823">
     <span class='ocr_line' id='line_1_121' title="bbox 3228 5745 3444 5823; baseline 0 -22"><span class='ocrx_word' id='word_1_697' title='bbox 3228 5745 3444 5823; x_wconf 80' lang='lat' dir='ltr'><strong>[biblos,</strong></span> 
     </span>
    </p>
   </div>
   <div class='ocr_carea' id='block_1_122' title="bbox 1934 5854 3209 5919">
    <p class='ocr_par' dir='ltr' id='par_1_122' title="bbox 1934 5854 3209 5919">
     <span class='ocr_line' id='line_1_122' title="bbox 1934 5854 3209 5919; baseline 0.007 -14"><span class='ocrx_word' id='word_1_698' title='bbox 1934 5856 2077 5919; x_wconf 78' lang='lat' dir='ltr'><strong>Quos</strong></span> <span class='ocrx_word' id='word_1_699' title='bbox 2102 5868 2241 5909; x_wconf 91' lang='lat' dir='ltr'><strong>nunc</strong></span> <span class='ocrx_word' id='word_1_700' title='bbox 2266 5855 2485 5908; x_wconf 81' lang='lat' dir='ltr'><strong>sacratis</strong></span> <span class='ocrx_word' id='word_1_701' title='bbox 2514 5854 2771 5910; x_wconf 82' lang='lat' dir='ltr'><strong>describit</strong></span> <span class='ocrx_word' id='word_1_702' title='bbox 2803 5856 2975 5912; x_wconf 81' lang='lat' dir='ltr'><strong>littera</strong></span> <span class='ocrx_word' id='word_1_703' title='bbox 3007 5859 3209 5915; x_wconf 81' lang='lat' dir='ltr'><strong>chartis</strong></span> 
     </span>
    </p>
   </div>
   <div class='ocr_carea' id='block_1_123' title="bbox 1935 5948 3127 6021">
    <p class='ocr_par' dir='ltr' id='par_1_123' title="bbox 1935 5948 3127 6021">
     <span class='ocr_line' id='line_1_123' title="bbox 1935 5948 3127 6021; baseline 0.004 -22"><span class='ocrx_word' id='word_1_704' title='bbox 1935 5948 2152 6016; x_wconf 79' lang='lat' dir='ltr'><strong>Insuper</strong></span> <span class='ocrx_word' id='word_1_705' title='bbox 2177 5948 2360 6003; x_wconf 80' lang='lat' dir='ltr'><strong>elicuit</strong></span> <span class='ocrx_word' id='word_1_706' title='bbox 2386 5958 2642 6003; x_wconf 85' lang='lat' dir='ltr'><strong>tractatus</strong></span> <span class='ocrx_word' id='word_1_707' title='bbox 2668 5950 2785 6019; x_wconf 86' lang='lat' dir='ltr'><strong>jure</strong></span> <span class='ocrx_word' id='word_1_708' title='bbox 2817 5950 3127 6021; x_wconf 81' lang='lat' dir='ltr'><strong>stupendos,</strong></span> 
     </span>
    </p>
   </div>
   <div class='ocr_carea' id='block_1_124' title="bbox 3038 6064 3077 6123">
    <p class='ocr_par' dir='ltr' id='par_1_124' title="bbox 3038 6064 3077 6123">
     <span class='ocr_line' id='line_1_124' title="bbox 3038 6064 3077 6123; baseline 0 0"><span class='ocrx_word' id='word_1_709' title='bbox 3038 6064 3077 6123; x_wconf 82' lang='lat'><strong>9</strong></span> 
     </span>
    </p>
   </div>
  </div>
