4172 6536
717 456 818 511 9.67
1541 451 1594 501 S.
1641 447 1997 503 ALDllELMl
2040 442 2321 499 OPERUM
2368 443 2544 499 PARS
2580 444 2662 498 Ill.
2706 474 2753 483 -
2816 445 3131 500 l'OEiiA'H

2323 567 2360 617 Λ
2394 560 2504 621 Qua
2537 573 2705 626 genus
2738 559 3029 613 bmnanum
3063 573 3199 614 totro
3233 577 3363 628 torp-
3389 568 3470 613 bat
3499 578 3548 613 in
3573 564 3723 618 natm.

718 578 890 637 Atque
914 565 1289 635 prophetarum
1321 564 1639 616 eommentis
1668 566 1904 617 elancnla
1939 565 2100 617 certis

720 660 864 712 Dicta
891 659 1163 712 retexebat
1190 655 1424 722 pandens
1454 657 1707 723 mysteria
1740 670 1938 708 rerum.

717 749 947 817 tnclytus
978 748 1062 801 hic
1086 754 1295 800 constat
1327 747 1538 799 schedis
1572 761 1667 813 per
1695 747 1847 798 satcla
1878 748 2147 814 magister.

714 842 847 906 Qua:
879 855 1018 894 nunc
1051 853 1144 907 per
1173 839 1426 891 mundum
1465 839 1770 891 scribuntur
1812 838 1911 892 rite
1957 840 2268 908 quadratum

719 935 785 985 Et
811 933 934 986 licet
964 929 1185 983 illustris
1218 930 1474 983 lectorum
1508 938 1677 981 turma
1710 943 1804 997 per
1836 930 2018 983 orbem

718 1023 946 1077 Eusebio
973 1024 1215 1093 genitore
1244 1032 1409 1084 satus,
1442 1036 1537 1073 ceu
1571 1022 1800 1088 prodidit
1832 1022 1993 1084 idem,

718 1115 1049 1169 l'Inumerans
1080 1124 1317 1167 veterum
1354 1113 1560 1181 vulgata
1597 1115 1859 1167 volumina
1891 1114 2126 1178 Patrum,

719 1205 790 1257 l-lx
822 1219 929 1273 quo
960 1205 1206 1259 Salvator
1238 1211 1436 1256 nostra:
1465 1203 1723 1256 cunabula
1756 1202 1931 1256 carnis

713 1296 1026 1365 Sumpserat
1054 1294 1107 1349 in
1140 1295 1298 1349 terris
1325 1296 1621 1348 emundans
1641 1294 1864 1348 crimina
1889 1296 2056 1362 smcli,

712 1387 936 1455 Quando
962 1386 1137 1442 crucis
1163 1387 1411 1456 gabulum
1438 1395 1650 1446 sacrato
1675 1402 1898 1456 corpore
1929 1390 2149 1441 scmntit.

718 1481 781 1533 lit
806 1495 974 1551 genus
1005 1480 1292 1532 humanum
1320 1478 1582 1548 pollutum
1620 1477 1805 1533 fraude
1839 1480 2078 1549 maligni,

720 1571 943 1622 Vulnera
976 1582 1263 1637 perpessus
1294 1576 1545 1639 purgarat
1569 1569 1829 1637 sanguine
1860 1569 2051 1628 rubro;

712 1663 841 1725 Quis
868 1669 1016 1715 tanto
1044 1660 1222 1716 studio
1242 1661 1569 1730 geminarum
1599 1660 1795 1713 lamina
1826 1658 2021 1727 legum.

713 1755 816 1804 Aut
846 1762 952 1806 tam
977 1753 1204 1808 solerter
1231 1751 1415 1807 rimari
1444 1752 1634 1806 nititur
1661 1767 1915 1821 unquam,

709 1842 820 1895 tlt-u
848 1842 1132 1897 meditatus
1163 1851 1281 1898 erat
1306 1857 1489 1898 sacros
1518 1844 1827 1899 didascalus
1855 1844 2018 1908 idem,

715 1933 776 1985 lit
809 1932 1088 1987 l’salmista
1111 1934 1273 1999 canit,
1310 1945 1598 2003 noctesque
1625 1934 1844 2003 diesque
1869 1933 2116 1988 ΙίιιεΙΙιηῗ

711 2025 958 2079 A§=nulus
986 2026 1209 2091 idcirco,
1238 2027 1476 2096 pollutus
1506 2038 1658 2098 peste
1689 2029 1898 2094 livoris,

719 2115 958 2170 ltirtihus
989 2116 1271 2171 horrendis
1300 2128 1477 2173 vatem
1507 2119 1776 2174 lacerabat
1805 2117 2076 2184 eumdem,

714 2206 974 2260 Faucibus
1008 2206 1223 2260 invidia:
1249 2208 1325 2261 sic
1350 2209 1512 2276 gloria
1538 2210 1776 2278 carpitur
1802 2211 1954 2276 atris,

716 2298 777 2350 ει
810 2300 922 2352 laus
953 2298 1217 2353 almorum
1248 2302 1513 2355 mulcatur
1545 2302 1730 2355 fraude
1756 2304 2040 2357 malorum.

711 2391 946 2460 Namque
976 2406 1135 2446 canes
1164 2393 1356 2446 crebro
1382 2392 1585 2461 stipant
1615 2393 1890 2447 latratibus
1919 2409 2129 2462 aprum,

713 2482 954 2551 llndique
980 2483 1233 2538 vallantes
1260 2484 1423 2537 densa
1458 2485 1704 2553 cingente
1734 2500 1953 2539 corona.

711 2575 806 2625 Ast
834 2573 919 2626 ille
949 2571 1172 2626 infestos
1193 2572 1451 2642 dispergit
1472 2574 1632 2628 dente
1657 2575 1935 2637 molossos,

710 2661 771 2715 Et
798 2663 903 2716 voti
933 2675 1155 2730 compos
1180 2662 1318 2716 saltu
1348 2663 1593 2731 regnavit
1618 2663 1668 2717 in
1695 2663 1805 2718 alto

774 2755 892 2807 .lam
916 2769 1055 2809 nunc
1086 2754 1351 2808 almorum
1384 2755 1647 2823 descripta
1674 2756 1832 2809 laude
1862 2758 2119 2816 virorum.

706 2847 941 2900 Candida
972 2848 1247 2916 virginitas
1276 2846 1513 2900 Paradisi
1536 2848 1696 2903 chara
1728 2848 1952 2913 Colonis,

706 2937 834 3004 Quis
860 2937 1027 3001 dedit,
1056 2947 1112 2991 ut
1141 2937 1373 2992 mundus
1395 2940 1629 2993 celebret
1654 2941 1915 3005 prmeonia
1944 2950 2145 2993 vastus.

707 3032 984 3097 Suprcutis
1011 3029 1183 3083 donec
1206 3031 1481 3083 solvantur
1508 3030 1703 3084 szccula
1729 3029 1993 3083 ﬂammis?

711 3122 842 3173 llum
870 3122 1036 3175 colles
1071 3131 1127 3175 ut
1158 3135 1283 3177 cera
1315 3119 1505 3184 linunt,
1537 3122 1807 3189 saltusque
1831 3121 2116 3185 fatiscunt;

709 3212 816 3264 lino
843 3220 956 3278 post
984 3210 1241 3265 mundum
1273 3226 1395 3264 cum
1422 3220 1565 3264 esset
1591 3213 1772 3278 cyt-ltts
1803 3211 2035 3281 Olympi,

708 3304 917 3356 tilarius
946 3312 1069 3356 ante
1100 3301 1349 3357 thronum
1378 3310 1685 3355 sanctorum
1706 3313 1847 3356 serta
1878 3301 2163 3357 nitescunt.

776 3394 1011 3460 Tempus
1030 3394 1183 3448 adest
1212 3407 1394 3447 sacras
1422 3393 1611 3448 metris
1647 3393 1861 3463 vulgare
1890 3395 2110 3462 pllCil‘tS,

712 3487 948 3552 Qualztcr
978 3486 1254 3556 integritas
1285 3486 1537 3538 virtutum
1571 3488 1781 3539 culmen
1823 3486 2028 3552 adeptis

726 3578 1024 3645 Virginibus
1051 3575 1259 3631 dederit
1282 3577 1475 3630 nitidas
1498 3585 1708 3645 gestare
1737 3591 1986 3629 coronas.

712 3670 873 3723 ltelici
912 3688 937 3723 s
968 3668 1110 3724 stccli
1138 3685 1254 3739 qua:
1288 3678 1527 3724 temnunt
1551 3670 1713 3723 corde
1740 3670 2005 3734 profana=,

712 3759 896 3814 l"etida
932 3775 1245 3829 pomparum
1269 3759 1567 3828 linquentes
1598 3760 1785 3827 gaudia
1816 3772 2049 3824 sontum,

712 3850 774 3903 Ut
808 3849 1089 3904 Dominum
1119 3849 1251 3903 lucis
1276 3850 1463 3903 devota
1489 3860 1669 3906 mente
1697 3861 2007 3918 sequantur.

712 3947 939 4011 lignum,
971 3942 1204 4012 virginea
1234 3943 1423 4009 spissis
1445 3958 1568 3996 cum
1611 3942 1745 3997 forte
1776 3942 2003 3995 catervis

709 4032 875 4099 Stipat
908 4031 960 4084 in
991 4030 1212 4084 a-thcrio
1232 4030 1491 4084 caelorum
1518 4030 1750 4084 culmine
1776 4042 1970 4086 turnia.

712 4121 775 4173 Et
802 4136 927 4191 grex
958 4136 1077 4175 cum
1102 4133 1314 4188 pastore
1338 4123 1423 4191 pio
1447 4121 1745 4190 gratabitur
1770 4121 1939 4183 albus,

710 4210 999 4279 l‘urpureis
1027 4221 1248 4264 vernant
1278 4225 1379 4279 qua
1413 4211 1583 4278 campi
1617 4210 1837 4263 ﬂoribus
1859 4227 2004 4264 arva.

712 4310 775 4362 fit
806 4308 958 4376 lupus
983 4305 1261 4361 horrendis
1286 4320 1391 4360 non
1425 4304 1636 4360 l't‘endet
1664 4305 1915 4360 dentibus
1948 4316 2118 4359 atrox.

713 4402 909 4455 Pascua
938 4415 1036 4453 nec
1066 4408 1261 4453 norunt
1286 4397 1518 4453 crudelis
1546 4398 1737 4451 damna
1764 4395 2002 4457 latronis,

709 4490 813 4545 Sed
847 4490 991 4557 pacis
1018 4490 1216 4559 jugitcr
1247 4502 1438 4557 perpes
1466 4489 1750 4543 concordia
1784 4500 1989 4556 regnat.

781 4582 929 4634 Nunc
961 4583 1118 4650 igitur
1145 4592 1295 4636 casto
1321 4596 1547 4635 veneror
1574 4598 1785 4635 rumore
1809 4581 2042 4637 Mariam.

715 4675 965 4728 Versibus
993 4676 1260 4741 egregiam
1290 4674 1427 4726 nitor
1460 4673 1675 4726 laudare
1706 4674 1959 4741 puellam.

709 4767 804 4819 Cui
838 4765 1066 4819 mundus
1096 4765 1286 4819 merito
1315 4764 1553 4818 celebrat
1583 4765 1846 4831 pra'conia
1881 4776 2043 4820 totus.

709 4859 839 4924 Qum
871 4860 967 4910 fuit
989 4855 1147 4910 lsrael
1176 4857 1319 4909 claro
1348 4854 1413 4908 de
1437 4854 1676 4924 germine
1707 4858 1896 4924 gentis,

714 4949 1041 5014 Desponsata
1070 4960 1230 5013 proco
1262 4945 1486 5000 fecunda
1513 4961 1775 5015 puerpera
1806 4949 1969 5016 virgo.

712 5040 814 5096 Sed
845 5040 982 5093 Deus
1004 5039 1344 5107 omnipotens
1364 5036 1605 5107 quadrati
1631 5038 1875 5094 conditor
1902 5040 2069 5102 orbis,

713 5138 749 5184 Λ
785 5147 889 5200 quo
923 5131 1180 5198 processit
1209 5128 1489 5197 praesentis
1521 5130 1765 5183 machina
1796 5132 2002 5193 mundi,

712 5219 805 5273 tjui
833 5228 1035 5273 secreta
1069 5228 1245 5287 patent
1276 5232 1339 5273 ex
1365 5218 1476 5274 alto
1501 5220 1735 5274 culmine
1756 5232 1966 5287 cuncta,

709 5309 916 5377 Quique
946 5310 1187 5361 abstrusa
1220 5322 1317 5361 suo
1349 5310 1634 5375 perluSIrat
1663 5310 1865 5365 lumine
1900 5322 2055 5375 tetra,

715 5398 942 5465 \‘irgEnis
966 5400 1276 5451 interm-rata
1307 5398 1491 5453 videns
1515 5401 1804 5468 praecordia
1830 5412 2020 5469 castae,

710 5487 892 5541 Maluit
924 5495 981 5540 ιιι
1008 5490 1211 5553 prolem
1243 5489 1533 5556 peperisset
1562 5491 1709 5561 virgo
1736 5506 2020 5561 Supernam

710 5580 931 5632 Sordida
961 5594 1079 5647 qua:
1108 5579 1321 5633 veniens
1347 5580 1665 5649 dempsisset
1693 5584 1913 5638 crimina
1947 5589 2151 5659 mundi,

716 5671 845 5723 ltum
877 5672 1093 5725 delubra
1123 5672 1269 5725 dedit
1294 5672 1529 5739 Christo,
1564 5684 1717 5744 atque
1738 5678 1931 5731 sacella
1958 5680 2196 5748 ριιάυιὶμ.

714 5764 829 5815 Mox
865 5763 1043 5830 genuit
1073 5776 1258 5816 verum
1292 5763 1468 5818 lumen
1500 5764 1567 5820 de
1593 5765 1793 5822 lumine
1826 5768 2015 5830 Patris,
2084 5806 2087 5811 »

714 5854 941 5907 Ελιινινιιι
969 5853 1218 5904 ιιιικιιιΙιιιιι
1253 5865 1304 5906 ιιι
1338 5854 1481 5907 furta
1511 5858 1733 5925 caligine
1765 5858 2007 5911 tibiis-os

3877 466 3973 498 Iit}.

2407 650 2691 716 l‘squeqno
2720 647 2940 700 t-lariliri
2975 651 3221 703 luxerunt
3255 652 3448 702 Iumina
3479 652 3622 709 solis,

2405 739 2475 789 llo
2508 741 2742 805 quojant
2769 742 2964 792 dtulutu
2990 745 3292 795 cecinerunt
3328 745 3482 796 verba
3515 748 3807 809 pt'opln~t.t;.

2472 830 2615 895 Ilurc,
2649 833 2889 897 inquam,
2923 834 3067 899 virgo
3100 834 3305 887 t'mlcsli
3341 836 3560 901 pignore
3592 834 3718 893 lota.

2412 921 2579 972 l'Zdidil
2608 936 2670 973 ex
2696 923 2815 973 alvo
2846 925 3140 977 salvautem
3165 926 3355 977 saecula
3385 927 3491 988 lli-«,2
3533 944 3581 978 tn
3602 969 3617 988 ,

2402 1011 2681 1077 Imperium
2720 1012 2901 1063 mundi
2936 1013 3078 1065 solus
3109 1014 3196 1081 qui
3225 1016 3342 1079 jure
3363 1016 3642 1083 gubernat,

2401 1102 2465 1155 Ut
2490 1104 2691 1156 dudum
2714 1105 2960 1173 angelico
2982 1106 3138 1160 discit
3160 1108 3463 1175 virguncula
3496 1110 3625 1170 fatu.

2396 1196 2529 1249 Cum
2565 1196 2718 1250 Pater
2745 1196 3068 1253 altitbronus
3099 1199 3312 1255 Gabriel
3340 1202 3573 1256 misisset
3601 1202 3669 1255 ab
3695 1208 3875 1256 astris.

2400 1288 2519 1340 llaat-
2542 1290 2638 1343 l'uit
2665 1292 2913 1360 egregius
2943 1308 3102 1361 quam
3146 1295 3343 1362 promit
3363 1296 3599 1350 carmine
3632 1305 3804 1357 vales.

2395 1381 2493 1443 Qui
2524 1380 2758 1450 Solymis
2787 1382 3056 1451 quondam
3082 1384 3228 1439 dives
3257 1387 3495 1454 regnavit
3527 1388 3576 1439 in
3606 1390 3767 1448 arvis.

2399 1471 2597 1524 llortus
2628 1475 2914 1529 conclusus
2942 1475 3153 1530 florenti
3186 1477 3387 1532 vertice
3420 1493 3671 1544 vernans,

2399 1563 2539 1617 Fons
2562 1579 2776 1633 quoque
2806 1568 3047 1636 signatus
3076 1570 3284 1624 caelesti
3315 1571 3523 1641 gurgite
3553 1574 3782 1640 pollens,

2398 1653 2503 1706 Nec
2544 1670 2648 1708 non
2678 1664 2732 1710 et
2762 1666 2934 1711 turtur
2958 1660 3239 1724 tremulus,
3272 1662 3357 1714 cui
3384 1664 3638 1729 praescius
3660 1665 3772 1717 inlit

2398 1746 2631 1813 Angelus
2659 1764 2671 1797 :
2707 1746 2783 1801 En
2806 1749 3047 1803 sobolem
3078 1750 3393 1820 generabis,
3427 1754 3601 1822 vit-gn,
3634 1768 3948 1824 peremtum,

2398 1836 2568 1904 Atque
2593 1840 2935 1908 puerperium
2969 1842 3202 1910 paritura
3236 1857 3494 1913 puerpera
3526 1848 3728 1913 gigucs.

2329 1929 2372 1985 Β
2404 1926 2569 1980 Filius
2593 1928 2881 1981 Altithroni
2908 1931 3110 1983 faustus
3139 1932 3405 1985 vocitctur
3433 1933 3483 1985 in
3506 1949 3700 1987 rerum.

2399 2016 2628 2087 Spiritus
2652 2032 2683 2074 e
2708 2021 2848 2075 coelo
2875 2021 3053 2075 veniet
3086 2022 3458 2077 sanctissimus
3491 2025 3542 2078 in
3574 2037 3646 2084 te.

2402 2109 2580 2163 Virtus
2606 2125 2726 2165 esse
2764 2121 2857 2166 tuo
2884 2111 3090 2167 confert
3120 2114 3430 2169 umbracula
3453 2118 3601 2170 cordi
3637 2139 3649 2169 :

2400 2202 2569 2256 Palris
2596 2202 3033 2267 obumbrabit'le,
3067 2204 3242 2273 virgo,
3270 2206 3414 2260 celsa
3448 2216 3704 2275 potestati.

2397 2297 2512 2359 Quo
2533 2293 2692 2359 dicto,
2726 2296 2913 2348 matris
2954 2305 3263 2363 turgescunt
3292 2299 3494 2352 viscera
3528 2299 3658 2367 fetu,

2396 2386 2495 2449 Qui
2526 2386 2737 2453 genitus
2762 2386 3022 2440 mundutn
3056 2386 3354 2441 miseranda
3387 2389 3503 2443 labe
3526 2394 3766 2457 resplvit,

2399 2480 2569 2543 Atque
2598 2475 2880 2529 crucifixus
2911 2477 3168 2531 scelerata
3201 2478 3401 2547 piacula
3439 2481 3684 2549 dempsit.

2473 2570 2639 2622 l'orro
2663 2570 2890 2621 Cit-cilia:
2923 2569 3161 2623 vivacem
3189 2571 3419 2625 condere
3450 2574 3656 2627 laudent

2396 2663 2525 2725 Qaac
2550 2661 2722 2713 valeat
2748 2660 2908 2730 digne
2937 2671 3228 2716 metrorum
3255 2666 3445 2733 pagina
3471 2671 3665 2720 versu?

2397 2758 2521 2822 Quze
2544 2770 2795 2823 Sponsum
2822 2758 3096 2825 proprium
3126 2760 3396 2813 convertit
3425 2758 3671 2828 dogmate
3701 2768 3851 2811 sanct
3875 2779 3913 2823 ν,

2400 2849 2586 2903 Mcllea
2627 2851 2861 2904 carnalis
2888 2861 3234 2907 contemnens
3258 2852 3457 2907 ludicra
3490 2853 3660 2909 luxus.

2400 2946 2551 2999 llasia
2580 2946 2704 2999 dum
2730 2949 2902 3016 potius
2932 2947 3115 3002 dilexit
3136 2948 3308 3002 dulcia
3341 2948 3558 3014 Christi,

2394 3034 2631 3088 Candida
2696 3038 3040 3107 prrcpnlcbris
3068 3039 3429 3107 complectens
3452 3040 3584 3093 colla
3615 3040 3848 3101 laceris,

2399 3128 2657 3193 Quamvis
2679 3127 2977 3184 barmoniis
3007 3130 3320 3198 praesultent
3348 3145 3543 3201 organa
3575 3131 3778 3195 nniltis.

2401 3219 2592 3272 Musica
2617 3216 2795 3273 Pierio
2826 3227 3079 3274 resonent
3104 3230 3158 3275 et
3186 3221 3420 3276 carmina
3450 3232 3641 3283 cantu;

2320 3279 2366 3338 C
2399 3309 2510 3360 Non
2536 3318 2708 3361 tamen
2739 3307 2911 3363 illexit
2942 3309 3099 3362 fallax
3135 3310 3427 3377 praicnrdia
3471 3312 3664 3366 mentis

2397 3400 2592 3468 l'umpa
2626 3399 2988 3468 profanorum,
3021 3416 3138 3469 qua:
3171 3402 3332 3456 nectit
3363 3404 3491 3457 retia
3521 3403 3734 3466 εειιιοιὶς,

2398 3492 2471 3543 l\'e
2500 3491 2632 3544 forte
2662 3501 2914 3560 preperet
2942 3491 3171 3560 paradisi
3196 3493 3260 3545 ad
3292 3495 3483 3561 gaudia
3512 3496 3665 3546 ιιεὶιιις

2396 3580 2600 3634 Taliter
2624 3582 2830 3635 interea
2858 3581 3189 3651 compellans
3219 3584 3435 3638 vocibus
3463 3584 3593 3645 iniit,

2399 3670 2529 3723 Dom
2562 3681 2771 3726 secreta
2805 3681 2991 3739 petunt
3020 3687 3271 3728 concessa
3308 3674 3422 3744 lege
3449 3684 3706 3731 ΙοιιιιῚιιιι.

2397 3760 2633 3829 Angelus
2660 3775 2748 3827 cn,
2782 3761 2973 3829 inquit,
2999 3765 3208 3832 superis
3244 3766 3467 3819 tranavit
3490 3768 3554 3818 ab
3576 3774 3768 3821 a-ti-is:

2399 3852 2492 3906 llic
2513 3866 2599 3907 me
2627 3864 2903 3921 patronus,
2931 3856 3135 3909 cmlcsti
3169 3855 3367 3911 fmderc
3398 3858 3564 3924 fulcit,

2399 3942 2464 3997 Ut
2496 3958 2754 4013 nequeam
2787 3960 3003 4013 prorsus
3034 3947 3320 4017 quidquam
3352 3949 3581 4004 carnalis
3608 3967 3810 4007 amare.

2396 4033 2633 4101 Namque
2664 4049 2839 4090 meum
2865 4035 3065 4106 jugiter
3088 4049 3368 4093 conservat
3397 4054 3590 4109 corpus
3623 4042 3672 4096 in
3699 4061 3899 4105 a-vum,

2399 4124 2465 4179 Ut
2488 4126 2666 4179 nullus
2690 4128 2885 4190 valeat,
2912 4143 3108 4194 spurco
3138 4145 3429 4186 succensus
3455 4147 3660 4199 anime,

2395 4214 2741 4271 Contrcctarc
2768 4232 2883 4273 mea
2913 4219 3142 4287 proboso
3170 4221 3393 4276 crimine
3418 4224 3676 4285 membra.

2396 4306 2500 4360 Sed
2529 4321 2652 4361 mox
2682 4310 2934 4377 angelicis
2966 4309 3228 4366 ulciscens
3252 4312 3484 4367 vindicat
3513 4319 3697 4373 armis.

2398 4398 2499 4462 Qui
2524 4414 2610 4453 nte
2643 4400 2861 4467 pollutis
2890 4403 3129 4457 nituntur
3161 4404 3421 4472 prendere
3452 4406 3659 4474 palatis.

2397 4490 2487 4543 Sic
2509 4490 2698 4544 devota
2727 4490 2836 4545 Deo
2866 4493 3133 4547 convertit
3164 4496 3359 4547 l‘etnina
3387 4510 3661 4565 Sponsum.

2401 4577 2507 4631 Nec
2530 4594 2632 4631 non
2664 4588 2717 4632 et
2747 4579 2966 4634 levirum
2996 4582 3207 4636 solvens
3246 4597 3429 4640 errore
3455 4593 3677 4649 vetusto,

2404 4668 2582 4723 Donec
2611 4671 2890 4725 credentes
2926 4673 3281 4740 sumpsissent
3304 4674 3438 4729 dona
3470 4676 3685 4738 lavacri.

2405 4759 2547 4814 Facti
2581 4763 2877 4830 municipes
2916 4763 2965 4815 in
2994 4764 3217 4817 summis
3244 4765 3455 4819 arcibus
3481 4766 3660 4827 anilm,

2403 4852 2660 4923 Martyres
2689 4853 2862 4908 effecti
2887 4854 3065 4908 carnis
3096 4865 3356 4910 tormenta
3390 4856 3617 4912 luentes.

2473 4943 2653 4998 Sicilia
2687 4945 2861 5008 telius.
2887 4961 3043 5014 quam
3071 4948 3269 5001 vallant
3294 4948 3482 5002 caerula
3509 4950 3675 5017 ponti,

2401 5036 2672 5091 Fluctibus
2697 5047 2751 5091 et
2782 5040 2957 5092 rabies
2981 5040 3153 5107 pulsat
3177 5054 3271 5107 per
3299 5040 3491 5093 sarcula
3520 5041 3696 5107 salsis,

2399 5129 2575 5184 Edidit
2604 5130 2864 5199 Agatben,
2896 5131 3095 5186 Christi
3123 5131 3465 5187 famulatibus
3493 5142 3692 5204 aptant,

2397 5222 2589 5275 Accola
2617 5237 2773 5290 quam
2802 5221 3010 5278 Siculus
3035 5224 3233 5277 famosa
3266 5222 3420 5278 laude
3449 5223 3769 5292 frequentat.

2395 5316 2523 5382 Quae
2546 5332 2603 5370 se
2632 5317 2830 5371 divinis
2854 5317 3118 5371 subtlcbat
3146 5316 3377 5371 cultibus
3402 5316 3560 5371 ultro.

2396 5409 2631 5477 Namque
2657 5409 2951 5479 pubertatis
2975 5410 3198 5463 florebat
3222 5422 3461 5478 tempore
3487 5407 3728 5470 Christo.

2405 5500 2622 5554 DtVliiaS
2654 5500 2834 5554 mundi
2864 5500 3186 5554 conculcans
3217 5510 3393 5555 mente
3419 5499 3668 5562 caducas,

2401 5593 2588 5644 Umnia
2621 5591 2899 5645 sseclortun
2925 5607 3046 5646 mox
3067 5602 3382 5647 ornamenta
3405 5591 3735 5660 relinquens,

2406 5684 2466 5736 l-Jt
2494 5685 2730 5751 sequitur
2759 5683 3039 5739 Dominum
3072 5685 3272 5740 devota
3295 5685 3577 5755 juvencula
3608 5684 3905 5738 Christiana.

2402 5774 2531 5836 Quis
2559 5788 2683 5827 vero
2712 5788 2895 5841 pcenas
2920 5775 3095 5830 verbis
3122 5785 3335 5832 enarret
3359 5775 3596 5835 acerbas.

2405 5868 2505 5917 Aut
2532 5865 2715 5919 mortis
2749 5866 2915 5920 valeat
2949 5868 3129 5923 clades
3158 5869 3367 5923 cll'dritrr
3392 5878 3559 5927 altas.
