4172 6536
720 449 811 500 271

716 557 954 611 Credidit
985 555 1344 609 Altithronutn
1377 555 1671 610 salvantcm
1701 559 1894 609 εωιιυίει
1928 556 2219 608 Christum.

720 653 796 702 Ad
831 647 1108 701 Dominum
1141 657 1245 699 tota
1275 662 1566 701 conversus
1595 659 1770 703 mente
1803 649 1992 710 lidclis,

719 742 969 793 Ptettituit
1000 737 1211 792 tandem
1243 752 1427 806 magus
1459 737 1596 791 idola
1628 753 1816 807 spurca
1851 739 2177 806 relinquens,

717 834 978 900 l-vaertus
1009 833 1156 900 virgo
1187 831 1310 899 quid
1346 839 1524 898 posset
1554 829 1690 883 ferre
1723 827 1929 896 pericli,

710 927 840 989 Qua:
869 936 1135 989 nunquam
1168 920 1334 974 valuit
1362 920 1600 989 superari
1631 920 1776 973 mille
1808 919 2032 972 nocendi

718 1014 948 1074 Artibus,
983 1013 1168 1066 incerti
1201 1012 1295 1066 sed
1326 1012 1457 1080 fugit
1486 1010 1688 1064 crimen
1720 1009 1979 1080 iniquum.

713 1105 837 1160 Post
870 1104 980 1159 lucc
1009 1106 1232 1173 imperio
1260 1111 1468 1173 regeret
1497 1119 1616 1158 cum
1649 1101 1904 1158 Claudius
1934 1104 2138 1163 orbi-nt,

710 1198 909 1267 Impius
936 1197 1124 1251 edictis
1154 1205 1365 1250 sanctos
1398 1197 1703 1251 crudelibus
1733 1211 1948 1266 urgens,

712 1297 823 1350 lleu
851 1296 1053 1350 scelus!
1086 1303 1142 1349 ut
1169 1293 1439 1349 Christum
1472 1295 1705 1348 damnati
1741 1309 1873 1349 voce
1902 1305 2177 1360 negatum,

710 1387 956 1440 Nolentes
986 1395 1162 1440 autem
1196 1389 1385 1442 sectari
1418 1386 1549 1440 scita
1583 1386 1815 1456 tyranni,

705 1482 748 1532 υ
776 1493 935 1548 quam
964 1480 1096 1534 dura
1130 1481 1276 1533 necis
1305 1478 1540 1549 graviter
1574 1488 1836 1533 tormenta
1873 1479 2080 1532 luebant
2109 1481 2118 1510 '

705 1573 873 1637 'l‘unc,
904 1572 1135 1635 Justina,
1166 1581 1312 1625 tuum
1351 1570 1489 1627 ferro
1518 1586 1821 1640 supponere
1850 1572 2067 1627 collum,

705 1662 987 1731 Sanguinis
1017 1672 1108 1716 aut
1137 1661 1282 1716 rivos
1310 1676 1414 1715 non
1447 1663 1629 1714 borrct
1659 1659 1882 1740 fundere
1913 1659 2078 1712 ﬁbris.

703 1755 790 1808 Sic
818 1755 1049 1824 geminis
1076 1754 1193 1806 felix
1224 1761 1448 1808 ornatur
1480 1753 1630 1822 virgo
1661 1752 1964 1822 triumphis,

704 1852 932 1920 Alartyra
962 1865 1080 1904 cum
1113 1851 1283 1904 roseis
1315 1851 1494 1903 rubttit
1521 1850 1819 1904 veneranda
1852 1853 2080 1901 coronis.

699 1942 938 1996 Candida
967 1942 1221 2008 virgineis
1250 1942 1471 1993 ﬂorebat
1500 1940 1696 1994 femina
1725 1940 1901 2005 sertis,

699 2037 829 2090 Cum
861 2051 962 2103 qua
995 2034 1234 2101 martyrii
1269 2034 1462 2086 meruit
1495 2034 1690 2086 vexilla
1719 2034 1948 2095 cruenti,

697 2127 906 2180 (trudus
935 2125 1136 2179 athleta
1166 2126 1256 2179 Dei
1290 2125 1587 2194 Cyprianus
1619 2125 1733 2177 fuso
1759 2138 1977 2180 cruore:

696 2219 890 2287 Sicque
925 2218 1026 2286 poli
1057 2218 1254 2286 pariter
1286 2217 1613 2270 scandebant
1639 2216 1814 2270 sidera
1847 2218 2018 2269 sancti

699 2310 765 2364 Ut
792 2309 1016 2378 praedira
1049 2309 1193 2361 necis
1222 2311 1422 2376 pariter
1453 2317 1714 2362 tormenta
1747 2310 2003 2362 tulerunt.

771 2401 1061 2470 Eugeniam
1095 2414 1253 2467 porro
1281 2400 1440 2451 claris
1475 2398 1739 2452 natalibus
1768 2408 1968 2462 ortam,

697 2494 974 2550 Cemmam
1012 2493 1252 2561 virgineo
1284 2493 1591 2547 rutilantem
1625 2500 1912 2544 stemmate
1944 2493 2184 2550 rubtam,

694 2589 827 2652 Quis
857 2587 1012 2656 digne
1040 2586 1281 2639 indoctus
1312 2595 1604 2637 metrorum
1633 2583 1874 2636 versibus
1906 2596 2129 2649 usquam

699 2680 950 2734 ltusticus
979 2678 1227 2746 explanct
1248 2675 1269 2727 ’ἒ
1301 2678 1452 2744 cujus
1486 2677 1748 2744 praeconia
1786 2675 1980 2744 passim

698 2772 874 2824 l.;t-tus
900 2769 1238 2824 concelebrat
1271 2769 1370 2822 sub
1401 2769 1524 2822 εαξη
1555 2768 1770 2820 cardine
1798 2768 2048 2826 mundus,

696 2866 870 2929 Atque
903 2875 1252 2929 supernorum
1283 2859 1467 2912 reboat
1497 2859 1851 2912 concentibus
1880 2858 2020 2911 airla.

697 2955 934 3022 Denique
964 2953 1212 3020 baptismi
1243 2953 1478 3005 nondum
1509 2950 1772 3004 cunabula
1800 2965 1951 3004 sacra

693 3045 1025 3114 Suscipiens,
1055 3042 1322 3096 Christum
1358 3041 1491 3094 tniro
1521 3050 1811 3095 veneratur
1840 3055 2038 3103 amore,

696 3137 750 3188 In
784 3144 1006 3197 tantum,
1041 3142 1099 3187 ut
1131 3134 1376 3202 proprios
1406 3131 1725 3198 dempsisset
1758 3131 1950 3186 femina
1980 3133 2177 3193 critics,

694 3229 926 3281 tim-sario
954 3235 1155 3294 spreta,
1185 3240 1403 3280 sumens
1433 3225 1702 3293 signacula
1731 3224 1953 3288 Christi,

694 3327 770 3372 Ac
798 3334 984 3372 sexum
1013 3316 1291 3381 simulans,
1329 3328 1506 3384 posset
1537 3327 1755 3368 tonsura
1781 3317 1952 3370 virilis

696 3410 804 3463 Ilac
829 3409 1036 3462 ratione
1066 3408 1183 3462 rudi
1214 3407 1292 3461 sic
1317 3411 1586 3461 occultare
1616 3409 1899 3471 latentem;

697 3501 936 3568 Namque
963 3515 1177 3554 crucem
1209 3499 1414 3552 Domini
1444 3499 1648 3552 sittrera
1684 3511 1862 3553 tnrnte
1893 3503 2071 3569 virago

695 3590 1097 3644 tiratulabutnla
1126 3590 1346 3650 vehens,
1382 3590 1687 3642 basternatn
1723 3590 1911 3659 linquit
1944 3592 2178 3646 inanim.

698 3686 922 3754 I‘crgerc
947 3697 1067 3736 cum
1099 3683 1298 3750 pueris,
1335 3693 1483 3735 astus
1512 3698 1646 3750 quos
1675 3691 1789 3736 arte
1816 3680 2028 3742 refellit,

699 3775 764 3828 Ilt
795 3789 1035 3829 remeare
1065 3782 1224 3841 queat
1254 3773 1488 3842 prudens
1519 3790 1610 3839 per
1639 3774 1790 3826 devia
1823 3775 1994 3843 virgo.

698 3867 946 3920 l’assibus
976 3876 1030 3920 et
1060 3865 1301 3934 properis
1334 3875 1639 3918 sanctorum
1673 3864 1854 3917 limina
1889 3867 2094 3927 lustrat,

697 3958 1119 4026 I’nntificcmque
1151 3968 1337 4026 petens
1369 3957 1616 4024 baptismi
1652 3957 1797 4009 lucra
1830 3971 2091 4026 capessat.

698 4052 948 4105 Protinus
975 4050 1040 4102 ad
1070 4049 1225 4102 sedes
1257 4049 1402 4102 venit
1433 4049 1683 4102 basterna
1718 4050 1955 4112 relictas,

693 4145 863 4209 Quam
895 4151 952 4196 ut
980 4155 1198 4196 crevere
1225 4139 1382 4193 simul
1413 4148 1648 4207 spretam
1684 4153 1922 4193 remeare
1953 4153 2215 4206 parentes,

696 4235 917 4289 Pectora
944 4232 1155 4287 ferratis
1184 4233 1458 4300 riguerunt
1491 4231 1721 4284 marcida
1757 4232 1916 4284 curis.

697 4325 928 4379 Plurima
962 4333 1089 4378 tunc
1119 4326 1279 4378 etiam
1313 4321 1538 4376 fortuna:
1565 4322 1776 4376 casibus
1800 4331 1918 4376 acta

695 4417 894 4470 't‘urma
927 4415 1343 4485 propinquorum
1375 4422 1594 4482 questus
1623 4428 1652 4467 e
1681 4422 1894 4481 pectore
1922 4415 2135 4482 promit.

695 4509 957 4578 Salsaque
988 4507 1255 4578 palpebris
1282 4505 1507 4560 effundit
1534 4504 1752 4559 flumina
1786 4507 1981 4570 luctus,

695 4601 896 4653 Tristia
925 4597 1154 4653 rorillois
1185 4597 1497 4650 httmcctans
1530 4595 1791 4651 imbribus
1818 4610 1931 4649 ora.

697 4693 831 4745 'l‘um
865 4691 990 4745 bino
1017 4690 1253 4758 spadone
1284 4688 1376 4741 fuit
1407 4688 1658 4741 comitata
1691 4687 1894 4754 virago,

696 4781 944 4849 Suspicio
972 4789 1028 4833 ttt
1058 4780 1254 4833 nullam
1287 4789 1465 4848 posset
1495 4792 1754 4847 generare
1783 4777 2072 4845 querelam.

700 4874 848 4928 llanc
875 4872 1016 4926 Deus
1046 4871 1311 4925 insontem
1344 4870 1462 4939 pius
1489 4869 1771 4924 auxiliator
1797 4879 2044 4938 egentum

694 4966 990 5023 Clementis
1016 4965 1219 5019 dextrae
1247 4967 1438 5036 clypeo
1470 4967 1702 5034 protexit
1731 4964 2015 5022 inermem.

702 5061 768 5116 Ut
795 5060 989 5115 cecinit
1013 5059 1212 5113 dudum
1247 5057 1483 5111 famosus
1510 5056 1748 5110 carmine
1777 5066 1924 5110 vates
1955 5075 1964 5107 :

703 5156 834 5207 Nam
865 5150 1080 5204 mentita
1110 5147 1210 5202 fuit
1238 5149 1536 5216 stropltosis
1570 5149 1747 5215 lingua
1781 5147 2024 5214 loquelis,

695 5242 1025 5297 Criminibus
1056 5240 1222 5309 stupri
1255 5240 1428 5295 nitens
1460 5240 1717 5293 damnare
1750 5239 2000 5305 puellam.

699 5336 802 5388 Sed
835 5335 989 5389 Pater
1019 5334 1376 5400 omnipotens,
1409 5333 1496 5400 qui
1526 5343 1714 5386 cuncta
1747 5333 1961 5385 latentia
1992 5333 2185 5397 noscit,

705 5425 934 5494 Virginis
966 5424 1177 5477 intacta:
1205 5424 1372 5476 voluit
1393 5433 1694 5476 monstrare
1725 5422 2042 5491 triumphos,

702 5525 989 5572 Auctorem
1018 5515 1240 5569 sceleris
1266 5518 1458 5583 populo
1489 5525 1752 5583 praesente
1780 5516 2074 5569 revinceus.

702 5611 850 5663 Sit-ut
877 5617 1118 5662 matrona
1149 5607 1379 5661 stimulis
1410 5608 1602 5677 agitata
1634 5609 1872 5677 maligni,

705 5699 964 5753 Illustrem
995 5697 1195 5752 Christi
1227 5696 1474 5752 famulam
1506 5713 1754 5753 sermone
1787 5704 1994 5766 procaci

703 5787 1013 5842 Deformarc
1044 5788 1241 5853 studet,
1273 5798 1473 5844 natura:
1499 5789 1616 5859 jura
1651 5789 1986 5844 rescindens;

703 5881 790 5935 Sic
820 5881 1008 5936 iterum
1042 5879 1242 5948 infelix,
1276 5880 1446 5951 plebis
1477 5882 1704 5936 vallante
1734 5896 1952 5949 corona,

1548 447 1603 499 Β.
1649 444 2001 500 Λιδοιιεωιι
2045 446 2327 501 UPl-IllL'M
2370 446 2546 503 PARS
2587 450 2669 502 Ill.
2707 481 2772 492 -
2813 451 3159 507 POEMATA.

2337 559 2380 614 A
2412 559 2591 625 Magna
2623 560 3031 617 cachinttantttnt
3065 573 3332 634 pateretur
3363 567 3562 621 luditra
3599 583 3808 628 vocum.

2411 649 2669 705 Plectcrct
2698 662 2752 705 et
2782 654 2972 706 merito
3004 657 3180 708 vultus
3208 656 3408 709 confusi
3435 680 3443 698 ι
3476 673 3689 718 noxam,

2410 742 2475 795 iit
2507 760 2776 811 nunquam
2809 747 2986 799 dicant
3013 758 3201 814 gentes
3236 767 3246 800 ;
3284 748 3378 801 Ubi
3411 760 3490 803 est
3525 751 3657 804 licus
3690 753 3908 802 borth

2481 835 2680 888 Floruit
2711 838 2764 890 itt
2799 840 2995 892 mundo
3023 841 3263 907 quaedam
3293 841 3598 909 virgunCnla
3629 843 3769 897 Cltri-
3792 855 3847 903 tt.

2408 930 2570 994 Agna:
2601 931 2682 980 cui
2715 944 2905 984 nomen
2937 931 3090 997 prisci
3123 932 3304 986 dixere
3337 947 3614 1002 parentes;

2407 1021 2598 1090 Inclyta
2633 1023 2743 1076 bace
2772 1024 2946 1078 fuerat
2975 1026 3216 1096 fragrans
3248 1026 3444 1081 virtute
3477 1029 3710 1096 pudoris.

2405 1110 2594 1165 .fitats
2622 1114 2859 1168 decimus
2891 1129 2987 1170 nec
3022 1129 3123 1170 non
3155 1123 3208 1170 et
3237 1120 3421 1170 tertius
3447 1133 3615 1172 annus

2406 1206 2656 1260 Fluxerat
2687 1208 2736 1262 itt
2772 1209 2928 1263 terris
2959 1225 3078 1264 cum
3114 1211 3283 1279 primo
3311 1212 3555 1280 glisceret
3585 1228 3720 1270 a-vu,

2404 1297 2636 1353 llluviem
2671 1300 2849 1356 mundi
2878 1312 3226 1357 contemnens
3251 1306 3414 1358 corde
3443 1305 3736 1358 nefandam.

2402 1391 2506 1443 Sed
2538 1407 2729 1458 procos
2756 1393 3018 1448 illustrem
3050 1395 3279 1462 prtefccti
3313 1397 3451 1449 filius
3481 1399 3706 1464 Agnam,

2401 1479 2498 1544 Qui
2533 1481 2766 1534 famosus
2795 1492 2929 1548 erat,
2966 1483 3124 1553 regali
3158 1484 3298 1539 fasce
3330 1495 3555 1556 togatus,

2399 1572 2647 1626 Subnixis
2675 1576 2927 1641 precibus
2959 1577 3204 1631 thalamis
3234 1578 3534 1633 adsciscere
3562 1581 3610 1632 tti
3638 1594 3759 1643 ens,

2401 1665 2572 1718 Aurea
2600 1682 2717 1720 cunt
2748 1668 2922 1721 rubris
2951 1668 3105 1722 offert
3137 1671 3420 1736 crepundia
3453 1675 3661 1740 pannis,

2401 1757 2506 1810 Nec
2533 1773 2636 1811 non
2668 1763 2868 1827 argenti
2896 1761 3212 1828 spondendo
3244 1761 3390 1829 plura
3424 1762 3640 1823 talenta,

2402 1848 2595 1901 Nititur
2626 1850 2876 1903 intactam
2909 1852 3172 1904 donorum
3205 1853 3390 1907 fallere
3417 1853 3585 1914 visco,

2327 1911 2373 1968 Β
2400 1941 2546 1994 Sicut
2571 1956 2722 1994 avent
2752 1941 2914 1995 nectit
2944 1943 3159 1998 nodosis
3191 1943 3388 1997 retibus
3418 1958 3632 2010 auceps.

2398 2031 2503 2085 Sed
2531 2047 2651 2085 mox
2686 2033 2986 2088 letltiferatn
3019 2037 3189 2089 sensit
3219 2036 3522 2104 virguncula
3554 2038 3755 2091 eisdem

2398 2124 2648 2178 Crebrius
2679 2127 2914 2179 hauriret
2943 2128 2988 2181 si
3019 2143 3240 2192 spurcas
3265 2143 3358 2182 ore
3389 2129 3644 2196 loquelas,

2399 2218 2503 2269 Aut
2532 2217 2831 2283 pulsnretur
2862 2219 3133 2286 probrosis
3163 2219 3312 2288 virgo
3344 2219 3550 2275 labellis

2397 2305 2742 2374 Muscipulam
2770 2319 3014 2363 metuens
3045 2310 3250 2378 sprevit
3277 2325 3524 2366 sermone
3551 2313 3814 2379 petulcinr.

2396 2397 2528 2452 Nam
2558 2413 2809 2468 sponsam
2843 2403 3016 2471 potius
3045 2404 3339 2472 spondebat
3370 2420 3428 2460 se
3461 2405 3572 2460 fore
3603 2407 3802 2459 Cirriin

2403 2489 2648 2561 Virgineo
2679 2508 2892 2561 semper
2920 2507 3220 2551 servantem
3257 2497 3457 2552 findere
3486 2514 3697 2565 corpus,

2398 2581 2496 2646 Qui
2529 2598 2587 2636 sc
2620 2585 2720 2636 rite
2750 2585 3050 2638 subarravit
3078 2601 3197 2639 cum
3229 2587 3353 2641 dote
3386 2587 3527 2653 fidei,

2399 2674 2645 2729 Annulus
2673 2684 2728 2729 et
2758 2677 2912 2744 cujus
2940 2680 3169 2732 sacravit
3207 2680 3441 2733 membra
3473 2682 3680 2746 puellm.

2403 2764 2633 2819 Plurima
2665 2777 2992 2837 quapropter
3021 2770 3228 2838 patiens
3260 2771 3566 2826 discrimina
3601 2789 3772 2842 virgo.

2403 2854 2624 2908 Pertulit
2654 2856 2708 2909 in
2741 2857 2898 2911 terris
2933 2860 3119 2913 insons
3146 2862 3416 2927 ergastula
3446 2872 3603 2916 tetra.

2399 2945 2504 2997 Sed
2539 2947 2656 3011 pius
2685 2959 2970 3014 asttcctatts
2993 2952 3243 3005 certantis
3275 2953 3411 3006 bella
3443 2955 3629 3021 puclla:

2401 3035 2619 3089 Arbiter
2649 3038 2948 3092 horrendas
2977 3039 3228 3094 discussit
3262 3045 3495 3096 carceris
3526 3047 3767 3108 umbras,

2406 3126 2468 3178 lit
2499 3127 2700 3179 clarum
2743 3127 2866 3182 caeli
2899 3129 3078 3182 lumen
3110 3130 3177 3184 de
3208 3131 3408 3186 lumine
3437 3133 3590 3197 fudit,

2323 3252 2369 3314 ϐ
2407 3214 2640 3284 Virginis
2669 3224 2727 3270 ut
2749 3219 2999 3271 tenebras
3043 3233 3148 3272 non
3175 3217 3380 3273 ferrent
3409 3220 3606 3274 lumina
3641 3222 3819 3274 furva-4

2404 3307 2653 3360 Traditur
2683 3308 2749 3360 ad
2780 3317 2974 3362 tetrutn
3006 3322 3307 3364 scortorum
3345 3321 3490 3365 casta
3520 3313 3765 3381 lupanar,

2399 3399 2676 3462 Quatenus
2715 3398 2904 3454 incerti
2940 3400 3179 3455 fuscetur
3203 3401 3431 3456 crimine
3459 3405 3628 3474 virgo,

2405 3491 2664 3558 Almaque
2689 3493 2964 3560 probl‘OSlS
2994 3503 3214 3548 notetur
3235 3493 3339 3547 vita
3371 3493 3613 3564 loquelis,

2400 3583 2528 3648 Quae
2555 3581 2818 3637 infamare
2853 3583 3072 3638 student
3101 3600 3383 3640 vet-narum
3417 3587 3632 3641 nomina
3663 3585 3790 3642 Ch-:

2402 3673 2468 3726 Ut
2501 3673 2739 3726 lacerare
2767 3674 2947 3728 solent
2975 3675 3232 3729 latrantes
3257 3676 3409 3731 fauce
3438 3677 3680 3732 molossi.

2399 3763 2545 3817 Tunc
2571 3779 2769 3832 procus
2792 3767 3011 3821 advenit
3039 3768 3204 3821 densa
3236 3770 3525 3824 comitante
3549 3779 3786 3835 caterva,

2399 3855 2624 3908 (Larrnla
2658 3857 2898 3911 verbosis
2929 3868 3298 3928 coiitorquens
3323 3861 3524 3930 spicula
3555 3861 3739 3928 labris,

2397 3947 2546 4011 Quod
2577 3963 2673 4001 sua
2704 3951 3008 4018 despiceret
3049 3951 3212 4005 castis
3239 3952 3506 4006 connubia
3548 3953 3705 4007 votis.

2396 4037 2498 4090 Sed
2525 4036 2666 4092 Deus
2695 4039 2937 4094 insontes
2975 4040 3066 4109 qui
3099 4056 3314 4108 semper
3341 4042 3462 4110 jure
3495 4044 3810 4112 triumphat,

2400 4127 2496 4180 Ira:
2525 4129 2768 4184 caelestis
2791 4130 2942 4196 ponit
2981 4145 3241 4185 mucrone
3269 4140 3498 4186 reatum.

2400 4217 2532 4270 Nam
2566 4218 2714 4273 dicto
2742 4221 2901 4275 citius
2923 4222 3129 4276 crudeli
3161 4221 3351 4278 funere
3380 4224 3542 4277 vitam

2405 4308 2662 4376 Liquerat
2692 4309 2946 4364 horrendi
2980 4314 3298 4382 contingens
3329 4322 3523 4367 tartara
3551 4314 3699 4373 ditis.

2397 4398 2496 4462 Qui
2527 4406 2772 4453 sanctum
2800 4401 2969 4454 voluit
2999 4402 3275 4455 maculoso
3307 4402 3504 4456 lmdere
3524 4413 3696 4470 gestu.

2399 4487 2518 4542 Mox
2548 4489 2709 4558 igitur
2740 4493 2990 4559 precibus
3017 4492 3249 4562 disrupit
3283 4494 3492 4547 vincula
3523 4499 3734 4558 mortis,

2317 4601 2371 4663 ι)
2406 4578 2605 4633 Pallida
2641 4595 2914 4650 purpureo
2945 4591 3253 4637 restaurans
3280 4583 3517 4638 membra
3549 4583 3752 4650 colore,

2403 4673 2531 4737 ane
2565 4674 2789 4727 multata
2819 4673 2968 4742 prius
3011 4675 3292 4742 tot-pellant
3323 4676 3519 4744 frigore
3551 4677 3700 4740 letlti,

2399 4768 2673 4828 Quatenus
2705 4764 2830 4818 inde
2863 4763 3041 4818 forent
3069 4766 3242 4820 laudis
3270 4765 3538 4833 praeconia
3565 4767 3761 4821 Christ.

2401 4857 2551 4912 Unde
2585 4858 2732 4926 prius
2764 4862 2976 4914 fuerant
3005 4859 3215 4926 spurcis
3242 4859 3468 4914 ludibria
3503 4862 3698 4914 verbis.

2397 4950 2531 5004 Nam
2559 4950 2970 5005 Constantinam
3002 4950 3218 5006 sanavit
3249 4952 3428 5005 tumba
3455 4953 3708 5022 sepulcti,

2399 5041 2464 5096 Et
2492 5044 2858 5112 sarcophagns
2886 5060 2990 5112 qua
3023 5054 3253 5113 pausant
3282 5047 3524 5100 membra
3557 5047 3770 5113 puellm.

2400 5135 2469 5189 Ut
2498 5136 2690 5188 nterito
2723 5148 2904 5203 posset
2937 5137 3209 5205 regnantis
3238 5137 3343 5190 tilia
3370 5139 3509 5206 regis

2400 5228 2628 5282 Aﬂtcrno
2663 5228 2794 5295 ltegi
2822 5242 3033 5295 regunt,
3063 5228 3155 5295 qui
3189 5236 3376 5295 regnat
3405 5228 3458 5282 itt
3488 5230 3678 5289 aethra,

2399 5319 2645 5373 Reddere
2677 5317 2986 5385 magnificas
3022 5333 3116 5386 pro
3149 5317 3252 5370 vita
3285 5320 3488 5386 sospite
3517 5333 3714 5388 grates.

2476 5409 2638 5477 Virgo
2668 5409 2840 5462 dicata
2876 5407 2987 5462 Deo
3037 5406 3261 5461 ﬂorebat
3288 5415 3530 5475 tempore
3561 5409 3761 5477 prisco,

2399 5507 2627 5560 Nomine
2659 5508 2797 5558 hanc
2825 5503 3079 5558 Theclatn
3114 5513 3323 5557 veteres
3351 5502 3537 5559 dixere
3566 5518 3833 5572 patentes,

2398 5599 2530 5664 Quae
2559 5611 2819 5650 conversa
2853 5594 2953 5648 fuit
2977 5603 3186 5648 sacrato
3211 5594 3462 5663 dogmate
3491 5593 3661 5660 Pauli,

2403 5692 2467 5743 Et
2496 5689 2771 5743 Christum
2799 5687 3044 5754 sequitur
3071 5685 3339 5740 connubia
3373 5696 3524 5753 pacta
3556 5688 3883 5760 relinquens.

2405 5781 2732 5850 Virginitatis
2763 5795 2916 5835 amor
2944 5778 3176 5849 flagrans
3204 5779 3256 5832 itt
3281 5779 3444 5833 corde
3476 5781 3660 5846 puella:

2406 5881 2588 5939 Dulcia
2622 5881 2905 5939 mundanae
2944 5883 3139 5952 sprevit
3173 5883 3440 5938 consortia
3475 5881 3636 5956 vitae,~
