4172 6616
272 107 3935 137 W

241 543 308 592 (Π
317 543 347 583 ἰ

247 653 303 704 In
337 667 437 719 qua
471 650 716 703 laudavit
746 648 983 703 caelestis
1012 647 1179 715 gratia
1214 655 1473 712 mentem,

241 743 450 794 Sa-cula
485 755 642 808 quam
671 742 884 809 penitus
914 755 1183 810 nunquam
1217 740 1426 795 mollire
1463 741 1729 803 valebant,

242 835 440 884 ltzirior
465 843 518 884 ut
550 832 692 885 ferro
722 833 862 884 foret
903 833 969 886 ad
1004 841 1266 886 tormenta
1299 843 1537 886 cruenta.

239 925 390 978 lianc
422 935 568 990 pater
608 936 661 978 et
692 927 920 994 genitriv
955 929 1124 994 pactis
1155 926 1498 995 sponsalibus
1529 927 1688 978 ambo

239 1015 322 1069 Ad
354 1020 576 1082 stirpem
610 1017 820 1083 generis
846 1016 1162 1085 satagebant
1193 1016 1394 1070 dedere
1425 1018 1626 1082 nuptis.

238 1109 331 1161 Sic
366 1122 519 1161 metis
549 1107 802 1174 virgineis
833 1108 1124 1162 ardescens
1169 1107 1366 1160 torrida
1400 1108 1649 1168 ﬂattitnis,

236 1201 466 1266 Cingite
495 1205 763 1252 mundano
795 1198 1008 1268 perfusa
1037 1209 1317 1267 tepescere
1359 1198 1552 1252 nescit.

235 1296 504 1359 Quamvis
530 1294 814 1348 verborum
839 1304 1088 1348 rorarent
1119 1294 1288 1348 imbre
1318 1302 1568 1362 parentes

237 1390 388 1435 δίιειιι
423 1385 680 1438 nimbosis
721 1386 994 1439 stillabant
1026 1388 1224 1440 aathera
1255 1388 1440 1455 guttis,

242 1476 532 1542 Propterea
569 1477 738 1540 locus,
771 1489 826 1529 et
860 1479 1088 1542 llagrans
1115 1477 1428 1529 accenditur
1461 1476 1595 1543 ignis

242 1571 512 1622 Vulcanus
543 1573 648 1624 late
673 1572 921 1624 inrvebat
953 1571 1184 1624 torribus
1213 1569 1364 1631 atris,

240 1662 308 1713 ill
335 1664 481 1728 virgo
515 1663 638 1716 felix
671 1665 834 1716 ferret
873 1672 1136 1716 tormenta
1170 1679 1451 1729 rogorum,

234 1758 636 1823 tZ-uisumptura
669 1759 806 1824 piam
845 1762 976 1808 Ialso
1016 1773 1130 1808 sine
1161 1758 1388 1809 t'rimittc
1416 1771 1655 1811 carnem.

254 1845 355 1895 l'ali
389 1847 674 1898 lemineam
705 1857 891 1898 sontes
925 1847 1201 1898 molimine
1229 1846 1436 1912 spinam

239 1937 567 1988 l-‘xi-rut-iare
593 1946 832 1998 student,
865 1938 1202 1991 membratim
1233 1939 1486 2006 quatinus
1518 1959 1659 2005 ossa,

233 2034 290 2079 Si
323 2041 436 2081 ueri
466 2042 665 2095 posset,
703 2040 992 2084 vacuarent
1021 2033 1183 2082 eruda
1213 2032 1461 2083 medullis

232 2122 324 2173 Sic
363 2123 499 2175 Deus
527 2131 726 2175 aiterna
756 2122 996 2176 defendit
1037 2125 1106 2174 ab
1135 2138 1256 2177 arce
1286 2125 1536 2190 puellam,

239 2214 306 2265 Iit
335 2224 437 2266 voti
483 2230 703 2282 compos
733 2220 973 2269 llammas
1004 2218 1256 2269 evaderet
1291 2218 1446 2284 ignis.

240 2303 492 2358 ‘l‘iaditur
525 2307 589 2358 ad
630 2310 799 2359 rictus
829 2307 979 2373 virgo
1010 2307 1296 2360 laceranda
1332 2310 1544 2360 leonum

248 2398 386 2449 Ilii-is
413 2407 469 2450 ut
496 2401 685 2452 rodant
720 2400 1010 2455 muliebres
1043 2401 1308 2455 morsibus
1340 2413 1510 2466 artus,

243 2489 421 2538 llrstia
444 2488 535 2541 sed
569 2503 776 2541 sacrum
809 2503 913 2542 non
948 2494 1110 2541 audet
1142 2504 1366 2555 «rat-pere
1395 2506 1592 2558 corpus

240 2578 563 2630 Ucl'eusante
596 2578 705 2631 1).το
735 2581 943 2632 devota:
973 2585 1212 2632 membra
1246 2579 1464 2645 puella},

237 2669 371 2720 llum
401 2677 602 2722 tenera:
625 2673 771 2722 carni
798 2686 902 2724 non
936 2687 1161 2738 usquam
1193 2683 1387 2740 sponte
1417 2687 1652 2741 pepercit
1681 2716 1694 2735 ,

238 2765 326 2809 sie
360 2769 507 2814 sator
533 2762 722 2815 electis
749 2777 868 2816 cum
907 2763 1091 2816 mundi
1125 2775 1418 2818 scammate
1445 2777 1678 2824 certant.

233 2857 412 2904 Aurea
443 2851 683 2906 caelestis
711 2852 936 2921 largitur
967 2868 1189 2920 praemia
1225 2854 1399 2922 regni.

236 2948 362 2998 llaa-
395 2961 643 3014 suprema
685 2963 795 3000 sua:
826 2949 1101 3001 decoravit
1130 2958 1371 3015 tempora
1398 2948 1540 3014 vitat,

239 3035 516 3102 l'urpureo
545 3046 785 3088 sanctam
819 3036 1144 3103 perluudens
1181 3039 1439 3103 sanguine
1468 3052 1712 3100 carnem,

239 3127 440 3194 Martyr
468 3127 708 3194 perpetui
739 3125 864 3179 dum
887 3126 1096 3180 scandit
1123 3126 1305 3180 limina
1337 3128 1486 3181 coeli.

311 3217 571 3270 liulaliani
605 3232 774 3284 presa:
797 3219 1063 3286 vulgatam
1098 3217 1342 3270 laudibus
1373 3217 1501 3270 olim

234 3310 457 3362 Metrica
489 3323 632 3363 nunc
662 3309 916 3362 studeant
945 3310 1189 3363 venerari
1224 3308 1462 3361 carmina
1488 3319 1748 3370 sanctam,

228 3408 362 3465 Qiue
396 3400 618 3453 mortale
650 3400 778 3454 nihil
811 3414 947 3452 vano
978 3400 1168 3453 dilexit
1193 3413 1402 3464 amore,

232 3494 342 3545 Νιιιτ
370 3492 662 3560 quidquam
695 3492 748 3546 in
800 3493 1004 3546 ntundo
1048 3493 1241 3561 satagit
1281 3492 1539 3560 praeferre
1578 3494 1827 3555 'l‘ouanti,

233 3584 342 3637 sed
374 3593 599 3637 cunctas
627 3583 827 3651 pariter
858 3599 1078 3652 pompas
1110 3585 1438 3650 contempsit
1461 3585 1689 3650 opimas.

235 3677 505 3729 Funditus
531 3685 588 3729 ιη
609 3676 805 3744 spretis
828 3675 968 3729 omni
990 3676 1289 3742 squalentis
1311 3675 1375 3728 ad
1407 3676 1576 3728 instar

235 3769 453 3821 Deliciis
477 3783 642 3836 gazw,
671 3780 983 3837 sequeretur
1013 3770 1176 3824 libera
1209 3771 1504 3824 Christum.

233 3861 361 3913 llaec
394 3859 611 3913 thalami
643 3860 796 3913 luxus
824 3869 878 3915 et
904 3861 1094 3929 gaudia
1123 3860 1315 3915 blanda
1346 3869 1608 3915 tororum.

232 3955 407 4018 Atque
434 3949 758 4003 caducorum
792 3962 994 4006 sortem
1025 3951 1270 4021 despexit
1298 3952 1557 4004 honorum
1588 3996 1591 3998 _

226 4045 508 4104 Quatenus
538 4039 590 4094 in
622 4041 780 4094 cmlis
808 4053 971 4096 castae
1005 4043 1219 4096 virtutis
1255 4052 1466 4096 amator

230 4131 451 4184 Arbiter
475 4132 814 4200 omnipotens
846 4132 1120 4201 impendat
1149 4136 1364 4202 prmmia
1401 4136 1546 4193 vilu',

228 4222 333 4286 Qui
357 4223 492 4277 solet
525 4223 757 4276 assiduis
788 4233 966 4278 castos
997 4241 1188 4278 ornare
1228 4226 1536 4293 triumphis,

232 4311 596 4379 Militibusque
626 4312 739 4365 suis
763 4323 971 4381 portam
1011 4328 1250 4368 reserare
1277 4329 1371 4382 per
1396 4315 1644 4374 anhram,

231 4405 369 4455 llum
404 4414 623 4457 vmcunt
651 4405 821 4457 sancti
857 4405 1091 4458 fallentis
1125 4407 1343 4472 prmmia
1377 4406 1588 4470 mundi,

237 4500 409 4561 Mque
435 4491 707 4548 coronatis
735 4505 945 4562 gestant
977 4497 1170 4551 vexilla
1201 4497 1480 4566 maniplis.

305 4586 574 4650 Tempore
615 4586 912 4641 Gothorum
965 4587 1134 4642 fuerat
1188 4589 1495 4658 virguncula
1546 4591 1815 4658 quadam,

224 4683 362 4742 Quae
392 4680 661 4746 proprium
685 4693 753 4732 ex
781 4679 963 4733 schola
985 4681 1213 4746 sumpsit
1233 4679 1567 4736 Scholastica
1595 4701 1786 4738 nomen
1810 4706 1815 4734 :

227 4775 381 4824 llanc
415 4771 553 4824 Deus
585 4770 813 4826 ubertim
843 4773 1049 4827 caelesti
1080 4789 1300 4828 munere
1329 4775 1485 4839 ditat,

229 4872 412 4916 Aurea
440 4862 684 4931 virgineo
716 4863 1011 4918 lucrantem
1044 4866 1261 4932 prmmia
1295 4876 1442 4920 voto.

228 4955 308 5006 De
339 4967 442 5020 qua
471 4953 574 5007 hoc
604 4954 932 5021 praecipuum
965 4954 1085 5007 vitae
1119 4956 1462 5009 rumusculus
1487 4956 1643 5010 almae

231 5047 518 5114 liivnlgare
541 5045 703 5111 solet,
738 5047 876 5100 latus
904 5062 1004 5114 qua
1035 5047 1273 5101 tenditur
1296 5048 1464 5115 orbis,

225 5139 385 5204 Quod
418 5139 637 5192 fratrem
680 5138 896 5192 sibimet
923 5150 1178 5206 germano
1209 5137 1415 5193 foedere
1443 5140 1708 5208 junctum.

226 5231 485 5287 Snbnixis
517 5229 764 5298 precibus
787 5232 948 5299 gestit
978 5231 1304 5300 compellere
1335 5234 1506 5300 virgo,

226 5329 508 5388 Quatenus
538 5321 846 5388 acciperent
873 5335 1150 5378 sacrorum
1186 5323 1363 5376 dulcia
1405 5335 1566 5376 noctu

232 5414 460 5467 l-‘crcula
492 5413 777 5478 librorum,
805 5421 861 5468 et
884 5415 1058 5468 sancti
1081 5414 1326 5468 convivia
1359 5416 1530 5473 verbi.

233 5509 272 5560 Ε
299 5506 495 5577 quibus
520 5506 720 5560 affatim
749 5517 1060 5562 saturantur
1089 5517 1304 5575 pectora
1334 5509 1506 5576 plebis

237 5604 414 5668 Atque
441 5600 760 5670 saginantur
784 5612 1093 5654 sanctorum
1123 5599 1286 5654 corda
1320 5602 1573 5654 virm-mn.

230 5690 338 5744 Sed
362 5689 500 5744 fidus
527 5687 776 5758 precibus
806 5690 968 5744 lrater
1001 5705 1105 5742 non
1139 5689 1371 5742 lleetitur
1405 5689 1544 5744 ulna.

227 5781 369 5847 Quin
393 5781 504 5834 into
527 5790 768 5834 sanctam
802 5781 1127 5846 contempsit
1157 5794 1284 5833 voce
1313 5795 1550 5831 soiim-n.

232 5872 366 5927 Tum
395 5871 551 5940 virgo
580 5870 852 5924 Christum
885 5871 1132 5938 pulsabat
1164 5885 1292 5921 voce
1329 5869 1631 5933 lii-mgnum.

233 5962 294 6020 L‘l
325 5964 426 6020 sibi
460 5963 709 6032 dignetur
737 5963 924 6018 vulnus
952 5976 1137 6018 sanare
1164 5961 1301 6016 dolui
1321 5978 1358 6012 ι-
1547 5971 1550 5973 ·

1495 533 1581 593 DE
1625 533 1960 592 LAUDIBUS
2004 533 2348 591 VIRCINUM.

3425 544 3529 600 27!.

1862 652 1908 708 Α
1945 651 2058 702 ηυχ
2096 651 2254 718 igitur
2282 649 2475 704 emittm
2507 649 2752 707 nimboso
2781 654 2991 708 turbine
3023 663 3213 720 totum,

1944 742 2008 792 lit
2041 757 2282 796 convexa
2315 742 2424 811 poli
2454 745 2766 812 nigrescunt
2791 748 2991 802 aethere
3024 751 3196 811 furvo,

1938 833 2207 888 Murmura
2241 844 2388 888 vasta
2438 848 2633 892 sonant
2670 839 2899 892 flammis
2941 841 3220 894 commista
3257 841 3519 896 coruscis.

1940 928 2001 977 lit
2034 925 2250 980 tremuit
2279 927 2438 980 tellus
2465 944 2655 998 magno
2687 930 3036 984 tremebunda
3070 931 3276 1000 fragore
3307 974 3323 997 ,

1938 1017 2165 1070 llumi'da
2197 1018 2433 1072 roriﬂuis
2463 1018 2772 1073 humectant
2804 1021 3002 1076 vellera
3029 1023 3210 1089 guttis,

1938 1112 2124 1179 Irrigat
2151 1123 2202 1166 et
2230 1123 2428 1168 terram
2460 1115 2758 1169 tenebrosis
2790 1117 3052 1172 imbribus
3085 1133 3200 1183 aer,

1936 1203 2281 1271 Compleutur
2310 1207 2495 1271 valles,
2525 1215 2583 1262 et
2613 1207 2755 1277 larga
2790 1210 2985 1263 fluenta
3015 1211 3342 1266 redundant.

1936 1293 2087 1348 Tune
2114 1298 2309 1348 mansit
2331 1299 2537 1359 nolens,
2568 1299 2658 1366 qui
2689 1299 2893 1366 pridem
2920 1310 3110 1368 sponte
3141 1311 3358 1370 negavrt

1937 1385 2087 1450 Quod
2120 1400 2372 1454 germana
2404 1390 2536 1454 petit
2564 1389 2855 1456 deplorans
2881 1388 3044 1445 anxia
3077 1393 3238 1448 euris.

1936 1477 2023 1528 Sic
2045 1477 2184 1530 Deus
2214 1479 2476 1531 auscultat
2501 1479 2690 1532 devota
2722 1492 2900 1536 mente
2927 1493 3199 1551 rogantes,

1937 1569 2236 1631 Quamlibet
2257 1585 2286 1622 a
2316 1570 2459 1623 nullo
2483 1572 2692 1626 solandi
2724 1577 2880 1626 verba
2912 1589 3214 1642 capessant.

2011 1661 2208 1714 Nobilis
2238 1664 2288 1715 in
2317 1663 2482 1716 lioma
2514 1665 2646 1718 visit
2675 1667 3032 1732 pulcherrima
3065 1669 3214 1737 virgo

1936 1754 2306 1815 Constantina,
2337 1770 2486 1806 nova-
2517 1757 2760 1820 pratliens
2792 1759 3099 1822 spectacula
3131 1760 3255 1814 vitae

1941 1843 2229 1907 Omnibus,
2262 1845 2453 1911 integri
2485 1845 2573 1912 qui
2604 1849 2974 1901 conversaricr
3011 1859 3215 1917 optant,

1939 1930 2129 1984 Lnrida
2162 1933 2465 2000 linquentes
2497 1938 2695 1989 veteris
2721 1937 2965 2005 contagia
2996 1940 3137 1993 vitae.

1869 2012 1910 2068 Ii
1942 2023 2083 2087 lla‘c,
2119 2022 2354 2089 inquam,
2390 2024 2562 2092 virgo,
2595 2025 2801 2078 cn-lesti
2834 2028 2964 2080 freta
2996 2038 3237 2095 patrono,

1936 2113 2268 2182 Contempsat
2302 2116 2557 2169 nmndum
2591 2117 2713 2170 felix
2747 2133 2868 2171 cum
2903 2124 3034 2172 tlore
3064 2121 3348 2187 virentem,

1938 2206 2098 2257 Arida
2126 2220 2224 2258 ceu
2249 2207 2416 2273 paletn
2445 2209 2682 2275 projecta
2716 2211 3013 2278 peripsema
3047 2217 3314 2282 squalent.

1942 2297 2113 2366 thue
2145 2300 2316 2364 magis
2373 2311 2612 2368 stupeas,
2648 2316 2916 2357 rumorem
2962 2306 3182 2360 adverte
3223 2319 3502 2376 parentum

1939 2390 2064 2441 Nam
2093 2402 2242 2455 pater
2271 2403 2493 2460 auguste
2520 2408 2811 2462 regnorum
2842 2407 3055 2464 sceptra
3086 2399 3411 2466 gubernans,

1940 2480 2223 2546 lmperiutn
2255 2485 2460 2548 tnundi,
2486 2484 2700 2540 Christo
2734 2499 3012 2556 regnante,
3047 2493 3288 2559 regebat,

1935 2574 2033 2636 Qui
2064 2572 2446 2630 Constantinus
2478 2593 2671 2632 nomen
2705 2582 2927 2634 sortitur
2955 2583 3006 2635 in
3039 2598 3231 2638 :evam.

1937 2663 2030 2717 llic
2059 2666 2295 2718 sobolem
2326 2678 2564 2720 sanctam
2597 2672 2734 2723 miro
2763 2671 2952 2724 dilexit
2979 2687 3184 2735 amore,

1937 2755 2068 2807 ltum
2099 2757 2220 2808 vitae
2252 2757 2443 2811 merito
2473 2759 2580 2813 late
2613 2762 2874 2828 praeconia
2908 2776 3148 2828 cursant,

1933 2847 2102 2908 Quam
2133 2855 2283 2913 pater
2315 2851 2564 2902 intactam
2616 2868 2859 2906 summus
2885 2854 2991 2908 sub
3037 2857 3166 2912 dote
3208 2867 3515 2928 spopondit,

1937 2936 2081 2988 Felix
2113 2937 2364 3006 virgineis
2393 2954 2512 2992 cuin
2540 2939 2650 3008 jam
2685 2944 3003 3010 pubesceret
3031 2948 3206 3000 annis.

1935 3025 2171 3095 Namque
2197 3043 2361 3096 proco
2391 3032 2580 3094 fuerat,
2611 3048 2717 3100 quo
2751 3048 2856 3088 non
2881 3040 3222 3103 praestantior
3248 3042 3381 3093 alter

1938 3117 2191 3185 iiiegibus
2218 3121 2479 3185 evceptis,
2505 3124 2593 3189 qui
2625 3124 2881 3178 numdum
2905 3126 3024 3193 jure
3053 3130 3372 3195 gubernem)

1939 3205 2267 3272 Desponsata
2298 3210 2488 3276 probo,
2519 3212 2686 3276 pactis
2714 3215 3054 3281 sponsalibus
3083 3220 3277 3271 arrha».

1889 3362 1895 3368 _
1935 3298 2040 3349 Sed
2075 3298 2216 3352 Deus
2243 3300 2502 3368 integram
2529 3313 2778 3372 satagens
2810 3321 3031 3360 servare
3061 3310 3313 3376 puellam.

1856 3367 1895 3411 ί
1933 3390 2169 3457 Satrapa:
2202 3403 2436 3446 mentem
2469 3395 2700 3449 stimulis
2722 3402 3030 3467 compungit
3065 3401 3248 3456 aeutis.

1937 3479 2192 3532 Funditus
2224 3490 2280 3534 ut
2306 3497 2528 3549 pompas
2555 3487 2700 3540 swcli
2731 3490 3026 3556 sprevissct
3058 3493 3285 3560 opim::.~:.

1937 3571 2112 3624 Mallet
2136 3579 2190 3625 et
2217 3571 2470 3628 immunis
2498 3579 2606 3645 regi
2640 3578 2953 3636 famularier
2980 3584 3114 3648 alto,

1937 3662 2150 3714 Deliciis
2181 3663 2362 3717 mutuli
2391 3681 2549 3732 quam
2581 3669 2850 3735 opulentis
2878 3671 3072 3740 degere
3093 3674 3243 3728 dives

1933 3753 2028 3804 Cui
2055 3753 2132 3806 sic
2153 3754 2333 3808 evenit
2365 3756 2605 3811 miranda
2633 3759 2823 3813 salutis
2854 3762 3027 3829 origo,

1935 3844 2199 3913 ’l‘empore
2229 3861 2352 3900 nam
2381 3848 2614 3915 quodam
2646 3848 2777 3903 diris
2808 3851 3075 3909 exercitus
3105 3857 3270 3910 armis

1933 3934 2214 4003 Scythicus
2237 3936 2551 4002 adveniens,
2581 3938 2746 3994 densa
2777 3943 3010 4010 stipante
3040 3955 3281 4013 caterva,

1935 4026 2185 4080 llostibus
2212 4027 2507 4081 innumeris
2537 4028 2822 4086 Thraciam
2849 4036 3092 4090 vastabat
3126 4038 3368 4093 inertem.

1934 4119 2065 4171 'l'um
2097 4134 2262 4187 gener
2304 4123 2544 4191 Augusti,
2573 4123 2799 4178 vallatus
2831 4127 2998 4181 milite
3030 4144 3220 4196 parvo,

1937 4209 2195 4264 :llmnibus
2221 4212 2474 4277 inclusus,
2501 4229 2623 4267 mox
2656 4219 3051 4283 propugnacula
3081 4221 3310 4280 scandit.

1934 4300 2109 4354 Armis
2133 4301 2361 4368 diffisus,
2387 4317 2530 4358 δειξγο
2560 4318 2837 4372 grassante
2868 4309 3114 4371 tumultu,

1936 4391 2089 4445 Esset
2118 4402 2176 4446 ut
2203 4392 2468 4448 horrenda
2496 4396 2822 4452 crudescens
2851 4402 3043 4454 mortis
3084 4404 3278 4473 imago,

1935 4484 1996 4535 lit
2027 4483 2343 4552 desperatus
2372 4494 2608 4552 torperet
2632 4488 2786 4541 miles
2816 4489 2866 4543 in
2892 4490 3045 4545 urbe.

1933 4577 2079 4630 'func
2108 4579 2294 4632 consul
2329 4578 2508 4642 I’aulo,
2551 4594 2649 4633 nec
2681 4595 2784 4634 non
2818 4583 3066 4638 hortante
3091 4584 3320 4651 Joanne,

1931 4668 2090 4721 (lcius
2119 4671 2334 4723 excelso
2358 4670 2583 4724 devotus
2609 4680 2733 4724 vota
2765 4674 3072 4738 spopondit,

1936 4758 2002 4812 Ut
2025 4759 2284 4813 Salvatori
2317 4761 2581 4828 reliquum
2619 4763 2850 4816 serviret
2881 4763 2932 4815 in
2955 4780 3128 4818 azvum

1931 4853 2246 4906 Christicola
2280 4853 2476 4917 clarus,
2510 4853 2730 4907 delubra
2761 4865 2964 4909 vetusta
2991 4857 3319 4927 relinquens,

1931 4944 1987 4997 Si
2019 4945 2196 5012 populi
2227 4952 2456 5012 strages,
2484 4953 2536 4998 et
2564 4959 2706 4998 smva
2737 4949 2934 5014 pericla
2964 4949 3130 5003 duelli

1935 5037 2180 5090 l'rntinus
2208 5036 2442 5091 auferret
2471 5037 2628 5090 solita
2656 5038 2938 5093 clementia
2970 5040 3198 5108 Christi,

1932 5125 2263 5195 Temperiem
2298 5127 2528 5182 reddens
2557 5127 2800 5183 discusso
2841 5131 3053 5186 turbine
3078 5131 3225 5186 belli.

1930 5223 2060 5282 Quae
2085 5233 2208 5272 cum
2239 5218 2378 5273 dicta
2406 5219 2582 5274 forent
2609 5220 2919 5287 spondentis
2948 5237 3078 5276 voce
3115 5233 3416 5292 sequestra,

1933 5309 2217 5378 Extemplo
2243 5310 2444 5366 Christi
2485 5313 2654 5366 sensit
2682 5314 2873 5366 solatia
2907 5327 3123 5382 praetor,

1928 5403 2196 5458 leicolis
2225 5403 2434 5472 superis
2462 5418 2581 5457 mox
2615 5403 3024 5459 defendentibus
3057 5406 3266 5473 urbem,

1937 5496 2146 5550 Aimula
2169 5496 2296 5550 dum
2321 5499 2518 5565 passim
2549 5507 2825 5552 verterunt
2851 5509 2992 5566 terga
3019 5501 3328 5568 phalanges,

1935 5593 2068 5646 l'ace
2097 5591 2391 5645 salutiferis
2414 5589 2665 5660 populum
2695 5590 2927 5655 stipante
2956 5592 3194 5644 coronis.

1934 5687 2166 5752 Denique
2193 5699 2313 5738 cutn
2339 5683 2447 5737 voti
2476 5694 2764 5736 remeasset
2816 5697 3036 5748 compos
3061 5683 3126 5734 ad
3156 5683 3361 5746 urbem,

1928 5778 2150 5843 tiompta
2180 5777 2568 5844 triumphorum
2597 5787 2817 5828 sortitus
2849 5775 3060 5828 labbara
3090 5773 3360 5843 princeps,

1931 5868 2124 5920 lnelvta
2161 5867 2413 5922 Ιὶυιιιιιηὶδ
2443 5869 2705 5920 revellens
2731 5882 2791 5919 cs
2841 5867 2989 5916 hoste
3023 5875 3246 5933 tropa'a.

1929 5966 2213 6016 ‘v’ervai'um
2244 5963 2416 6017 decies
2445 5962 2761 6030 qttiugi‘nfns
2785 5961 2967 6012 liberat
3006 5959 3165 6012 ltcros

1858 4719 1905 4777 Ι)
