4172 6534
699 423 806 476 9τὸ

704 535 814 587 Iloc
844 539 946 596 est,
977 545 1264 583 vernarum
1293 530 1602 582 l'amu'antia
1637 531 1802 584 millia
1844 532 2101 602 quinque,

702 623 994 691 l'articipes
1022 621 1222 674 faciens
1251 620 1506 674 Romanis
1535 623 1740 676 civibus
1767 639 1980 679 omnes.

700 715 809 767 Nec
842 715 974 782 petit
1028 715 1323 780 Augustqu
1358 721 1564 779 partam
1598 713 1694 766 sibi
1747 713 1975 768 reddere
2007 729 2280 782 sponsam,

697 804 1012 872 (lonjugium
1046 804 1260 869 penitus
1285 801 1545 856 famosum
1570 815 1759 873 sponte
1795 821 2055 860 recusans
2091 826 2100 857 :

698 896 913 962 Sprevit
941 909 1100 962 apum
1132 895 1324 962 nodos,
1354 896 1646 963 mundique
1676 900 1888 966 reliqu':t
1913 899 2170 964 habenas,

701 988 769 1044 Ut
799 1003 1002 1057 pauper
1029 988 1301 1042 Christum
1327 988 1480 1041 miles
1511 1001 1829 1058 sequeretur
1877 1001 2141 1059 egentem,

698 1080 816 1133 .Iam
846 1079 1002 1134 factis
1033 1082 1306 1147 complens
1337 1081 1632 1150 Scriptura:
1660 1084 1800 1138 dicta
1828 1086 2071 1140 docentis
2110 1108 2115 1137 :

704 1171 833 1224 Vota
859 1181 1047 1225 vovete
1073 1172 1183 1225 Deo
1210 1173 1492 1228 reddentes
1515 1173 1700 1229 debita
1729 1187 1902 1244 pacta.

699 1264 790 1318 Sic
821 1263 960 1318 Deus
988 1268 1326 1332 omnipotens
1350 1266 1605 1324 famulam
1632 1273 1861 1336 protexit
1896 1282 2183 1332 amentem,

702 1356 936 1412 Vocibus
965 1357 1196 1411 assiduis
1227 1360 1520 1425 pulsantem
1548 1377 1707 1428 regna
1728 1363 2008 1426 Tonantis,

705 1446 772 1502 Ut
810 1463 868 1502 se
897 1458 1137 1501 servaret
1167 1458 1316 1502 sator
1345 1450 1666 1520 integritatis
1690 1464 1920 1516 amator,

704 1540 892 1592 l.urii.la
924 1539 1249 1609 linquentem
1280 1542 1405 1593 suavi
1458 1543 1688 1595 colludia
1721 1543 1898 1597 luxus.

705 1633 889 1686 Plures
920 1648 1040 1685 nam
1072 1633 1290 1685 Christo
1315 1636 1579 1688 convertit
1608 1637 1861 1703 dogmate
1891 1645 2114 1700 turmas,

704 1723 963 1790 Evemplo
990 1723 1173 1787 simul,
1215 1733 1266 1777 et
1299 1725 1499 1778 celebri
1531 1742 1742 1779 rumore
1769 1743 2078 1781 coruscans.

702 1815 930 1869 liberius
958 1816 1196 1883 pandunt
1221 1817 1448 1885 gemina:
1475 1819 1612 1886 quod
1644 1820 1780 1872 forte
1813 1835 2052 1881 sorores,

704 1908 875 1960 Attica
897 1919 950 1960 et
979 1907 1238 1971 Artemia,
1269 1911 1514 1976 prtetoris
1544 1914 1801 1976 sanguine
1851 1925 2034 1981 cretm,

701 2002 870 2061 Quem
895 1998 1221 2053 Gallicanam
1256 2001 1559 2054 vocitabant
1589 2005 1784 2056 saecula
1827 2006 1995 2073 prisca
2033 2029 2044 2060 :

705 2090 960 2142 l'r.rl'atas
982 2088 1132 2156 cujus
1156 2090 1370 2145 soboles
1402 2094 1582 2160 regina
1626 2095 1899 2159 monebat,

714 2178 1020 2244 \‘irginenm
1065 2182 1229 2232 castis
1272 2191 1327 2233 ut
1357 2193 1572 2235 servent
1599 2186 1838 2251 gestibus
1859 2203 2052 2247 mvum,

713 2267 925 2320 Florida
959 2284 1077 2333 qum
1109 2271 1307 2337 pariter
1329 2286 1575 2326 meruere
1601 2283 1798 2342 tvopma
1833 2279 2074 2346 pudoris,

708 2359 839 2408 llum
870 2362 1124 2412 mundum
1155 2360 1420 2429 linquunt,
1456 2373 1722 2418 transacto
1753 2376 1991 2435 tempore
2023 2372 2164 2434 vitae,

711 2448 772 2500 Et
809 2450 984 2504 fauste
1014 2461 1300 2517 properant
1329 2454 1393 2504 ad
1417 2455 1535 2508 caeli
1569 2457 1745 2510 sidera
1773 2473 2008 2512 cursum.

778 2539 886 2592 Nec
909 2541 1082 2594 minus
1115 2542 1319 2596 interea
1347 2542 1530 2597 [toruae
1552 2545 1815 2600 tiruncula
1845 2546 2042 2602 Christi

710 2629 910 2681 Floruit
938 2629 1304 2697 Eustochium,
1338 2636 1661 2688 venerandae
1707 2637 1808 2688 lilia
1845 2638 2040 2702 Paula',

708 2722 877 2774 lul'ula
911 2738 1071 2791 quam
1105 2723 1288 2778 nitida:
1313 2725 1561 2780 comebat
1589 2737 1731 2780 casta
1760 2729 2018 2795 juventae,

709 2811 938 2878 Legibus
968 2813 1222 2881 angelicis
1245 2825 1550 2870 servantem
1577 2819 1698 2885 jura
1735 2820 1976 2888 pudoris.

708 2903 959 2966 Quamvis
982 2903 1270 2958 Blaisillam
1300 2907 1429 2960 secli
1462 2907 1669 2962 fortuna
1699 2925 1937 2965 sororem

717 2996 963 3049 Necti-ret
993 2997 1059 3049 ad
1092 2997 1311 3051 thalami
1342 2999 1610 3067 copulam,
1644 3001 1913 3072 taedasque
1940 3005 2164 3073 iugales,

714 3087 932 3140 \‘incnla
961 3097 1299 3156 comptoruni
1326 3105 1603 3158 passuram
1639 3092 1828 3146 blanda
1860 3103 2042 3148 tororu
2067 3117 2115 3146 u.

711 3181 958 3232 Attamen
990 3187 1234 3247 ereptum
1268 3182 1347 3234 sic
1378 3181 1510 3236 luxit
1542 3198 1736 3250 sponsa
1768 3185 2048 3251 pudorem,

707 3269 841 3322 Cum
868 3270 946 3324 vir
974 3273 1258 3327 mundana:
1285 3273 1564 3330 clausisset
1591 3274 1791 3329 lumina
1830 3285 2009 3340 metm,

714 3361 974 3429 Plangere
1005 3376 1104 3416 ceu
1130 3365 1269 3417 solet
1293 3365 1531 3419 oblatum
1562 3376 1807 3420 matrona
1836 3367 2111 3430 maritum,

711 3452 882 3506 Anxia
911 3453 1038 3508 dum
1065 3460 1308 3524 queritur
1329 3457 1562 3526 singultu
1593 3459 1776 3514 funera
1804 3461 2009 3528 sponsi.

711 3543 820 3597 llos
850 3544 1012 3613 igitur
1041 3546 1284 3612 tbrenos,
1316 3563 1450 3616 quos
1481 3549 1665 3602 mundi
1695 3549 1798 3602 fata
1827 3549 2115 3607 facessunt.

713 3633 951 3688 Lctbifer
976 3643 1030 3688 et
1054 3636 1271 3691 morbus
1292 3637 1493 3692 crudeli
1529 3639 1676 3694 calce
1708 3639 1940 3708 lacessit,

715 3724 1062 3780 Eustochium
1109 3727 1364 3796 lacrymis
1393 3729 1542 3796 virgo
1572 3745 1676 3782 non
1708 3731 1874 3783 sensit
1903 3731 2120 3793 amaris,

714 3813 902 3869 Mellea
931 3815 1182 3870 mundani
1207 3828 1450 3872 temnens
1477 3820 1718 3888 contagia
1757 3821 1935 3874 luxus.

714 3905 928 3971 Aspidis
961 3915 1014 3958 ut
1039 3921 1271 3961 morsum
1294 3907 1582 3976 spernebat
1614 3910 1756 3963 basia
1791 3911 1992 3976 buccis,

718 3997 898 4050 Dulcia
927 3997 1020 4050 St‘tl
1051 3998 1248 4052 Christi
1282 4000 1607 4068 compressit
1637 3999 1784 4054 labra
1818 4001 2047 4064 labellis,

714 4087 906 4141 tlscula
937 4088 1064 4142 dum
1089 4104 1284 4158 supero
1309 4089 1498 4146 defixit
1523 4091 1744 4161 limpida
1767 4107 1988 4161 Sponsa,

720 4178 786 4232 Ut
815 4179 1012 4232 cecinit
1041 4179 1307 4246 quondam
1341 4179 1549 4236 famoso
1574 4183 1816 4238 carmine
1849 4182 2116 4252 princeps.

716 4271 815 4335 Qui
845 4279 1112 4337 sceptrum
1143 4271 1288 4340 regni
1311 4271 1544 4342 Solymis
1573 4273 1743 4326 erexit
1773 4273 1823 4327 in
1847 4275 2010 4337 arvis,

721 4363 1010 4415 Personam
1034 4361 1227 4416 Cbrisli
1269 4363 1502 4429 sponsali
1538 4361 1781 4418 dramate
1810 4379 2047 4421 sumens.

718 4451 828 4513 Sic,
863 4452 1099 4518 inquam,
1124 4452 1227 4506 voti
1255 4453 1384 4505 vixit
1425 4453 1738 4522 virguncula
1770 4468 2013 4523 compos,

722 4539 788 4593 lit
807 4543 994 4596 nierito
1023 4541 1159 4597 fama
1184 4543 1445 4613 reliquum
1477 4544 1781 4600 celebretur
1803 4545 1856 4600 in
1884 4561 2080 4602 aevum.

725 4630 820 4684 Cui
848 4644 1002 4685 sacer
1024 4633 1287 4701 interpres
1318 4634 1637 4702 conscripsit
1661 4635 1915 4703 opuscula
1947 4635 2121 4705 plura,

719 4722 821 4787 Qui
853 4722 997 4775 rudis
1027 4731 1080 4774 et
1112 4724 1303 4776 veteris
1331 4723 1554 4792 digessit
1590 4724 1783 4778 famiua
1810 4726 1961 4795 legis,

727 4813 933 4868 llebrea
966 4815 1259 4870 Romulidis
1282 4826 1500 4872 vertens
1528 4818 1740 4872 oracula
1783 4818 1997 4885 linguis,

723 4906 829 4960 Nec
861 4921 965 4960 non
999 4908 1272 4977 Argolicas
1322 4908 1452 4962 Italo
1481 4924 1732 4964 sermone
1761 4910 2021 4978 loquelas,

725 5004 866 5058 Idem
895 5004 1182 5057 translator
1210 5004 1363 5058 biblis
1393 5004 1676 5072 opulentus
1707 5006 1890 5072 epacis

728 5091 1019 5146 Traustu'it
1069 5093 1120 5146 in
1155 5093 1361 5148 Latiqu
1401 5094 1678 5161 peregrina
1726 5093 1993 5146 volumina
2042 5094 2304 5162 pandens,

732 5182 1143 5251 Thesaurosque
1165 5184 1320 5236 simul
1347 5183 1604 5237 librorum
1630 5182 1764 5236 forte
1800 5183 2052 5252 Pelasgos

732 5273 910 5327 Edidit
940 5273 989 5325 iu
1017 5273 1212 5338 lucem,
1238 5289 1370 5342 quos
1403 5276 1586 5343 pagina
1641 5283 1843 5327 texerat
1875 5275 2082 5338 umbra,

727 5365 977 5418 Clavibus
1007 5365 1240 5420 Ausonia
1272 5365 1418 5419 verbi
1447 5366 1724 5419 clanstella
1760 5365 2056 5418 resolvens.

732 5457 955 5509 Temum
987 5465 1241 5524 prmlerea
1289 5467 1559 5524 comptum
1603 5472 1850 5510 sermone
1874 5457 2038 5526 polito

734 5546 808 5598 Ad
839 5545 1089 5598 famulam
1119 5545 1312 5600 Christi
1341 5549 1554 5614 scripsit
1586 5548 1885 5601 didascalus
1917 5547 2078 5611 idem,

734 5635 788 5688 In
810 5651 914 5703 quo
945 5636 1231 5706 pinguntur
1259 5650 1416 5691 easne
1445 5642 1704 5706 pra'conia
1732 5642 1877 5702 vitai,

734 5726 987 5788 Qualibus
1018 5728 1292 5796 integritas
1326 5741 1542 5783 ornetur
1571 5732 1794 5786 candida
1829 5733 2000 5794 sertis.

739 5819 1002 5873 hnmuues
1029 5829 1171 5874 artus
1202 5836 1416 5875 servans
1440 5822 1552 5877 siue
1580 5824 1734 5880 sorde
1759 5827 1986 5893 pctufea.

1523 419 1578 470 S.
1625 415 1980 472 Αιυιιειῖσιι
2022 417 2292 474 OPERUM

2362 419 2524 473 PARS
2567 419 2654 474 Ill.
2699 451 2768 461 —
2812 423 3158 480 POEMATA.
3878 431 3973 483 9.76

2311 537 2352 590 Α
2389 532 2477 586 Sic
2499 533 2712 588 soboles
2743 534 2917 589 Paula:
2947 534 3092 604 degit
3125 538 3410 592 lectissima
3439 543 3604 612 virgo,

2389 625 2563 679 Donec
2589 639 2890 694 supremam
2919 627 3236 684 clausissent
3269 632 3459 686 smeala
3507 644 3728 690 metam.

2389 719 2564 769 Aurea
2599 724 2708 769 tum
2743 732 2970 784 propere
3000 728 3489 791 penetraratregna
3524 723 3764 790 polorum

2387 805 2632 872 Spiritus,
2663 805 2729 859 ad
2753 820 2974 872 superas
3004 806 3178 860 anima
3209 823 3478 865 remeante
3502 823 3767 867 r-aterVas.

2460 898 2555 950 Hic
2572 913 2783 966 quoque
2812 907 3102 951 metrorum
3128 903 3432 955 crebrescet
3471 902 3624 956 laude
3674 920 3767 971 per
3799 907 3976 958 when;

2393 988 2744 1040 Demetriadis
2775 987 2943 1041 heuor
2969 1003 3189 1043 sacrata:
3219 992 3439 1056 virginis
3467 995 3656 1046 almus.

2390 1079 2556 1144 Quam
2589 1079 2713 1131 licet
2743 1078 2970 1148 Europa:
2998 1081 3184 1134 faustis
3212 1083 3477 1136 natalibus
3503 1090 3672 1136 ortam

2395 1169 2629 1222 Plurima
2658 1183 2779 1222 cum
2806 1171 2993 1224 densis
3025 1173 3360 1227 celebrarent
3385 1173 3593 1242 agmina
3625 1176 3839 1235 turmis,

2397 1263 2591 1316 l’uniea
2635 1270 2847 1330 sceptra
2893 1273 3070 1317 tamen
3118 1266 3383 1332 praeconia
3434 1275 3616 1320 sancta
3646 1277 3983 1333 ειιινεεωιοι.

2401 1355 2628 1424 Virginis
2657 1356 2923 1426 egregiam
2955 1357 3114 1426 vulgo
3152 1357 3410 1412 mirantia
3444 1356 3660 1412 famam.

2397 1447 2544 1500 Sicut
2571 1449 2712 1499 enim
2744 1447 2970 1516 lychnus
2999 1448 3164 1502 modii
3195 1464 3300 1504 non
3330 1450 3592 1505 clauditur
3615 1452 3842 1510 muhris,

2399 1541 2616 1591 Summa
2649 1537 2743 1592 sed
2777 1540 2952 1606 potius
2977 1539 3278 1608 l'ulgescens
3299 1557 3422 1595 arce
3451 1542 3676 1605 locatur,

2399 1631 2656 1684 Omnibus
2683 1638 2739 1683 ut
2771 1630 2938 1682 radiet
2962 1630 3104 1684 clara
3128 1646 3248 1685 eum
3282 1632 3399 1686 luce
3420 1647 3709 1688 coruscans
3739 1685 3744 1691 ,

2399 1725 2486 1775 Sic
2513 1731 2720 1775 sacrata
2753 1721 2886 1785 Deo,
2911 1732 3060 1775 casm
3090 1724 3399 1792 virguncula
3439 1740 3589 1780 sexu.

2406 1812 2627 1866 Vixerat
2652 1812 2704 1865 in
2739 1812 2896 1865 terris
2945 1813 3150 1866 cmlesti
3187 1815 3316 1866 freta
3350 1824 3590 1881 patrono.

2332 1886 2370 1942 Β
2407 1903 2600 1971 Inclyta
2634 1902 2746 1954 han:
2773 1901 2949 1955 fuerat
2977 1918 3233 1970 generosa
3265 1905 3430 1973 stirpe
3473 1917 3771 1972 parentum.

2393 1995 2668 2048 Nobilibus
2700 1994 2865 2047 titulis
2895 1994 3019 2047 vita:
3044 1996 3308 2049 cunabula
3356 2011 3592 2051 sumens.

2392 2086 2496 2141 Sed
2531 2097 2702 2139 tamen
2729 2094 2851 2140 ante
2885 2083 3050 2140 Deum
3084 2088 3252 2140 multo
3275 2089 3586 2155 generosior
3626 2100 3831 2148 exstat,

2400 2179 2661 2230 Virtutum
2689 2175 2894 2230 meritis
2917 2177 3169 2239 rutilans,
3199 2185 3255 2229 ut
3287 2192 3495 2244 gemma
3526 2192 3767 2241 corona-,

2395 2267 2619 2322 Pulchra
2646 2269 2836 2333 comis,
2865 2269 3128 2336 cirrisque
3150 2268 3372 2331 decens,
3405 2280 3458 2324 et
3488 2271 3712 2325 candida
3747 2273 3921 2335 vulm,

2398 2359 2594 2413 Fronte
2623 2370 2844 2413 venusta
2873 2359 3002 2412 nitet
3029 2358 3244 2427 frugalis
3275 2361 3427 2428 virgo
3455 2361 3733 2423 Tonantis,

2397 2449 2544 2502 llanc
2566 2449 2816 2516 opulenta
2851 2449 2950 2502 sibi
2984 2449 3234 2502 certatim
3268 2460 3441 2503 turma
3469 2465 3776 2519 procorum,

2399 2539 2707 2592 Formosam
2740 2538 2943 2607 specie,
2979 2538 3228 2592 thalamis
3259 2542 3523 2596 asciscere
3550 2543 3728 2610 chIit.

2399 2629 2629 2684 Plurima
2651 2629 2776 2682 dum
2801 2627 2925 2682 felix
2957 2627 3084 2682 ditis
3129 2630 3449 2697 patrimonia
3482 2647 3634 2700 gaza:

2401 2721 2664 2784 Possidet,
2693 2722 2950 2789 obryzum
2977 2735 3038 2774 ac
3077 2735 3287 2790 gemma
3321 2723 3550 2792 fulgente
3578 2724 3888 2784 metallum,

2402 2817 2476 2867 Ac
2500 2823 2831 2881 segmentata
2853 2811 3088 2880 fulgebat
3110 2822 3258 2865 veste
3293 2814 3496 2879 virago.

2403 2905 2602 2958 lnnuba
2633 2905 2726 2958 sed
2754 2903 2920 2958 voluit
2949 2904 3157 2957 dotales
3195 2905 3433 2973 linquere
3463 2921 3702 2974 pompas,

2403 2997 2472 3049 Et
2500 2996 2681 3064 superi
2728 2995 2907 3064 pomis
2937 2994 3120 3062 sponsi
3157 2995 3455 3050 lentescere
3487 2996 3665 3059 labris,

2403 3088 2594 3140 Suavia
2623 3089 2950 3154 compressis
2992 3086 3310 3154 impendens
3332 3087 3508 3141 oscula
3537 3089 3737 3141 buccis.

2409 3177 2538 3230 Nam
2567 3193 2734 3245 nuper
2766 3177 2868 3245 legi
2908 3177 3136 3231 facundo
3159 3190 3452 3246 grammate
3485 3179 3706 3240 biblum.

2413 3271 2642 3339 Virginis
2671 3269 2922 3324 eximiam
2952 3271 3042 3338 qui
3071 3271 3539 3326 scribitcommate
3567 3271 3754 3336 vitam,

2405 3360 2472 3415 Ut
2490 3361 2735 3430 precibus
2761 3360 2990 3430 genitrix
3021 3359 3263 3415 subnixis
3290 3372 3472 3415 sancta
3498 3365 3764 3430 poposcit,

2399 3448 2532 3503 Cum
2559 3449 2640 3517 pia
2670 3457 2814 3502 trans
2838 3459 3061 3517 pontum
3085 3449 3320 3517 pulsaret
3342 3458 3485 3504 certa
3515 3453 3854 3519 magistrum,

2399 3541 2673 3594 Scriberet
2695 3550 2752 3593 ut
2771 3541 2974 3594 sobolis
2998 3539 3297 3594 doctrinam
3327 3541 3432 3594 rite
3473 3555 3782 3610 supernam,

2401 3631 2639 3697 Qualiter
2663 3633 2714 3684 in
2737 3630 2914 3684 cordis
2954 3630 3266 3685 thesaurum
3297 3630 3496 3686 condat
3521 3647 3707 3686 acerra

2406 3721 2736 3790 V’irgineum,
2765 3735 2993 3774 servans
3015 3721 3183 3789 stupri
3215 3723 3330 3775 sine
3359 3731 3504 3776 sorte
3533 3723 3818 3788 pudorem.

2471 3813 2735 3880 Tempore
2757 3826 2864 3880 quo
2887 3812 3089 3880 rigidos
3115 3812 3244 3866 suavi
3278 3821 3541 3867 tormenta
3573 3818 3789 3884 tyranni

2401 3902 2643 3956 Athletas
2671 3900 2873 3956 Christi
2903 3901 3164 3972 cogebant
3193 3901 3332 3956 ferre
3355 3912 3600 3965 cruenta,

2402 3996 2534 4050 Tres
2565 3996 2724 4050 simul
2747 3995 2984 4050 illustres
3006 4006 3355 4064 sumpserunt
3396 4008 3541 4052 sorte
3572 4012 3814 4054 sorores.

2404 4087 2694 4156 Splendida
2726 4087 3012 4155 purpureis
3045 4088 3340 4156 plectentes
3363 4099 3504 4143 serta
3531 4091 3777 4152 coronis,

2406 4179 2536 4232 Dum
2560 4180 2719 4234 simul
2745 4180 3027 4250 integritas
3054 4181 3290 4235 candens
3312 4191 3367 4236 et
3395 4181 3572 4250 passio
3595 4184 3780 4242 rubra.

2402 4267 2707 4336 Virginibus
2736 4269 2933 4324 Christi
2966 4271 3310 4324 eumulabaut
3334 4273 3552 4339 prwmia
3581 4272 3764 4341 dupla,

2402 4360 2634 4425 Quarum
2670 4375 2764 4428 per
2795 4376 3007 4430 prosam
3036 4361 3296 4430 descripsi
3339 4365 3553 4417 nomina
3585 4364 3808 4418 dudum.

2406 4452 2599 4520 lmpius
2623 4453 2892 4522 Augustus
2920 4452 3010 4520 qui
3056 4453 3240 4508 Roma:
3268 4463 3476 4521 sceptra
3506 4455 3744 4524 regebat,

2328 4570 2378 4629 υ
2407 4543 2511 4599 llas
2533 4543 2731 4599 Christi
2761 4543 2988 4600 famulas
3014 4545 3194 4614 nuptis
3232 4545 3496 4601 asciscere
3539 4544 3716 4618 [Par.,
3752 4565 3990 4619 supremi

3469 4637 3674 4710 fallere]
3707 4640 3931 4712 [ges-tit.

2408 4726 2642 4782 Plurima
2674 4727 2900 4781 sacratis
2931 4729 3246 4794 promittens
3269 4729 3405 4783 dona
3449 4729 3664 4798 puellis,

2408 4816 2461 4870 Si
2507 4817 2725 4870 mallent
2750 4831 2941 4871 omnes
2963 4829 3244 4873 consortes
3271 4833 3392 4873 esse
3421 4834 3704 4887 procorum

2408 4905 2672 4960 Nobilium
2697 4905 2918 4974 pulchra
2945 4904 3231 4975 fungentes
3285 4907 3412 4962 dote
3451 4908 3706 4962 virorum.

2409 4997 2465 5053 Si
2497 5013 2625 5052 vero
2651 4998 2854 5053 nollent
2875 4998 3036 5052 ritum
3060 4998 3601 5067 complerejugalem,

2410 5092 2526 5146 Mox
2555 5099 2820 5146 tormenta
2851 5090 2998 5156 jubet
3024 5099 3238 5144 sanctas
3284 5089 3522 5159 perferre
3553 5088 3778 5159 puellas,

2413 5181 2606 5236 Lurida
2639 5195 2887 5250 passuras
2912 5180 3110 5234 strictis
3136 5181 3400 5250 ergastula
3443 5181 3708 5245 claustris,

2411 5273 2466 5327 lu
2495 5271 2686 5341 quibus
2712 5271 2916 5339 exigua
2946 5280 3202 5338 caperent
3233 5271 3516 5324 nutrimina
3542 5281 3757 5325 ετιιεωε.

2409 5365 2514 5420 Sed
2545 5373 2725 5419 tamen
2756 5364 2994 5418 insontes
3021 5363 3142 5418 felix
3174 5365 3451 5417 Annstasia
3485 5379 3702 5429 vernas,

2413 5461 2636 5514 Pascere
2666 5473 2771 5512 non
2801 5466 2975 5510 cessat
3007 5459 3248 5525 pnebeus
3274 5459 3523 5511 alimenta
3560 5456 3816 5521 misellis,

2411 5551 2645 5617 Qumque
2671 5548 2862 5616 stipem
2887 5558 3142 5616 quazstus,
3167 5549 3321 5601 siuiul
3351 5559 3402 5602 et
3433 5549 3754 5613 patrimonia
3787 5565 3955 5619 gaar,

2417 5643 2734 5712 Martyrihus
2763 5644 2992 5706 confert,
3028 5643 3215 5696 mortis
3247 5643 3560 5696 discrimina
3591 5642 3764 5709 passis
3798 5659 3809 5691 τ

2413 5735 2554 5788 Illius
2587 5735 2782 5789 idcirco
2815 5735 3091 5803 divulgaut
3113 5735 3302 5787 sa'ttula
3341 5736 3554 5799 fatuam,

2417 5824 2475 5878 Et
2507 5840 2684 5878 rumor
2714 5824 2883 5877 laudis
2913 5840 3102 5893 perpcs
3129 5823 3416 5879 crebrescit
3457 5823 3507 5877 in
3541 5837 3734 5886 acvunt,
