4172 6610
245 553 340 582 δ”

247 672 367 726 Qut:
392 670 697 726 contempta
729 660 808 712 sui
840 661 1042 730 sprevit
1071 659 1391 730 patrimonia
1423 661 1623 727 sponsi,

245 754 304 804 Et
338 754 580 820 sequitur
612 752 920 820 Dominum,
969 755 1208 822 neglecta
1241 764 1386 806 sorte
1419 753 1609 806 mariti.

243 843 466 897 l’crlulit
489 843 686 898 ideirco
713 858 901 914 ptBnas
923 855 1164 898 matrona
1199 855 1472 907 cruentas,

243 939 383 997 Quas
408 951 545 989 nunc
578 936 627 988 in
646 937 848 992 chartis
880 939 1144 992 biblorum
1177 938 1366 1005 digerit
1392 939 1544 999 ordo,

242 1025 304 1075 iit
336 1027 529 1092 legitur
553 1027 678 1082 felix
711 1027 997 1093 descriptis
1030 1029 1206 1094 passio
1236 1027 1471 1091 seltedis,

244 1126 434 1174 Annua
467 1119 592 1173 dum
628 1118 854 1174 redeunt
877 1119 1214 1173 celebrandis
1250 1129 1488 1186 tempora
1522 1120 1687 1170 festis.

244 1210 485 1281 Denique
513 1212 793 1279 prmdiCtas
825 1228 1075 1280 germana
1101 1222 1277 1266 mente
1308 1227 1542 1268 Sorores.

245 1303 354 1357 liiri
382 1312 610 1358 tortores
635 1305 834 1356 ducunt
863 1319 892 1356 e
923 1317 1140 1357 carcere
1163 1318 1332 1367 etcco,

240 1398 388 1462 Quas
415 1397 574 1449 simul
600 1398 872 1466 aspiciens
902 1396 1152 1451 formosis
1178 1397 1433 1459 vultibus,
1469 1409 1617 1449 atrox

243 1489 450 1543 l‘raeses
485 1488 743 1542 Dulcitius
774 1503 971 1556 spurco
998 1488 1348 1542 sueccnditur
1373 1490 1510 1553 igne,

240 1580 489 1633 Luxuriae
511 1581 741 1633 stimulis
771 1595 917 1634 careo
950 1590 1232 1649 eorreptus
1273 1595 1476 1632 amore.

243 1671 473 1726 Plurima
505 1681 627 1726 tunc
655 1673 828 1740 pellax
863 1671 1162 1741 Spondehat
1187 1670 1325 1724 dona
1351 1673 1560 1740 puellis.

238 1763 295 1814 si
331 1763 555 1817 mallent
580 1764 759 1815 animo
789 1775 990 1814 mutum
1025 1764 1294 1829 complere
1343 1765 1652 1815 ncfatnluni.

237 1852 345 1906 Sed
377 1851 604 1906 famulas
630 1853 825 1905 Christi
856 1855 1102 1929 protexit
1131 1868 1311 1919 parma
1344 1855 1580 1920 pudoris,

240 1939 456 2011 spicula
492 1947 714 2000 luxuria:
745 1956 1060 2013 spernentes
1083 1947 1243 2000 corde
1276 1948 1512 2014 profana.

239 2041 346 2092 Sed
380 2049 640 2092 nocturna
667 2043 814 2108 quies
841 2056 960 2094 cum
991 2042 1158 2094 fessos
1187 2053 1410 2108 occupat
1440 2054 1604 2103 artus,

241 2130 421 2182 Dulcia
456 2130 582 2182 dunt
615 2132 824 2184 fat'tttla:
850 2133 1170 2185 cecinissent
1203 2134 1441 2188 carmina
1473 2136 1713 2194 Christo,

235 2219 368 2272 Odis
395 2219 730 2274 l‘saltnornm
767 2223 1035 2288 pulsantes
1065 2225 1200 2276 ostia
1231 2225 1374 2287 eteli,

236 2309 417 2363 Anilet
446 2319 596 2363 atrox
631 2325 894 2372 sanctam,
919 2327 1114 2379 Spuri-0
1141 2315 1445 2367 ﬂammatus
1477 2332 1684 2375 amore,

233 2401 512 2454 Audacter
543 2404 731 2454 cellam
763 2404 970 2456 stolidis
1005 2406 1308 2473 irrumpere
1336 2407 1554 2475 plantis.

233 2491 343 2543 Sed
364 2535 377 2558 ,
410 2502 697 2558 lit-testante
725 2494 857 2556 Deo,
885 2506 1112 2547 crecatur
1139 2498 1299 2550 corde
1323 2500 1609 2566 malignus,

235 2582 393 2633 Basia
427 2582 637 2635 cacahis
669 2583 793 2636 dum
825 2586 1021 2637 stultus
1049 2586 1265 2640 tradidit
1313 2590 1444 2641 atris
1475 2606 1485 2640 :

234 2672 329 2725 Sic
361 2673 480 2726 ollis
511 2675 761 2742 niger,'et
803 2675 956 2730 furva
987 2680 1256 2748 sartagine
1289 2691 1446 2744 teter,

232 2765 341 2817 l‘er
376 2774 544 2818 totam
579 2778 789 2822 noctem
824 2784 1023 2837 prmscs
1054 2772 1324 2827 delttditur
1367 2790 1575 2845 aniens,

237 2855 561 2910 llel'ensante
591 2860 722 2922 Deo,
756 2876 1044 2927 sacrasque
1078 2871 1259 2918 tuente
1290 2866 1511 2932 puellas.

237 2945 531 3015 Egreditur
566 2951 778 3004 laudent
809 2951 989 3005 infelix
1020 2955 1290 3022 gurgustia
1325 2955 1589 3025 linquens,

235 3045 411 3104 Quem
443 3044 708 3096 scelerum
737 3044 867 3097 socii
899 3057 1169 3114 nequeunt
1197 3063 1525 3117 cognoscere
1561 3054 1752 3113 fronte,

235 3131 348 3182 Sed
381 3133 565 3198 procul
587 3134 882 3189 abscedunt
905 3147 1053 3190 vasto
1079 3139 1376 3205 crepitante
1399 3144 1651 3203 tumultu,

236 3227 570 3291 Lintuentes
602 3225 824 3291 larvam,
857 3227 1064 3281 furvum
1098 3229 1411 3296 phantasma
1443 3236 1714 3300 putabant.

233 3319 372 3370 Nam
409 3316 649 3384 proprias
680 3317 820 3370 acie;
855 3316 1029 3370 fautor
1056 3321 1292 3374 CdlCilbﬂl
1319 3322 1555 3390 iniquus,

237 3410 310 3462 lit
329 3408 476 3461 solus
507 3407 752 3461 nebulam
775 3410 1010 3478 Stmpha:
1035 3425 1139 3463 non
1172 3422 1354 3466 nosset
1380 3413 1608 3478 adulter,

232 3499 478 3552 tlerncre
507 3513 663 3567 quam
696 3499 885 3567 reliqui
917 3501 1131 3568 quirent
1158 3503 1275 3557 sine
1309 3504 1496 3559 fraude
1529 3510 1778 3577 maligna.

233 3595 378 3646 'l'um
413 3593 544 3659 petit
573 3593 794 3660 Augusti
826 3592 1051 3648 demens
1080 3595 1329 3666 suﬂ'ragia
1363 3609 1591 3665 qumsnt,

240 3686 494 3740 Vindicet
525 3694 578 3738 ut
609 3685 787 3753 ﬂagris
809 3701 1093 3740 vernartnn
1124 3688 1346 3742 crimina
1377 3702 1616 3746 sontum.

229 3779 363 3843 Quo
393 3778 509 3831 viso
543 3791 818 3845 proceres,
850 3777 1017 3832 densa
1045 3779 1278 3847 stipante
1307 3796 1526 3847 corona,

225 3874 376 3924 Cum
402 3869 646 3937 colaphis
671 3869 904 3932 caedunt,
935 3880 987 3923 et
1017 3870 1161 3924 lento
1193 3872 1393 3927 vimine
1416 3873 1585 3942 ﬂagri,

228 3962 308 4017 Ut
343 3960 524 4028 procul
556 3959 814 4028 eﬂugeret
845 3959 1010 4014 facies
1042 3960 1247 4015 larVata
1282 3964 1520 4018 nefandi.

225 4056 468 4107 Ducitur
489 4051 554 4105 ad
589 4053 853 4119 propriam
881 4051 1094 4106 famulis
1121 4055 1500 4111 comitantibus
1524 4058 1721 4115 aulam,

225 4148 474 4212 Moxque
502 4146 760 4201 clientela:
785 4158 1035 4202 resonant
1057 4150 1376 4218 singultibus
1407 4155 1550 4208 aedes
1569 4194 1584 4218 ,

223 4236 375 4288 ltum
406 4244 638 4289 cernunt
663 4236 936 4290 dominum
963 4238 1108 4304 picea
1135 4237 1351 4308 fuligine
1383 4243 1603 4307 pictum.

221 4329 497 4380 Autumat
523 4327 786 4381 incassum
817 4326 984 4381 [retas
1011 4327 1205 4383 virtute
1236 4345 1509 4394 magorum

221 4419 352 4471 lloc
385 4417 486 4471 sibi
515 4417 714 4472 clasma
740 4427 934 4472 tetrum
961 4432 1144 4472 sacras
1169 4429 1408 4488 gestasse
1436 4424 1661 4490 puellas,

220 4510 446 4565 Idcirco
479 4509 647 4578 peplis
665 4508 826 4577 jussit
849 4508 1094 4564 fraudare
1118 4511 1318 4575 beatas,

217 4605 499 4658 Pasceret
520 4602 782 4656 obscenos
806 4609 863 4656 ut
888 4600 1030 4655 nudo
1059 4617 1286 4669 corpore
1307 4604 1471 4670 visus,

212 4694 388 4757 Quos
422 4689 567 4759 prius
598 4691 650 4745 iit
681 4689 903 4745 latebris
927 4689 1130 4746 fraudis
1159 4692 1479 4761 phantasma
1513 4695 1717 4750 fefellit.

212 4785 324 4839 Sic
362 4781 505 4837 Deus
527 4795 591 4837 ex
621 4782 749 4846 alto,
783 4782 872 4852 qui
899 4784 1250 4852 sanctosjure
1275 4785 1590 4854 triumphat,

209 4874 374 4929 Cum
410 4867 533 4925 forti
567 4872 790 4926 famulas
816 4872 1002 4926 dextra
1032 4872 1271 4930 defendit
1296 4874 1550 4943 inermes,

213 4965 297 5021 ιιι
337 4962 522 5016 nullus
545 4961 802 5017 membris
831 4971 1018 5032 posset
1044 4961 1260 5019 auferre
1286 4966 1555 5035 cyclades.

216 5055 404 5111 Venit
425 5054 490 5107 ad
515 5064 819 5109 extremum
854 5054 1100 5124 princeps
1124 5055 1391 5113 Sisinnius
1414 5070 1590 5123 atrox,

214 5147 298 5203 Ut
327 5143 565 5199 famulas
589 5144 816 5209 Christi,
847 5146 890 5199 si
924 5147 1126 5203 nollent
1158 5148 1310 5203 thura
1344 5150 1524 5218 litare,

210 5237 348 5291 Nec
382 5234 728 5289 delubrorum
760 5237 894 5290 ritus
918 5236 1116 5293 offerre
1147 5240 1421 5308 profanos,

211 5333 492 5385 lnsontes
520 5328 718 5393 pariter
743 5327 944 5383 crudeli
972 5339 1144 5385 morte
1167 5343 1403 5388 necaret.

215 5419 344 5477 Sed
387 5417 566 5471 nullus
593 5417 759 5472 valuit
789 5428 1006 5474 sanctas
1033 5431 1240 5476 terrore
1262 5423 1548 5486 minarum,

209 5509 501 5580 Quamvis
522 5510 758 5562 centenis
787 5510 950 5578 plagis
973 5510 1304 5568 incumberet
1327 5525 1475 5569 atrox
1491 5558 1505 5582 ,

212 5608 260 5661 Α
291 5601 510 5658 Christi
539 5601 685 5655 cultu
711 5612 919 5657 mentes
948 5603 1252 5662 discludere
1280 5609 1441 5664 rixas.

211 5698 376 5754 Tum
402 5694 645 5764 geminas
673 5695 889 5748 mandat
913 5696 1122 5751 flamma
1147 5700 1442 5767 crepitante
1471 5718 1691 5756 cremari
1729 5748 1738 5758 .

208 5792 364 5858 Qua:
399 5787 476 5841 sic
505 5794 722 5840 orantes
747 5788 918 5853 potius
946 5803 1101 5858 quam
1129 5791 1318 5844 danma
1348 5793 1605 5850 ferentes.

211 5878 515 5945 Attgelicis
542 5875 682 5931 ulnis
710 5877 772 5930 ad
795 5879 914 5934 (ξαειὶ
939 5880 1113 5934 snlera
1146 5881 1426 5934 scandunt.

210 5974 422 6032 Tertia
448 5971 546 6027 scd
581 5970 818 6040 sequitur
845 5989 1070 6027 cuneum
1104 5973 1280 6029 visura
1310 5990 1620 6044 supernum,

1504 550 1588 602 DE
1634 546 1970 603 LAUDIBL’S
2014 548 2361 605 VIRCINUM.

1860 662 1909 718 Λ
1941 658 2174 716 Tramite
2204 661 2448 715 dissimili
2473 663 2693 716 tendens
2723 665 2786 718 ad
2813 667 3029 734 prsentia
3059 669 3176 724 vita:
3204 693 3211 722 ;

3429 560 3531 614 278

1937 751 2148 817 Spicula
2179 753 2301 806 dum
2336 752 2532 822 patitur
2565 753 2735 823 longis
2760 769 3004 827 exempta
3039 761 3323 831 pharetris,

1945 839 2258 894 Vulneribus
2287 842 2492 898 crebris
2523 845 2848 900 occumbens
2881 851 3060 902 saucia
3083 853 3254 920 virgo,

1943 932 2356 1002 Purpureusque
2383 949 2544 990 cruor
2574 947 2757 994 tenera
2789 939 2855 993 de
2885 958 3049 997 carne
3076 947 3333 999 cucurrit.

2012 1026 2278 1080 Praeterea
2297 1028 2538 1095 geminas
2570 1030 2806 1100 divnlgat
2830 1035 2963 1087 fama
2988 1051 3224 1099 sorores,

1941 1116 2123 1168 ltouue
2155 1119 2371 1173 sortitas
2404 1121 2590 1189 primae
2617 1127 2878 1179 cunabula
2915 1127 3053 1182 vitze.

1938 1205 2158 1260 Nomine
2189 1224 2379 1277 nempe
2411 1211 2555 1280 prior
2582 1213 2700 1265 felix
2737 1215 2921 1268 ltut‘ma
2951 1226 3192 1278 vocatur,

1939 1299 2116 1350 Altera
2145 1302 2407 1365 posterior
2437 1305 2658 1371 ﬂorens,
2693 1317 2850 1359 nitate
2877 1311 3131 1364 secunda.

1941 1390 2030 1444 llis
2064 1403 2213 1458 pater
2237 1394 2510 1446 Attsterius
2543 1413 2638 1449 nec
2667 1413 2771 1450 non
2803 1400 3013 1452 Aurelia
3045 1413 3234 1464 mater,

1941 1483 2202 1535 Nolitliutn
2239 1486 2454 1549 pulchra
2489 1492 2769 1542 Consulttnt
2799 1491 2922 1547 ilotc
2956 1506 3260 1560 procorum.

1939 1573 2041 1625 Sed
2076 1583 2247 1626 tamen
2280 1577 2510 1628 illustres
2541 1581 2808 1645 sponsalia
2834 1581 2953 1648 jura
2983 1595 3254 1645 recnsant,

1939 1666 2069 1715 (inn:
2094 1674 2250 1730 taque
2283 1665 2514 1720 fallentis
2541 1670 2729 1722 tttttttdi
2762 1673 3080 1738 patrimonia
3104 1683 3384 1742 spernunt,

1944 1756 2008 1808 Ut
2040 1759 2216 1822 sponsi
2254 1758 2498 1812 thalamis
2530 1763 2652 1814 coeli
2683 1763 2771 1830 qui
2805 1775 2988 1831 regnat
3014 1765 3064 1818 in
3096 1779 3243 1830 arce,

1937 1845 2234 1914 Jnngantur
2257 1846 2475 1916 iugiter,
2503 1866 2606 1916 quo
2634 1852 2785 1904 ﬂoret
2814 1855 3030 1922 pulchra
3056 1857 3327 1924 juventus,

1942 1938 2004 1990 Et
2033 1954 2298 2004 nunquam
2324 1942 2625 2009 a;greditttr
2654 1946 2798 2012 rugis
2821 1945 3023 1999 sulcata
3054 1963 3321 2006 senectus.

1872 2011 1910 2064 n
1950 2030 2143 2084 llarum
2170 2034 2325 2099 igitur
2354 2037 2556 2101 Sponsi,
2587 2040 2827 2103 neglecto
2854 2043 3064 2096 tramite
3093 2045 3310 2110 Christi,

1945 2122 2200 2174 Errorutn
2231 2125 2500 2177 anfractus
2529 2129 2806 2181 salebroso
2837 2132 2970 2184 calle
2991 2147 3309 2200 sequuntur.

1941 2213 2192 2275 Quamvis
2222 2224 2342 2267 ante
2375 2217 2530 2268 fidem
2565 2230 2834 2283 gestarent
2865 2231 3078 2288 pectore
3103 2240 3308 2291 puram.

1943 2302 2144 2355 Idcirco
2170 2318 2378 2368 sponsae
2410 2315 2709 2360 tcmnentcs
2744 2310 2860 2375 iura
2896 2325 3202 2378 procorum,

1945 2394 2100 2448 Urbis
2129 2395 2385 2450 Romamn
2409 2399 2650 2465 linquunt
2677 2401 2884 2471 fastigia
2912 2405 3074 2469 celsa,

1943 2485 2008 2538 Ut
2034 2494 2402 2552 tempestatem
2435 2489 2716 2556 tranquilla
2744 2503 2922 2545 mente
2955 2497 3251 2557 nescirent,

1942 2578 2112 2639 Quam
2145 2589 2237 2628 rea
2263 2588 2577 2642 Spousorunt
2611 2581 2939 2636 concinnant
2968 2583 3160 2638 fatnina
3193 2598 3425 2642 sontum.

1943 2666 2179 2732 Namque
2202 2675 2384 2733 petunt
2418 2667 2615 2734 pariter
2648 2669 2912 2725 basternis
2936 2676 3134 2741 prmdia
3165 2689 3312 2746 nota,

1941 2759 2069 2822 Qua:
2094 2758 2271 2826 procul
2303 2759 2352 2811 in
2380 2759 2587 2813 Tuscia:
2629 2759 2814 2816 felices
2849 2775 2998 2830 parte
3021 2769 3314 2836 regebant;

1943 2849 2047 2901 Sed
2075 2864 2256 2902 rursus
2289 2852 2508 2903 Romam
2541 2854 2750 2916 sponsis
2780 2855 3123 2920 prodentibus
3155 2861 3348 2922 ambae,

1950 2940 2197 2993 Militibus
2221 2941 2418 3005 missis,
2450 2957 2676 3010 progvcre
2701 2944 2968 3000 ducuntur
2998 2950 3064 3001 ad
3093 2950 3298 3017 urbem,

1943 3031 2236 3100 Squalores
2268 3047 2346 3099 pat
2364 3032 2463 3086 iter
2491 3049 2728 3102 passura:
2754 3039 2985 3091 carceris
3010 3048 3174 3094 atros.

1944 3125 2094 3177 Tunc
2128 3124 2314 3177 ltutina
2345 3141 2496 3180 soror
2525 3127 2680 3182 dictis
2709 3144 2898 3196 parere
2929 3131 3172 3187 nefandis

1949 3218 2158 3283 ltcnuit,
2194 3228 2251 3271 nt
2273 3219 2492 3271 vetitum
2527 3218 2659 3274 fanis
2693 3220 2907 3278 offerret
2938 3226 3214 3280 honorent.

1867 3350 1914 3411 ο
1945 3309 2186 3363 Creditur
2209 3310 2405 3364 idcirco
2427 3326 2546 3364 cum
2576 3312 2732 3367 lentis
2754 3314 2948 3369 femina
2971 3316 3166 3387 ﬂagris,

1951 3400 2015 3454 Ut
2043 3415 2194 3453 soror
2219 3404 2481 3468 aspiciens
2504 3403 2776 3459 mollescat
2803 3419 2979 3463 mente
3003 3411 3232 3466 secunda

1950 3491 2173 3545 Verbera
2205 3491 2315 3544 dira
2348 3495 2452 3560 pati
2481 3510 2599 3547 cntn
2632 3508 2844 3551 sanctos
2875 3510 3117 3556 cerneret
3145 3514 3312 3556 artus.

1938 3582 2041 3636 Sed
2073 3597 2225 3636 secus
2255 3587 2449 3650 evenit,
2483 3602 2638 3655 quam
2669 3599 2840 3645 tortor
2860 3593 3086 3647 credidit
3112 3603 3292 3656 atrox,

1943 3680 2074 3728 Dtttn
2103 3675 2420 3730 nutabundis
2450 3697 2552 3733 non
2582 3681 2722 3736 fatur
2747 3683 2897 3753 virgo
2924 3687 3169 3756 loquelis.

1940 3766 2069 3820 Nam
2092 3777 2398 3823 constanter
2421 3773 2524 3836 ait,
2569 3788 2834 3840 nunquam
2863 3779 3209 3835 tremebunda
3241 3782 3474 3838 secunda
3508 3801 3517 3833 :

1941 3857 2085 3911 All'cr
2116 3867 2302 3912 cuncta
2327 3860 2479 3913 simul
2513 3863 2664 3918 nobis
2694 3876 2952 3923 tormenta
2981 3879 3223 3937 cruenta,

1942 3947 2112 4013 ignes,
2143 3958 2192 4000 et
2217 3948 2495 4005 maclteras
2517 3964 2570 4007 et
2600 3956 2790 4011 rubras
2817 3959 2986 4015 vibice
3014 3962 3211 4031 virgas,

1945 4041 2149 4104 Itestes,
2183 4049 2235 4094 et
2264 4040 2447 4109 fortes,
2482 4054 2536 4098 et
2565 4045 2696 4101 dura
2726 4051 2985 4119 grandine
3011 4068 3160 4120 saxa,

1940 4128 2139 4181 Carula
2171 4130 2475 4200 sanguineis
2502 4133 2807 4205 harpagans
2833 4141 3050 4196 vulnera
3077 4143 3225 4210 rivis,

1940 4224 2079 4285 Quot
2111 4231 2166 4275 tu
2196 4233 2474 4287 pinnarum
2502 4239 2701 4295 genera
2730 4233 3018 4287 crudeliter
3041 4235 3226 4298 infers,

1945 4313 2038 4365 .-\st
2066 4327 2165 4382 ego
2195 4314 2336 4368 lauta
2364 4315 2531 4371 feram
2564 4319 2700 4373 victo
2723 4329 2926 4378 tortore
2947 4331 3166 4392 tropma,

1948 4403 2074 4468 Quot
2109 4415 2160 4457 tu
2189 4404 2478 4461 concinnas
2502 4407 2655 4462 crudi
2674 4409 2984 4466 discrimina
3015 4415 3144 4470 lethi

1939 4493 2040 4548 Tot
2070 4509 2166 4549 nos
2186 4495 2239 4549 in
2272 4510 2462 4564 supera
2495 4501 2896 4557 numerabimus
2917 4519 3041 4560 arce
3062 4521 3308 4564 coronas.

1939 4585 2090 4639 Tunc
2119 4587 2309 4641 iterum
2337 4577 2526 4643 carcer
2552 4589 2806 4646 lanterna:
2830 4595 3044 4650 luminis
3071 4611 3284 4667 expers,

1863 4700 1914 4758 ι)
1940 4679 2192 4735 l'assuras
2220 4682 2414 4736 claudit
2440 4682 2648 4739 famoso
2679 4694 2915 4742 stercore
2943 4704 3186 4757 poenam;

1939 4772 2042 4828 Sed
2073 4774 2324 4842 splendor
2351 4774 2484 4830 lucis
2513 4777 2769 4834 radiantis
2797 4780 2864 4834 ab
2894 4795 2992 4837 axe
3020 4784 3262 4851 polorum

1945 4865 2145 4920 Furvas
2171 4867 2465 4937 exstinguit
2494 4868 2745 4925 latebrosi
2775 4874 3004 4929 carceris
3035 4876 3268 4942 umbras,

1946 4958 2004 5011 Et
2027 4960 2162 5014 fetor
2193 4959 2297 5012 fimi
2331 4970 2386 5014 ut
2420 4961 2586 5018 thuris
2611 4962 2865 5033 fragantia
2894 4968 3079 5036 spirat.

1947 5045 2180 5103 l’ostltaec
2202 5049 2253 5103 in
2280 5051 2512 5106 thermas
2533 5055 2778 5109 ambusto
2810 5065 2952 5112 torre
2980 5058 3216 5115 calentes

1941 5139 2137 5193 Ambas
2167 5141 2442 5197 trudebant
2465 5143 2645 5200 divino
2676 5148 2892 5202 numine
2917 5148 3100 5205 fretas.

1943 5233 2043 5287 Sed
2073 5240 2246 5288 tamen
2265 5235 2316 5289 in
2349 5235 2569 5290 thermis
2590 5241 2912 5306 crepitantes
2943 5240 3125 5297 fomite
3151 5244 3392 5301 ﬂammas

1949 5326 2187 5381 Protinus
2214 5328 2468 5384 exstinxit
2493 5331 2696 5387 cmlesti
2726 5349 2846 5388 rore
2875 5344 3133 5403 potestas,

1943 5424 2101 5475 Artus
2131 5420 2395 5490 virgineos
2423 5421 2501 5478 sic
2533 5423 2660 5478 texit
2689 5439 2869 5493 parma
2903 5427 3137 5492 pudoris,

1946 5514 2012 5568 Ut
2041 5513 2170 5569 nihil
2198 5515 2441 5570 innocuis
2469 5517 2590 5570 laesa
2620 5528 2762 5571 esset
2790 5533 2914 5573 caro
2944 5519 3156 5580 favillis.

1942 5607 2046 5661 Sed
2075 5607 2181 5674 fax,
2215 5616 2269 5663 et
2298 5607 2485 5672 fomes,
2515 5617 2567 5664 et
2593 5609 2812 5679 dempto
2836 5626 3000 5679 pruna
3025 5614 3226 5677 vigore.

1939 5699 2303 5768 Nequidquam
2326 5700 2572 5755 ardentes
2603 5703 2777 5770 sepito
2806 5714 2946 5759 torre
2970 5708 3236 5774 tepebant.

1941 5791 2072 5844 'l'um
2099 5790 2324 5846 famulas
2347 5800 2516 5846 tortor
2540 5803 2778 5848 sacratas
2814 5795 3037 5862 imperat
3067 5807 3212 5850 atrox

1944 5886 2181 5940 l'ondere
2206 5901 2325 5940 cum
2355 5886 2558 5955 scopuli
2587 5887 2785 5941 collum
2809 5890 3172 5958 constringere
3199 5910 3357 5956 neut,

1941 5980 2135 6035 Ali-eus
2166 5989 2219 6036 ut
2243 5979 2444 6036 Tiberis
2470 5981 2740 6038 mersisset
2774 5984 2974 6052 gtttg‘ite
2997 5983 3204 6053 glauco,
