4172 6602
730 515 833 572 279
1550 514 1610 572 S.
1649 514 2003 572 ALDllELMI
2041 515 2326 573 UPERUM
2372 516 2377 570 |

2372 513 2547 571 PARS
2588 515 2649 571 lll
2720 546 2786 559 —
2829 516 3181 574 POEMATA.
3886 522 3972 575 280

730 634 875 697 Quas
908 629 1052 698 prius
1070 631 1244 686 exusti
1268 644 1371 683 non
1402 628 1602 683 audent
1629 642 1785 685 urere
1815 638 2021 696 torres;

730 718 839 773 Sed
864 719 1088 774 famulas
1110 719 1309 775 Chrisd
1339 719 1619 774 vectabant
1641 720 1835 774 cazrula
1864 720 2046 785 ﬂuctu,

728 810 942 879 Frigida
971 827 1094 867 cum
1124 811 1308 866 vitreis
1337 819 1656 881 stupuerunt
1684 811 1905 865 ﬂumina
1938 810 2158 876 ﬂustris,

729 906 811 962 Ad
846 905 987 975 ripas
1017 919 1262 959 remeans
1290 918 1474 960 rursus
1504 919 1622 958 cum
1656 904 1859 972 sospite
1888 906 2015 969 vita,

727 998 935 1063 Corpus
962 996 1258 1066 virgineum
1286 1006 1435 1051 natat
1459 1009 1557 1049 ceu
1582 994 1737 1063 plana
1766 997 1967 1049 carina.

745 1089 881 1141 t‘unc
902 1086 1054 1155 jussu
1084 1088 1234 1158 rigidi
1258 1087 1557 1141 truculento
1588 1086 1848 1155 principis
1868 1100 2019 1153 aeque

730 1177 1001 1248 Sanguine
1029 1192 1293 1247 purpureo
1320 1187 1624 1233 sanctarum
1656 1179 1894 1234 membra
1927 1177 2238 1243 rubescunt,

734 1276 921 1330 Amba:
950 1276 1190 1346 martyrii
1221 1286 1522 1332 mercantes
1540 1288 1687 1333 serta
1712 1275 1914 1332 cruenti
1941 1292 1954 1339 ;

728 1367 838 1423 Nec
861 1380 967 1421 nat.
995 1367 1266 1437 virgineos
1295 1378 1639 1437 sumpserunt
1662 1369 1782 1438 jure
1812 1368 2131 1436 triumphos.

728 1461 871 1515 ltnra
900 1463 1282 1532 relinquentes,
1308 1465 1569 1520 collorum
1601 1480 1763 1538 regna
1793 1476 2098 1534 capessunt,

729 1554 984 1621 Quamvis
1012 1567 1135 1608 ossa
1166 1562 1309 1625 tegat
1338 1556 1515 1620 tellus,
1546 1567 1599 1611 et
1630 1558 1807 1611 tumba
1831 1556 2060 1624 sepulcri

731 1653 891 1700 Artus
916 1645 1149 1700 includat
1175 1662 1269 1714 pro
1291 1645 1506 1701 Christo
1536 1650 1726 1702 funera
1756 1662 1965 1716 passos,

729 1742 909 1795 Donec
935 1738 1232 1794 scintillans
1257 1748 1448 1794 exurat
1475 1741 1670 1795 szecula
1700 1741 1883 1795 carbo.

730 1839 978 1887 Attamen
1000 1830 1066 1885 ad
1095 1831 1218 1888 cteli
1250 1832 1511 1887 scandunt
1532 1832 1792 1900 spiracula
1824 1834 2003 1895 sedes,

726 1924 945 1993 Absque
972 1924 1108 1979 chao
1128 1924 1308 1979 densis
1336 1925 1593 1991 gestantia
1624 1925 1841 1978 labbara
1870 1924 2084 1987 turmis,

727 2017 951 2082 Quando
980 2016 1293 2071 catervatim
1322 2018 1518 2072 vallant
1547 2019 1771 2073 cteleste
1801 2020 2056 2073 lrlbtlnnl.

798 2105 1065 2174 Tempore
1094 2120 1201 2174 quo
1234 2105 1426 2161 Decius
1458 2107 1788 2173 triquadrum
1813 2118 2026 2161 rexerat
2051 2110 2257 2172 orbem,

727 2194 979 2250 Militibus
1005 2195 1201 2250 Christi
1232 2198 1423 2249 mortis
1446 2197 1757 2251 discrimina
1779 2208 1994 2267 patraus
2014 2239 2029 2263 ,

728 2288 943 2341 tlxstitit
969 2288 1024 2341 in
1053 2287 1221 2341 Roma
1244 2289 1493 2343 binarum
1516 2289 1653 2343 forte
1682 2304 1927 2344 sororum

730 2384 889 2438 Fama
921 2383 1203 2454 praecipuis
1229 2384 1447 2453 pulsans
1474 2384 1781 2438 rumoribus
1811 2399 1989 2448 aures;

725 2474 868 2537 Quas
896 2472 1072 2527 nullus
1101 2481 1313 2541 poterat
1342 2474 1621 2528 tormentis
1651 2473 1870 2529 vincere
1900 2484 2091 2537 tortor,

732 2562 1040 2627 Quamlibet
1070 2568 1311 2619 insontes
1338 2566 1591 2619 multaret
1611 2566 1757 2619 caede
1786 2575 2029 2628 cruenta,

732 2656 800 2708 lit
823 2657 946 2711 vitae
971 2665 1246 2711 auctorem
1276 2657 1474 2713 reﬂexa
1504 2667 1681 2711 mente
1706 2666 1979 2726 negarent.

729 2748 912 2803 Altera
934 2749 1001 2803 de
1032 2749 1259 2819 geminis
1287 2748 1411 2805 felix
1447 2751 1693 2805 Anatolia
1717 2750 1883 2817 dicta,

736 2841 913 2894 Altera
942 2841 1035 2895 sed
1062 2849 1235 2909 gestat
1265 2856 1452 2897 verum
1487 2842 1718 2897 Victoria
1744 2858 1962 2899 nomen.

727 2932 831 2983 llas
862 2930 1023 3000 igitur
1053 2934 1233 3001 sponsi
1264 2935 1421 2989 claris
1451 2936 1712 2990 natalibus
1734 2938 1837 2992 orti

725 3022 807 3076 Ad
840 3021 1042 3091 prolem
1072 3026 1283 3093 generis
1303 3035 1549 3094 satagunt
1570 3026 1861 3097 adjungere
1892 3037 2079 3094 nuptas

724 3110 830 3167 Sed
862 3126 1013 3169 mens
1038 3112 1291 3183 virgineis
1318 3116 1592 3170 ambarum
1621 3117 1815 3171 torrida
1851 3116 2078 3171 ﬂammis

723 3204 959 3271 Stuppas
988 3203 1214 3258 luxuriae
1237 3206 1531 3261 combussit
1553 3217 1697 3263 torre
1719 3210 1956 3276 pudoris,

723 3293 1018 3359 Spurcitias
1044 3296 1225 3350 mundi
1255 3307 1604 3353 contemnens
1632 3299 1797 3354 corde
1825 3300 2073 3355 caducas.

722 3381 950 3437 Divitias
973 3395 1248 3455 spargunt,
1282 3387 1439 3441 simul
1463 3397 1519 3443 et
1542 3390 1857 3457 patrimonia
1884 3390 2093 3459 dantes,

726 3477 904 3528 Aurea
934 3477 1215 3544 purpureis
1243 3478 1450 3534 calcant
1478 3481 1765 3548 crepundia
1797 3483 2044 3553 gemmis,

722 3566 1036 3635 Cunctaque
1061 3570 1384 3639 pauperibus
1408 3588 1530 3627 mox
1550 3584 1864 3630 ornamenta
1889 3576 2111 3628 misellis

725 3658 810 3713 Nil
834 3660 937 3715 sibi
960 3673 1256 3730 servantes,
1289 3665 1527 3720 vendunt
1555 3682 1653 3735 pro
1677 3669 1815 3736 stipe
1842 3683 2095 3736 superna.

725 3749 955 3806 Nuntius
980 3766 1014 3807 e
1039 3754 1175 3808 rtelo
1204 3766 1465 3823 pennatus
1489 3758 1683 3813 labitur
1706 3758 1835 3826 alto,

722 3839 1030 3897 Flammeus
1048 3854 1290 3911 aspectu,
1320 3848 1475 3902 niveo
1496 3848 1731 3905 candore
1752 3864 2030 3913 coruscus,

723 3933 1065 4000 Sceptrinum
1096 3937 1272 3993 vimen
1302 3938 1489 3994 dextra
1520 3941 1762 4009 gestabat
1790 3941 1841 3995 in
1870 3942 2027 4005 alma;

722 4022 925 4080 Ambas
953 4025 1243 4094 alloquitur
1271 4029 1359 4082 tali
1381 4044 1502 4084 cum
1531 4044 1660 4085 voce
1690 4032 1895 4099 puellas
1921 4050 1933 4083 :

722 4115 876 4177 Nunc
905 4117 1087 4182 procul
1118 4132 1147 4171 a
1170 4128 1350 4174 vestro
1378 4121 1633 4189 pallorem
1666 4122 1848 4190 pellite
1874 4122 2041 4184 vultu,

728 4205 949 4262 Pectore
977 4221 1075 4261 nec
1104 4209 1296 4277 pavido
1322 4201 1569 4279 quatiens
1588 4213 1748 4266 timor
1770 4214 1853 4267 ilia
1878 4214 2069 4282 pulset.

726 4297 858 4349 Dum
885 4294 1036 4350 vobis
1063 4297 1327 4354 thalamus
1356 4301 1587 4369 paradisi
1615 4302 1744 4357 sede
1773 4302 2001 4365 locatur,

724 4388 782 4440 ln
806 4402 912 4455 quo
940 4390 1181 4457 perpetui
1206 4405 1476 4458 nunquam
1510 4394 1781 4449 consortia
1808 4400 1990 4462 sponsi

726 4478 985 4534 ltelicient
1006 4481 1235 4548 penitus,
1270 4482 1363 4537 sed
1385 4484 1574 4552 gaudia
1604 4485 1760 4554 longa
1785 4486 2095 4540 manebunt.

720 4569 781 4624 Si
811 4584 904 4627 vos
930 4570 1203 4640 virginitas
1233 4587 1414 4629 comes
1439 4575 1705 4631 indefessa
1737 4585 1931 4631 tuetur.

721 4661 874 4715 Tunc
901 4662 1071 4716 ambre
1101 4671 1319 4717 servant
1341 4673 1504 4721 casta:
1530 4666 1797 4721 consortia
1826 4669 1970 4733 vitro,

725 4751 964 4821 Angelus
992 4762 1049 4807 ut
1076 4751 1296 4809 dederat
1318 4757 1484 4811 sancti
1520 4766 1783 4826 praecepta
1814 4759 2051 4826 pudoris.

725 4846 907 4914 Usque
936 4844 1111 4915 fugam
1134 4846 1255 4903 vita:
1275 4861 1395 4902 cum
1422 4862 1565 4903 mors
1596 4848 1646 4902 in
1671 4849 1853 4905 limine
1880 4852 2061 4921 latrat,

725 4935 958 4990 Marcida
986 4936 1314 5005 depopulans
1335 4938 1479 4993 vitali
1508 4949 1719 5009 pectora
1749 4942 1897 4995 ﬂatu.

726 5027 820 5082 llis
850 5027 1011 5097 igitur
1036 5030 1199 5096 gestis
1226 5029 1499 5101 tinguntur
1527 5045 1699 5085 sczeva
1725 5046 2011 5100 procorum

722 5122 947 5176 Pectora
973 5121 1218 5178 letltifero
1248 5126 1350 5179 seli
1380 5127 1641 5184 maculata
1671 5143 1897 5195 veneno,

727 5212 863 5263 Ilum
889 5222 1117 5267 cernunt
1135 5215 1367 5283 amplum
1390 5231 1616 5285 sponsas
1642 5220 1944 5287 expendere
1971 5236 2209 5278 censum.

729 5304 937 5359 Interea
968 5305 1190 5361 Romam
1224 5308 1468 5378 linquens
1492 5310 1724 5365 Victoria
1752 5313 1920 5380 virgo,

730 5395 887 5451 Exsul
918 5397 968 5449 in
991 5399 1235 5452 exsilium
1266 5401 1517 5455 tribunali
1540 5404 1750 5458 ducitur
1779 5405 1950 5467 urbis,

728 5487 845 5550 Quo
874 5486 1037 5542 draco
1066 5488 1304 5544 funestus
1335 5494 1577 5547 ructabat
1609 5493 1822 5549 ﬂamina
1850 5498 2069 5557 ventris,

732 5578 972 5646 Limpida
1007 5580 1267 5637 letltiferis
1298 5598 1647 5653 corrumpens
1679 5602 1783 5640 tera
1817 5589 2061 5650 venenis,

735 5668 787 5729 in
821 5677 1025 5725 tantum
1082 5681 1138 5727 ut
1164 5672 1328 5737 cives,
1364 5684 1515 5731 vasto
1541 5678 1837 5744 crepitante
1866 5681 2115 5743 tumultu,

2344 634 2392 687 Α
2421 627 2684 698 Linquere
2706 630 2816 698 jam
2845 631 3063 686 mallent
3094 628 3344 697 pollutam
3376 629 3588 683 ﬂatibus
3610 639 3816 698 urbem,

2418 718 2576 774 Exosi
2608 720 2865 774 latebram
2895 736 2996 789 qua
3026 722 3250 774 horrens
3280 719 3429 775 belva
3461 720 3675 775 latebat.

2418 810 2509 866 llis
2537 812 2693 879 igitur
2719 813 2933 867 miseris
2963 816 3191 880 spondet
3218 812 3447 866 Victoria
3472 816 3642 883 virgo,

2414 903 2643 959 Credula
2674 906 2717 959 si
2744 906 2968 960 Domino
2999 906 3228 973 pandant
3261 905 3554 974 przeccrdia
3579 906 3811 970 Christo,

2419 997 2610 1052 Lurida
2640 999 2892 1067 pestifero
2924 1000 3226 1066 linquentes
3258 997 3396 1051 idola
3431 999 3598 1063 cultu,

2420 1089 2487 1144 Ut
2510 1090 2654 1143 dicto
2680 1088 2840 1142 citius
2871 1090 3225 1149 truculentam
3258 1090 3469 1144 ﬂamine
3501 1105 3745 1161 gypsam,

2415 1180 2544 1245 Qua:
2569 1190 2769 1233 turmas
2799 1180 2939 1249 vulgi
2968 1180 3225 1232 multabat
3255 1194 3435 1249 Strage
3460 1188 3709 1243 cruenta,

2421 1272 2647 1327 l’elleret
2677 1286 2707 1326 e
2735 1272 2949 1340 populo,
2982 1272 3109 1325 dum
3144 1274 3361 1326 mallent
3387 1273 3611 1328 credere
3638 1270 3867 1327 Christo.

2417 1363 2571 1430 Quod
2606 1362 2731 1417 dum
2762 1365 3085 1432 sponderent
3113 1365 3364 1419 concordi
3391 1380 3523 1420 voce
3551 1376 3817 1423 catervas.

2422 1457 2565 1510 lllico
2592 1458 2987 1525 squamigerum
3021 1457 3297 1525 proturbat
3343 1458 3492 1527 virgo
3520 1457 3851 1527 chelydrum,

2421 1547 2487 1604 Et
2513 1548 2696 1617 procul
2722 1548 2775 1602 in
2799 1562 2993 1602 vacuas
3012 1549 3172 1618 jussit
3199 1561 3415 1618 reptare
3446 1550 3705 1607 salebras.

2422 1641 2539 1695 Mox
2589 1640 2752 1695 draco
2781 1642 3015 1695 crudelis
3036 1657 3343 1696 sermonum
3370 1644 3604 1712 pondere
3636 1658 3873 1713 pressus,

2424 1734 2629 1787 llescrit
2657 1734 2945 1787 obscurum
2973 1746 3256 1799 squamosa
3287 1734 3427 1803 pelle
3454 1736 3707 1803 sigillum.

2423 1825 2513 1879 Sic
2541 1824 2689 1892 virgo
2719 1825 2869 1893 felix,
2904 1825 3115 1879 tetltrali
3146 1824 3281 1880 freta
3317 1826 3588 1894 triumpho
3608 1866 3623 1890 ,

2425 1915 2696 1983 Ingentem
2728 1915 2968 1984 explodit
2995 1926 3179 1970 sancta
3203 1916 3397 1971 virtute
3421 1917 3723 1979 colubrum,

2348 1987 2393 2044 Β
2429 2007 2495 2062 Ut
2516 2021 2787 2076 nunquam
2812 2007 3033 2062 ulterius
3062 2020 3287 2074 serpens
3321 2008 3643 2074 irrumperet
3672 2015 3904 2067 antrum,

2421 2099 2528 2153 Sed
2559 2100 2741 2166 procul
2770 2098 3064 2153 abscedens
3096 2098 3312 2154 incultis
3343 2099 3555 2153 exsulat
3583 2099 3746 2161 arvis,

2422 2190 2665 2245 Jusserat
2696 2198 2754 2243 ut
2780 2203 3001 2259 gypsam
3033 2191 3198 2243 verbo
3229 2199 3467 2243 terrente
3496 2190 3727 2257 migrare

2422 2281 2642 2335 Civibus
2673 2281 2992 2349 impendens
3022 2280 3246 2347 expulso
3274 2280 3477 2333 natrice
3507 2280 3757 2347 palmam.

2421 2375 2570 2428 Tunc
2596 2374 2789 2442 rogitat
2815 2374 2962 2427 cives
2995 2374 3117 2427 felix
3144 2373 3429 2427 vernacula
3459 2372 3679 2438 Christi,

2420 2468 2695 2535 Quatenus
2721 2467 2773 2520 in
2806 2477 2987 2535 crypta
3022 2467 3146 2531 sibi,
3177 2468 3354 2521 natrix
3382 2466 3520 2520 unde
3551 2466 3814 2519 uelandus

2424 2558 2664 2625 Aufugit,
2700 2558 2897 2623 pariter
2918 2558 3200 2623 dignentur
3229 2558 3460 2611 condere
3489 2556 3673 2610 cellam
3704 2576 3715 2608 :

2425 2653 2543 2705 Mox
2575 2650 2878 2706 veneranda
2913 2651 3005 2705 Dei
3027 2651 3254 2720 supplex
3286 2661 3345 2704 ut
3374 2652 3521 2719 virgo
3553 2649 3819 2719 poposcit,

2425 2743 2646 2813 Insuper
2674 2752 2727 2797 et
2749 2743 2927 2799 decies
2958 2758 3113 2797 senas
3135 2744 3359 2812 jnnxere
3389 2744 3612 2812 puellas,

2422 2836 2553 2899 Qua:
2586 2834 2835 2902 precibus
2861 2835 3068 2890 crebris
3098 2835 3375 2889 laudarent
3405 2849 3534 2889 voce
3549 2834 3868 2898 Tonantem,

2425 2928 2566 2982 Odas
2594 2927 2878 2981 Davidieas
2907 2928 3245 2983 modulantes
3277 2929 3514 2983 carmine
3541 2940 3755 2990 sancto,

2428 3017 2577 3073 'l‘unc
2608 3032 2802 3086 procus
2833 3017 3133 3089 Eugenius,
3167 3018 3378 3073 delubri
3413 3020 3625 3073 ﬂamine
3657 3017 3850 3081 fretus,

2426 3109 2759 3165 Tlturificare
2782 3110 2952 3178 jubet,
2982 3124 3279 3180 munusque
3307 3108 3498 3164 oﬂerre
3529 3109 3729 3163 Dianas.

2428 3202 2581 3255 Alma
2612 3202 2708 3256 sed
2738 3201 3021 3271 imperium
3051 3203 3251 3272 sprevit
3280 3204 3547 3271 complere
3577 3201 3887 3261 nefandum,

2346 3327 2393 3393 ϐ
2431 3295 2634 3350 Idcirco
2663 3294 2984 3349 machaeram
3011 3296 3198 3350 stricto
3228 3310 3481 3350 mucrone
3500 3294 3743 3351 vibrabat

2422 3383 2668 3441 Crudelis
2698 3393 2869 3439 tortor
2893 3383 3164 3440 fundendo
3192 3385 3388 3439 ﬂuenta
3419 3396 3662 3448 cruenta,

2425 3477 2705 3546 Virgineos
2727 3486 2878 3530 artus
2907 3490 3235 3532 consecrans
3260 3477 3517 3545 sanguine
3548 3476 3710 3530 rubro

2422 3569 2540 3624 Mox
2568 3568 2884 3625 interfector
2904 3569 3076 3624 sensit
3103 3568 3411 3622 discrimina
3439 3569 3649 3639 palmae,

2421 3662 2583 3715 Arida
2616 3674 2956 3716 marcescens
2980 3662 3106 3715 dum
3141 3672 3311 3731 torpet
3341 3664 3524 3716 dextra
3558 3660 3763 3715 lacerti.

2422 3752 2645 3822 Insuper
2667 3762 2925 3823 expertus
2952 3754 3151 3808 calloso
3173 3767 3400 3821 Corpore
3424 3754 3648 3821 lepram,

2425 3844 2705 3898 \‘ermibus
2728 3851 2784 3897 et
2807 3853 3040 3911 scatens,
3074 3844 3273 3898 efﬂavit
3305 3843 3497 3898 ﬂamen
3527 3842 3578 3896 in
3606 3856 3793 3897 auras.

2420 3935 2511 3989 Sic
2538 3950 2754 4005 quoque
2779 3934 3001 3989 famosis
3032 3934 3155 3989 felix
3178 3934 3425 3989 Anatolia
3448 3934 3613 4003 signis

2420 4028 2648 4093 Claruit,
2676 4028 2926 4083 exsilium
2956 4029 3083 4082 satvi
3112 4042 3371 4097 perpessa
3404 4029 3640 4098 tyranni.

2419 4122 2666 4176 Consulis
2693 4138 2759 4177 en
2788 4121 3029 4177 sobolem
3050 4120 3391 4176 constrictam
3425 4121 3652 4174 nexibus
3677 4130 3866 4184 arctis,

2423 4214 2710 4282 Expertem
2742 4226 2931 4267 sensus
2953 4227 3073 4267 cum
3095 4212 3250 4267 bruta
3274 4223 3452 4267 mente
3478 4211 3737 4281 vagando,

2427 4305 2682 4359 Ilostibus
2703 4303 2964 4372 explosis,
2992 4311 3266 4357 restaurat
3298 4314 3481 4371 pectus
3510 4302 3789 4366 anhelant,

2420 4399 2539 4464 Quo
2570 4411 2785 4451 rumore
2814 4396 2931 4451 rudi
2959 4395 3186 4452 diversis
3216 4395 3454 4465 pestibus
3478 4407 3648 4464 mgros

2418 4489 2835 4558 Conglomerant
2867 4490 3066 4556 pariter
3094 4488 3354 4555 stipantes
3388 4487 3596 4557 agmine
3617 4494 3864 4542 sanctam
3889 4506 3903 4544 ;

2421 4580 2556 4635 Ollis
2586 4588 2825 4649 optatam
2858 4577 3118 4633 reddebat
3142 4579 3289 4646 virgo
3312 4578 3543 4632 salutem
3572 4594 3585 4641 ;

2348 4675 2399 4731 D
2428 4673 2535 4727 Nec
2558 4686 2663 4727 non
2700 4679 2756 4726 et
2783 4684 3044 4735 morsum,
3074 4668 3165 4739 qui
3198 4679 3401 4723 torvam
3431 4667 3667 4722 carmine
3697 4681 3933 4736 gypsam

2422 4764 2621 4830 irritat,
2651 4772 2709 4818 ut
2733 4771 2948 4817 sanctos
2977 4760 3212 4815 crudelis
3238 4760 3391 4815 belva
3424 4761 3678 4825 lacertos,

2426 4855 2686 4910 Dentibus
2715 4853 3020 4919 horrendis,
3045 4861 3098 4906 et
3118 4851 3256 4905 rictu
3287 4850 3441 4905 rodat
3468 4861 3675 4918 aperto,

2427 4950 2709 5020 Extemplo
2729 4958 2881 5004 curat
2902 4949 3242 5016 disrumpens
3270 4945 3445 5000 vincla
3476 4944 3753 5015 chelydri,

2420 5044 2519 5112 Qui
2550 5043 2697 5111 prius
2727 5043 2779 5095 in
2808 5041 2952 5110 spira
2974 5054 3211 5094 morsum
3240 5038 3553 5109 glomeravit
3580 5038 3834 5092 inertem.

2423 5136 2629 5190 Idcirco
2656 5133 2856 5188 cursim
2876 5130 3094 5185 festinat
3114 5128 3336 5183 credere
3366 5126 3603 5190 Christo,

2423 5228 2736 5296 Agnoscens
2767 5222 3033 5290 propriam
3056 5230 3198 5274 tanta
3230 5220 3423 5275 virtute
3454 5218 3705 5281 salutem,

2423 5321 2644 5387 Insuper
2670 5324 2724 5371 et
2752 5314 2997 5369 meritum
3028 5310 3322 5365 cumulavit
3350 5307 3626 5377 sanguinis
3656 5316 3831 5371 ostro,

2421 5406 2648 5462 Praemia
2673 5414 2982 5471 sumpturus
3012 5418 3131 5457 cum
3158 5400 3277 5455 caeli
3311 5399 3539 5454 coetibus
3562 5397 3741 5450 almis.

2421 5496 2658 5551 Candida
2692 5505 2808 5563 post
2837 5492 3074 5562 sequitur
3099 5507 3218 5546 cum
3248 5490 3386 5544 binis
3407 5497 3642 5557 martyra
3672 5498 3868 5555 sertis,

2422 5588 2703 5658 lntegritas
2736 5586 2982 5647 nitidam,
3016 5598 3112 5638 nec
3138 5598 3240 5637 non
3266 5591 3321 5637 et
3344 5580 3522 5649 passio
3549 5579 3764 5633 rubram

2426 5678 2743 5738 l'lumabant
2771 5679 2973 5747 pariter
2997 5685 3169 5731 macta
3192 5672 3389 5729 virtute
3416 5684 3694 5728 coronam.
