4172 6534
1347 537 1650 550 _—

277 548 486 562 .—-——

575 864 718 924 [Vide
745 869 905 912 notam
925 861 1062 922 operi
1091 857 1388 920 praeCedenti
1415 859 1705 924 praetium]

335 949 558 1016 Digestis
601 947 758 1016 igitttr
784 954 1088 999 sanctorum
1123 943 1366 1000 laudibus
1396 948 1553 1001 almis
1580 965 1590 998 :

254 1047 495 1105 Quorum
525 1054 766 1093 rumores
796 1039 895 1091 sub
924 1038 1043 1091 caeli
1071 1039 1303 1091 culmine
1323 1038 1568 1108 flagrant,

257 1135 464 1194 ltestat,
493 1143 547 1185 ut
573 1133 814 1199 ingentes
838 1130 1150 1198 depromant
1175 1130 1409 1182 carmina
1439 1143 1642 1198 pugnas

257 1225 333 1278 lix
365 1226 505 1278 vitiis
535 1221 904 1288 procedentes,
954 1221 1237 1274 virtutibus
1286 1232 1464 1289 atque,

258 1317 284 1362 \
309 1314 563 1383 irginibus
584 1312 776 1366 Christi
811 1327 927 1379 qua:
968 1313 1085 1370 cteli
1121 1327 1280 1381 regna
1312 1312 1601 1379 negabunt,

255 1405 468 1459 Florida
501 1403 727 1457 lucillme
753 1404 1062 1456 claudentes
1092 1405 1272 1455 limina
1308 1413 1497 1468 portze,

253 1500 316 1550 Ni
343 1499 534 1552 virtute
552 1497 640 1550 Dei
673 1495 854 1563 procttl
875 1495 1087 1547 climata
1109 1492 1240 1562 [Par
1263 1494 1556 1560 eliminata!
1579 1494 1849 1555 fatiscant,

255 1600 322 1648 lit
355 1596 554 1662 fugiant
579 1595 754 1646 lurvas
777 1591 985 1645 Christo
1030 1593 1277 1645 trudente
1307 1593 1407 1646 sub
1435 1591 1672 1645 umbras.

255 1689 396 1740 l'lcce
421 1688 735 1740 catervatim
768 1686 1065 1749 glomerant
1099 1685 1166 1736 ad
1199 1684 1338 1736 bella
1373 1683 1685 1752 phalanges,

249 1782 477 1834 .lustitire
507 1779 727 1832 comites
755 1787 807 1831 et
855 1778 1106 1829 virtutum
1138 1777 1349 1845 agmina
1383 1787 1588 1830 sancta.

253 1873 348 1924 llis
379 1873 727 1924 adversantur
751 1871 997 1922 vitiorum
1029 1880 1204 1923 castra
1236 1871 1486 1938 maligna,

245 1965 428 2026 Spissa
465 1963 810 2014 nefandarum
845 1977 962 2026 qua:
989 1970 1235 2026 torquent
1268 1960 1468 2026 spiculi
1499 1974 1700 2017 rerum,

247 2052 465 2105 .—Emula
491 2066 586 2104 ceu
623 2061 820 2119 pugnat
853 2050 1169 2117 populorum
1207 2060 1377 2101 turma
1419 2049 1669 2110 duorum,

250 2145 383 2196 llum
411 2144 602 2196 vexilla
639 2144 832 2204 ferunt,
868 2153 918 2195 ct
947 2143 1146 2208 clangit
1177 2142 1398 2195 classica
1428 2143 1662 2210 salpiux,

247 2237 328 2285 Ac
358 2234 632 2287 stimulant
653 2233 875 2287 Martem
903 2233 1167 2301 legionum
1198 2248 1397 2286 cornua
1432 2244 1614 2286 cantu.

247 2329 362 2390 llis,
392 2329 642 2395 inquam,
692 2327 860 2380 denso
888 2329 1109 2380 virtutes
1139 2327 1348 2394 agmine
1381 2329 1560 2396 plures

240 2423 544 2474 Occurrunt
572 2420 712 2472 vitiis
743 2429 1012 2489 gestantes
1039 2420 1227 2474 bellica
1261 2422 1429 2487 signa.

238 2510 463 2563 tlassida
489 2525 610 2564 cum
639 2510 869 2563 thoracis
915 2524 1012 2563 nec
1042 2525 1144 2563 non
1173 2511 1345 2564 ancile
1375 2509 1556 2571 duelli,

243 2603 310 2655 Et
336 2603 639 2656 macheram
672 2604 837 2666 verbi,
866 2603 1064 2671 peccati
1108 2614 1340 2656 monstra
1369 2616 1677 2664 uocantem,

235 2694 310 2742 Se
340 2691 389 2742 iu
413 2691 644 2757 spatium
678 2693 877 2758 pariter
903 2702 1117 2760 portant
1149 2693 1212 2745 ad
1239 2694 1416 2759 prrelia
1455 2695 1659 2746 mutuli.

242 2782 475 2836 Virtutes
505 2797 736 2850 quoque,
771 2797 1072 2850 parmarum
1108 2782 1416 2836 tes:itudine
1461 2795 1695 2850 sumpta,

236 2877 395 2926 Sneva
447 2872 790 2940 profanorum
821 2874 1152 2927 contundunt
1184 2874 1284 2927 tela
1315 2888 1618 2942 sparorum.

239 2964 528 3033 \‘irginitas
561 2964 716 3032 igitur
744 2981 861 3033 qua:
891 2965 1062 3018 caleat
1087 2965 1307 3018 crimina
1331 2967 1521 3030 stupri,

233 3061 408 3122 Quam
434 3071 537 3110 non
566 3057 812 3124 deturpat
843 3058 1042 3125 peccati
1074 3073 1216 3112 saeva
1249 3059 1491 3120 cicatrix,

233 3149 436 3202 tlnntra
479 3149 734 3201 bellantes
763 3148 974 3202 studeat
1005 3157 1215 3202 certare
1249 3159 1514 3209 catervas,

232 3242 578 3310 Uctenosque
605 3239 787 3305 duces,
816 3239 1008 3309 quibus
1042 3239 1245 3295 luerent
1266 3241 1474 3308 agmina
1492 3253 1630 3293 saeva
1659 3239 1839 3310 |Par.,

1533 3330 1762 3400 sancta],

235 3429 452 3483 Viribus
483 3429 702 3481 armatis
734 3427 930 3479 nitatur
954 3425 1166 3480 vincere
1195 3426 1363 3493 virgo.

230 3521 342 3572 Nec
369 3520 542 3571 solum
578 3518 791 3586 prodest
823 3519 1021 3570 tirones
1049 3525 1294 3569 sternere
1319 3514 1511 3581 stupri,

232 3613 298 3665 L’t
349 3625 622 3664 macerare
670 3623 823 3662 suam
874 3605 1077 3662 crudeli
1127 3605 1346 3658 vulnere
1399 3603 1573 3671 |Par.,
1636 3603 1830 3671 vibicel

1498 3705 1759 3767 |lcaruetn,

226 3797 440 3852 tiretera
472 3794 522 3846 ni
556 3793 758 3846 fuerint
787 3793 1037 3846 vitiorum
1065 3791 1290 3845 crimina
1318 3800 1548 3859 septem,

228 3889 312 3942 Ad
345 3887 514 3940 diram
549 3895 808 3954 prostrata
858 3898 1042 3938 necem
1072 3883 1441 3954 grassantibus
1469 3881 1656 3936 armis.

232 3981 297 4035 Ut
332 3979 558 4047 populus
614 3975 821 4030 Domini
863 3975 1018 4043 liquit
1049 3974 1391 4042 Memphitica
1421 3984 1654 4038 sceptra,

231 4071 462 4126 Humida
493 4086 612 4125 cum
642 4070 802 4124 siccis
848 4068 1145 4136 pervadens
1177 4065 1371 4120 caerula
1404 4065 1619 4133 plantis,

231 4164 298 4216 Et
321 4171 510 4228 quater
537 4174 798 4213 annorum
830 4157 1112 4226 complevit
1147 4165 1390 4223 tempora
1414 4153 1575 4219 dena,

229 4253 346 4308 Hoc
374 4262 473 4316 est,
505 4251 684 4306 octoni
732 4250 970 4320 spatiosa
1001 4248 1267 4302 volumina
1301 4246 1476 4310 lustri,

230 4345 518 4411 lisquequo
543 4340 818 4408 promissae
847 4340 1052 4393 telluris
1086 4352 1249 4407 regna
1283 4346 1556 4404 capessat.

224 4436 336 4490 Sed
366 4433 512 4502 plebs
541 4431 756 4502 Aigypti
800 4431 961 4484 rubro
991 4429 1089 4483 sub
1117 4429 1324 4497 gurgite
1379 4442 1576 4490 mersa,

225 4531 362 4591 Quae
388 4535 588 4576 turmas
619 4525 819 4578 tlustris
846 4522 1038 4576 densas
1072 4521 1327 4588 perdebat
1377 4522 1613 4588 aquosis,

229 4619 525 4688 Ingtuvietn
554 4616 758 4669 ventris
781 4616 923 4683 juste
952 4615 1166 4681 signare
1198 4621 1464 4676 potestur.

225 4712 566 4776 Quapropter
595 4719 785 4775 pravas
813 4719 1124 4772 expugnans
1157 4701 1307 4770 virgo
1337 4700 1611 4766 cohortes,

229 4801 382 4853 llauc
411 4807 613 4868 pestem
661 4795 832 4864 primo
856 4793 1024 4847 diram
1057 4791 1351 4846 certamine
1380 4790 1576 4854 vincat,

225 4896 400 4957 Quam
426 4888 666 4956 sequitur
694 4884 953 4940 scelerata
987 4883 1237 4952 phalanx,
1273 4883 1537 4950 luxusque
1562 4882 1828 4946 ciborum,

229 4981 580 5048 librietasque
609 4977 791 5043 simul,
824 4991 922 5031 nec
954 4993 1057 5030 non
1085 4985 1140 5030 et
1168 4976 1382 5042 crapula
1410 4975 1615 5040 cordis,

229 5074 529 5144 Iugluviem
560 5071 788 5142 dapibus
819 5085 939 5140 qua:
967 5084 1181 5137 semper
1215 5071 1384 5138 pascit
1432 5069 1652 5138 opimis.

228 5168 336 5223 Sed
361 5167 504 5236 gula,
532 5180 653 5236 qua:
678 5164 847 5220 dulcis
887 5163 1117 5218 lucratur
1148 5162 1326 5234 [Par.,
1353 5162 1607 5228 lurcatar]
1639 5163 1837 5217 fercula

1532 5251 1731 5319 [victus
1748 5297 1762 5320 ,

232 5353 303 5407 Et
331 5351 494 5422 gestit
522 5358 761 5405 saturare
789 5349 867 5404 sui
889 5347 1179 5418 penetralia
1210 5347 1434 5411 ventris,

237 5443 312 5496 Ac
331 5453 668 5497 stomachum
709 5440 899 5494 farcire
929 5439 1048 5493 stud
1062 5450 1106 5494 ct
1136 5439 1532 5510 prmpinguibus
1560 5439 1718 5499 extis,

228 5535 426 5606 chnnii
454 5534 643 5589 validis
677 5535 848 5604 pellas
883 5534 1236 5600 prosternitur
1265 5533 1449 5587 armis.

302 5635 433 5690 Nam
463 5635 846 5702 pretoplastus,
877 5650 1033 5702 quem
1088 5650 1178 5687 rcx
1210 5632 1453 5688 formavit
1485 5632 1711 5702 Olympi.

232 5727 644 5793 Ruricolamque
675 5724 858 5780 rudem
895 5725 1083 5791 palmis
1127 5727 1482 5792 plasmaverat
1511 5726 1686 5787 almis,

231 5820 454 5873 Pectora
486 5815 778 5871 fecundans
807 5817 1013 5871 coalein
1046 5816 1261 5871 flamine
1292 5818 1438 5879 vitaz,

226 5910 555 5969 iamdudum
586 5909 777 5966 cecidit
809 5920 1103 5980 prostratus
1133 5909 1317 5966 fraude
1341 5909 1546 5980 gulosa,

1348 416 1434 468 υις
1475 413 1655 467 OCTU
1699 411 2218 469 I'RINCIPAIJBUS
2263 415 2484 470 VI'I'IIS.

722 635 899 748 DE
986 540 2528 805 omo—Fingamus
2603 636 3095 752 VlTllS.

1651 536 3559 566 _____._____________________________.____

1879 866 1930 920 Λ
1963 860 2094 914 Dum
2125 861 2346 914 vetitum
2380 861 2504 927 ligni
2547 862 2742 915 malum
2775 864 3084 931 decerperet
3117 870 3324 930 ambro,

1959 951 2001 1003 Α
2027 966 2130 1017 quo
2164 952 2474 1019 pestiferum
2501 953 2758 1019 gliscebat
2796 968 2978 1006 semen
3011 957 3061 1006 in
3091 957 3241 1014 orbe.

1960 1039 2109 1093 Unde
2141 1056 2295 1111 seges
2325 1042 2493 1108 spissa
2522 1046 2729 1108 spurcis
2761 1050 3022 1099 sucerevit
3047 1049 3223 1101 ari~tis
3249 1068 3261 1107 ;

1962 1133 2205 1187 Ebrietas
2236 1136 2446 1187 animos
2471 1135 2607 1188 Solet
2637 1150 2892 1190 enervare
2923 1140 3178 1192 virorum.

1957 1223 2088 1277 Nam
2122 1234 2266 1276 sator
2294 1235 2349 1279 et
2377 1226 2555 1278 mundi
2591 1235 2839 1291 regnator
2869 1237 2985 1293 post
3014 1229 3423 1295 cataclysmum,

1956 1318 2086 1370 tium
2115 1333 2282 1385 genus
2313 1320 2594 1369 humanum
2623 1319 2911 1372 multari-ut
2944 1335 3153 1385 :equnra
3181 1319 3404 1385 ﬂustris,

1957 1411 2192 1465 l'aStinat
2231 1412 2282 1464 iu
2328 1409 2607 1465 scrobibus
2661 1412 2922 1464 frondenti
2975 1411 3152 1477 |Par.,
3185 1413 3548 1478 frondentem]

3028 1503 3270 1574 [palmite
3294 1506 3476 1568 vitem,

1960 1597 2126 1660 Atque
2151 1595 2338 1648 bibens
2371 1605 2556 1647 nectar
2599 1593 2832 1646 nudabat
2861 1603 3014 1661 turpe
3046 1607 3330 1649 veretrum.

1957 1687 2137 1741 l’roles
2175 1697 2234 1740 ut
2280 1686 2471 1739 stolide
2499 1687 2697 1739 rideret
2727 1700 2857 1740 voce
2890 1686 3122 1751 procaci,

1952 1777 2101 1843 Quod
2137 1775 2388 1845 probrum
2419 1777 2638 1844 cupiunt
2661 1777 2853 1829 fratres
2897 1777 3073 1830 velare
3106 1791 3409 1844 paternum,

1952 1870 2162 1922 'l‘ertius
2185 1880 2236 1923 et
2268 1871 2467 1938 primus
2500 1870 2639 1936 pepli
2674 1869 2774 1922 sub
2802 1879 2948 1922 veste
2980 1880 3238 1938 tegentes.

1952 1961 2005 2012 Si
2040 1962 2280 2013 Bacchus
2303 1960 2466 2013 valuit
2520 1961 2885 2015 venerandum
2916 1976 3111 2028 cogere
3143 1973 3341 2018 vatem.

1955 2051 2020 2104 Ut
2050 2052 2330 2104 devoraret
2360 2051 2626 2116 sobolem,
2659 2061 2712 2105 et
2741 2067 2909 2121 genus
2937 2067 3096 2105 omne
3129 2063 3404 2117 nepotum.

1955 2144 2142 2195 lucens
2175 2160 2184 2192 :
2219 2143 2287 2193 sit
2315 2141 2540 2194 famulus
2563 2141 2815 2195 Chanaan
2849 2142 3231 2195 maledictusin
3263 2156 3431 2195 aevum
3460 2145 3472 2193 !

1881 2227 1921 2281 Β
1953 2234 2097 2288 Nunc
2124 2235 2299 2303 potius
2323 2235 2511 2288 metuit
2541 2235 2740 2288 defruti
2773 2237 2961 2302 pocula
2993 2237 3163 2303 virgo,

1953 2327 2247 2383 .‘l‘ltliraleiu
2279 2327 2481 2394 linquat
2508 2343 2574 2380 ne
2603 2326 2786 2381 victrix
2819 2328 2955 2380 forte
2985 2341 3259 2381 coronam.

1954 2418 2147 2471 Ebrius
2176 2419 2241 2470 ad
2273 2420 2394 2471 vita:
2423 2432 2482 2471 se
2515 2419 2684 2470 nescit
2717 2418 2936 2470 tendere
2969 2419 3180 2482 callem,

1954 2509 2087 2564 Loth
2118 2526 2328 2579 quoque
2351 2512 2439 2578 qui
2477 2511 2654 2578 largus
2695 2512 2985 2564 sceleratos
3014 2512 3217 2565 vixerat
3243 2511 3401 2573 inter,

1950 2603 2155 2670 llospes
2181 2604 2476 2670 hospitibus
2502 2604 2745 2670 prabens
2774 2605 3083 2656 umbracula
3114 2604 3259 2662 tecti.

1953 2697 2182 2764 liapsilis
2230 2707 2282 2750 et
2315 2697 2554 2751 tribuens
2583 2697 2790 2750 cunctis
2817 2696 3075 2748 solamina
3106 2696 3293 2754 victus,

1948 2789 2080 2840 Cum
2099 2797 2506 2853 seortatores,et
2523 2788 2713 2842 molles
2725 2787 3066 2858 ενοι-ἀείρων..
3088 2784 3274 2852 corde]
3289 2787 3548 2848 ciuredns,

1951 2878 2051 2946 Qui
2082 2879 2328 2932 Sodomae
2359 2879 2563 2932 facinus
2594 2880 2880 2946 patrabant
2909 2895 3058 2932 more
3093 2879 3343 2940 nefando,

1946 2970 2155 3024 Caerula
2212 2971 2520 3039 sulphureis
2576 2980 2845 3025 torreri-nt
2898 2969 3078 3041 [ματη
3139 2978 3343 3022 torrent
3391 2967 3547 3036 quos!

2948 3064 3190 3133 [ﬂumina
3221 3064 3469 3124 flammis,

1946 3157 2134 3211 Nonne
2166 3165 2312 3208 sator
2341 3155 2581 3208 sobolem
2611 3165 2800 3221 stupro
2829 3155 3080 3223 cognovit
3103 3154 3363 3216 adultam,

1949 3249 2141 3302 Ebrius
2165 3249 2216 3301 in
2243 3247 2475 3300 thalamo
2534 3255 2777 3299 natarum
2809 3247 3020 3300 nescius
3044 3245 3278 3299 errans?

1943 3339 2093 3405 Quod
2125 3341 2298 3392 scelus
2329 3338 2601 3390 infandum
2637 3347 2872 3404 patraret
2916 3338 3140 3391 crimine
3173 3351 3467 3404 nunquam,

1945 3432 2004 3482 Ni
2038 3446 2188 3483 mero
2215 3430 2458 3483 madidus
2491 3430 2720 3482 nesciret
2746 3429 2865 3497 jura
2923 3439 3182 3483 tororum.

1943 3521 2078 3586 Quid
2113 3535 2404 3574 memorem
2429 3535 2572 3588 sapa:
2602 3523 2947 3574 temulentum
2980 3529 3198 3573 nectare
3231 3520 3436 3573 Nabal’

1944 3611 2042 3674 Qui
2076 3627 2241 3680 genus
2272 3611 2533 3675 extorris,
2567 3625 2666 3663 nec
2709 3625 2812 3663 non
2843 3619 2898 3664 et
2940 3625 3134 3665 nomen
3160 3611 3359 3662 avitum

1945 3701 2136 3754 Ebrius
2163 3701 2472 3770 exprobrat,
2505 3700 2694 3756 stolida
2726 3715 2846 3754 cum
2877 3717 3008 3756 voce
3033 3705 3383 3757 cachinnans.

1947 3790 2012 3844 Et
2036 3791 2087 3845 ni
2123 3800 2366 3844 matrona
2400 3792 2664 3858 prudens,
2693 3789 2808 3846 fore
2839 3792 3032 3845 damna
3057 3794 3250 3847 marito

1945 3884 2190 3952 [‘ervigili
2221 3897 2379 3937 sensu
2412 3894 2592 3939 no~set
2626 3892 2849 3937 ventura
2884 3886 3135 3953 maligno,

1945 3977 2054 4029 lleu
2085 3984 2311 4045 quantos
2356 3976 2580 4029 demens
2611 3991 2704 4030 seu
2735 3977 2925 4044 quales
2954 3981 3151 4046 stragis
3181 3991 3424 4040 acervos,

1942 4072 1984 4125 A
2009 4085 2133 4138 rege
2153 4080 2332 4138 spreto
2349 4080 2622 4138 pateretur
2648 4070 2822 4122 lentus
2841 4070 2893 4123 in
2917 4070 3066 4122 aula!

1942 4163 2005 4217 Ut
2042 4162 2249 4215 nullum
2285 4162 2461 4230 paries
2503 4161 2827 4228 mingentem
2855 4160 2982 4212 lotia
3012 4171 3214 4223 nosset,

1941 4255 2078 4305 Ante
2100 4255 2304 4306 Aurora
2357 4251 2578 4304 rubrum
2607 4265 2767 4314 quam
2807 4248 2986 4304 lumen
3019 4259 3299 4318 Spargeret
3329 4263 3471 4300 arvis
3493 4290 3506 4306 ,

1941 4343 2148 4400 Idcirco
2177 4343 2315 4396 hanc
2337 4343 2543 4397 belvam
2574 4342 2790 4396 studeat
2828 4357 3085 4408 superare
3116 4341 3318 4409 virago,

1940 4433 2014 4488 Ne
2056 4433 2264 4488 balrena
2309 4432 2460 4504 [Pan
2486 4474 2500 4498 ,
2556 4429 2800 4500 Bellona]
2842 4446 3003 4485 vorax
3054 4433 3232 4484 valvas
3272 4427 3532 4494 explndat

3199 4518 3457 4588 [Olympi,

1937 4617 2172 4686 Spiritus
2195 4627 2253 4670 ut
2283 4625 2512 4684 nequeat
2546 4613 2784 4682 paradisi
2811 4612 3073 4668 scandere
3101 4623 3394 4680 sceptrum.

1941 4714 2079 4767 Dura
2101 4710 2316 4780 quidem
2345 4709 2543 4779 jugiter
2571 4708 2798 4762 virtutes
2831 4707 2970 4761 bella
2999 4705 3294 4765 facessunt,

1939 4801 2231 4872 lngluviem
2260 4811 2468 4865 contra,
2501 4800 2806 4853 vincentem
2837 4799 3008 4852 ferrea
3031 4797 3221 4860 corda,

1937 4894 2040 4949 Sed
2069 4903 2247 4947 tamen
2274 4892 2554 4961 integritas
2575 4890 2772 4959 jejunis
2801 4889 3005 4944 viribus
3033 4889 3236 4953 obstat,

1939 4985 2276 5053 Frangantur
2300 4982 2529 5052 dapibus
2559 4997 2624 5036 ne
2649 4982 3047 5050 propugnacula
3072 4980 3289 5033 mentis.

1940 5074 2181 5130 Nectaris
2205 5073 2410 5127 idcirco
2443 5073 2742 5125 contemnit
2788 5071 2977 5138 pocula
3011 5072 3208 5132 mulsa,

1941 5169 2112 5234 Atque
2141 5165 2399 5231 Opttlenta
2432 5162 2566 5232 fugit
2595 5175 2691 5230 pro
2712 5160 2932 5215 Christo
2956 5160 3156 5214 fercula
3189 5160 3360 5226 virgo,

1940 5257 2231 5325 Virginitas
2260 5254 2385 5310 felix
2408 5264 2565 5320 queat
2595 5261 2652 5306 ut
2675 5252 2880 5307 servire
2908 5250 3160 5305 Tonanti.

1943 5351 2076 5405 Exin
2108 5359 2382 5403 certamen
2410 5357 2718 5415 stuprorum
2751 5345 2887 5400 bella
2916 5345 3215 5399 secundum

1943 5442 2144 5498 Blanda
2167 5441 2311 5496 cient
2339 5450 2493 5496 caste
2515 5439 2733 5494 Christo
2756 5437 3141 5492 famulantibus
3173 5437 3300 5492 aito.

1937 5536 2132 5589 Verum
2164 5533 2446 5603 virginitas
2469 5539 2776 5584 scortorum
2800 5540 2949 5585 casta
2980 5531 3202 5594 lupanar

1935 5627 2224 5682 Conculeat
2251 5625 2476 5694 pedibus
2504 5624 2642 5677 omni
2672 5623 2886 5676 l'ctentis
2915 5621 2983 5673 ad
3010 5621 3177 5673 instar
3211 5635 3226 5673 :

1940 5721 2016 5775 Ex
2057 5720 2155 5774 hoc
2185 5728 2476 5772 nascuntur
2507 5725 2750 5769 monstro
2779 5714 3088 5782 turpissima
3117 5714 3303 5772 verba,

1942 5812 2047 5867 Nec
2067 5827 2173 5866 non
2203 5812 2520 5871 scurrilitas,
2555 5819 2608 5860 et
2637 5823 2812 5862 ερενο
2847 5807 3048 5860 ludicra
3073 5817 3248 5875 gestu,

1944 5905 2188 5962 Frivolus
2215 5913 2266 5960 ct
2290 5904 2449 5959 fallas
2479 5917 2654 5971 amor,
2683 5915 2743 5956 ac
2774 5899 3067 5970 petulantia
3099 5900 3275 5956 luxus.
