4172 6588
1499 517 1554 566 ς.
1604 511 1955 567 ALDHELMI
2000 506 2285 563 OPERL'M

670 644 715 688 U
744 649 970 696 quantus
1003 637 1256 699 qualesve
1279 633 1447 695 virus,
1477 640 1529 683 ct
1561 627 1715 680 laude
1747 628 2008 679 celebres.

674 733 798 785 Hzrc
831 729 1044 783 Bellona
1071 726 1213 779 ferox
1246 724 1343 777 sub
1378 721 1546 775 tristia
1576 719 1800 772 Tartara
1828 716 2002 773 trusit,

675 820 983 888 Virgineum
1013 818 1236 870 demens
1268 812 1548 879 stropliosa
1576 808 1760 863 fraude
1786 807 2147 870 triump’i-imY

675 915 786 962 i\on
825 909 901 963 sic
930 906 1201 974 egregiam
1235 902 1446 955 virtutis
1475 901 1699 967 perdere
1734 899 1968 966 palmam

677 1004 873 1055 li'nrma
904 1002 1196 1053 venustatis
1228 998 1391 1050 valuit
1417 994 1749 1058 compellere
1780 992 2002 1057 .lnsepli,

675 1093 772 1159 Qui
803 1092 1075 1145 dominam
1109 1088 1314 1155 Sprevit
1346 1093 1648 1138 nectentem
1674 1082 1805 1135 retia
1835 1084 1956 1134 luxu
1981 1118 1988 1127 .
2010 1127 2022 1139 ,

676 1188 731 1238 lit
758 1195 1000 1253 stuprum
1034 1183 1243 1253 fugiens
1273 1180 1412 1251 pepli
1447 1178 1710 1231 velamina
1740 1177 1893 1245 liquit
1923 1195 1932 1228 :

675 1275 876 1329 idcirco
899 1274 1022 1328 felix
1053 1272 1250 1327 meruit
1273 1268 1614 1335 Memphitica
1645 1278 1881 1335 sceptra,

670 1372 840 1432 Quem
874 1376 1016 1420 totus
1038 1366 1305 1419 celebrem
1338 1372 1601 1418 terrarum
1632 1361 1891 1429 prmdicat
1918 1362 2086 1413 urnis.

669 1461 806 1525 Quid
833 1460 1055 1512 referam
1083 1455 1267 1511 Juditlt
1301 1468 1560 1524 generosa
1585 1452 1755 1520 stirpe
1782 1463 2015 1506 creatam
2044 1493 2055 1517 ,

674 1549 1034 1602 l'rostibulum
1068 1550 1207 1611 regis
1238 1555 1562 1599 temneutem
1598 1558 1812 1612 peeture
1834 1561 1986 1610 puro,

675 1641 741 1693 lit
768 1651 1007 1708 stuprum
1036 1639 1257 1694 sceleris
1284 1642 1589 1691 calcantem
1622 1638 1785 1691 corde
1819 1638 2125 1703 profanum,

670 1733 885 1786 tlivibus
919 1733 1119 1786 idcirco
1148 1732 1336 1785 mortis
1358 1730 1668 1783 discrimina
1703 1729 1899 1796 passis,

670 1826 825 1877 tiasta
879 1832 1214 1878 cruentatum
1263 1823 1492 1891 gestavit
1551 1822 1711 1891 vulgo
1745 1822 1923 1892 [Par.,
1960 1822 2125 1887 fulva]
2159 1834 2266 1873 tm.

1974 1923 2189 1985 “unum,

676 2014 943 2079 lutegt‘um
980 2024 1201 2064 servans
1231 2010 1420 2063 devota
1451 2020 1630 2064 mente
1661 2010 1943 2077 pudorem.

677 2106 763 2154 Sic
800 2103 984 2157 vitium
1017 2102 1193 2155 carnis
1219 2103 1417 2171 polluta
1450 2101 1610 2155 ςυτιιε
1658 2101 1903 2155 nocentis
1944 2101 2125 2170 lPur.,
2182 2117 2264 2155 re-

2036 2193 2194 2247 ttati~|

677 2266 957 2327 lutegritas
987 2265 1130 2318 almo
1158 2267 1455 2320 contemnit
1489 2276 1635 2320 casta
1668 2266 1958 2334 triumpho,

679 2358 892 2409 .lituula
924 2358 1175 2423 virgini-is
1207 2358 1530 2419 proturbans
1563 2359 1702 2411 bella
1729 2359 1958 2427 sagittis,

678 2450 870 2502 Luriila
901 2449 1180 2515 prostibuli
1211 2465 1276 2502 ne
1310 2449 1482 2512 possit
1510 2463 1732 2518 serpere
1760 2450 1912 2503 virus

679 2546 732 2597 In
762 2545 916 2596 libras
942 2542 1156 2606 fragiles
1182 2542 1458 2596 MlCt'CllSiS
1492 2552 1637 2596 torre
1661 2542 1932 2597 medullis.

753 2635 879 2687 ['ost
904 2633 1222 2701 pliilargyria
1259 2633 1500 2700 producit
1535 2632 1687 2686 tertia
1721 2633 1944 2695 bellum,

683 2728 1065 2793 interpretatur
1095 2726 1282 2777 \ilillm
1310 2724 1449 2793 quod
1484 2725 1619 2776 forte
1645 2724 1858 2790 cupido.

683 2816 809 2867 ll.rc
838 2815 1044 2868 (luctrix
1077 2828 1267 2883 pugna:
1298 2816 1527 2881 stipatur
1557 2813 1725 2867 milite
1753 2813 1942 2866 denso.

684 2908 797 2961 Non
829 2907 943 2961 sola
977 2905 1219 2975 graditur
1252 2920 1344 2972 per
1371 2904 1583 2972 publica
1607 2914 1771 2958 strata
1798 2905 2087 2972 pedestris,

685 3003 844 3052 Arma
888 3010 1108 3052 cruenta
1160 2996 1362 3061 ferens,
1390 3006 1444 3051 ct
1467 2997 1668 3052 Spicula
1695 2996 1783 3048 lita
1818 2994 1998 3056 lPar.,
2031 2995 2159 3062 latal
2188 3011 2273 3048 ve-

2018 3087 2202 3155 Illcuu.

694 3182 818 3232 Iliec
845 3178 1071 3233 comites
1095 3193 1311 3245 pravos,
1338 3177 1387 3230 id
1414 3188 1491 3233 est
1514 3220 1527 3243 ,
1560 3177 1836 3231 mendacia
1871 3178 2041 3236 mille.

699 3272 935 3326 l-‘raudes
964 3279 1019 3324 et
1047 3270 1214 3333 fures,
1247 3286 1309 3324 ac
1342 3269 1490 3324 falsis
1517 3270 1703 3324 frivola
1736 3270 1925 3338 gestis,

691 3361 970 3428 Appetitus
1000 3359 1167 3428 turpis
1198 3359 1352 3425 lucri,
1381 3366 1436 3414 et
1462 3359 1691 3429 periuria
1724 3360 1920 3425 inepta,

692 3456 864 3520 Atque
894 3450 1198 3518 rapinarum
1230 3451 1523 3504 maculatos
1552 3450 1781 3505 crimine
1812 3461 2061 3519 ηυξεειιις,

688 3542 984 3608 tlouglobat
1009 3545 1059 3596 in
1086 3557 1312 3597 cuneum
1344 3557 1462 3597 cum
1490 3539 1637 3597 falsis
1668 3540 1890 3596 testibus
1912 3544 2137 3596 ardens:

694 3632 759 3686 Ut
790 3631 1066 3687 l’salmista
1096 3631 1241 3684 canit
1272 3632 1575 3701 lacrymans
1604 3630 1795 3685 delicta
1828 3647 2062 3693 reorum,

690 3729 915 3791 Scitipcr
943 3721 1181 3776 avaritia:
1213 3722 1413 3776 nummi
1442 3722 1646 3777 servire
1678 3723 1951 3776 videntum
1984 3739 1995 3773 :

693 3813 1045 3869 'l'ltesaurizat
1073 3822 1128 3869 et
1153 3813 1360 3879 ignorat
1389 3814 1475 3868 cui
1506 3823 1796 3883 cungreget
1827 3816 1938 3869 illa.

694 3907 892 3960 Paulus
917 3906 1212 3974 apostolico
1244 3906 1544 3975 promulgat
1574 3905 1773 3960 famine
1800 3906 2011 3970 ductor,

696 3996 1022 4049 iluuctorum
1053 4008 1268 4048 causam
1301 4003 1613 4049 contestans
1642 4008 1765 4050 esse
1789 3995 2070 4049 malorum.

702 4087 811 4139 lloc
843 4084 1027 4138 vitium
1054 4083 1256 4139 idcirco
1282 4096 1504 4140 conetur
1535 4083 1782 4154 frangere
1808 4085 1977 4157 virgo.

698 4176 834 4228 Dum
869 4175 1072 4229 facinus
1106 4184 1309 4229 vastum
1342 4174 1505 4230 loculi
1531 4184 1766 4243 gestator
1792 4190 1983 4229 avarus

699 4268 753 4319 In
789 4265 1070 4319 Dominum
1102 4266 1235 4321 lucis
1265 4266 1484 4334 stropha
1514 4274 1816 4334 patraverat
1842 4276 1952 4321 atra
1971 4311 1984 4332 ,

703 4359 916 4413 Credita
944 4359 1033 4428 qui
1062 4358 1259 4412 rabidis
1287 4357 1471 4413 furtim
1502 4360 1775 4429 marsupia
1806 4360 1996 4428 palmis

703 4451 992 4519 tlompilat,
1024 4460 1077 4504 et
1100 4449 1291 4519 stipem
1323 4449 1549 4519 cupidus
1578 4450 1712 4505 clam
1745 4450 1953 4508 fraudat
1980 4469 2229 4523 egenum.

704 4542 853 4595 Ultio
884 4549 1209 4610 quapropter
1241 4538 1421 4595 lethali
1448 4541 1596 4595 calce
1625 4552 1829 4596 reatum

711 4633 972 4698 \indit-at,
1002 4641 1057 4686 et
1085 4632 1253 4687 furem
1281 4631 1480 4686 crudeli
1514 4633 1738 4688 verbere
1770 4634 1979 4701 plectit;

705 4726 805 4790 Qui
838 4740 1017 4796 regem
1048 4724 1172 4778 caeli
1203 4722 1553 4778 redimeutem
1584 4724 1741 4777 saecla
1766 4737 1956 4777 cruore

712 4820 958 4875 Vendidit
988 4817 1195 4887 argenti
1227 4827 1461 4873 emeatus
1490 4831 1714 4872 munere
1742 4818 1986 4871 demens.

710 4914 817 4967 Nec
848 4926 951 4965 non
986 4910 1221 4965 Hebraeae
1251 4909 1425 4979 gentis
1450 4919 1701 4978 regnator
1728 4924 1943 4975 avarus,

713 5010 752 5059 Λ
787 5020 891 5072 quo
917 5004 1165 5073 flurigera
1196 5003 1467 5057 fraudatur
1499 5001 1653 5056 vinea
1681 5001 1912 5066 Naboth,

710 5094 945 5163 tlonjuge
967 5092 1172 5148 crudeli
1202 5091 1456 5147 scltedam
1486 5092 1756 5147 scribente
1785 5092 2093 5153 nefandam,

715 5187 827 5240 lloc
858 5186 1034 5239 scelus
1065 5183 1341 5238 amborum
1371 5185 1657 5253 strophoso
1679 5186 1901 5241 crimine
1928 5200 2136 5256 gestum

715 5277 954 5348 Castigat
983 5275 1134 5347 [Pan
1166 5279 1293 5330 add.
1341 5277 1430 5350 ex]
1477 5279 1683 5348 superis
1716 5290 2062 5349 prospectans
2090 5281 2301 5333 arcduis

2043 5372 2225 5443 [Ililtit‘.

718 5463 959 5532 Namque
989 5475 1208 5519 cruenta
1239 5479 1402 5519 canes
1438 5466 1637 5520 finxere
1666 5466 1863 5520 fluenta
1892 5467 2124 5535 tyranni,

718 5559 830 5619 Qua
861 5555 1060 5609 dudum
1090 5558 1341 5610 occubuit
1362 5558 1703 5626 scopulorum
1732 5559 1991 5629 grandine
2018 5571 2189 5621 vasta,

723 5649 982 5701 Innocuos
1014 5647 1279 5717 princeps,
1310 5650 1396 5718 qui
1429 5650 1631 5705 nullum
1654 5650 1865 5706 lauerat
1894 5652 2075 5704 armis.

722 5737 933 5792 Jezebel
967 5754 1095 5794 vero
1122 5754 1241 5809 qua:
1273 5742 1496 5795 'l‘omum
1525 5744 1739 5812 scripsit
1760 5745 1824 5798 ad
1854 5745 2061 5807 urbi-in,

722 5834 897 5896 Atque
930 5829 1123 5895 probos
1147 5832 1357 5886 Domini
1386 5835 1627 5889 multavit
1654 5837 1767 5890 dira
1800 5836 2104 5905 prophetas,

726 5924 929 5975 Acriter
965 5923 1215 5979 horrendi
1244 5926 1548 5998 discerpunt
1584 5930 1741 5986 dettle
1776 5931 2016 5997 mUIUSsi,

672 527 769 578 ἳἷῆ

2328 505 2507 560 PARS
2548 503 2634 558 lll.
2670 535 2739 544 ——
2780 506 3121 562 ΡΟΕΜᾹΤᾹ.
3854 507 3951 563 ibi)

2287 622 2324 673 Λ
2364 616 2703 684 Membraque
2738 633 3003 685 purpureo
3036 619 3156 668 tabo
3191 619 3398 683 perfusa
3435 616 3677 670 ruebant.

2368 710 2455 758 Sir.
2484 724 2695 774 quoque
2729 709 2995 776 quas~atis
3027 724 3271 777 prmceps
3306 711 3402 762 sub
3434 711 3701 765 tumuibus
3736 728 3783 762 ui
3804 714 3831 759 it
3858 737 3895 767 η

2371 798 2602 849 Perdidit
2633 800 2801 850 aurati
2832 799 2993 850 vitam
3029 814 3122 865 per
3152 799 3294 852 lucra
3329 801 3551 854 metalli.

2368 888 2494 940 Tale
2526 888 2622 940 fuit
2655 888 2856 942 letlmm
2890 890 3208 943 miserorum
3244 891 3380 944 lorte
3407 892 3684 954 clientum.

2366 987 2511 1045 Quos
2536 980 2691 1033 simul
2723 981 2789 1033 ad
2821 992 3057 1034 montem
3084 997 3334 1036 saxorum
3368 986 3517 1037 turba
3551 988 3775 1039 teret-az.

2367 1074 2497 1123 (lum
2535 1073 2739 1126 Domini
2771 1077 2997 1143 populus
3024 1077 3159 1129 muri
3197 1078 3481 1145 pinnacula
3505 1089 3712 1146 septeni

2373 1164 2547 1215 Denso
2580 1165 2798 1218 vallaret
2830 1180 3000 1221 cuneo
3030 1166 3350 1237 fulgentibus
3376 1171 3558 1221 armis.

2368 1253 2595 1321 Salpicis
2625 1263 2678 1308 et
2706 1255 2946 1323 clangor,
2968 1273 3065 1313 uec
3089 1274 3192 1313 non
3223 1271 3275 1314 et
3297 1261 3522 1316 classica
3555 1262 3697 1314 sistri

2370 1342 2703 1398 llorrendinu
2732 1346 3011 1402 incussere
3037 1364 3233 1403 metum
3270 1366 3363 1418 per
3382 1351 3541 1404 corda
3572 1354 3834 1413 virorum,

2369 1435 2485 1489 Mox
2517 1452 2703 1492 eversa
2737 1448 2895 1493 ruunt
2924 1439 3072 1494 urbis
3100 1440 3308 1509 fastigia
3341 1441 3543 1503 fractae,

2370 1527 2496 1593 Quae.
2525 1527 2724 1583 dudum
2753 1540 3013 1585 steterant
3043 1532 3276 1598 septenis
3308 1533 3519 1586 arcibus
3547 1533 3763 1601 amplr.

2372 1624 2544 1671 Aurea
2568 1617 2644 1673 sic
2668 1620 2893 1686 cupidus
2923 1623 3203 1676 cumulatis
3232 1624 3519 1691 crepundia
3549 1638 3780 1692 qumstu,

2375 1709 2550 1764 Farcit
2583 1725 2746 1779 egens
2770 1712 2971 1781 jugiter
3001 1714 3145 1766 fulvo
3175 1714 3498 1768 numismate
3524 1730 3680 1770 saccu
3708 1736 3764 1777 ιι,

2377 1808 2437 1855 l-.t
2466 1814 2642 1858 tamen
2673 1806 2875 1873 expleri
2910 1806 3086 1860 rabies
3114 1806 3357 1860 ambusta
3385 1815 3626 1875 negatur.

2373 1894 2480 1946 Ceu
2512 1893 2639 1948 laris
2668 1896 2883 1949 accensi
2913 1898 3176 1965 crepitant
3208 1899 3450 1953 incendia
3475 1900 3705 1952 flammis

2298 1964 2344 2022 Β
2374 1987 2634 2052 Amplius,
2665 1997 2719 2042 et
2746 1998 2948 2057 quanto
2977 1991 3178 2044 fuerint
3207 2000 3488 2059 augmenta
3520 2006 3794 2060 I‘Ogﬂfliilt.

2373 2075 2546 2131 Tanto
2577 2078 2693 2146 plus
2719 2078 2908 2133 sitiunt.
2938 2092 2993 2133 ut
3026 2080 3184 2136 turris
3209 2079 3395 2135 fomite
3428 2082 3675 2152 flagrent,

2378 2168 2469 2224 Sic
2502 2169 2662 2237 igitur
2691 2171 2917 2239 cupidus
2948 2187 3045 2225 ncr.
3074 2187 3179 2226 non
3210 2171 3471 2236 infernus,
3503 2182 3556 2226 et
3588 2173 3724 2241 ignis

2373 2261 2615 2315 Conferri
2648 2272 2873 2330 possunt
2907 2272 3058 2316 terno
3086 2263 3448 2332 paradigmatc
3478 2279 3677 2319 rerum.

2452 2354 2547 2406 Ast
2581 2368 2708 2408 vero
2740 2366 2983 2423 quartam
3019 2367 3140 2409 trux
3177 2368 3465 2428 congregat
3499 2358 3573 2411 ira
3602 2369 3902 2422 eatcrrmu,

2374 2444 2502 2506 Qua:
2533 2459 2745 2513 semper
2779 2446 3059 2500 furibunda
3094 2447 3240 2516 cupit
3266 2449 3571 2502 discrimina
3605 2451 3747 2513 beili,

2379 2536 2443 2588 Et
2473 2535 2577 2589 ciet
2606 2537 2669 2590 ad
2699 2553 2926 2607 pugnam
2959 2548 3166 2594 mentes
3193 2541 3458 2594 discordia
3493 2544 3737 2605 fratrum,

2383 2627 2512 2679 ltum
2552 2628 2799 2694 copulata
2828 2628 2927 2696 pia:
2959 2629 3242 2699 disrumpit
3264 2631 3464 2686 waera
3491 2634 3654 2701 pacis.

2380 2720 2454 2773 lix
2492 2722 2588 2774 hac
2620 2730 2914 2775 nascuntur
2941 2722 3115 2778 caedes
3134 2738 3253 2778 cum
3278 2734 3456 2795 strage
3488 2726 3733 2780 nefanda:

2382 2810 2445 2862 lit
2475 2810 2680 2864 clamor
2707 2811 2875 2877 vocis,
2908 2812 3068 2867 simul
3098 2813 3392 2885 indignatio
3423 2816 3694 2869 freudenn

2379 2900 2483 2955 Sed
2517 2900 2790 2956 moderata
2837 2911 2990 2969 gerat
3017 2912 3218 2957 cetram
3269 2904 3521 2973 patientia
3563 2915 3748 2958 Contra
3787 2907 3946 2978 ll'ur.

3365 3006 3660 3050 certam....
3687 2998 3915 3065 terram}

2385 3085 2558 3152 Atque
2586 3091 2925 3136 cruentatum
2959 3082 3105 3138 ferro
3134 3083 3366 3139 fractura
3397 3086 3697 3149 cerebrum,

2386 3173 2482 3226 Irae
2506 3173 2817 3227 bacchantis
2847 3173 3131 3242 strepitum
3154 3176 3446 3245 compescit
3473 3190 3776 3237 enormem.

2393 3264 2616 3319 Vincere
2645 3279 2711 3319 ne
2741 3265 2911 3319 valeat
2934 3264 3216 3320 Furiarum
3248 3267 3477 3321 maxima
3501 3276 3731 3326 mentes.

2336 3356 2357 3378 ‘
2389 3355 2648 3423 Quamvis
2680 3355 2964 3425 Gorgoneo
2991 3358 3185 3412 stridat
3213 3360 3474 3414 maculata
3502 3375 3718 3422 cruore,

2390 3449 2562 3511 Atque
2596 3449 2876 3502 venenatis
2900 3447 3197 3502 mordenda
3224 3449 3403 3504 sibilet
3434 3450 3636 3520 hydris.

2390 3536 2524 3590 Dum
2552 3544 2715 3606 caput
2742 3552 2810 3592 ex
2841 3537 3014 3593 Erebo
3046 3539 3305 3608 nigrantis
3337 3540 3445 3596 lilia
3477 3544 3648 3598 noctis

2390 3624 2574 3690 Tollit,
2609 3635 2663 3681 et
2690 3627 2742 3681 in
2777 3629 3034 3683 mundum
3059 3632 3257 3702 Stygiis
3283 3640 3492 3707 detersa
3523 3634 3764 3698 latebris.

2390 3717 2627 3772 Suscitat
2654 3719 2858 3774 Allecto
2891 3736 3092 3777 scaevas
3120 3725 3186 3778 ad
3214 3728 3467 3781 scandala
3491 3740 3723 3794 meute~,

2392 3809 2517 3863 llaec
2544 3811 2683 3865 solet
2712 3812 2778 3866 ad
2808 3812 3005 3869 bellum
3036 3814 3260 3873 ferratos
3290 3819 3489 3876 ducere
3517 3834 3727 3888 contos,

2396 3901 2618 3955 llorrida
2651 3902 2887 3961 facturos
2915 3906 3200 3963 animabus
3228 3910 3452 3967 vulnera
3483 3916 3707 3977 sanctis,

2392 3991 2612 4046 Nostras
2643 3994 2694 4046 ni
2728 3994 2983 4050 Dominus
3014 3998 3498 4073 mentesdefendat
3525 4004 3783 4061 inermes.

2463 4082 2717 4139 Ttis‘lititt:
2748 4074 2933 4153 quinto
2965 4091 3262 4159 grassantia
3292 4091 3431 4147 bella
3463 4096 3694 4151 tumultu

2398 4173 2661 4228 Virtutum
2695 4191 2877 4232 muros
2902 4188 2957 4233 et
2986 4184 3382 4252 propugnacula
3416 4187 3685 4256 frangunt,

2396 4267 2727 4336 'l'ironesque
2756 4268 2845 4322 Dei
2874 4280 3067 4325 vexant.
3095 4273 3408 4330 crudelibus
3436 4278 3624 4331 armis.

2395 4356 2672 4425 Quamque
2702 4360 3056 4427 pusillanimis
3090 4373 3206 4419 trux
3239 4366 3546 4436 desperatio
3576 4371 3779 4427 mentis

2396 4448 2663 4517 Opprimit
2693 4450 2959 4506 incautam
2990 4453 3212 4510 obtentu
3243 4459 3479 4514 rancoris
3499 4462 3702 4525 amari;

2402 4541 2630 4596 Bellator
2652 4540 2850 4598 Christi
2874 4544 2965 4599 sed
2993 4561 3115 4601 mox
3141 4548 3369 4605 umbone
3398 4550 3659 4616 retundit,

2328 4672 2372 4729 υ
2402 4631 2558 4686 Gesta
2593 4632 2823 4688 ll‘ialilia}
2855 4645 2908 4690 et
2940 4637 3139 4703 pariter
3167 4653 3334 4707 genus
3361 4654 3520 4697 omne
3546 4656 3897 4711 mucronum,

2400 4725 2529 4791 Qua:
2580 4736 2809 4781 mentem
2866 4728 3145 4785 stimulare
3201 4733 3417 4800 solent,
3478 4749 3545 4789 ne
3596 4736 3737 4792 forte
3780 4736 3997 4794 fatiscat

3444 4823 3622 4896 [Par..
3656 4829 3873 4882 resistat
3892 4830 3928 4899 ξ.

2405 4909 2557 4965 llunc
2582 4913 2824 4967 morbum
2858 4913 3045 4982 argroti
3072 4912 3403 4970 medicantur
3430 4917 3617 4986 gaudia
3649 4920 3836 4974 cordi.

2403 5001 2630 5070 Spiritus
2658 5012 2712 5057 et
2738 5003 2860 5057 Leto
2891 5004 3175 5059 moderans
3204 5021 3296 5074 pra
3313 5007 3492 5061 cordia
3521 5021 3701 5079 gestu,

2404 5094 2511 5148 Nec
2537 5093 2680 5163 rigor
2708 5103 2764 5149 et
2792 5109 2983 5150 rancor
3012 5097 3206 5153 mentis
3238 5098 3521 5166 penetralia
3555 5102 3797 5166 turbent,

2408 5185 2473 5239 Ut
2503 5194 2731 5255 nequeat
2750 5184 2947 5242 Christi
2976 5200 3195 5244 securus
3221 5188 3400 5244 vivere
3423 5190 3594 5245 miles.

2408 5276 2704 5348 Fraugatur
2738 5278 2907 5347 petitis
2935 5294 3057 5334 mox
3080 5278 3387 5351 desperatio
3417 5293 3629 5348 maesta,

2407 5368 2482 5424 Ne
2515 5378 2634 5425 ruat
2662 5370 2715 5425 in
2752 5384 2987 5440 princeps
3018 5374 3213 5427 mentis
3241 5381 3443 5427 statura
3473 5373 3738 5443 labantis,

2407 5464 2458 5518 Si
2492 5461 2645 5520 firmo
2672 5473 2852 5518 careat
2877 5462 3046 5519 nostri
3071 5462 3376 5521 fundamine
3403 5466 3626 5530 Christi,

2408 5560 2505 5621 Qui
2536 5571 2749 5627 semper
2776 5557 3034 5611 tremulos
3068 5567 3267 5613 tutatur
3292 5561 3457 5630 gratia
3487 5564 3653 5628 gratis

2411 5650 2473 5702 εει
2502 5650 2704 5704 nullum
2737 5650 2934 5719 patitur
2956 5649 3138 5705 lethali
3171 5650 3389 5707 vulnere
3422 5652 3545 5718 labi,

2410 5743 2483 5793 λε
2515 5739 2830 5809 desperatus
2858 5741 3211 5797 medicantem
3245 5743 3509 5811 spreverit
3538 5757 3697 5809 teget.

2413 5835 2465 5885 lu
2499 5834 2733 5900 geminas
2767 5833 2901 5890 istud
2934 5850 3127 5890 nomen
3159 5850 3215 5894 se
3249 5837 3446 5891 findere
3484 5846 3662 5905 partes

2411 5928 2678 5996 Creditur,
2707 5938 2757 5984 t-tt
2789 5930 2986 6000 duplici
3018 5930 3337 5987 ditimuntur
3370 5941 3581 5990 trauute
3613 5948 3826 5990 cauit.
