4172 6534
124 447 228 500 985

125 574 235 627 lina
265 568 510 622 salutaris
535 564 759 617 temlens
790 560 853 614 ad
889 560 1070 613 limina
1104 558 1260 619 lucis,

126 664 302 716 Altera
336 656 580 712 mortalis
612 662 901 723 penetrans
935 650 997 703 ad
1030 650 1249 701 Tartara
1287 656 1441 710 tetra,

127 758 201 809 De
228 768 331 822 qua
365 764 464 805 nos
492 752 698 804 salvari:
732 748 869 801 Deus
894 746 1139 813 dignetur
1170 742 1235 794 ah
1269 754 1414 791 arce.

196 846 329 899 llinc
356 846 526 896 aciem
552 850 753 895 sextam
789 848 1007 906 torpens
1033 832 1231 887 Acedia
1264 830 1430 887 ducit,

124 940 243 989 ()iia
272 950 390 1005 qua:
422 934 561 986 fovet
586 939 641 984 et
672 943 889 983 somnos
921 926 1151 993 captabit
1184 924 1409 981 inertes,

130 1032 436 1097 Importuna
468 1026 625 1080 simul
663 1025 949 1079 verborum
976 1019 1166 1074 l'rivola
1200 1027 1441 1076 sontum,

132 1120 401 1173 Instabilis
431 1118 629 1172 mentis
660 1126 842 1185 gestus
871 1123 923 1168 et
953 1111 1197 1179 corp0ris
1228 1121 1399 1171 aezus,

132 1209 448 1281 lnqttietudo
479 1208 639 1263 simul
668 1208 894 1273 stipatur
923 1205 1093 1257 milite
1120 1202 1306 1255 denso.

130 1306 361 1375 Pervigil
398 1306 535 1357 hanc
564 1312 771 1371 pestem
802 1302 973 1352 caleat
1001 1301 1300 1353 Constantia
1333 1296 1545 1354 mentis,

130 1400 262 1462 Qua:
292 1407 437 1451 cetra
466 1393 661 1448 Christi
691 1395 849 1463 gestit
876 1393 1169 1445 defendere
1209 1392 1392 1452 vitam,

134 1490 389 1543 llostibns
419 1490 660 1558 explosis
691 1502 879 1541 secura
913 1503 1043 1556 pace
1089 1489 1311 1555 potitur.

135 1582 365 1647 Spiritus
393 1581 482 1635 ille
513 1595 676 1649 vagus
701 1580 849 1646 cupit
879 1587 937 1632 ut
966 1594 1118 1632 mens
1144 1579 1251 1632 otia
1284 1588 1489 1645 qurerat
1515 1594 1527 1635 ;

138 1680 383 1743 Occupet
411 1684 465 1729 et
497 1674 728 1727 studium
757 1675 870 1741 jam
901 1674 1261 1727 somnolentia
1293 1687 1511 1733 sensus,

137 1766 334 1820 Sedula
367 1766 656 1821 sollicitum
689 1767 864 1832 pulset
895 1780 963 1818 ue
994 1766 1152 1817 lectio
1185 1774 1393 1831 pectus,

140 1856 365 1911 Lumina
390 1870 489 1909 nec
513 1856 728 1925 vigilum
748 1853 1043 1923 Scriptura:
1064 1854 1276 1906 tramite
1303 1852 1523 1906 tendant
1545 1853 1553 1920 |
1574 1848 1722 1913 Pun,

1414 1942 1663 2013 [tendat].

210 2038 486 2107 Septimus
512 2036 813 2105 insequitur
843 2035 1022 2088 densis
1051 2035 1323 2088 exercitus
1350 2034 1539 2095 armis,

140 2131 309 2194 Quam
345 2137 549 2195 pestem
582 2126 740 2195 prisci
771 2124 955 2179 dicunt
982 2125 1285 2178 kenodoxia
1315 2124 1509 2187 Grmci,

148 2220 290 2272 \‘ana
320 2218 460 2287 quod
498 2220 548 2270 in
580 2218 790 2270 Latium
823 2215 1148 2269 transfertur
1175 2216 1345 2284 gloria
1376 2230 1593 2267 nonum.

145 2308 269 2359 “:EC
300 2308 691 2374 protoplastum
726 2306 945 2374 pellexit
976 2306 1163 2358 fraude
1194 2306 1465 2366 colonum,

148 2398 330 2450 Dirum
362 2398 723 2466 persuadente
752 2398 932 2451 scelus
964 2396 1173 2449 fautore
1203 2397 1486 2459 malorum,

146 2490 310 2545 'fales
336 2504 401 2544 ex
434 2500 555 2542 atro
586 2489 711 2542 dmn
748 2486 894 2554 rapit
918 2498 1135 2556 pectore
1162 2502 1355 2539 voces:

149 2579 203 2631 lu
234 2593 552 2649 quacunque
579 2579 668 2633 die
701 2579 859 2632 vultis
890 2579 1184 2645 decerpere
1218 2580 1473 2639 fructum,

150 2670 270 2722 Mox
299 2668 562 2738 patefacta
598 2671 731 2722 fiunt
754 2669 1002 2723 vestratis
1029 2671 1224 2721 lttmina
1254 2670 1467 2733 frontis,

153 2760 262 2813 Nec
293 2774 401 2813 non
429 2760 598 2813 divini
632 2762 783 2815 vobis
820 2763 1144 2815 comitantur
1176 2760 1428 2813 honores.

151 2855 194 2906 υ
226 2866 389 2921 quam
434 2851 569 2907 falsa
600 2853 739 2906 latro
766 2851 1070 2921 spondebat
1100 2850 1285 2905 frivola
1319 2854 1568 2917 mendax,

159 2946 228 3000 L't
258 2959 521 2999 concessa
555 2944 703 2999 rudis
733 2942 966 2999 fuscaret
1000 2958 1219 2997 munera
1250 2944 1369 2995 vita:
1397 2944 1408 2994 ε

158 3036 353 3090 Nonne
382 3038 512 3090 satis
538 3036 675 3090 foret
704 3048 763 3090 ut
790 3036 996 3107 quadro
1024 3051 1144 3091 cum
1176 3036 1397 3089 cardine
1422 3038 1676 3094 mtttztltts,

158 3131 329 3193 Quem
359 3127 566 3196 vertigo
598 3127 707 3196 poli
737 3128 909 3196 longis
939 3126 1271 3179 anfractibus
1296 3126 1487 3187 ambit,

162 3218 361 3271 lisibus
395 3217 643 3271 humanis
675 3219 905 3272 serviret
936 3222 1037 3272 rite
1069 3234 1162 3286 per
1195 3233 1392 3278 mvutu,

158 3307 329 3361 lnfula
364 3318 607 3363 terrenos
638 3308 690 3362 ni
720 3310 841 3363 εαξιὶ
874 3322 1047 3363 comat
1082 3310 1367 3361 alumnos?

162 3399 278 3454 lleu
329 3399 534 3461 scelus,
569 3398 671 3452 ltcu
703 3399 926 3462 facinus,
967 3400 1179 3451 miseris
1211 3398 1528 3452 mortalibus
1575 3410 1751 3451 mlum

862 3490 1036 3559 [Par.,
1064 3491 1411 3543 miscrum....
1441 3504 1615 3542 aevum
1644 3490 1678 3559 l!

163 3586 228 3638 Et
260 3584 366 3637 hac
395 3600 460 3637 cx
486 3598 620 3637 vana
655 3584 950 3650 prmsertim
984 3583 1150 3651 gloria
1184 3582 1370 3648 fretus,

163 3676 313 3729 lland
347 3677 537 3729 metuit
564 3676 833 3743 princeps,
861 3687 959 3739 spe
987 3675 1384 3727 circumventus
1410 3675 1575 3728 inani.

164 3768 241 3821 Ex
275 3768 383 3821 hoc
405 3768 695 3835 gignuntur
737 3764 985 3819 vitiorum
1015 3764 1199 3818 fomite
1231 3765 1438 3829 clades,

166 3857 431 3913 Letbiferi
465 3858 698 3928 primum
730 3858 879 3913 verbi
911 3858 1186 3913 contentio
1217 3872 1485 3926 praeceps,

166 3953 295 4007 Inde
318 3950 528 4007 heresis
557 3950 751 4019 gliscit,
776 3964 873 4004 nec
899 3964 1003 4003 non
1031 3949 1289 4017 jactantia
1320 3950 1541 4013 crescit,

166 4043 258 4097 llis
286 4056 507 4112 quoque
535 4040 877 4110 congreditur
909 4039 1255 4109 prmsumptio
1289 4049 1407 4092 trux
1439 4038 1757 4102 novitatnm,

162 4134 272 4189 Sed
307 4134 416 4187 tiro
444 4130 671 4186 infracta
702 4139 872 4185 tectus
899 4129 1169 4186 testudine
1200 4130 1422 4195 Christi,

165 4223 401 4279 Horrida
433 4221 669 4277 vulnifici
694 4220 932 4276 detrudit
957 4220 1157 4289 spicula
1191 4219 1338 4275 ferri.

234 4316 503 4370 Octavam
535 4312 770 4366 cumulat
798 4312 1096 4365 truculenta
1132 4310 1383 4379 superbia
1416 4317 1670 4372 turmam,

165 4406 426 4461 Militibus
454 4402 654 4458 Christi
689 4410 1029 4471 torquentem
1064 4400 1170 4470 pila
1207 4400 1390 4467 piacli,

164 4503 298 4566 Qua:
329 4497 639 4567 glomerare
668 4492 849 4546 studet
875 4501 1094 4546 ventosa
1124 4490 1309 4545 fraude
1334 4490 1617 4559 maniplos,

169 4591 238 4645 Et
262 4586 521 4660 graditur
556 4598 767 4653 semper
792 4582 929 4637 fastu
958 4582 1215 4637 comitata
1239 4580 1493 4650 maligno,

172 4681 305 4737 Dum
337 4676 571 4748 pedibus
604 4678 776 4746 pergit
808 4690 902 4743 per
929 4672 1110 4728 mundi
1132 4672 1359 4727 crimina
1385 4670 1565 4724 fallax.

170 4773 277 4826 Sed
304 4771 537 4825 cristata
567 4780 722 4837 caput
751 4774 971 4834 quassat
1000 4764 1100 4819 sub
1126 4762 1359 4818 nubibus
1382 4764 1535 4817 atris.

168 4865 304 4921 Nam
339 4864 667 4934 plerumque
694 4858 890 4928 probos
916 4856 1144 4926 propriis
1177 4864 1519 4925 prosternere
1553 4854 1673 4910 telis

173 4958 403 5021 Nititur,
435 4962 491 5008 et
516 4960 728 5020 strages
760 4950 951 5004 alienis
976 4947 1182 5003 factitat
1211 4946 1396 5000 armis.

174 5049 433 5106 Nascitur
459 5055 575 5100 atra
607 5044 779 5097 frutex
808 5056 874 5096 ex
901 5041 1001 5095 ista
1036 5039 1217 5095 radice
1242 5038 1519 5105 frondens,

178 5144 242 5195 tit
265 5152 469 5196 nemus
492 5135 803 5190 umbrosum
831 5131 949 5185 diro
977 5130 1045 5186 de
1074 5130 1282 5187 semine
1298 5130 1488 5200 surgit.

178 5236 364 5293 Primo
389 5238 738 5296 contemptus
765 5239 1044 5295 procerum
1071 5233 1337 5294 prmcepta
1365 5222 1677 5289 docentem,

182 5331 317 5385 Dum
352 5324 564 5383 mentis
599 5322 796 5392 typbus
823 5332 1047 5375 ventoso
1077 5327 1293 5387 pectore
1318 5326 1526 5388 turget;

182 5422 293 5477 Nec
325 5433 439 5474 non
478 5413 690 5470 invidia:
723 5411 889 5481 pestis
916 5408 1247 5479 progignitur
1275 5407 1423 5473 inde,

181 5516 312 5580 Quae
343 5509 495 5566 solet
525 5504 759 5573 aequales
785 5500 991 5557 tumido
1020 5511 1370 5557 contemnere
1403 5500 1562 5564 fastu,

187 5614 363 5678 Atque
389 5598 722 5658 satellitibus
749 5596 948 5667 spretis
978 5610 1202 5664 regnare
1244 5595 1492 5662 superba.

188 5701 437 5767 Namque
470 5706 570 5763 per
598 5688 852 5744 invidiam
880 5687 1100 5742 letbalia
1129 5696 1341 5753 sceptra
1369 5688 1638 5756 vigebant,

190 5794 318 5846 ltum
346 5785 542 5859 prrcdo
570 5781 742 5853 pellax
772 5788 826 5836 et
855 5790 1009 5836 tetra:
1042 5780 1231 5833 inertis
1262 5789 1471 5833 amator

190 5886 483 5940 Auctorem
520 5874 738 5946 generis
766 5871 981 5943 stropha
1009 5869 1229 5941 pellexit
1259 5870 1423 5927 inani.

1217 430 1304 487 DE
1344 427 1523 483 OCTO
1567 422 2089 479 PRl-N'CIPALIBUS
2133 421 2354 477 VITIIS.

1744 552 1787 608 Λ
1818 551 2111 603 Scandet'et
2134 548 2197 601 ad
2230 563 2454 614 superas
2480 562 2629 598 arces
2664 562 2728 599 ne
2760 546 2909 597 turba
2944 554 3217 610 neptuni.

1824 643 1909 692 Sic
1936 654 2145 708 quoque
2178 638 2363 691 livoris
2399 637 2520 689 tabo
2552 648 2841 705 corruptus
2874 639 3108 698 enarmi,

1823 731 2111 796 Splendida
2137 732 2378 799 germani
2406 728 2629 794 disrupit
2659 730 2865 781 fmdera
2903 730 3089 787 frater,

1829 824 2046 889 l‘inguia
2076 824 2161 889 qni
2190 825 2395 890 primus
2425 820 2797 874 combuswrat
2827 828 2949 873 exta
2984 819 3283 877 bidentum,

1829 921 2168 988 Despiciente
2210 920 2319 971 Deo
2344 919 2579 972 crudelis
2628 933 2851 971 munera
2877 917 3033 970 Cuia.

1830 1012 1957 1064 Inde
1990 1026 2148 1079 prava
2178 1025 2335 1077 seges
2366 1011 2588 1077 glirihus
2624 1010 2891 1062 densi-scit
2926 1009 3157 1067 acerbis,

1828 1104 2097 1171 Singnine
2126 1116 2392 1171 purpureo
2420 1101 2545 1153 dum
2572 1116 2745 1155 saevus
2770 1114 2892 1153 rura
2926 1108 3167 1150 cruentat
3194 1114 3205 1151 :

1830 1196 1957 1250 lude
1989 1197 2343 1264 superbarum
2377 1204 2673 1247 nascuntur
2702 1208 2973 1246 murmura
3010 1206 3222 1248 vocum,

1832 1290 1893 1342 lit
1918 1290 2121 1341 crimen
2154 1289 2329 1341 cordis
2353 1288 2496 1341 dicto
2529 1302 2718 1353 parere
2744 1287 3003 1353 negantis,

1834 1388 1905 1435 Ar
1935 1385 2180 1436 lacerans
2214 1382 2460 1433 homines
2495 1392 2613 1433 trux
2655 1379 2970 1433 detractatio
2993 1379 3212 1441 liugum.

1902 1478 2107 1527 Cmtera
2138 1490 2256 1542 qua:
2286 1474 2485 1525 dudum
2514 1473 2916 1525 numeravimus
2958 1471 3167 1538 agmina
3197 1478 3427 1534 St‘plt'm,

1835 1568 1974 1621 Inter
2003 1568 2255 1620 mortales
2288 1578 2499 1619 terrena
2526 1565 2693 1633 stirpe
2720 1575 2993 1616 creantur.

1836 1664 1929 1715 Ast
1960 1678 2085 1715 vero
2114 1670 2411 1713 monstrum
2444 1659 2508 1712 de
2537 1674 2643 1727 quo
2668 1671 2807 1709 nunc
2838 1656 3025 1723 pagina
3057 1654 3192 1705 fatur

1837 1754 2162 1821 l’rincipiutn
2194 1752 2421 1817 sumpsit
2450 1766 2612 1818 super
2637 1752 2740 1803 alta
2772 1748 3050 1802 cacumina
3081 1748 3228 1810 eo-b,

1844 1844 2127 1913 Aogelicus
2158 1844 2423 1911 princeps,
2456 1851 2512 1895 et
2542 1852 2729 1910 protus
2758 1839 2944 1892 lucifer
2973 1838 3175 1895 :rtbrae,

1769 1911 1815 1971 Β
1850 1939 1922 1991 lix
1955 1937 2221 2005 Aquilone
2252 1950 2405 1987 suum
2436 1932 2563 1987 dum
2601 1933 2893 1987 sublimare
2927 1930 3157 1982 tribunal

1848 2026 2060 2089 tlestiit,
2095 2034 2149 2079 et
2175 2026 2405 2079 Domino
2434 2024 2663 2078 similem
2694 2038 2751 2077 se
2784 2021 2969 2075 fraude
3001 2018 3308 2087 spopondit.

1919 2120 2153 2186 Jamque
2185 2132 2376 2170 novem
2404 2117 2639 2182 lapidum
2667 2116 2835 2167 forma
2868 2114 3177 2182 phaleratus
3205 2125 3441 2173 ammon,

1848 2212 2045 2263 Contra
2078 2209 2388 2264 Creatorem
2415 2209 2611 2263 frustra
2636 2217 2943 2275 turgescere
2972 2204 3155 2271 cmpit,

1854 2305 1985 2357 llum
2010 2304 2186 2357 scelus
2219 2302 2543 2355 horrendum
2574 2310 2709 2354 tetro
2743 2299 2843 2351 sub
2870 2307 3083 2365 pcctore
3114 2305 3311 2355 versat,

1855 2397 1919 2449 lit
1949 2396 2231 2449 Dominum
2265 2394 2493 2462 propriis
2522 2400 2761 2459 aequaret
2788 2388 2991 2442 viribus
3030 2384 3230 2446 audax,

1856 2490 2067 2542 Lucifer
2096 2487 2317 2551 idcirco,
2349 2486 2565 2539 deserto
2587 2484 2802 2537 climate
2833 2480 2981 2541 cmli,

1855 2581 2013 2647 Nigra
2043 2578 2365 2632 satellitibus
2407 2576 2636 2643 stipatus
2666 2576 2888 2627 Tartara
2920 2570 3089 2624 farsit.

1854 2670 2137 2725 (Imlicolas
2168 2671 2266 2722 ista
2294 2667 2586 2736 prostravit
2614 2668 2769 2720 belva
2799 2666 3089 2734 superbos,

1854 2766 1951 2829 Qui
1983 2765 2127 2832 prius
2158 2762 2396 2830 angelica
2429 2760 2695 2814 fulserunt
2721 2760 2839 2813 luce
2867 2759 3101 2819 corusci,

1856 2854 2085 2909 Sedibus
2106 2863 2158 2907 et
2184 2852 2392 2920 superis
2425 2852 2687 2905 florebant
2716 2860 2863 2902 sorte
2899 2850 3075 2902 beata.

1859 2948 2035 3003 Tertia
2067 2947 2341 3001 stellarum
2374 2953 2555 2999 rueret
2584 2943 2707 2997 dum
2742 2944 2915 3011 portio
2948 2957 3206 3009 princeps;

1861 3038 2057 3093 Lucida
2080 3039 2163 3091 bis
2196 3046 2397 3090 tantum
2447 3043 2762 3089 manserunt
2792 3033 2968 3087 sidera
2997 3046 3211 3085 sursmu

1862 3128 2099 3197 Denique
2129 3128 2172 3188 si
2200 3126 2373 3195 potuit
2393 3124 2514 3179 caeli
2546 3125 2774 3178 multare
2803 3132 3069 3181 catervas,

1786 3256 1828 3316 C
1866 3220 2184 3275 Pestifcrum
2214 3221 2391 3273 natrix
2418 3226 2637 3272 ructans
2666 3217 2732 3270 de
2764 3217 2914 3270 fauce
2938 3232 3224 3275 venenum,

1862 3312 1989 3368 Plus
2015 3328 2073 3367 se
2104 3320 2350 3367 terrenus
2380 3310 2635 3365 mundani
2668 3313 2840 3364 cultor
2862 3309 3041 3377 agelli,

1864 3405 1957 3459 llic
1982 3413 2185 3458 metuat
2216 3404 2385 3456 multo
2411 3415 2632 3472 gypsam
2654 3401 2893 3453 lacerare
2922 3399 3227 3467 superbam.

1862 3496 2012 3549 Talia
2040 3500 2282 3548 monstra
2306 3501 2480 3560 potest
2507 3491 2726 3545 humilis
2756 3504 3012 3558 superare
3042 3488 3280 3551 satelles,

1862 3584 1961 3652 Qui
1996 3583 2199 3638 tumido
2230 3584 2401 3637 nescit
2425 3582 2621 3637 mentis
2652 3590 2962 3649 turgescere
2991 3578 3176 3648 typho,

1862 3683 2036 3751 Atque
2064 3680 2417 3749 superborum
2440 3678 2724 3733 conculcat
2748 3676 2979 3732 crimina
3006 3688 3239 3729 morum.

1863 3770 2231 3840 Nequidquam
2255 3770 2538 3838 integritas
2564 3767 2717 3821 fama:
2752 3765 3020 3834 prmconia
3042 3772 3241 3831 captat,

1867 3863 1925 3919 Si
1952 3862 2132 3917 cordis
2163 3862 2377 3930 peplum
2402 3858 2697 3914 corrodens
2732 3859 2873 3911 tinea
2905 3856 3111 3918 sulcat;

1865 3955 1923 4009 Si
1952 3955 2146 4009 mentis
2177 3952 2441 4021 gremium
2474 3961 2693 4005 ventosa
2723 3950 2972 4018 superbia
3006 3949 3180 4016 farcit,

1866 4044 2089 4097 Frustra
2117 4042 2394 4110 virginitas
2428 4040 2638 4094 laudern
2679 4040 2985 4095 rumoribus
3008 4052 3175 4109 optat.

1866 4136 2109 4191 Culmina
2145 4134 2287 4189 celsa
2316 4134 2455 4187 valet
2483 4131 2701 4185 humilis
2729 4133 3095 4186 conscendere
3126 4135 3301 4205 virgo,

1869 4228 1921 4283 Si
1946 4227 2187 4295 sequitur
2215 4224 2489 4279 Christum
2521 4222 2746 4277 formam
2772 4224 2859 4287 qui
2888 4232 3105 4290 prtestat
3128 4226 3355 4279 alumnis
3379 4264 3395 4286 ,

1871 4321 1934 4373 lit
1963 4318 2144 4372 mundi
2169 4316 2405 4370 maculas
2431 4323 2681 4383 purgarat
2709 4316 2967 4383 sanguine
2995 4317 3133 4369 fuso.

1941 4408 2045 4463 Sed
2077 4422 2144 4462 ne
2168 4408 2409 4461 materia:
2442 4406 2637 4471 moles,
2662 4420 2762 4461 ceu
2788 4408 2997 4461 sarcina
3028 4409 3267 4477 grandis,

1874 4500 2157 4569 Deprimit,
2186 4506 2244 4553 ut
2267 4507 2492 4553 cunctas
2521 4512 2626 4552 non
2661 4498 2825 4565 possit
2854 4499 3041 4552 charta
3093 4514 3323 4553 coronas

1801 4604 1849 4661 ο
1878 4588 2145 4645 Prendere
2172 4590 2458 4659 virgineas,
2494 4590 2613 4643 aliis
2647 4588 2739 4643 sed
2766 4591 2993 4656 plurima
3028 4601 3231 4644 restant

1878 4680 2229 4743 Perficienda,
2258 4679 2444 4734 rudem
2479 4679 2682 4733 malunt
2708 4681 2795 4747 qui
2826 4695 3046 4735 noscere
3076 4696 3317 4739 sensum.

1877 4770 2185 4839 Ingeniique
2212 4771 2292 4824 sui
2327 4770 2518 4824 nolunt
2546 4778 2855 4837 torpescere
2881 4781 3081 4833 cotem,

1878 4862 1991 4916 Non
2022 4864 2190 4917 aciein
2222 4862 2402 4917 cordis
2427 4862 2645 4917 scrabra
2667 4862 2913 4931 rubigine
2942 4863 3194 4931 perdunt,

1879 4954 1995 5009 Otia
2029 4968 2126 5008 nec
2155 4954 2422 5022 propriam
2445 4952 2692 5021 linquunt
2719 4954 3012 5007 obtundere
3067 4964 3324 5019 mentem,

1881 5046 2019 5113 Quin
2056 5045 2233 5110 potius
2263 5058 2445 5098 sacros
2472 5054 2691 5099 versant
2717 5044 2817 5098 sub
2848 5054 3066 5113 pectore
3092 5046 3286 5105 libros,

1882 5138 2083 5193 Crebro
2114 5146 2415 5193 scrutantes
2446 5137 2757 5205 prmscripta
2787 5138 3057 5192 volumina
3096 5138 3294 5206 legum,

1884 5232 2013 5298 Qua:
2044 5238 2302 5296 superant
2330 5228 2508 5283 mellis
2549 5228 2778 5282 mulsum
2810 5228 3125 5292 dulcedine,
3152 5240 3367 5295 gustum

1886 5321 2259 5391 Ftaventisquc
2282 5321 2406 5383 favi,
2434 5321 2629 5375 cecinit
2658 5320 2799 5388 quod
2825 5322 3063 5375 carmine
3091 5334 3262 5373 vates.

1886 5416 1973 5466 Sic
1997 5415 2164 5468 lector
2192 5413 2314 5468 libri
2335 5412 2528 5477 solers,
2549 5423 2600 5468 et
2628 5428 2826 5480 gnarus
2857 5422 3086 5475 amator,

1887 5506 2079 5559 Nititur
2107 5506 2306 5561 electos
2337 5505 2626 5574 Scriptura:
2646 5519 2867 5572 carpere
2899 5502 3127 5567 fructos,

1892 5597 1957 5651 Ut
1989 5612 2151 5665 pecus
2179 5605 2417 5667 agrestes
2446 5611 2509 5650 ex
2542 5604 2691 5663 prato
2721 5596 2929 5649 vellicat
2964 5594 3153 5648 herbas
3174 5635 3187 5655 ,

1889 5690 2171 5745 Nocturnis
2200 5689 2461 5745 recubans
2490 5704 2619 5756 quas
2653 5704 2836 5741 rursus
2872 5687 3105 5740 rmninet
3138 5685 3303 5735 heri»

1890 5784 1991 5837 Sed
2021 5798 2109 5835 sus
2134 5782 2365 5836 meuosis
2394 5780 2658 5833 voltttabri
2682 5780 2928 5833 sordibus
2962 5786 3079 5843 apta
3104 5816 3119 5836 ,

1893 5878 2175 5931 Atti-ituro
2210 5872 2389 5945 nequit
2430 5886 2615 5929 crasso
2646 5874 2743 5927 sub
2774 5881 2985 5940 gutture
3022 5885 3230 5931 iumen,
