4172 6592
706 456 805 508 '28?

707 573 839 622 llum
869 577 1048 624 stratis
1081 568 1341 624 recubans
1362 576 1638 636 porcaster
1665 576 1857 635 pausat
1884 568 2079 620 obesus

703 663 892 716 Juncis
919 672 972 715 et
1000 661 1213 728 stipulis
1238 674 1444 713 necnon
1469 659 1775 726 filicumque
1803 658 2069 723 maniplis.

710 762 850 811 Ante
880 753 1017 818 dies,
1041 752 1282 819 inquatn,
1309 765 1613 819 quanquam
1639 752 1769 804 mihi
1800 750 2050 817 Quintilis
2080 749 2292 809 πάρης,

706 846 923 900 Sextilis
942 853 1034 900 aut
1059 845 1219 900 etiam
1254 843 1523 913 protelent
1553 853 1793 910 tempora
1827 843 2007 907 terris,

708 937 943 1003 Deficiet,
980 945 1140 990 totam
1172 950 1330 1003 quam
1364 936 1562 1003 possim
1594 934 1831 1002 pandere
1855 935 2081 999 famam,

712 1031 1017 1102 Virginibus
1045 1029 1206 1083 castis
1231 1026 1430 1083 fantem
1456 1027 1721 1096 prazconia
1744 1026 1941 1082 laudis.

707 1121 814 1174 Nec
843 1119 983 1174 valet
1012 1118 1333 1173 immensum
1363 1117 1601 1186 perfecte
1628 1115 1767 1172 forte
1789 1116 2072 1184 pudorem,

704 1210 931 1265 tiarrula
962 1210 1245 1265 raucisono
1273 1208 1558 1279 complecti
1593 1208 1780 1279 pagina
1812 1222 1967 1262 versu
1992 1248 2007 1272 ,

704 1303 959 1368 Quamvis
981 1301 1212 1357 millenis
1238 1300 1552 1356 collaudent
1573 1314 1667 1355 ora
1701 1298 1949 1369 loquelis,

706 1399 859 1450 Sicut
884 1394 1147 1465 folligenis
1178 1395 1448 1463 respirant
1469 1406 1672 1462 organa
1702 1391 1907 1457 ﬂabris,

707 1486 905 1541 Musica
935 1487 1190 1550 concisis,
1221 1497 1275 1541 et
1302 1488 1496 1540 clamat
1524 1483 1731 1539 barbita
1766 1484 1995 1538 bombis.

715 1581 875 1634 Vinea
902 1595 1061 1649 parva
1096 1578 1224 1632 mihi
1249 1578 1510 1632 flaventes
1538 1577 1755 1645 protulit
1790 1593 1938 1639 uvas,

707 1674 967 1738 Quamvis
998 1673 1048 1725 in
1077 1673 1261 1741 gracili
1292 1678 1539 1726 vernat‘ct
1568 1669 1845 1737 pampinus
1872 1682 2021 1721 urvo.

713 1766 862 1817 Unde
886 1763 1155 1833 pudicitiae
1176 1775 1403 1829 carpens
1424 1761 1492 1815 de
1525 1760 1743 1827 palmite
1767 1760 1975 1821 botros,

706 1857 868 1909 t)eins
898 1854 1136 1924 expressi
1168 1864 1458 1908 metrorum
1488 1854 1707 1921 paucula
1732 1863 1938 1913 musta;

708 1946 823 2000 Non
856 1957 1034 2001 tamen
1065 1947 1298 2001 arbitror
1320 1947 1460 2015 quod
1488 1955 1735 1999 acescant
1768 1959 1987 2011 prorsus
2010 1946 2058 1995 iu
2092 1960 2287 2006 invitm,

710 2044 807 2090 Am
837 2038 1024 2094 dentes
1052 2039 1280 2091 stridant
1300 2038 1357 2091 in
1388 2046 1515 2105 pottt
1543 2036 1679 2091 forte
1703 2037 2004 2101 bibentntu,

708 2131 769 2182 Ni
794 2129 952 2183 fallax
974 2143 1147 2198 caupo
1175 2128 1428 2196 strophas
1459 2128 1703 2181 infundat
1733 2143 1966 2196 aquosas
1988 2174 2002 2196 ,

706 2222 808 2288 Qui
834 2223 975 2278 solet
993 2222 1267 2277 interdum
1298 2232 1599 2277 mercantes
1633 2222 1820 2275 fallere
1860 2222 2111 2291 lymphis,

711 2314 842 2366 lium
869 2316 1053 2372 studet
1077 2315 1130 2367 in
1152 2315 1341 2381 euppis
1368 2313 1563 2367 defruti
1596 2312 1821 2381 perdere
1845 2325 2045 2367 nectar.

707 2403 910 2458 'l‘aliter
929 2403 1225 2472 astipulans
1246 2412 1399 2458 natos
1428 2403 1496 2457 de
1528 2403 1640 2457 vite
1664 2418 1933 2467 racemos,

709 2496 751 2549 Β
779 2495 975 2562 quibus
1005 2495 1056 2550 in
1085 2496 1250 2565 prmlo
1279 2495 1475 2565 plantis
1500 2497 1846 2551 eontunditttr
1875 2512 1999 2550 ttva.

706 2592 825 2643 .lam
855 2599 1065 2659 tempus
1092 2588 1234 2657 cogit
1260 2599 1544 2645 currentes
1570 2589 1827 2643 claudere
1850 2605 2057 2651 vcrsns,

711 2681 927 2736 ltustica
958 2680 1254 2749 magnificis
1296 2679 1617 2735 condentem
1655 2682 1892 2734 carmina
1923 2688 2146 2742 sanctis,

709 2771 991 2826 'l‘erminus
1019 2786 1268 2841 aequoreo
1293 2771 1420 2825 dum
1454 2770 1598 2824 venit
1627 2773 1866 2839 margine
1897 2774 2077 2834 nn-tri,

712 2865 864 2917 l'outi
890 2877 1171 2931 spumosas
1203 2872 1258 2914 ut
1277 2871 1433 2915 nauta
1463 2862 1775 2915 transfretat
1803 2862 2005 2926 undas,

713 2957 940 3009 Maxima
983 2971 1078 3025 per
1106 2955 1369 3009 modicam
1399 2958 1675 3013 dimensus
1703 2956 1897 3009 caerula
1923 2955 2160 3018 lintrem,

712 3049 899 3119 Attigit
920 3057 1162 3117 optatum
1198 3050 1371 3104 lassus
1401 3050 1469 3105 de
1499 3050 1709 3119 gurgite
1737 3050 1905 3114 littus,

711 3140 941 3209 'l'urgida
973 3143 1212 3196 ventosis
1241 3143 1516 3207 deponens
1543 3143 1765 3197 carbasa
1795 3143 1971 3205 malis,

711 3241 1091 3304 Antennasqnc
1118 3236 1275 3290 simul
1308 3236 1522 3291 solvens
1560 3237 1630 3291 de
1661 3244 1812 3305 parte
1842 3238 2147 3296 rudentum,

712 3326 958 3380 Auchora
988 3326 1326 3397 fluctivagam
1359 3342 1502 3383 nunc
1531 3330 1687 3383 sistat
1728 3329 1951 3382 metrica
1986 3329 2219 3390 barcam,

716 3421 730 3468 t
763 3428 783 3470 t
810 3420 1001 3473 saltem
1031 3420 1081 3473 in
1112 3432 1264 3488 portu
1295 3433 1579 3491 quassatus
1606 3424 1783 3478 navita
1814 3426 2041 3490 nostris,

714 3509 790 3562 Ad
824 3509 1059 3577 requiem
1089 3514 1336 3578 tendens,
1370 3524 1549 3582 optata
1578 3524 1725 3569 sorte
1755 3516 1980 3569 fruatur.

789 3602 896 3655 llos
928 3601 1088 3671 igitur
1116 3618 1318 3672 panper
1342 3606 1566 3674 supplex
1597 3606 1824 3661 obsecro
1857 3615 2128 3673 patronos.

717 3692 979 3763 \"irgineis
1008 3696 1283 3763 proprium
1307 3707 1585 3752 cementes
1615 3701 1824 3752 actibus
1847 3714 2017 3750 :evmu

716 3785 778 3836 Et
804 3786 1027 3840 famulas
1056 3786 1263 3843 Domini
1295 3788 1542 3855 precibus
1565 3790 1788 3857 pulsabo
1818 3790 2081 3850 misellus,

716 3876 1026 3943 Integritate
1046 3892 1140 3932 sua
1169 3894 1289 3947 quae
1318 3880 1518 3935 Christi
1548 3896 1712 3949 regna
1751 3893 2049 3945 merentur,

714 3967 957 4034 Limpida
984 3969 1240 4039 stelligeri
1292 3970 1615 4026 scandentes
1643 3974 1874 4026 culmina
1898 3975 2018 4027 emli
2038 4014 2050 4035 ,

718 4060 786 4111 tit
813 4060 1093 4113 hominum
1120 4062 1330 4128 pulsent
1345 4061 1581 4115 clamosa
1608 4076 1740 4117 voce
1762 4062 2084 4127 Tonantem,

714 4150 814 4215 Qui
843 4150 980 4205 solet
1008 4150 1236 4220 indignis
1259 4152 1402 4206 ultro
1428 4152 1781 4208 miserescere
1810 4156 2011 4219 vernis,

711 4241 1106 4313 Conversisque
1136 4244 1243 4298 reis
1270 4259 1530 4300 noxarum
1562 4247 1770 4301 solvere
1802 4248 1999 4310 vinela,

714 4339 987 4398 Quatenus
1008 4343 1134 4390 ante
1165 4335 1305 4391 diem
1335 4337 1422 4406 qni
1449 4338 1575 4393 vitm
1605 4338 1806 4393 lumina
1840 4340 2042 4393 claudit
2062 4385 2076 4406 ,

717 4425 824 4477 Nec
856 4440 960 4478 non
981 4435 1105 4481 ante
1125 4426 1268 4482 diem
1293 4428 1385 4496 qui
1414 4429 1603 4483 mortis
1633 4430 1813 4483 limina
1839 4430 2044 4497 pandit.

713 4518 919 4569 (iuncta
947 4516 1240 4587 piaclorum
1271 4519 1548 4574 solvantur
1567 4533 1714 4591 gesta
1740 4537 2010 4590 meorum,

718 4609 783 4659 lit
813 4607 1166 4677 quodcunque
1191 4608 1317 4663 mali
1347 4611 1515 4679 gessit
1544 4613 1736 4667 lasciva
1762 4614 2043 4680 juventus.

719 4698 901 4752 Deleat
927 4706 1178 4762 teternus,
1212 4700 1469 4755 caelorum
1498 4702 1685 4771 gloria,
1720 4701 1965 4757 Christus

715 4788 1017 4843 Clementer
1039 4789 1247 4844 veniam
1273 4790 1534 4857 tribuens,
1565 4805 1784 4861 peccata
1811 4796 2073 4859 remittat,

718 4884 957 4951 Actibus,
988 4895 1079 4941 aut
1098 4887 1257 4943 dictis
1283 4927 1298 4954 ,
1324 4901 1420 4943 seu
1451 4890 1569 4943 solo
1593 4891 1750 4943 noxia
1775 4905 1936 4945 sensu
1961 4908 1974 4953 ;

714 4979 803 5031 Sic
826 4978 952 5032 mihi
980 4978 1230 5049 dignetur
1257 4990 1564 5036 sanctorum
1592 4996 1803 5035 summa
1829 4994 2087 5051 potestas.

718 5070 1029 5125 t'rrcsidium
1054 5071 1254 5127 misero
1288 5073 1483 5128 devote
1514 5073 1655 5128 ferre
1678 5076 1943 5139 vicissim,

715 5165 863 5225 Quos
891 5177 990 5229 ego
1018 5162 1256 5231 virgineo
1283 5165 1544 5235 descripsi
1565 5168 1806 5223 carmine
1829 5169 2011 5230 metri.

719 5255 787 5308 Ut
819 5255 1038 5309 minime
1069 5256 1266 5312 lateant
1292 5268 1563 5314 castorum
1587 5270 1730 5313 serta
1754 5276 1849 5330 per
1869 5263 2083 5319 orbem.

717 5348 959 5411 Qualiter
986 5364 1051 5403 ex
1083 5349 1298 5417 propria
1330 5351 1656 5406 meruissent
1675 5366 1837 5407 carne
1869 5368 2121 5407 coronas.

789 5441 894 5495 Sed
922 5454 1016 5495 vos
1043 5442 1293 5512 virgineis
1321 5443 1484 5498 comit
1504 5458 1641 5513 quos
1669 5443 1829 5498 infula
1857 5448 2036 5509 sertis,

718 5532 830 5585 lloc
855 5546 987 5600 opus
1008 5535 1074 5587 ad
1086 5548 1270 5587 versus
1301 5535 1557 5603 querulos
1583 5534 1855 5591 defendite
1888 5552 2124 5594 scurras.

721 5621 1184 5687 Iteprelieusorttm
1210 5625 1520 5679 claudentes
1551 5625 1697 5678 labra
1729 5626 2062 5694 loquentum,

717 5713 850 5764 tium
885 5724 1056 5766 tamen
1082 5714 1219 5767 haud
1251 5725 1481 5769 metuam
1508 5729 1813 5769 scurrarum
1840 5717 1979 5771 dicta
2004 5718 2270 5782 legettlttw

719 5805 815 5867 Qui
848 5804 1051 5856 malunt
1077 5817 1253 5859 vatum
1281 5806 1512 5859 sebedas
1532 5806 1773 5861 lacerare
1796 5818 2077 5863 canentum
2103 5851 2115 5869 .

721 5896 852 5951 μιιιιι
886 5897 1063 5952 larvas
1094 5898 1235 5953 verbi
1262 5909 1504 5968 quan'uut
1534 5897 1583 5954 iu
1618 5900 1736 5954 luce
1777 5899 2055 5959 tenebras.

1530 452 1585 504 S.
1628 449 1979 506 ALDHELMI
2021 448 2309 505 OPERUM
2354 446 2527 505 PARS
2567 448 2653 503 Ill.
2699 479 2756 491 —
2812 450 3160 508 POEMATA.

3873 461 3959 509 2M

2324 568 2369 622 Α
2404 563 2667 635 l’lanaqne
2698 567 2958 621 rimantur
2980 579 3144 621 tortas
3178 584 3257 636 pri
3291 583 3409 620 rum
3446 576 3699 635 salebras,

2403 655 2598 710 Littera
2622 659 2663 711 si
2698 656 2910 722 titubet,
2955 660 3028 712 vel
3052 668 3199 714 certe
3226 659 3427 729 syllaba
3475 670 3646 721 nutet.

2398 751 2454 802 Si
2487 766 2674 821 genus,
2708 763 2799 805 aut
2827 766 3113 815 numerus,
3150 752 3233 807 vel
3264 766 3419 806 casus
3451 755 3519 808 ab
3564 756 3749 809 ordim-
3804 759 3960 816 τράπε,

2400 842 2454 896 Si
2489 856 2713 909 persona
2747 843 2939 913 triplex
2971 855 3203 910 maneat,
3234 844 3540 916 duplexque
3580 847 3773 916 figura.

2397 934 2692 1003 Quinquies
2722 945 2779 990 et
2796 948 3017 991 currant
3045 940 3332 993 verborum
3363 949 3605 1007 tempora
3641 944 3762 1006 rite,

2398 1027 2507 1082 Nec
2539 1037 2716 1083 tamen
2742 1030 3031 1083 emendant
3056 1030 3329 1086 titubantis
3355 1045 3595 1102 gramtna
3646 1043 3833 1100 poeta',

2396 1119 2501 1174 Sed
2523 1135 2736 1188 semper
2755 1122 2979 1189 cupiunt
3002 1123 3324 1190 scriptorum
3358 1139 3582 1193 carpere
3604 1126 3818 1178 chartas

2401 1209 2468 1267 Ut
2498 1226 2658 1279 caper
2685 1211 2924 1267 hirsutus
2946 1214 3085 1267 rodit
3112 1228 3231 1268 cum
3265 1216 3428 1269 dente
3482 1230 3743 1277 raremos,

2402 1304 2644 1358 Floribus
2666 1319 2931 1358 evacuans
2963 1308 3228 1360 frondenti
3260 1309 3477 1375 palmite
3500 1307 3651 1365 vites.

2397 1400 2501 1465 Qtti
2523 1400 2794 1468 quondam
2823 1400 2964 1452 vexit
2986 1400 3162 1468 pepuli
3205 1402 3255 1453 in
3284 1401 3497 1454 deserta
3529 1401 3750 1467 liiitt'ililn
3774 1444 3786 1458 .

2400 1492 2703 1543 Sanxernnt
2730 1492 2926 1544 veteris
2956 1493 3097 1559 quod
3131 1492 3261 1543 Scitu
3294 1493 3577 1545 voluminis
3607 1497 3742 1544 alma

2402 1581 2549 1632 'l‘alia
2579 1580 2672 1633 sed
2706 1581 2921 1634 timidus
2952 1582 3214 1635 dictorum
3242 1585 3343 1636 tela
3375 1592 3643 1650 pavescat,

2401 1672 2500 1735 Qui
2527 1672 2755 1739 propriis
2778 1686 3044 1739 nunquam
3076 1673 3298 1726 conlidit
3328 1675 3550 1740 belliger
3580 1693 3766 1728 armis.

2403 1762 2620 1814 llas-sida
2649 1778 2749 1817 nec
2777 1764 2936 1831 capiti
2966 1766 3127 1818 discit
3158 1769 3491 1832 pradomlere
3523 1781 3697 1823 metri.

2406 1853 2513 1906 Nec
2541 1854 2749 1923 spinam
2782 1855 2944 1910 lorica
2975 1860 3147 1911 noscit
3176 1861 3471 1913 defendere
3497 1875 3698 1928 pros.“

2336 1921 2376 1977 Β
2404 1948 2587 1998 Armet
2616 1948 2710 1999 sed
2740 1946 2982 2001 dextram
3005 1951 3245 2016 capulus,
3271 1967 3365 2004 ceu
3400 1969 3578 2017 μαι-ηυδε
3623 1954 3912 2017 situsn-am,

2397 2035 2677 2105 tit-oraque
2706 2053 2811 2091 non
2844 2049 3062 2092 careant
3100 2041 3295 2099 ocreis.
3332 2057 3431 2094 nec
3463 2043 3656 2095 femina
3693 2044 3834 2096 ferri

2401 2128 2512 2179 Neu
2547 2130 2729 2182 timeat
2760 2131 2990 2197 scriptor
3020 2134 3267 2184 terrentis
3294 2133 3495 2185 ludrira
3531 2136 3718 2200 lingua!

2400 2219 2532 2271 Nam
2564 2220 2822 2273 tremulos
2850 2228 3018 2273 terret
3042 2221 3319 2274 nocturnis
3351 2224 3492 2273 larva
3529 2222 3771 2283 latebris,

2397 2316 2527 2376 Qua:
2555 2313 2694 2366 solet
2722 2312 2775 2366 in
2800 2311 2967 2365 furvis
2995 2327 3210 2378 semper
3229 2314 3433 2383 garrire
3459 2314 3689 2367 tenebris
3708 2354 3722 2377 ,

2396 2406 2482 2456 Sic
2508 2416 2722 2470 quoque
2749 2402 3087 2457 mascharum
3118 2403 3285 2458 facies
3313 2406 3535 2458 cristata
3566 2404 3802 2459 facessit.

2396 2493 2529 2546 (lum
2563 2494 2788 2556 larvam,
2819 2503 2874 2548 et
2895 2508 3130 2547 tnascam
3156 2495 3310 2548 miles
3332 2509 3439 2547 non
3471 2494 3687 2548 horreat
3712 2493 3909 2555 audax,

2396 2588 2494 2649 Qui
2526 2588 2745 2653 proprio
2766 2586 2935 2639 fretus
2966 2588 3242 2654 prtesumit
3269 2588 3435 2642 fidere
3464 2599 3667 2656 qucsm.

2467 2675 2600 2730 Cum
2630 2678 2701 2731 sit
2726 2677 2966 2746 digestus
3002 2689 3311 2733 sanctorum
3338 2694 3505 2734 sexus
3535 2690 3754 2747 uterque

2396 2769 2520 2822 Alta
2542 2783 2904 2837 supernorum
2926 2771 3018 2835 qui
3050 2770 3316 2824 scandunt
3344 2783 3468 2824 arva
3502 2771 3760 2839 polorum.

2395 2863 2743 2930 Uctonusque
2764 2861 2924 2915 simul
2954 2862 3162 2929 peccati
3186 2862 3422 2915 calculus
3452 2863 3553 2915 atri

2402 2954 2691 3020 Expositus
2721 2952 2908 3021 gracili
2938 2951 3226 3006 verborqu
3248 2953 3399 3007 clave
3426 2962 3688 3021 patenter,

2398 3044 2568 3108 Quem
2601 3042 2743 3097 Deus
2763 3056 2793 3095 a
2824 3042 2992 3095 nostri
3024 3042 3274 3096 detrudat
3301 3045 3533 3111 pectoris
3554 3055 3729 3103 antro,

2399 3134 2463 3187 Et
2485 3135 2692 3204 procul,
2720 3136 2772 3189 in
2804 3136 2984 3190 furvas
3013 3138 3239 3204 emigret
3263 3137 3382 3191 luce
3415 3136 3681 3191 tenebras.

2403 3226 2554 3279 Nunc
2583 3227 2635 3279 in
2660 3227 2768 3279 line
2796 3240 3008 3293 precor,
3033 3240 3246 3293 prosam
3269 3236 3606 3295 metrumque
3634 3227 3898 3294 Ιεεεθηιυρ,

2347 3310 2367 3333 ⁸
2404 3319 2516 3371 lloc
2537 3332 2671 3387 opus
2699 3328 2755 3371 ut
2780 3320 2957 3371 cuncti
2987 3318 3248 3373 rimentur
3277 3323 3455 3374 mente
3485 3318 3731 3387 benigna,

2405 3411 2536 3463 Dum
2567 3411 2761 3479 patulis
2791 3412 3018 3465 lustrent
3038 3418 3242 3464 textum
3267 3411 3368 3466 sub
3398 3411 3571 3466 fronte
3600 3413 3874 3467 fenestrzs.

2402 3502 2555 3565 Quod
2586 3503 2857 3570 geminum
2889 3512 3100 3555 consutt
3121 3502 3368 3556 discretis
3392 3505 3528 3559 forte
3552 3504 3771 3567 libellis,

2406 3594 2470 3647 llt
2499 3594 2773 3647 mihicum
2799 3592 3047 3661 precibus
3078 3595 3279 3660 peccati
3311 3592 3484 3646 vincla
3515 3596 3810 3659 resolvant,

2405 3689 2468 3740 Et
2498 3687 2730 3757 pretium
2763 3686 2882 3739 libri
2915 3686 3150 3754 pendant
3177 3687 3418 3741 oramine
3446 3688 3660 3750 crebro,

2402 3784 2679 3844 Quatenus
2707 3779 3003 3832 aatbereum
3033 3780 3125 3846 qui
3150 3787 3327 3831 servat
3352 3776 3588 3845 regmine
3619 3791 3845 3845 regnum
3871 3826 3883 3839 ,

2406 3868 2675 3937 t'rineipio
2705 3867 2788 3922 vel
2810 3867 2959 3922 calce
2981 3880 3174 3921 carens
3202 3875 3257 3918 et
3278 3867 3534 3934 temporis
3562 3881 3778 3932 expers,

2401 3960 2497 4014 Cui
2525 3959 2673 4014 dedit
2693 3966 2788 4013 aut
2807 3959 3041 4025 dempsit
3068 3958 3141 4011 nil
3171 3957 3351 4010 mundi
3397 3957 3550 4026 longa
3582 3966 3844 4015 vetustas.

2409 4051 2621 4104 Arbiter
2646 4058 2906 4103 aeternum
2934 4048 3063 4102 mihi
3091 4048 3201 4116 jam
3231 4047 3547 4102 miserescat
3574 4048 3626 4101 in
3654 4062 3856 4101 tevum.

2404 4140 2503 4206 Qui
2532 4139 2853 4194 laatabuntur
2881 4152 2975 4205 per
3003 4138 3126 4192 cmli
3154 4137 3385 4191 culmina
3410 4136 3605 4202 sancti,

2408 4235 2443 4285 Α
2454 4241 2578 4301 tque
2604 4229 2917 4286 catervatim
2951 4229 3241 4284 laudabunt
3258 4243 3389 4283 voce
3409 4228 3704 4282 Tonantem
3723 4270 3737 4288 ,

2404 4323 2729 4380 l‘atriarchte
2750 4322 2946 4393 primo,
2972 4322 3064 4393 qui
3091 4320 3267 4391 gentis
3292 4319 3529 4391 germina
3550 4332 3742 4382 sacrae,

2405 4420 2471 4472 Et
2499 4416 2765 4480 sobolem,
2799 4416 3130 4483 stirpemque
3155 4413 3344 4467 rudem
3374 4425 3607 4480 genuere
3636 4419 3919 4477 nepotum.

2407 4511 2506 4563 l'er
2536 4518 2738 4563 turmas
2768 4506 2967 4576 pariter
2996 4506 3292 4575 procedunt
3319 4503 3534 4572 agmine
3579 4502 3774 4563 denso,

2326 4621 2377 4679 ι)
2408 4601 2471 4655 Et
2494 4600 2794 4671 reguatoris
2821 4596 3022 4668 Stipant
3059 4596 3292 4651 sublime
3336 4595 3589 4658 tribunal,

2403 4694 2515 4748 Illic
2544 4706 2597 4748 et
2619 4701 2799 4748 vatum
2830 4692 3041 4745 laetatur
3071 4701 3246 4744 turma
3273 4689 3543 4759 priorum,

2400 4791 2530 4852 Qua:
2560 4784 2828 4855 quondam
2859 4783 3049 4837 cecinit
3082 4782 3250 4836 nostri
3290 4781 3552 4834 cunabula
3572 4779 3775 4833 Christi
3798 4822 3811 4845 ,

2400 4877 2535 4932 Cum
2567 4885 2894 4931 restauraret
2916 4874 3151 4929 labentia
3180 4874 3337 4928 saecla
3366 4871 3697 4941 redemptor,

2405 4972 2720 5041 Evpurgans
2751 4979 2993 5024 veterum
3025 4968 3265 5023 clemens
3297 4974 3639 5021 monumenta
3696 4966 4006 5021 malorum.

2402 5066 2514 5120 lllic
2542 5063 2867 5133 martyribus
2886 5060 3123 5117 florescit
3146 5061 3256 5115 vita
3287 5061 3535 5129 perennis
3557 5099 3574 5126 ,

2408 5159 2637 5213 Vulnere
2666 5156 2756 5225 qui
2785 5155 2901 5210 thro
2929 5154 3241 5224 quterebant
3271 5154 3490 5222 praemia
3522 5159 3719 5216 macta,

2405 5251 2676 5320 Purpureo
2702 5248 2942 5317 patulum
2971 5253 3272 5301 mercantes
3298 5244 3561 5313 sanguine
3585 5258 3810 5310 regnum
3838 5284 3854 5298 .

2401 5348 2518 5409 Quo
2546 5343 2920 5397 confessorum
2950 5338 3257 5407 gaudebunt
3285 5335 3497 5407 agmina
3525 5344 3733 5398 sancta,

2401 5434 2704 5503 Quamlibet
2723 5440 2969 5499 expertes
2998 5428 3155 5483 effusi
3186 5428 3462 5496 sanguinis
3485 5435 3689 5490 essent,

2401 5528 2507 5582 Sed
2540 5537 2715 5580 tamen
2747 5522 3015 5593 egregiam
3040 5519 3234 5575 meruit
3259 5518 3526 5574 confessio
3550 5517 3783 5585 palmam

2405 5620 2513 5673 Illic
2544 5613 2960 5686 virginibus,qui
2984 5614 3228 5680 linquunt
3255 5609 3423 5664 lurida
3451 5609 3631 5662 carnis

2402 5713 2601 5767 Gaudia
2633 5720 2886 5768 terrente.
2919 5707 3195 5761 confertur
3221 5704 3390 5772 gloria
3425 5702 3591 5771 regni,

2405 5808 2535 5860 lium
2582 5804 2764 5857 decies
2788 5800 2939 5855 denis
2964 5799 3307 5853 modulantur
3338 5794 3571 5848 millibus
3600 5793 3758 5848 edas.

2407 5898 2465 5952 l:.t
2496 5905 2676 5966 quater
2712 5892 2961 5948 undecies
2988 5890 3279 5945 conclamat
3310 5900 3540 5941 carmina
3569 5884 3799 5940 Christo.
