4172 6584
202 454 292 500 ῗξ¹³Ϊι
911 454 1133 507 ΡΟΕΜΛ
1182 456 1264 507 Ill“.
1313 457 1464 508 ΛΙΗζ
1509 456 1559 507 ιι,
1614 454 1849 507 ΧΜΠΙίἘ
1888 454 1971 506 ΕΤ
2015 455 2339 511 ΔΡΗΞΤυΙ..
2388 460 2761 515 ιηῖιιιιῑλιίς.

206 573 495 635 ΜειῒιδΙῚυΙιὶ
531 571 693 619 ruhto
724 569 971 636 t|II;I‘SiVll
999 571 1260 635 sanguine.
1293 587 1527 625 sacrum,

205 665 592 728 l‘nrpnrensqne
619 676 777 712 cruor
804 677 1059 714 Venarum
1086 664 1229 714 fonte
1261 666 1511 713 cucurrit.

199 755 317 801 tl~.~a
349 760 484 816 tegat
508 754 665 805 tellus
696 754 940 820 quamvis
973 755 1129 806 modo
1156 757 1292 806 mole
1317 758 1479 817 sepuli
1506 790 1510 801 ι
1533 758 1564 809 ι,

205 846 434 894 Attamen
460 844 511 893 in
546 858 797 910 proceras
822 842 1063 895 ascendit
1094 843 1311 911 Spiritus
1345 858 1513 899 arma,

197 936 420 987 fatalibus
442 936 695 997 angelicis
732 936 971 988 nimbosa
1006 952 1097 1003 prr
1124 936 1320 989 atthera
1354 936 1560 988 dttt'ltis.

931 1048 1018 1102 IV.

200 1139 286 1191 llic
322 1140 479 1193 simul
507 1140 745 1191 Andreas
777 1140 956 1208 templi
981 1141 1238 1193 tutabitur
1265 1157 1409 1192 aram

198 1232 324 1284 l’etri
352 1246 659 1299 germanus,
696 1231 783 1299 qui
816 1232 1082 1300 quondam
1108 1232 1297 1286 funera
1324 1232 1445 1283 lt‘llll

197 1322 407 1375 Horrida
432 1338 717 1391 perpessus
756 1334 961 1376 sacrata
1008 1338 1169 1378 carne
1214 1326 1417 1392 pcpctnl
1446 1337 1482 1375 ι.

193 1419 348 1477 Quem
382 1413 519 1466 Deus
550 1413 745 1466 Oceani
772 1414 1086 1466 lustrantem
1114 1414 1308 1466 frustra
1334 1414 1549 1480 phaselo

189 1506 401 1559 Ctelitus
433 1505 619 1557 ascivit
648 1505 895 1571 gradiens
920 1521 1012 1574 per
1045 1506 1221 1557 littora
1248 1505 1414 1571 ponti.

201 1600 434 1650 l’rotinus
462 1597 726 1662 Andreas,
760 1608 1113 1665 compunctus
1148 1613 1276 1650 voce
1306 1597 1582 1658 Tonantis,

189 1689 416 1743 Credidit
460 1701 718 1743 mternum
753 1691 1048 1743 salvautetn
1092 1691 1282 1743 sarcula
1318 1690 1541 1757 Regem,

192 1782 409 1834 Pendula
440 1792 674 1850 captura:
701 1792 1049 1836 contemnens
1074 1784 1205 1835 retia
1235 1794 1452 1850 spreltn,

190 1876 247 1926 f-It
272 1875 408 1929 dicto
437 1873 595 1928 citius
619 1873 817 1929 Christi
852 1885 1115 1944 praecepta
1143 1876 1378 1929 facessit.

184 1965 307 2028 Quis
338 1980 619 2019 numerare
651 1967 790 2019 valet
821 1968 1090 2034 populosis
1121 1970 1316 2035 oppida
1352 1971 1542 2026 turbis,

184 2058 321 2109 Illius
349 2057 560 2123 eloquio
591 2074 709 2125 qua:
741 2056 860 2110 fana
895 2059 1115 2125 profana
1145 2059 1436 2122 fiicabant.

180 2149 398 2200 Credula
432 2148 724 2216 pandentes
758 2149 883 2217 ltegi
911 2152 1202 2217 praecordia
1226 2149 1475 2206 Christo?

181 2244 372 2310 Nempe
401 2244 571 2296 vicem
603 2242 827 2297 Domino
858 2245 1097 2298 solvebat
1125 2246 1271 2299 calce
1310 2256 1551 2306 cruenta,

183 2332 311 2384 Ilum
343 2335 516 2386 crucis
537 2334 588 2386 in
618 2337 801 2402 patulo
825 2351 1114 2403 suspensus
1139 2338 1319 2405 stipite
1342 2350 1546 2406 martyr

183 2423 369 2477 Ultima
400 2426 645 2478 mortalis
672 2427 855 2479 clausit
890 2430 1154 2494 Spiraenla
1183 2431 1327 2493 vita),

180 2514 471 2582 Purpureas
501 2532 719 2571 sumens
746 2517 961 2572 Christo
989 2531 1243 2589 regnante
1271 2537 1519 2576 coronas.

937 2635 1001 2689 V.

172 2743 265 2794 llic
295 2758 505 2812 quoque
534 2744 766 2799 Jacobus
793 2755 972 2800 cretus
1001 2758 1242 2815 genitore
1270 2758 1477 2802 vetusto

168 2834 460 2888 Delubrum
493 2846 677 2889 sancto
706 2837 945 2891 defendit
979 2840 1211 2906 tegmine
1238 2841 1466 2902 celsum,

166 2928 264 2987 Qui
297 2928 562 2979 clamante
584 2928 668 2993 pio
697 2929 840 2995 ponti
870 2929 935 2984 de
967 2930 1203 2999 margine
1233 2930 1447 2984 Christo

167 3018 459 3085 linquebat
492 3019 763 3085 proprium
796 3020 967 3085 panda
1012 3035 1131 3073 cum
1175 3036 1349 3090 puppe
1384 3034 1676 3089 parentem.

165 3108 416 3161 l’rimitus
452 3109 710 3177 Ilispanas
737 3111 1001 3165 convertit
1037 3112 1285 3179 dogmate
1325 3124 1527 3181 gentes,

163 3201 393 3251 ltarhara
424 3199 619 3253 divinis
649 3212 969 3255 convertens
1006 3203 1215 3270 agmina
1248 3202 1424 3265 dictis,

157 3290 291 3354 Qum
330 3291 533 3357 priscos
557 3290 751 3344 dudmn
782 3294 917 3346 ritus
949 3304 1002 3346 et
1028 3294 1195 3346 lurida
1233 3295 1347 3347 fana

159 3380 430 3436 [temonis
454 3382 708 3437 horrendi
736 3384 955 3452 decepta
988 3384 1169 3439 fraude
1196 3386 1463 3441 coleba::t.

159 3473 403 3525 l'lurima
436 3473 513 3527 sic
553 3476 745 3541 ptzesul
780 3478 1008 3544 patravit
1038 3478 1184 3545 signa
1218 3481 1528 3543 διιψριιιίιικ.

150 3567 289 3626 Quae
313 3579 450 3618 nunc
477 3566 528 3619 ill
554 3566 752 3620 chartis
785 3569 1092 3622 scribuntur
1136 3570 1237 3622 rite
1273 3570 1559 3636 quadratis,

155 3659 310 3709 llunc
344 3667 459 3711 trux
495 3659 753 3723 Ilerodes,
792 3661 938 3730 regni
974 3663 1239 3715 tetrarcha
1288 3674 1562 3732 tyrannus,

152 3751 475 3803 f’i-rcussum
501 3752 764 3804 maelneza
794 3754 994 3806 crudeli
1020 3765 1189 3807 morte
1219 3757 1453 3808 necavit;

146 3846 324 3905 Quem
352 3851 501 3909 pater
530 3845 797 3908 excelsus,
839 3845 925 3914 qui
952 3854 1164 3900 sanctos
1183 3850 1301 3915 jure
1327 3849 1636 3917 triumphat,

151 3932 312 3985 \‘cait
334 3934 385 3985 in
412 3933 660 3987 aetherias
694 3936 899 3989 meritis
931 3936 1252 4005 fulgentibus
1284 3955 1455 3993 arces.

905 4049 987 4102 Vl.

142 4159 260 4212 Nec
288 4158 448 4211 minis
470 4159 667 4213 interea
694 4162 1021 4229 glomeratur
1051 4164 1201 4230 virgo
1229 4164 1460 4215 .loanui-s

138 4254 321 4313 Quem
353 4265 604 4319 germana
632 4253 787 4304 simul
816 4254 992 4319 iunxit
1015 4254 1305 4307 concordia
1336 4255 1571 4315 Christo,

138 4342 287 4394 Dum
320 4342 549 4410 pandam
574 4343 752 4395 vetulo
784 4342 977 4411 linquit
1006 4358 1125 4395 cum
1154 4345 1313 4396 Patre
1341 4345 1600 4407 iariuam,

141 4432 379 4485 fletibus
412 4446 686 4501 aequoreas
708 4434 1040 4487 claudentem
1065 4450 1331 4488 marmore
1356 4435 1559 4502 pra-diu
1585 4452 1599 4492 ;

133 4522 247 4585 Qui
279 4521 430 4586 prius
473 4522 670 4590 algosis
696 4524 941 4577 verrebat
976 4528 1168 4578 czernla
1201 4524 1383 4587 remis,

138 4612 405 4666 Piscibus
439 4613 659 4667 insidias
693 4624 915 4669 nectens
945 4618 1043 4669 Sub
1071 4619 1279 4683 gurgite
1325 4619 1492 4684 ponti,

133 4704 251 4755 Sed
282 4704 553 4757 clamante
585 4704 693 4758 Deo
739 4707 1000 4760 luctantes
1028 4707 1208 4760 littore
1231 4710 1492 4775 lymphas,

142 4795 565 4864 ltetiferamquc
599 4812 788 4850 navem
832 4814 959 4853 caro
987 4815 1107 4853 cum
1137 4802 1302 4855 fratre
1336 4804 1600 4871 relinquit,

134 4888 206 4940 lit
241 4886 536 4940 Dominum
566 4891 808 4957 sequitur
834 4890 955 4944 cmli
985 4892 1073 4958 qui
1127 4902 1314 4959 regnat
1346 4894 1396 4944 in
1421 4911 1562 4946 arce.

135 4978 242 5030 llic
276 4977 383 5029 fuit
412 4981 656 5047 egregius
680 4980 878 5033 Christi
912 4984 1182 5050 regnantis
1215 4985 1464 5037 alumnus

127 5068 418 5123 Omnibus
447 5072 705 5136 anterior,
741 5086 934 5139 magno
961 5074 1191 5130 dilectus
1221 5089 1424 5139 amore,

128 5164 321 5226 Quem
351 5175 443 5215 rex
466 5174 736 5217 extorrem
768 5163 952 5217 Romze
981 5164 1070 5233 qui
1100 5180 1260 5234 regna
1291 5169 1528 5235 regebat,

126 5255 333 5307 ’l‘rusit
361 5253 411 5306 in
445 5253 691 5306 exsilium
714 5256 903 5322 cymba
932 5265 1078 5309 trans
1105 5258 1299 5311 merula
1332 5266 1547 5312 vectum
1585 5298 1599 5321 ,

127 5344 311 5397 k‘vsul
341 5358 448 5411 qua
478 5343 677 5411 positus
707 5359 881 5398 rerum
914 5347 1214 5413 spectacula
1253 5348 1429 5417 plura,

120 5440 333 5491 tirevit
369 5436 419 5488 in
446 5440 673 5499 exstasi,
705 5438 910 5492 codesti
942 5440 1160 5494 numine
1181 5439 1365 5495 fretus.

115 5533 268 5595 Qua:
298 5528 467 5581 modo
492 5530 813 5585 membranis
838 5546 931 5599 per
958 5532 1209 5587 mundum
1242 5535 1438 5602 scripta
1471 5533 1740 5605 leguntur,

114 5624 460 5689 l'ausatque
485 5620 644 5675 eﬂcto
668 5621 842 5693 [l'ar.,
874 5624 922 5677 in
960 5623 1195 5695 EpheSu]
1246 5629 1492 5694 pra-fatus
1515 5643 1743 5695 Corpore

1427 5718 1665 5788 [prmsuh

112 5806 380 5859 f’rmmia
415 5812 731 5871 sumpturus
760 5820 880 5858 cum
906 5808 1110 5877 clanget
1144 5810 1365 5865 classica
1397 5814 1625 5879 salpiuv.

122 5900 353 5953 t'lzima
383 5897 513 5951 dum
548 5896 739 5966 priscis
764 5897 1012 5955 labuntur
1044 5912 1279 5972 tempora
1313 5907 1504 5959 sa‘clis.

3354 475 3383 523 2

3394 476 3422 523 .~'l

3429 476 3459 532 ai

2648 576 2751 625 κιο.

1882 660 1974 709 llic
2005 659 2235 715 Thmnas
2271 662 2547 731 Didymus.
2579 682 2769 719 nomen
2796 670 3014 721 sortizus
3049 674 3324 735 Λιιιιιιιιιιι,

1876 754 2064 802 διτνςιι
2093 767 2355 807 sacratum
2383 768 2522 807 sarta
2554 760 2813 811 testudine
2839 762 3112 828 templum,

1882 843 2105 894 Vulnera
2140 848 2222 911 qni
2249 857 2468 914 tangens
2501 852 2701 902 crudeli
2736 855 2953 921 ittspide
2976 867 3145 921 gesta,

1873 936 2110 987 Cri-didit
2132 941 2399 1005 evtetuplo
2424 944 2712 995 ~:Ilt'uttlcm
2744 947 2901 997 szeula
2928 948 3122 1001 Μιιιιητι
3145 952 3267 1003 h.uu
3307 972 3319 1015 ι

1872 1028 2129 1089 Quamvis
2152 1038 2275 1080 ante
2303 1030 2439 1081 foret
2467 1035 2625 1085 seeds
2654 1035 2956 1089 increluius
2978 1042 3151 1101 almis.

1880 1122 2052 1183 Atque
2084 1119 2240 1171 fidem
2266 1120 2428 1172 dubio
2447 1135 2676 1185 geStaret
2706 1128 2867 1181 corde
2891 1130 3185 1197 sinistram,

1874 1207 2005 1261 Dum
2029 1211 2191 1263 chaos
2223 1211 2416 1266 inferni
2442 1229 2665 1281 surgens
2686 1220 2753 1272 de
2786 1232 2957 1275 morte
2985 1222 3307 1291 Redemptor

1874 1300 2159 1369 Linqueret
2190 1304 2520 1372 abstrusum,
2550 1317 2694 1361 vasta
2726 1314 3016 1366 comitante
3047 1326 3282 1377 caterva,

1870 1393 1972 1444 Sed
2000 1408 2117 1446 mox
2146 1393 2447 1463 ambiguum
2479 1401 2745 1454 convertit
2771 1404 2931 1456 rubra
2954 1406 3194 1468 cicatrix,

1872 1484 2141 1551 Discipulo
2171 1487 2419 1554 palpante
2453 1492 2621 1543 trucis
2650 1495 2961 1548 vulnusuula
2991 1496 3145 1562 ferri,

1871 1579 2004 1631 Dum
2034 1578 2238 1633 foribus
2261 1580 2457 1634 clausis
2493 1585 2765 1650 trepidans
2788 1602 2887 1654 qua
2918 1591 3068 1642 turba
3102 1593 3296 1645 latebat

1873 1674 2076 1726 Pacifer
2105 1674 2327 1727 intraret
2356 1675 2600 1731 Christus
2624 1678 2870 1733 Salvator
2901 1682 2951 1734 in
2982 1683 3176 1737 aulam.

1873 1763 2023 1816 Ilunc
2055 1765 2213 1830 igitur
2242 1768 2457 1820 soboles
2482 1770 2624 1821 misit
2652 1774 2954 1826 v-nerauda
2986 1774 3240 1829 Tonantis

1874 1857 2012 1911 Evas
2035 1866 2224 1925 gentes
2249 1860 2403 1911 almis
2432 1873 2749 1916 convertere
2773 1864 2956 1930 bihlis,

1800 1934 1839 1991 Β
1872 1949 2097 2002 l’lnritna
2131 1952 2425 2019 magnificis
2453 1963 2748 2021 patrautem
2783 1957 2932 2023 signa
2963 1960 3267 2027 triumphis.

1870 2040 2011 2093 ludia
2043 2050 2150 2093 tum
2181 2044 2348 2095 sacris
2379 2046 2543 2097 coluit
2575 2046 2855 2099 simulacra
2881 2048 3144 2112 nefandis.

1868 2134 2128 2186 [)oetrinis
2158 2147 2397 2188 veterum
2420 2138 2626 2189 stolidis
2657 2140 2912 2194 instructa
2938 2154 3240 2209 parentum,

1864 2224 1969 2277 Sed
1999 2226 2243 2278 confessa
2279 2227 2459 2291 fidem,
2486 2228 2689 2282 Thema
2708 2232 2961 2286 .lucrante
2990 2234 3236 2297 salutem,

1862 2317 2099 2370 (.‘redidit
2126 2318 2175 2370 in
2206 2319 2475 2372 Christum
2508 2322 2627 2374 caeli
2660 2323 2746 2391 qni
2790 2334 2999 2391 sceptra
3029 2328 3309 2395 gubernat.

1863 2410 2124 2477 Denique,
2159 2420 2431 2466 transacto
2463 2418 2740 2480 praesentis
2774 2425 3015 2485 tempore
3047 2420 3194 2482 vitae,

1866 2499 2115 2553 l'rotinus
2139 2502 2428 2555 mthereum
2459 2503 2693 2557 Thomas
2726 2506 2969 2560 lustravit
2997 2508 3301 2578 Olympum,

1860 2590 2028 2653 Quem
2062 2590 2166 2643 fani
2196 2592 2388 2645 flamen
2414 2595 2610 2648 veteris
2640 2596 2917 2665 cultorque
2945 2602 3128 2654 sacelli

1860 2682 2132 2749 Sanguine
2164 2692 2435 2736 rorantem
2461 2685 2629 2753 rigida
2663 2690 3061 2742 transverberat
3084 2705 3211 2744 ense
3239 2737 3250 2749 .

1860 2773 2081 2826 l'raamia
2104 2784 2462 2840 sumpturum,
2492 2790 2610 2829 cum
2641 2778 2797 2831 tellus
2825 2790 3017 2847 sponte
3045 2783 3313 2844 dehiscet,

1855 2865 2050 2917 Omnia
2078 2864 2145 2917 de
2175 2865 2366 2934 priscis
2388 2877 2439 2920 et
2466 2876 2689 2937 surgent
2716 2885 2940 2940 eurpora
2973 2875 3185 2927 ttttnhis.

2577 2976 2706 3030 Vlll.

1852 3064 2067 3117 Necnon
2093 3064 2349 3131 Jacohus,
2382 3066 2580 3119 Christi
2606 3077 2887 3123 matertera
2913 3082 3112 3135 metus,

1855 3155 1918 3207 lit
1946 3155 2251 3207 Consobrini
2284 3156 2417 3209 felici
2445 3159 2657 3213 nomine
2688 3159 2875 3224 frctus,

1808 3293 1819 3307 ,
1854 3245 2000 3297 llattc
2028 3245 2195 3298 aedem
2231 3246 2437 3300 Domini
2474 3250 2540 3301 de
2573 3263 2785 3302 snnnno
2818 3253 3260 3323 scrvatOlympu,

1809 3328 1822 3343 ⁴
1854 3337 2025 3402 Quem
2062 3338 2217 3404 plebs
2246 3338 2447 3401 .Iudma,
2479 3354 2623 3393 sznvo
2658 3342 2945 3395 bacchante.
2971 3350 3212 3401 tumultu.

1855 3426 2069 3479 l'nlsnm
2093 3427 2159 3481 de
2188 3428 2343 3495 pinna
2373 3428 2588 3483 fullonis
2618 3432 2754 3484 fuste
2785 3435 3009 3496 necarit,

1853 3518 2005 3583 Quod
2040 3516 2310 3571 Christum
2346 3520 2552 3587 populis
2582 3522 2851 3575 scandens
2885 3525 3087 3593 fastigia
3122 3532 3299 3592 lt'tnpli

1850 3609 2269 3662 Concionaretur
2296 3612 2486 3664 crebro
2520 3627 2769 3666 sermone
2794 3630 2867 3666 sai
2887 3617 3066 3668 crdos.

1849 3711 1904 3749 tu
1932 3699 2081 3765 cujus
2106 3699 2328 3766 genibus
2363 3700 2513 3763 pellis
2544 3701 2739 3754 callosa
2770 3702 3000 3755 refertur
3024 3746 3038 3767 ,

1855 3792 1983 3842 llum
2018 3792 2224 3843 crebris
2253 3793 2451 3843 vicibus
2473 3803 2652 3845 oraret
2682 3808 2810 3847 voce
2841 3795 3161 3856 Tonantem,

1854 3880 2146 3948 i’oplitibus
2176 3882 2324 3934 flexis
2351 3881 2576 3935 tundens
2605 3885 2902 3949 pavimenta
2928 3886 3146 3949 sacef‘i;

1856 3971 2030 4024 Lanea
2057 3974 2226 4023 villosi
2252 3974 2451 4039 sprevit
2481 3973 2742 4026 velamina
2767 3976 2925 4041 pepli,

1852 4064 2011 4116 Linea
2043 4064 2306 4116 brumosis
2334 4077 2550 4115 sumens
2577 4064 2811 4114 mantilia
2847 4065 3048 4118 flabris.

1852 4153 1939 4205 Sic
1970 4168 2180 4221 quoque
2207 4154 2512 4220 flagrantem
2543 4163 2890 4206 contemnens
2913 4170 3138 4223 corpore
3170 4162 3393 4210 nardum

1850 4246 2203 4297 Thermarum
2240 4245 2450 4310 penitus
2481 4243 2709 4311 neglexit
2747 4256 2959 4309 pectore
2982 4262 3248 4314 pompmu.

1853 4336 1966 4388 Non
1999 4334 2204 4388 cirrhos
2223 4334 2409 4400 capitis
2442 4334 2634 4386 ferrata
2666 4333 2864 4401 forcipe
2894 4336 3146 4401 dempsii,

1850 4426 1958 4480 Nec
1986 4425 2156 4478 culter
2184 4425 2349 4477 malas
2380 4423 2543 4477 vestis
2572 4425 2819 4491 lanugine
2849 4428 2973 4478 rasit
3002 4443 3015 4480 ε

1853 4520 2017 4586 Cujus
2049 4517 2300 4569 virtutum
2332 4525 2474 4568 tanta
2506 4516 2769 4581 pt'tl‘COnia
2802 4527 3072 4579 constant,

1776 4646 1823 4703 Β
1855 4611 1920 4665 Ut
1951 4610 2181 4663 vindicta
2216 4609 2378 4671 necis,
2412 4622 2568 4675 quam
2601 4608 2713 4661 dira
2750 4622 2919 4672 morte
2948 4610 3149 4669 lnchaz,

1851 4702 2097 4757 luteritus
2127 4702 2273 4753 fieret
2296 4702 2527 4769 Solyma:
2557 4702 2843 4769 populique
2872 4704 3046 4767 ruina,

1849 4796 1981 4847 Dum
2014 4793 2161 4846 Titus
2186 4791 2387 4852 Caesar,
2416 4792 2577 4845 densa
2604 4797 2893 4847 comitante
2921 4804 3153 4861 caterva,

1847 4890 1978 4940 Cum
2001 4888 2239 4955 genitore
2260 4886 2417 4939 simul
2446 4887 2698 4939 Romanis
2726 4889 2939 4943 arcibus
2966 4898 3105 4951 orto,

1853 4984 2044 5035 llilicnt
2077 4980 2333 5034 ferriferis
2360 4979 2583 5034 vallaret
2615 4982 2849 5035 millibus
2877 4983 3127 5051 amplam.

1864 5078 1954 5129 Ιιυρ
1980 5090 2038 5127 cc
2068 5074 2180 5126 dira
2210 5077 2371 5126 fames
2390 5075 2721 5140 consumpsit
2751 5083 2930 5142 strage
2958 5083 3198 5129 catervas

1860 5169 2117 5223 Moenibus
2145 5167 2445 5218 obstructas
2477 5174 2527 5217 et
2556 5165 2691 5217 muri
2723 5179 2941 5220 carcere
2969 5177 3170 5235 septas.

1854 5263 2118 5328 Tempore
2147 5274 2252 5327 quo
2286 5267 2527 5311 tenerum
2559 5258 2810 5311 mactavit
2839 5256 3035 5312 femina
3063 5270 3265 5321 uatum,

1858 5354 2075 5420 insuper
2100 5350 2384 5403 assandum
2419 5351 2650 5402 verubus
2684 5349 2946 5402 transﬁxit
2973 5351 3165 5410 acutis,

1857 5448 2023 5513 Quem
2055 5451 2261 5497 coctum
2287 5441 2485 5493 laribus
2513 5440 2747 5492 crudelis
2779 5449 2949 5493 mater
2971 5440 3181 5502 citabat,

1854 5536 2110 5587 llmname
2142 5534 2353 5600 penitus
2379 5541 2578 5583 uaturm
2604 5530 2723 5595 jura
2752 5529 3048 5593 resolvi-ns,

1854 5626 2112 5677 llot'rcsco
2145 5622 2383 5676 referens
2410 5619 2563 5674 cffebi
2591 5620 2747 5674 funus
2770 5621 3047 5673 acerbum.

1850 5715 1933 5769 Sic
1954 5714 2182 5767 vindicta
2210 5712 2382 5766 erucis
2413 5712 2655 5763 nmltavit
2678 5711 2831 5764 clade
2857 5713 3112 5763 nefandos

1853 5810 1939 5862 Sic
1968 5822 2176 5876 quoque
2209 5806 2389 5859 Jacobi
2433 5805 2675 5857 multavit
2705 5804 2884 5870 passio
2914 5814 3119 5856 soatcs.

1857 5900 2021 5955 Undei
2042 5898 2115 5954 ies
2141 5907 2361 5954 centena
2389 5895 2544 5952 simul
2574 5894 2841 5950 cecidisse
2870 5896 3107 5962 leguntur
