4172 6602
789 504 891 558 '29:;

784 622 943 673 Mitlia
972 635 1062 687 per
1091 634 1337 672 miseram
1371 620 1707 673 moribuudis
1740 619 1952 673 civibus
1990 618 2195 671 urbem.

785 715 999 778 Insuper
1025 720 1078 763 ct
1106 723 1319 764 centum
1352 712 1656 766 vetuluntttr
1679 711 1840 764 millia
1876 710 2096 778 passim,

780 813 925 870 Quos
956 806 1158 873 rigidus
1182 807 1305 857 ferri
1337 804 1613 873 neglectus
1632 820 1817 858 mucro
1848 804 2086 869 reliquit,

786 898 847 948 lit
866 895 1023 949 famis
1046 896 1231 960 exigua
1250 898 1542 964 perieruut|
1564 896 1711 958 Pan,
1730 895 1997 963 fugerunt}
2015 898 2194 946 lnuera
2215 904 2369 960 Slipf‘.

1568 987 1659 1039 lx.

780 1076 1095 1145 llicqnaqnc
1110 1090 1493 1131 commeauit-at
1513 1089 1802 1129 metrorum
1822 1091 2028 1129 connna
2067 1074 2369 1144 Philippum

776 1172 942 1229 Quetn
978 1182 1094 1233 pius
1123 1168 1327 1221 mtbrali
1352 1168 1545 1221 ditavit
1570 1178 1738 1236 gratia
1768 1167 2038 1230 Christus,

782 1258 1011 1311 ltarbara
1035 1259 1124 1326 qui
1152 1258 1333 1310 docuit
1361 1258 1622 1311 doctrinis
1655 1258 1863 1325 agmina
1890 1259 2060 1311 sacris

772 1349 1007 1403 Credere
1037 1365 1130 1417 per
1151 1349 1424 1419 Scythiam
1450 1351 1746 1403 salvanteut
1776 1349 1973 1402 szecula
1998 1348 2294 1405 Christum.

771 1440 871 1506 Qui
901 1439 1100 1492 dudum
1130 1450 1265 1493 tetra
1298 1442 1577 1507 torpebant
1609 1441 1795 1494 mortis
1827 1439 1881 1492 iu
1914 1442 2102 1495 umbra

771 1538 1055 1583 Auctorem
1084 1531 1213 1583 lucis
1240 1532 1522 1585 tenebroso
1549 1532 1715 1585 corde
1744 1545 2019 1600 negantes,

771 1629 945 1689 Atque
963 1633 1220 1674 creatura:
1249 1623 1563 1675 famulantes
1592 1625 1784 1675 ordine
1813 1629 1991 1675 verso.

775 1712 952 1766 Donec
981 1713 1324 1780 apusmliCam
1357 1714 1721 1767 exhauserunt
1752 1728 1882 1766 aure
1910 1716 2200 1781 loquelam.

776 1805 1013 1869 Limpida
1040 1807 1278 1872 perpetui
1309 1815 1590 1858 cernentes
1619 1806 1819 1859 lumina
1851 1805 2056 1859 l‘hmbi.

769 1896 970 1950 Omnes
998 1897 1239 1950 certatim
1269 1907 1581 1965 merguntur
1607 1901 1815 1967 gurgite
1840 1913 1998 1952 saero

774 1988 1050 2057 Flagitium
1083 1991 1303 2043 sceleris
1333 2000 1619 2056 purgantes
1650 1990 1795 2042 fonte
1821 1992 2034 2041 lavacri.

767 2081 893 2133 Inde
924 2080 1102 2133 Asiam
1129 2088 1374 2147 prOperat
1402 2084 1601 2133 Sanctis
1624 2090 1936 2134 convertere
1971 2082 2147 2139 biblis,

767 2173 907 2227 ldola
939 2190 1057 2240 qua:
1086 2173 1283 2226 dudum
1312 2174 1531 2239 decepta
1567 2174 1754 2227 fraude
1782 2175 2019 2239 colebat,

761 2264 992 2318 Credula
1021 2265 1114 2317 sed
1148 2266 1305 2317 citius
1330 2265 1516 2331 pandit
1549 2265 1850 2331 prtecordia
1897 2265 2108 2317 (litt-isto

762 2357 1051 2426 Splendida
1084 2357 1331 2422 discipuli
1366 2357 1492 2409 dum
1528 2358 1687 2409 fatttis
1715 2357 1876 2409 verba
1902 2371 2003 2423 cap
2024 2356 2152 2407 issit.

764 2449 853 2502 Sic
881 2448 1155 2503 felixAsia:
1185 2448 1449 2501 convertit
1475 2447 1723 2515 dogmate
1754 2463 1996 2516 regnum,

768 2542 822 2591 lu
844 2555 946 2607 qua
980 2548 1099 2604 pust
1126 2539 1328 2591 obitum
1355 2538 1498 2590 fatali
1531 2547 1673 2590 sorte
1702 2539 1953 2605 quiescit,

760 2632 925 2697 ttujus
950 2629 1047 2683 hoc
1074 2629 1325 2697 templum
1358 2636 1568 2680 sacrata
1594 2629 1827 2681 tuebitur
1853 2644 1969 2680 ara.

1550 2717 1615 2771 Χ.

766 2812 960 2864 Ultima
987 2820 1249 2863 terrarum
1284 2808 1600 2876 piatpolleus
1634 2807 1775 2861 India
1806 2817 2038 2871 constat,

766 2904 940 2967 Quam
974 2909 1082 2953 tres
1113 2901 1162 2951 in
1196 2909 1372 2965 partes
1405 2898 1660 2951 librorum
1684 2898 1882 2964 scripta
1908 2907 2277 2965 sequestraut,

763 2994 908 3047 ldola
935 3007 1055 3061 qua:
1087 2992 1246 3044 coluit
1279 2991 1500 3058 paganis
1528 2989 1709 3044 dedita
1734 2990 1923 3043 sacris.

757 3085 867 3138 'eietl
898 3083 1306 3138 Dartbolomeus
1338 3082 1606 3135 destruxit
1637 3082 1806 3134 lurida
1842 3083 1987 3143 l'aua,

761 3176 978 3245 Effigies
1009 3187 1243 3227 veterum
1278 3172 1621 3240 confringens
1645 3172 1765 3239 jure
1794 3171 2038 3235 deorum,

758 3266 965 3319 llebrea
997 3280 1153 3332 quem
1174 3264 1370 3316 clamat
1394 3262 1689 3331 peregrinis
1720 3263 1895 3330 lingua
1927 3263 2178 3330 loquelis.

759 3357 944 3410 Proles
970 3355 1345 3422 suSpendeutis
1367 3369 1531 3422 aquas
1564 3355 1613 3407 iu
1646 3353 1876 3407 nubibus
1899 3354 2060 3419 atris,

763 3446 986 3500 llumida
1018 3448 1275 3501 nimbosis
1304 3449 1431 3500 dttttt
1463 3445 1666 3499 stillant
1694 3446 1897 3498 mtbera
1921 3446 2107 3513 guttis,

758 3544 904 3605 Quot
928 3542 1103 3607 signat.
1132 3552 1414 3607 procerum
1441 3536 1680 3591 cmlestis
1710 3536 1849 3590 dona
1887 3536 2161 3603 profundi.

760 3630 830 3684 l‘t
856 3632 1122 3699 quondam
1154 3628 1344 3682 cecinit
1374 3630 1698 3695 psalmorum
1728 3627 1970 3682 carmine
1998 3640 2148 3681 vates
2188 3646 2199 3679 :

760 3726 903 3777 I'Icce
940 3724 1085 3776 latex
1119 3732 1261 3774 rorat
1292 3721 1593 3774 tenebrosis
1616 3722 1848 3774 nubibus
1876 3721 2020 3773 teris.

759 3816 887 3867 l'ost
913 3813 1026 3867 haec
1054 3811 1294 3881 martyrii
1336 3819 1603 3864 mercatur
1632 3821 1775 3864 serta
1808 3820 2054 3872 cruenta,

763 3906 828 3958 lit
850 3904 1089 3973 sequitur
1121 3901 1401 3955 Dominum
1437 3902 1610 3970 pictus
1630 3915 1750 3955 cum
1775 3901 2023 3969 stigmate
2052 3899 2272 3963 Christi,

759 3996 925 4065 Cujus
955 3998 1056 4050 hoc
1079 3995 1336 4064 templum
1367 3994 1671 4049 veneranda
1703 3995 1937 4049 tuebitur
1960 4011 2075 4049 ara.

1504 4106 1591 4160 ΧΙ.

757 4196 1016 4251 Mattheus
1036 4194 1308 4264 egregium
1330 4194 1644 4249 describens
1673 4193 1864 4262 dogma
1895 4193 2104 4253 salutis,

759 4289 962 4341 llebrca
989 4302 1085 4353 per
1113 4287 1361 4354 simplum
1380 4285 1617 4354 degessit
1640 4286 1781 4338 dicta
1814 4285 2049 4339 libellum
2073 4326 2087 4345 .

756 4376 985 4428 l’lnrima
1018 4374 1303 4428 sanctificis
1332 4388 1554 4427 narrans
1574 4374 1826 4427 miracula
1858 4373 2032 4427 StBCllS
2063 4412 2078 4437 ,

751 4469 880 4531 Qum
906 4466 1063 4518 modo
1080 4479 1174 4533 per
1197 4463 1449 4518 mundum
1469 4464 1948 4531 divulgantscripta
1976 4462 2334 4532 triquadrutu.

750 4561 917 4625 Quem
949 4558 1143 4611 Phison
1168 4558 1356 4610 fluvius
1390 4556 1617 4624 paradisi
1652 4556 1796 4609 fonte
1817 4556 2125 4610 redundans

748 4650 973 4716 'l‘rupica
987 4646 1294 4717 lPar.,Mire
1307 4646 1589 4716 lportendit
1607 4646 1843 4715 pandens
1859 4648 2115 4716 mysteria
2132 4661 2310 4701 rerum

752 4737 935 4791 Fontis
963 4737 1204 4806 designat
1230 4737 1474 4791 Salvator
1496 4736 1617 4803 jure
1647 4734 1896 4803 figuram,

752 4828 825 4882 De
852 4843 958 4899 quo
977 4828 1293 4898 quadrifiuis
1315 4827 1605 4881 decurrunt
1636 4826 1852 4878 ﬂumina
1883 4824 2030 4879 rivis.

747 4925 985 4987 Quatuor
1006 4930 1062 4974 ut
1085 4918 1352 4989 quondam
1382 4917 1649 4972 nascentis
1680 4916 1887 4983 origine
1918 4916 2064 4969 siculi

751 5012 991 5080 Limpida
1025 5025 1117 5078 per
1148 5010 1309 5062 latum
1342 5009 1607 5062 ﬂuxerunt
1637 5007 1852 5060 flumina
1885 5005 2165 5067 mundum,

747 5104 877 5169 Qum
899 5102 1090 5156 rubros
1115 5100 1275 5155 liores
1304 5109 1357 5155 et
1389 5109 1535 5168 prata
1570 5099 1790 5152 virentia
1821 5097 1988 5166 glebis

753 5196 1071 5263 Gurgitibus
1098 5194 1245 5264 puris
1269 5202 1324 5247 et
1351 5196 1539 5260 glauco
1567 5207 1688 5247 rore
1721 5192 1964 5261 rigabant
1992 5208 2005 5252 ;

745 5289 833 5341 Sic
864 5290 1103 5341 doctrina
1134 5286 1225 5340 Dei
1250 5286 1399 5339 ﬂuxit
1425 5286 1492 5340 de
1523 5286 1667 5339 fonte
1693 5296 1952 5352 quaterno

747 5379 907 5431 Arida
932 5378 1125 5431 divinis
1151 5378 1389 5431 irrorans
1418 5377 1579 5430 corda
1610 5375 1892 5430 scatebris.

748 5465 896 5519 lianc
922 5468 1151 5534 scriptor
1177 5483 1333 5521 verax
1359 5467 1623 5533 expressit
1651 5466 1913 5519 Mattheus
1943 5466 2090 5529 olim,

748 5557 1025 5621 Quemque
1049 5554 1302 5620 propheta
1325 5553 1414 5606 Dei
1447 5568 1602 5606 sacro
1622 5554 1912 5620 (spiramine
1943 5553 2124 5619 pientis

754 5644 994 5696 Ilutnaua
1029 5644 1207 5710 specie
1234 5643 1363 5695 vidit
1390 5643 1649 5711 signarier
1671 5644 1824 5706 olim,

746 5735 894 5795 Quod
926 5734 1120 5786 Christi
1154 5742 1328 5801 patres
1356 5745 1405 5788 et
1431 5748 1562 5787 avos
1595 5744 1904 5789 numeraret
1936 5750 2155 5788 avorum

751 5826 788 5873 κ
816 5823 966 5888 queis
997 5824 1249 5875 Salvator
1282 5834 1464 5878 no.ter
1490 5825 1760 5878 cunabula
1787 5830 1927 5878 sacri

747 5912 1060 5979 smnpserat
1088 5915 1137 5966 in
1169 5916 1365 5969 mundo
1392 5916 1645 5971 scelerata
1682 5917 1886 5985 piacula
1916 5916 2176 5971 «leniens.

1366 6572 2151 6602 ‘A-‘iA‘_—

1633 504 1690 555 S.
1734 498 2083 557 ALDIIELMI
2124 499 2412 555 ()PERUM
2459 497 2636 552 PARS
2680 499 2762 553 ΙΙΙ.
2812 528 2863 539 -υ
2916 499 3262 557 ΡΟΕΜΛΤΑ.

3945 503 4031 556 196

3217 618 3328 671 ΧΗ.

2483 684 2671 738 Simon
2704 685 2914 741 Zelotes
2946 702 3043 747 nec
3073 704 3177 741 nun
3203 690 3523 743 (,‘tnmanens
3550 691 3709 750 idem.

2483 777 2626 830 inter
2656 782 2976 845 apostoltros
3012 780 3148 833 Petri
3178 783 3493 847 cognomine
3527 785 3762 844 Iunctus.

2479 870 2663 922 laetus
2694 872 2783 937 qui
2815 872 2995 924 docuit
3020 875 3246 939 gentiles
3277 879 3464 941 dogma
3488 891 3802 944 supernum,

2485 958 2550 1012 L’t
2577 960 2781 1012 celsum
2817 972 3059 1027 peterent
3085 963 3288 1016 cit-Iein
3317 967 3529 1019 tramite
3563 982 3781 1035 regnum
3815 987 3825 1023 ;

2478 1050 2644 1119 Cujus
2676 1051 2725 1102 itt
2752 1051 2852 1103 hac
2882 1056 2998 1104 aula
3030 1068 3178 1106 sat-ra
3208 1057 3517 1109 servabitur
3545 1074 3661 1124 ara,

2477 1143 2611 1195 Cum
2643 1144 2794 1210 polus
2827 1153 2880 1197 ct
2904 1146 3059 1199 tellus
3084 1166 3143 1198 at:
3169 1149 3311 1208 ponti
3351 1148 3533 1203 flustra
3568 1151 3830 1210 fatiscant,

2478 1234 2653 1288 ltouec
2682 1237 2953 1302 supremis
2983 1238 3274 1292 scintilleut
3297 1241 3456 1293 saecla
3490 1242 3705 1304 favillis,

2476 1325 2538 1377 lit
2569 1325 2749 1380 mundi
2782 1328 2974 1389 moles,
3008 1340 3217 1384 montes
3248 1334 3519 1401 collesque
3555 1333 3875 1402 liquescant,

2472 1419 2644 1483 Atque
2676 1429 2934 1473 creatura;
2964 1432 3206 1475 cerarum
3242 1425 3413 1476 lluxns
3444 1425 3507 1476 ad
3540 1425 3707 1479 instar

2472 1508 2715 1564 Machina
2746 1513 3061 1567 succumbat
3092 1515 3303 1568 flamina
3335 1516 3633 1584 crepitante
3662 1534 3756 1587 per
3785 1522 3971 1576 Ol'Dt'lﬂ.

3193 1607 3327 1660 Xlil.

2468 1670 2767 1739 Supremns
2798 1689 3079 1730 numerum
3112 1680 3394 1732 concludat
3423 1680 3711 1737 Tltaddeus
3745 1685 3947 1739 aluutrt.

2467 1766 2562 1818 Cui
2592 1782 2891 1833 cognomen
2926 1781 3041 1822 erat
3076 1771 3389 1837 prati-larunt
3422 1771 3652 1828 Libbeus
3691 1777 3833 1841 oliui

2466 1863 2633 1924 Quem
2658 1862 2876 1915 duxisse
2910 1864 3083 1917 ferunt
3108 1865 3303 1918 Christi
3335 1880 3454 1918 cum
3486 1878 3775 1933 grammati:
3804 1871 4033 1924 schedam

2395 1972 2438 2029 Β
2471 1954 2733 2017 Abagaro.
2766 1957 3039 2022 quondam
3066 1958 3152 2023 qui
3186 1971 3333 2024 ri-gtu
3365 1974 3573 2027 sceptra
3610 1961 3839 2027 regelut,

2473 2043 2760 2109 Postquam
2785 2045 3101 2099 Tartareum
3133 2047 3408 2101 damnavit
3441 2058 3612 2102 morte
3641 2058 3932 2118 tyranuum.

2469 2134 2532 2185 lit
2561 2138 2710 2187 tetris
2745 2137 2900 2190 lirebi
2932 2139 3172 2202 gaudens
3201 2138 3419 2192 emersit
3452 2141 3517 2192 ab
3547 2144 3735 2192 antris.

2469 2224 2603 2277 Exin
2642 2228 2911 2280 sidereum
2942 2229 3186 2281 Christus
3218 2231 3532 2284 musci-tulit
3562 2233 3841 2301 Olympum

2468 2316 2666 2370 Dicitur
2693 2320 2776 2371 ltie
2807 2321 2968 2374 etiam
3001 2323 3213 2391 vulgato
3242 2325 3460 2377 nomine
3484 2325 3667 2390 Judas,

2462 2408 2628 2473 Cujus
2660 2411 2910 2477 praesenti
2945 2412 3126 2467 laudes
3156 2414 3499 2469 celebrantur
3529 2418 3580 2469 iu
3612 2420 3729 2471 aula
3756 2466 3762 2473 .

2461 2497 2560 2558 Qui
2594 2500 2748 2553 nobis
2778 2502 2959 2554 binum
2990 2501 3220 2557 facundo
3249 2506 3446 2559 famine
3476 2507 3674 2560 biblum

2464 2587 2661 2651 Edidit,
2698 2592 2947 2659 antiquas
2981 2594 3323 2662 promulgatis
3353 2611 3445 2649 ore
3475 2597 3731 2664 loquelas,

2457 2676 2602 2739 Quas
2628 2679 2809 2732 Euoeh
2841 2680 3016 2747 prisco
3038 2682 3323 2751 descripsit
3361 2694 3599 2752 tempore
3623 2696 3767 2740 \‘ates

2459 2774 2599 2822 Aule
2628 2786 2788 2839 raan
2824 2775 3080 2827 tttuudum
3109 2792 3265 2844 quam
3298 2788 3493 2843 pontus
3529 2781 3782 2847 plecteret
3811 2785 3985 2848 undis,

2464 2861 2656 2915 Diceris
2684 2881 2695 2915 :
2725 2865 2860 2918 licce
2890 2867 3032 2920 venit
3059 2867 3313 2922 Dominus
3342 2884 3463 2923 cum
3492 2872 3727 2926 tuillibus
3752 2877 3905 2931 almis

2464 2954 2668 3005 l'ouero
2688 2955 2947 3020 judicium
2973 2960 3182 3012 cunctis
3211 2959 3571 3016 habitantibus
3596 2967 3803 3027 urbem,

2457 3044 2603 3105 Quos
2638 3045 2809 3097 turbes
2841 3048 3076 3113 appellat
3104 3063 3271 3116 aquas
3312 3051 3549 3106 stillante
3576 3065 3839 3120 carentes,

2459 3129 2672 3201 Frigida
2705 3151 2838 3201 quas
2871 3138 3065 3205 rapidis
3094 3140 3407 3209 dispergunt
3438 3142 3649 3196 flatttiua
3683 3147 3875 3211 ventis,

2459 3224 2567 3278 Nec
2598 3242 2704 3279 ttott
2735 3228 3019 3282 arboribus
3047 3232 3214 3284 sterili
3244 3232 3310 3285 de
3341 3235 3520 3302 stipite
3551 3237 3687 3290 uatis

2388 3328 2428 3377 (ζ
2454 3313 2773 3384 Cutnparat,
2806 3321 3196 3389 autumnique:
3228 3321 3455 3376 fructum
3490 3334 3729 3393 tempore
3760 3328 4013 3395 perdunt.

2456 3407 2548 3460 Sic
2577 3424 2790 3477 quoque
2818 3412 3124 3481 Spumil’eris
3157 3416 3416 3470 undarum
3446 3420 3693 3475 lluctibus
3724 3439 3903 3492 aequat

2460 3496 2775 3554 Errabunda
2806 3517 3005 3557 vocans
3036 3507 3302 3561 etelorum
3332 3507 3503 3562 sidera
3535 3521 3739 3577 sontes,

2455 3593 2557 3658 Qui
2589 3603 2802 3647 servata
2836 3606 3000 3648 restat
3031 3598 3326 3651 tenebrosis
3359 3615 3513 3667 poena
3546 3604 3822 3668 procellis.

2456 3686 2661 3754 Nempe
2686 3689 2826 3740 feras
2856 3698 3042 3755 gentes
3071 3701 3119 3743 et
3148 3690 3293 3757 puuti
3325 3691 3548 3746 barbara
3578 3709 3742 3761 regna

2451 3775 2615 3828 .ludas
2644 3776 2707 3829 ad
2740 3777 3022 3831 Dominum
3051 3778 3306 3834 doctrinis
3336 3780 3557 3836 flexerat
3586 3784 3761 3849 almis,

2452 3870 2618 3935 tiujus
2650 3868 2701 3920 iu
2731 3870 2981 3922 Armenia
3013 3872 3242 3938 sepitutn
3267 3882 3445 3927 morte
3476 3874 3702 3929 cadaver

2457 3958 2913 4013 Exsurrecturutu
2947 3961 3091 4014 fatali
3126 3962 3230 4014 line
3259 3963 3508 4031 quiescit,

2448 4052 2552 4103 Sed
2587 4059 2764 4104 tamen
2796 4053 3062 4106 mtuet-eas
3086 4053 3333 4107 lustravit
3362 4054 3583 4122 spiritus
3610 4070 3792 4112 arces.

3164 4143 3301 4198 XIV.

2454 4211 2563 4263 lloc
2593 4227 2746 4266 sacer
2774 4212 3026 4268 observat
3054 4215 3336 4269 delubrum
3362 4215 3605 4271 Mattltias
3633 4218 3868 4278 almum.

2452 4301 2597 4355 Unus
2627 4304 2716 4371 qui
2750 4303 2920 4358 fertur
2946 4306 3013 4359 tle
3042 4306 3376 4374 septuaginta
3410 4308 3571 4362 fuisse

2451 4391 2732 4460 Discipulis
2760 4394 2969 4448 Domini
2999 4396 3085 4465 qui
3116 4410 3326 4451 sacrum
3349 4396 3541 4466 degma
3570 4400 3871 4466 docebant,

2444 4486 2613 4546 Quem
2644 4481 2786 4537 Deus
2816 4486 3045 4538 electum
3074 4488 3304 4555 signavit
3327 4501 3473 4542 sorte
3500 4503 3756 4557 superna.

2448 4574 2579 4627 llum
2610 4574 2775 4628 Judas
2800 4574 3066 4643 Scarioth,
3093 4580 3311 4644 strupha
3338 4579 3595 4648 deceptus
3624 4581 3836 4651 iniqua,

2406 620 2453 675 Α

2320 4687 2332 4701 ι
2365 4667 2415 4725 Ι)
2443 4663 2667 4717 Culmen
2695 4665 2972 4732 apostolici
2995 4667 3197 4720 celsum
3224 4669 3478 4736 perdebat
3504 4669 3750 4737 honoris,

2442 4760 2615 4824 Atque
2642 4756 2807 4810 libras
2836 4756 3006 4811 olidas
3037 4768 3177 4812 tetro
3205 4773 3325 4814 cum
3361 4760 3566 4815 viscere
3597 4764 3798 4825 [until-3t,

2439 4849 2570 4899 Cum
2601 4849 2810 4914 crepuit
2837 4849 3045 4903 medius
3074 4851 3265 4919 laqueo
3300 4866 3590 4921 suspensus
3618 4856 3685 4906 ab
3713 4855 3857 4920 alto,

2436 4937 2537 5003 Qui
2573 4937 2852 4992 Dutniuum
2884 4939 3019 4994 lucis
3050 4942 3401 4997 redimentettt
3429 4946 3689 5013 sanguine
3716 4948 3896 5002 saecla

2443 5033 2690 5087 \‘endidit
2721 5044 2778 5086 ut
2808 5035 3031 5100 cupidtts
3063 5034 3265 5091 fultum
3297 5039 3562 5092 numisma
3587 5050 3874 5107 capessat.

2436 5124 2681 5178 Matthias
2710 5125 2930 5188 idcirco,
2957 5134 3144 5193 spreto
3170 5124 3379 5182 latrone
3408 5126 3660 5194 nefando,

2434 5220 2491 5273 In
2525 5220 2752 5274 Domino
2782 5218 2952 5273 fretus
2981 5234 3263 5274 numerum
3293 5221 3561 5289 supplevit
3587 5222 3851 5278 eumdem
3874 5268 3891 5286 .

2432 5315 2660 5368 Junetus
2689 5311 2996 5380 apostolicis
3020 5321 3262 5379 gratatur
3285 5310 3406 5377 jure
3437 5312 3742 5379 triumphis.

2431 5406 2550 5459 .lam
2582 5405 2663 5458 bis
2690 5417 2819 5459 sena
2851 5402 3008 5456 simul
3039 5402 3241 5470 digessi
3272 5404 3485 5455 nomina
3514 5404 3732 5456 Patrum

2436 5497 2476 5550 Ε
2503 5495 2694 5565 quibus
2723 5493 3028 5547 Altitbrouo
3054 5506 3346 5547 conversus
3372 5493 3601 5546 credidit
3625 5496 3795 5548 urbis.

2434 5589 2541 5643 llos
2573 5586 2818 5655 precibus
2847 5600 3008 5639 verna
3042 5584 3245 5638 crebris
3274 5593 3329 5638 et
3354 5594 3570 5652 pectore
3596 5584 3764 5650 fulvo,

2432 5680 2499 5733 Ut
2530 5678 2658 5732 mihi
2691 5677 2985 5731 clementer
3017 5672 3276 5729 noxarum
3305 5675 3539 5743 pondera
3566 5675 3771 5742 laxent,

2431 5772 2494 5823 Ιιὶι
2524 5768 2733 5821 veniam
2763 5766 2953 5819 dantes
2982 5765 3263 5820 commissa
3291 5762 3496 5832 piacula
3524 5765 3760 5827 solvant,

2427 5864 2701 5926 Quatenus
2733 5859 2784 5912 itt
2817 5859 3056 5925 requiem
3077 5899 3091 5922 ,
3124 5856 3302 5912 divina
3330 5856 3499 5924 gratia
3533 5856 3728 5919 frctus,

2435 5954 2664 6010 Ultituus
2704 5951 2971 6021 ingrediar
2999 5949 3211 6005 Christo
3246 5956 3503 6018 regnante
3535 5962 3627 6017 per
3654 5947 3939 6003 aethram;
