4172 6596
217 470 324 529 297
1409 489 1873 542 FiLtCllliN'fljtl
1914 489 1996 540 ut:
2030 490 2134 542 nn;
2177 489 2430 543 nmen.
3393 490 3494 545 asa

221 583 422 598 ..-Μ
443 587 564 596 ιη--.
580 589 649 597 ...-

2489 595 2581 604 .a-_
2592 596 2720 605 ..-α-..οη
2731 596 2745 604 ο
2759 595 3082 604 ...ς-*σ’-ο-
3105 597 3132 603 -σ

3168 593 3490 608 ——-—-—.—

613 727 1113 832 VERSUS
1193 730 1324 834 IN
1406 730 2037 835 IIONOREM
2119 725 3078 831 APOSTOLORUM

1717 931 1980 980 SCRIPTI.

1026 1062 1162 1113 DUM
1203 1059 1454 1110 AUCTOR
1493 1059 1836 1109 LCCl.i£SlAM
1882 1057 2102 1108 EORUM
2150 1057 2340 1106 liOMl-l
2390 1057 2724 1106 lN’l'l'tAlil-I'l‘.

1756 1190 1935 1202 UI—-—-

1107 1251 1394 1311 [Servantur
1420 1253 1466 1298 in
1493 1249 1666 1298 l"aritii
1691 1245 1855 1295 libello
1889 1249 1951 1294 de
1977 1246 2082 1296 Vita
2108 1248 2365 1298 Aldhelmi.
2409 1250 2588 1311 (itu-25.]

215 1427 320 1482 llic
339 1425 656 1479 celebranda
689 1424 835 1478 rudis
865 1425 1096 1479 florescit
1119 1426 1285 1492 gloria
1317 1423 1522 1490 templi,

216 1520 466 1585 Limpida
496 1535 613 1584 qua:
647 1521 782 1571 sacri
815 1519 988 1585 signat
1019 1519 1211 1570 vexilla
1244 1516 1532 1583 triumphi;

216 1611 318 1664 llic
346 1612 534 1663 l’elrus
565 1619 617 1662 et
643 1610 856 1671 Paulus,
894 1610 1164 1662 tenebrosi
1196 1609 1393 1662 lumina
1427 1609 1634 1670 mundi,

217 1703 485 1767 I'rst-cipni
519 1704 701 1754 Patres
735 1704 908 1771 populi
942 1702 1027 1771 qui
1064 1706 1209 1756 frena
1243 1705 1559 1771 gubernant,

214 1793 562 1844 Carminibus
596 1796 797 1844 crebris
827 1795 963 1844 alma
996 1803 1316 1845 venerantur
1351 1794 1399 1844 iu
1433 1791 1574 1844 auia.

215 1881 468 1950 Clavigcr
497 1883 768 1946 astili-rius,
806 1894 1012 1950 portam
1047 1882 1135 1951 qui
1170 1883 1356 1948 pandis
1387 1883 1437 1933 in
1470 1881 1658 1944 auhra,

214 1976 458 2028 Candida
489 1977 745 2027 caelorum
781 1976 1063 2028 recludens
1095 1992 1256 2042 regna
1289 1975 1567 2040 Tonantis,

220 2066 427 2117 Exauii
459 2069 692 2117 clemens
725 2069 1038 2132 populorum
1066 2077 1186 2116 vota
1221 2072 1552 2131 precantum,

215 2157 451 2210 Marcida
477 2159 561 2226 qui
596 2157 760 2226 riguis
793 2159 1102 2211 humectant
1131 2158 1389 2209 imbribus
1419 2171 1548 2218 ora;

217 2249 446 2314 Suscipe
478 2250 746 2317 singultus
777 2253 1059 2304 commissa
1096 2247 1262 2316 piacla
1292 2259 1620 2316 gementum,

211 2340 311 2406 Qui
344 2355 502 2407 prece
530 2343 777 2409 fragrauti
813 2351 1017 2394 torrent
1043 2341 1350 2408 peccamina
1375 2339 1518 2393 vitae.

1777 1355 1926 1366 -ι--ο

1927 1358 1965 1367 ς-

1837 1427 1885 1481 Α
1919 1421 2177 1472 Maximus
2206 1435 2271 1473 en
2304 1421 2490 1474 doctor
2523 1422 2734 1486 Paulus,
2763 1431 3023 1479 vocitatus
3051 1428 3116 1480 ab
3146 1443 3247 1484 axe

1916 1516 2128 1575 Saulus,
2162 1515 2247 1582 qui
2282 1516 2452 1567 dictus
2480 1527 2682 1569 mutato
2719 1519 2932 1571 nomine
2958 1519 3172 1584 Paulus,

1913 1607 2044 1658 Cum
2078 1623 2299 1673 cuperes
2328 1607 2540 1661 Christo
2569 1608 2768 1676 priseos
2794 1626 3104 1680 pneponere
3136 1613 3288 1678 ritus,

1915 1699 2039 1750 ἰόςι
2071 1699 2316 1751 tenebras
2349 1700 2546 1752 claram
2579 1701 2784 1768 coepisti
2819 1717 3041 1755 cernere
3071 1704 3276 1767 lucem;

1924 1786 2153 1838 Vocibus
2184 1797 2426 1838 orantum
2461 1806 2597 1838 nunc
2628 1807 2780 1841 aures
2816 1793 2984 1856 pande
3016 1792 3294 1860 benignas,

1917 1877 1980 1929 lit
2008 1887 2145 1928 tutor
2183 1877 2421 1928 tremulis
2452 1892 2569 1930 curn
2602 1878 2758 1931 Petro
2791 1882 3002 1947 porrige
3034 1883 3274 1936 dextram
3300 1926 3313 1946 ,

1916 1971 2076 2019 Sacra
2104 1970 2501 2037 frequentantes
2532 1971 2664 2022 aulzr
2694 1972 2778 2037 qui
2808 1970 2986 2022 limina
3023 1971 3284 2037 lustrant;

1914 2061 2184 2120 Quatenus
2218 2060 2301 2110 hie
2332 2061 2595 2111 scelerum
2627 2061 2782 2112 detur
2813 2060 3137 2126 indulgentia
3169 2079 3382 2133 perpes,

1909 2143 2074 2208 Larga
2102 2147 2165 2198 de
2200 2150 2392 2214 pietate
2422 2149 2590 2200 ﬂuens
2619 2158 2671 2200 et
2705 2149 2849 2200 fonte
2881 2165 3132 2215 superno,

1911 2234 2090 2302 Digitis
2118 2237 2204 2304 qui
2242 2252 2511 2306 nunquam
2537 2239 2746 2307 populis
2777 2243 3030 2309 torpescit
3062 2243 3111 2294 in
3138 2259 3335 2297 :cvum.

824 2609 1745 2717 FRAGMENTUM
1822 2612 1982 2712 DE
2066 2614 2270 2714 DIE
2350 2544 2862 2755 Juntcn,

1637 2812 1717 2853 UT
1765 2811 2064 2853 VIDETCR.

1622 2926 1747 2934 -—-——-——

1761 2923 2007 2932 .—————-—

2013 2923 2057 2933 .-

734 2985 839 3046 [Est
865 2986 912 3033 in
937 2982 1054 3034 Cod.
1095 2982 1246 3032 Paris.
1282 2978 1433 3040 8518;
1464 2987 1652 3029 textum
1680 2987 1732 3029 et
1752 2993 1951 3030 sensum
1976 2982 2081 3029 aliis
2105 2981 2464 3043 expedieadmn
2494 2982 2735 3044 relinquo.
2764 2984 2942 3049 Grcas.)

1070 3113 1240 3165 ΝΕΝο
1262 3114 1512 3164 PRIMUM
1540 3112 1806 3176 EDITUM,
1838 3115 1958 3165 SEI)
1984 3114 2195 3164 VALDE
2215 3113 2631 3165 CORliL-I’TL'M.

198 3311 309 3363 tlur
345 3319 449 3360 non
484 3317 550 3356 ex
580 3303 758 3370 aliquo
792 3301 962 3368 possit
989 3303 1302 3369 contingere
1335 3311 1460 3355 nota

198 3405 331 3468 Qua:
365 3399 535 3452 fuerat
560 3397 829 3466 quondam
861 3395 949 3463 qui
976 3396 1178 3448 vixerat
1206 3406 1330 3449 ante
1359 3396 1606 3465 figuram,

201 3504 279 3549 Ac
310 3493 646 3558 similemque
674 3503 785 3543 suae
808 3487 995 3556 julieat
1027 3503 1304 3556 resurgere
1330 3490 1536 3553 fortine,

202 3586 334 3638 Cum
366 3585 472 3636 sint
497 3581 674 3633 omnia
704 3580 818 3644 Dei,
852 3581 1039 3632 reddet
1067 3596 1296 3648 namque
1324 3581 1502 3632 omnia
1535 3588 1748 3646 pontus.

198 3677 385 3730 Tellus
411 3663 560 3740 jussu
590 3671 816 3725 revomit
843 3671 1102 3740 quidquid
1135 3681 1446 3725 contexerat
1471 3671 1619 3725 olim.

200 3769 255 3824 Si
283 3781 403 3836 qua:
434 3767 568 3818 forte
593 3764 733 3830 regis
764 3763 1008 3816 dissolvit
1038 3763 1248 3815 ﬂarnma
1274 3763 1486 3830 sapitis,

203 3865 312 3916 Aut
337 3860 568 3926 aliquem
601 3855 763 3909 vastis
794 3855 1072 3909 absorbuit
1100 3871 1283 3922 mquor
1310 3857 1361 3908 in
1396 3854 1567 3918 undis,

207 3955 262 4007 Si
297 3951 555 4018 cujusque
586 3948 722 4001 fame
751 3947 1074 3999 devorarant
1102 3947 1302 3999 viscera
1335 3946 1527 4012 pisces,

203 4042 308 4094 Aut
335 4043 496 4092 lixeie
528 4035 652 4090 fera:
680 4035 914 4088 crudelia
947 4035 1130 4089 funera
1161 4035 1437 4098 membris,

201 4134 430 4186 Milibus
455 4131 622 4198 jacuit
654 4139 806 4195 rapto
833 4129 899 4182 de
927 4142 1152 4197 corpore
1183 4131 1421 4196 sanguis,

204 4222 398 4276 Ultima
427 4235 522 4272 nec
557 4218 778 4272 domino
803 4219 1071 4287 negabunt
1102 4220 1289 4271 l'unera
1317 4232 1639 4286 quemquam

201 4320 477 4382 Apparere
503 4311 612 4364 Deo
643 4309 790 4363 vivos
820 4310 887 4363 dc
920 4319 1092 4363 morte
1125 4324 1346 4364 necesse
1373 4320 1476 4371 est,

206 4403 616 4470 itesumptisque
648 4402 761 4455 suis
789 4401 1035 4454 homines
1061 4411 1238 4455 astare
1270 4402 1472 4467 figuris.

201 4501 417 4557 Semina
450 4501 528 4552 sic
551 4499 709 4566 jaCliS
742 4496 1034 4551 creduntur
1063 4497 1208 4550 arida
1243 4497 1424 4560 terris,

203 4593 269 4646 Et
299 4591 512 4661 penitus
538 4589 744 4657 pressis
771 4598 1055 4656 pareseunt
1085 4597 1291 4640 mortua
1322 4588 1504 4651 sulcis,

199 4682 330 4736 lude
357 4679 614 4734 recreatis
639 4677 906 4730 animatur
931 4679 1139 4730 culmus
1166 4677 1368 4729 aristis.

203 4777 283 4828 En
313 4775 508 4826 iterum
536 4771 671 4824 vivis
701 4778 1026 4838 grauescunt
1057 4767 1214 4821 fortia
1246 4767 1446 4836 granis,

204 4865 715 4931 Concurruntque...
747 4861 901 4914 vario
930 4876 1049 4914 cum
1081 4860 1264 4913 fenore
1293 4874 1515 4914 messes.

201 4957 393 5012 Sidera
426 4963 618 5007 cuncta
649 4951 869 5014 cadunt,
904 4952 1093 5004 iterum
1127 4960 1378 5004 renovata
1413 4951 1710 5014 lucescuut,

205 5049 267 5102 Et
293 5047 409 5099 dies
439 5045 490 5098 in
521 5044 690 5097 densa
720 5044 944 5095 moritur
969 5058 1090 5096 cuin
1122 5042 1320 5094 lumine
1348 5051 1540 5104 nocte;

199 5140 400 5206 Solque
432 5139 603 5199 cadit,
642 5136 939 5200 iterumque
972 5135 1106 5186 redit
1134 5134 1233 5187 sub
1267 5133 1464 5188 lumine
1495 5135 1710 5194 malum,

198 5233 363 5281 Ortus
393 5234 447 5278 et
475 5223 526 5276 in
559 5225 722 5277 rutilo
754 5223 978 5292 fulgebit
1003 5223 1134 5277 orbe
1169 5233 1409 5290 peracto.

197 5322 311 5376 Lux
348 5318 484 5387 perit
512 5317 758 5369 umbrato
789 5315 1037 5370 veniente
1067 5331 1294 5384 vespere
1320 5317 1539 5384 mundo,

200 5412 265 5464 Et
293 5419 499 5463 remeat
533 5415 644 5459 toto
676 5417 1001 5474 renovatque
1032 5409 1217 5478 gaudia
1250 5410 1428 5462 szeclo.

197 5505 290 5557 Sic
313 5508 568 5554 renovata
597 5513 694 5551 suo
727 5498 852 5552 vivit
879 5499 947 5552 de
972 5498 1156 5555 funere
1188 5501 1429 5567 phoenix,

200 5594 572 5660 Exemploque
595 5605 723 5644 suos
751 5591 997 5645 volucres
1027 5595 1258 5662 resurgit
1287 5594 1338 5646 iu
1371 5595 1556 5649 hortus

198 5687 264 5738 Et
295 5684 493 5736 nudata
530 5681 671 5735 foliis
704 5697 799 5734 suo
827 5691 1064 5750 tempore
1089 5685 1531 5747 fructicatarbor,

194 5776 375 5844 Atque
407 5774 603 5828 iterum
638 5773 808 5839 pomis
831 5783 1122 5828 cuivautur
1146 5777 1384 5844 germina
1417 5777 1569 5832 rami.

197 5868 338 5938 Ergo
372 5875 429 5922 ut
453 5882 480 5917 ε
511 5877 642 5916 voce
675 5864 871 5918 mundo
903 5876 1168 5922 tremente
1195 5868 1398 5934 divina,

485 5955 757 6014 Ριιτιιοῐ..
807 5955 1167 6019 LXXXIX.

1820 3308 1865 3364 B
1902 3303 1963 3355 lit
1995 3303 2205 3370 penitus
2238 3305 2434 3370 pressis
2469 3304 2753 3358 virtutibus
2779 3309 2995 3364 :etheris
3024 3313 3144 3368 altis
3165 3358 3178 3378 ,

1892 3394 2042 3447 Tunc
2070 3394 2246 3461 fragor
2271 3394 2536 3461 ingenitus
2567 3405 2620 3447 et
2648 3397 2875 3450 uiaxinia
2910 3416 3180 3459 murmura
3207 3411 3361 3472 cmli,

1894 3485 2248 3538 Promovente
2281 3485 2390 3537 Deo
2419 3487 2664 3540 veniente
2683 3488 2860 3553 judice
2888 3495 3094 3548 mundi.

1893 3575 2141 3629 Protinus
2172 3573 2431 3628 innumeri
2462 3592 2784 3632 concurrere
2812 3580 2891 3634 ire
2921 3583 3176 3642 ministri.

1893 3666 2306 3733 Convallantque
2339 3668 2504 3720 Deum
2529 3682 2649 3721 cum
2681 3672 2958 3737 majestate
2982 3675 3188 3731 celesti.

1893 3762 2143 3828 Angelica
2175 3762 2294 3817 latae
2321 3762 2651 3815 descendens
2681 3764 2890 3831 agmina
2915 3767 3092 3831 terris,

1893 3853 2091 3906 Omnes
2120 3855 2287 3906 nuntii
2320 3855 2433 3917 Dei,
2467 3854 2657 3922 quibus
2687 3865 2770 3907 est
2805 3858 2989 3910 divina
3020 3861 3272 3929 facultas;

1894 3944 2179 4013 Principum
2212 3945 2377 3999 forma
2410 3945 2618 3998 virtutis
2657 3947 2878 4012 spiritus
2908 3963 3116 4004 omnes.

1894 4035 2083 4101 lgneus
2118 4037 2197 4088 bis
2229 4039 2376 4104 vigor
2400 4045 2482 4089 est
2507 4047 2560 4089 et
2585 4037 2856 4088 nobillima
2890 4052 3116 4107 corpora
3139 4045 3276 4099 coelo

1895 4127 1985 4178 \is
2012 4127 2191 4179 divina
2227 4129 2437 4195 migrat,
2470 4129 2521 4179 in
2556 4137 2722 4180 totum
2754 4131 2960 4182 intonat
2986 4133 3155 4188 azlher

1897 4217 1988 4269 llie
2015 4217 2286 4283 trepidans
2318 4228 2458 4271 terra
2487 4221 2696 4286 penitus
2727 4223 2972 4274 universa
3005 4227 3252 4296 remugit,

1895 4309 2203 4362 l’arturiens
2234 4309 2501 4374 homines,
2525 4325 2658 4376 quos
2688 4311 2914 4365 reddere
2939 4313 3086 4377 jussa
3111 4319 3347 4374 debebit.

1892 4402 2148 4454 Mirantur
2177 4401 2423 4465 comites,
2457 4404 2731 4454 turbantur
2762 4402 2991 4470 denique
3021 4408 3208 4475 nimbi,

1891 4495 2047 4546 Astra
2078 4491 2265 4544 tnirata
2298 4494 2479 4546 tabent
2510 4494 2688 4546 subito
2713 4494 2920 4548 virtutis
2950 4498 3015 4551 ab
3038 4500 3168 4565 alto,

1892 4585 2065 4651 Atque
2095 4582 2347 4636 inclinata
2372 4583 2599 4636 Domino
2630 4585 2957 4640 descendere
2980 4589 3120 4642 c0310

1811 4679 1855 4737 Β
1892 4677 2024 4730 lline
2049 4676 2269 4742 jubente
2301 4677 2411 4728 Deo
2441 4678 2590 4730 faciie
2619 4693 2738 4730 cum
2771 4695 2904 4733 voce
2935 4686 3157 4748 potenti.

1889 4768 2156 4821 Continuo
2184 4768 2350 4832 rUptis
2380 4782 2472 4834 per
2499 4769 2676 4819 omnia
2702 4785 2859 4835 regna
2891 4774 3152 4839 sepulcris
3177 4817 3192 4842 ,

1891 4859 2077 4912 Omnis
2110 4859 2302 4911 humus
2329 4859 2466 4913 laetis
2497 4858 2722 4912 elfundit
2750 4863 2981 4916 hiatibus
3011 4879 3152 4932 ossa,

1896 4950 2492 5016 Viventesque..........
2529 4951 2749 5018 populos
2797 4964 3002 5006 eructat
3031 4971 3213 5012 arena.

1895 5043 2109 5098 lla-rent
2137 5043 2370 5095 membra
2398 5043 2587 5104 comis,
2619 5052 2905 5096 nectuntur
2933 5062 3054 5101 ossa
3086 5052 3361 5113 medullis.

1893 5135 2240 5201 flonsertique
2264 5144 2452 5201 regunt
2484 5133 2735 5198 Spirantia
2761 5152 2986 5203 corpora
3016 5143 3188 5207 nervi,

1896 5227 1960 5278 fit
1983 5225 2138 5276 simul
2170 5226 2353 5276 infusa:
2384 5235 2665 5276 moventur
2700 5225 2958 5292 sanguine
2990 5243 3160 5294 venre,

1894 5320 2240 5385 Diniissmque
2272 5319 2416 5370 cavis
2444 5317 2639 5369 auinne
2668 5317 2962 5372 redduntur
2994 5325 3194 5390 apertis
3219 5365 3234 5389 ,

1892 5416 2098 5481 Organa
2131 5427 2353 5479 qumque
2375 5427 2466 5465 sua
2497 5422 2746 5477 repetunt
2781 5417 3050 5479 surgentia
3080 5426 3292 5471 cuncta.

1893 5506 2032 5560 Proh
2060 5505 2297 5557 miranda
2329 5505 2506 5573 quies!
2545 5503 2627 5554 hic
2655 5502 2829 5554 omnis
2879 5506 3099 5570 pullulat
3141 5519 3290 5564 aetas.

1895 5595 2124 5650 Pullulat
2150 5595 2365 5662 antiqua
2397 5603 2724 5646 mortuorum
2756 5595 2975 5658 pulvere
3008 5605 3168 5651 terra.

1899 5688 2091 5742 Matres
2119 5695 2280 5754 atque
2308 5685 2406 5736 viri
2438 5681 2656 5750 repetita
2684 5683 2797 5735 luce
2835 5697 3117 5753 resurgunt
3137 5727 3150 5750 ,

1897 5776 2211 5847 Magnanimi
2237 5777 2481 5844 juvenes,
2507 5776 2651 5841 pueri
2685 5773 3028 5844 innuptmque
3059 5777 3270 5844 puellae.

1901 5869 2250 5939 Del'unctique
2282 5881 2438 5925 senes
2466 5864 2657 5919 animis
2690 5865 2982 5921 viventibus
3007 5867 3225 5938 adsunt,

2965 5956 3037 6016 10
