4172 6568
726 479 829 533 209

727 601 1122 667 lnfaustumque
1151 608 1370 665 gemens
1399 604 1615 649 resonat
1641 595 1908 663 vagitibus
1933 592 2102 645 orbis.

725 693 873 747 Tunc
905 693 1061 745 varize
1089 700 1272 759 gemes
1299 689 1519 742 veniunt
1543 688 1607 742 de
1640 689 1854 743 sedibus
1881 686 2025 747 imis,

727 784 976 838 ltuSIicus
1007 793 1058 836 et
1087 784 1258 846 miles,
1293 781 1468 849 posito
1495 781 1793 835 diademate
1821 793 1993 846 rcges,

727 876 966 943 Paupere
995 874 1302 927 commistus
1325 873 1512 941 aequali
1549 873 1600 926 in
1637 874 1846 941 agmine
1875 871 2048 923 dives.

731 969 882 1021 Altus
912 965 1102 1032 ubique
1131 973 1332 1018 tremor
1363 965 1606 1032 precibus
1636 978 1774 1016 nunc
1807 964 2042 1030 ingemet
2072 958 2234 1025 orbis,

727 1056 1139 1123 'l‘endentesque
1168 1071 1353 1108 manus
1385 1054 1558 1120 populi
1587 1053 1818 1106 clamore
1872 1060 2166 1105 morantur.

727 1147 845 1214 ipse
879 1148 1069 1201 sedens
1103 1147 1355 1200 Dominus
1378 1146 1574 1200 eminet
1602 1145 1799 1199 lumine
1822 1145 2020 1208 clarus,

727 1239 796 1293 Et
829 1248 1111 1309 prepotens
1133 1237 1337 1290 cunctis
1370 1238 1529 1290 micat
1558 1238 1608 1289 in
1638 1234 1918 1289 virtutibus
1951 1233 2085 1303 ignis
2107 1274 2122 1298 ,

732 1332 1064 1398 i‘lxcelsoque
1097 1328 1293 1382 throno
1318 1328 1520 1383 caelesti
1551 1327 1676 1381 sede
1707 1334 1985 1388 coruscat,

732 1424 1051 1489 Martytibus
1080 1433 1280 1490 sepius,
1315 1435 1538 1475 numero
1579 1419 1840 1473 candente
1869 1419 2136 1477 virorum.

731 1516 1051 1585 Dileetisque
1080 1515 1189 1568 suis
1209 1513 1493 1568 comitatus
1525 1512 1728 1565 vatibus
1751 1520 1961 1578 exstat,

729 1610 884 1662 Clara
917 1607 1105 1678 quibus
1137 1605 1304 1660 niveis
1332 1604 1583 1672 effulgent
1615 1613 1850 1668 tempora
1886 1601 2075 1654 tzeniis.

726 1701 949 1768 Jamque
979 1697 1284 1750 sacerdotes
1315 1694 1494 1747 nitidis
1522 1693 1572 1746 in
1603 1692 1839 1745 vestibus
1877 1690 2096 1754 adsunt,

728 1791 1015 1845 CeStantes
1039 1787 1258 1841 rutilant
1289 1785 1565 1855 premialia
1597 1784 1766 1837 vincla
1795 1783 2007 1835 coronis

725 1881 1122 1948 Suhmisszeque
1150 1890 1336 1931 omnes
1364 1876 1603 1942 genibus.
1641 1914 1654 1927 .
1693 1911 1706 1924 .
1741 1911 1754 1925 .
1793 1915 1803 1924 .
1839 1873 2085 1934 adorant,

1548 477 1602 532 s.
1649 474 1994 530 ALI‘HIELMI
2036 468 2319 526 oratum
2367 465 2543 522 PMtS
2584 469 2670 522 ιιι.
2718 497 2780 507 -
2825 468 3168 525 coenam.

2339 584 2388 640 A
2419 583 2512 639 llic
2538 583 2709 638 malus
2741 588 2997 641 extremis
3033 587 3286 654 religatur
3317 586 3466 641 exsul
3501 588 3552 641 in
3585 589 3718 652 oris,

3911 472 4012 530 300

2420 679 2617 748 llicque
2649 680 2767 734 labo
2798 681 2996 735 veritus
3030 682 3162 736 fmes
3195 682 3434 736 habitare
3475 683 3681 736 beatos.

2418 773 2530 826 lllic
2559 774 2727 840 prisca
2759 774 2888 828 fides
2914 774 3084 828 electa
3117 777 3168 829 in
3199 778 3325 830 sede
3348 775 3603 844 quiescit;

2414 865 2625 920 Justitia
2648 867 2884 934 gaudens
2914 876 3116 920 aeterno
3143 867 3194 920 in
3223 868 3422 923 {rodere
3446 869 3594 931 vivit,

2418 959 2482 1012 Et
2508 973 2694 1013 secura
2725 960 2866 1015 salus
2893 960 3098 1028 placitis
3131 959 3342 1014 laxatur
3373 961 3424 1012 in
3454 961 3613 1014 arvis.

2418 1051 2512 1105 Hic
2539 1051 2836 1120 quicunque
2864 1053 3056 1108 bonus.
3103 1093 3116 1108 .
3164 1092 3178 1107 .
3223 1095 3234 1106 .
3281 1091 3294 1106 .
3337 1053 3564 1120 bonique
3596 1052 3823 1106 colonus
3851 1089 3865 1108 .

2415 1145 2623 1213 Quique
2656 1145 2822 1199 Deum
2847 1146 3033 1199 metuit
3065 1144 3281 1200 innoxia
3321 1153 3498 1198 mente
3524 1153 3773 1200 tremenl.

2415 1238 2589 1304 Atque
2615 1252 2738 1290 suos
2769 1235 2933 1290 coluit
2963 1251 3112 1290 sacra
3145 1238 3340 1305 pietate
3365 1244 3612 1306 parentes
3635 1275 3651 1299 ,

2417 1328 2520 1381 Aut
2543 1328 2751 1396 inopem
2786 1329 2991 1396 quoties
3017 1329 3206 1396 Opibus
3232 1330 3432 1382 solatus
3454 1329 3711 1384 amicum.

2416 1420 2479 1473 Et
2509 1420 2668 1472 coluit
2693 1431 2929 1473 sanctam
2961 1435 3171 1486 semper
3198 1419 3312 1474 sine
3341 1419 3565 1472 crimine
3599 1420 3785 1476 vitam,

2415 1515 2589 1580 Atque
2618 1511 2879 1565 laboranti
2911 1511 3462 1581 quisquamsubvenit
3491 1509 3684 1564 amico.

2415 1604 2670 1672 Pauperis
2699 1603 2932 1671 adjutor,
2970 1605 3231 1658 solitusve
3261 1604 3438 1658 fovere
3465 1603 3708 1672 pupillos.

2418 1698 2566 1750 Eruit
2593 1708 2643 1751 et
2676 1697 2904 1754 nocitos.
2934 1697 3182 1750 subvenit
3210 1695 3436 1750 crimine
3461 1696 3682 1764 pressis,

2418 1789 2827 1858 lloSpitibusque
2854 1804 2964 1842 su:e
2998 1789 3179 1842 tribuit
3208 1789 3295 1857 qui
3324 1803 3540 1842 munera
3569 1801 3796 1852 mensas,

2415 1879 2526 1930 Non
2569 1878 2798 1946 aliquem
2830 1878 3030 1938 nocuit,
3056 1887 3109 1930 et
3136 1893 3239 1930 non
3268 1877 3441 1930 aliena
3483 1876 3716 1944 cupivit,

727 1973 990 2040 Solusque
1007 1973 1488 2038 agiussanctusque
1513 1965 1672 2028 Deus,
1690 1978 1793 2014 vox
1811 1961 2057 2015 omnibus
2075 1974 2174 2013 una
2201 1967 2300 2025 est,
2342 1949 2388 2007 B
2417 2013 2420 2022 ,

2441 1970 2494 2023 lli
2524 1970 2850 2024 exsultantes
2867 1969 3056 2023 divinis
3076 1968 3321 2023 laudibus
3341 1983 3548 2030 omnes,

726 2062 1056 2130 Eternaque
1085 2059 1198 2113 dies
1229 2068 1388 2126 atque
1416 2053 1744 2110 immutabile
1775 2061 2017 2122 tempus;

727 2157 837 2210 Lux
869 2155 957 2208 ubi
986 2154 1128 2206 clara
1159 2151 1320 2213 lueet,
1350 2149 1516 2216 spirat
1545 2147 1808 2201 salubrior
1836 2160 1983 2209 aura,

726 2251 792 2303 Et
812 2258 1020 2302 secreta
1055 2246 1161 2299 Deo
1187 2245 1332 2312 regio
1354 2242 1609 2297 ditissima
1637 2247 1839 2313 campis
1862 2288 1874 2308 ,

727 2342 995 2408 lteataque
1026 2338 1182 2392 nimis
1209 2353 1400 2392 sereno
1448 2339 1501 2391 itt
1527 2337 1746 2392 cardine
1775 2337 1917 2389 sedis

727 2433 953 2497 Semper
982 2429 1204 2493 victura,
1243 2441 1559 2495 semperque
1591 2428 1644 2480 in
1669 2427 1788 2480 luce
1816 2427 1986 2479 futura

727 2522 911 2583 Lucet,
937 2531 986 2575 et
1017 2521 1260 2586 a5pirans
1293 2519 1433 2574 vitali
1473 2520 1690 2575 flamine
1724 2527 1912 2574 ventus
1934 2557 1949 2580 ,

726 2610 1117 2677 Omniferzeque
1139 2609 1255 2662 solo
1285 2610 1578 2677 praedivite.
1623 2647 1637 2661 .
1684 2649 1696 2662 .
1742 2647 1757 2660 .
1807 2646 1821 2661 .
1860 2648 1874 2660 .

727 2701 913 2757 Florea
947 2701 1162 2755 vibratis
1191 2700 1480 2769 conflagrat
1501 2715 1726 2768 purpura
1756 2699 1943 2767 pratis.

727 2792 824 2847 llic
855 2793 994 2846 rosei
1025 2792 1176 2846 nivea
1207 2792 1478 2844 variantur
1519 2789 1724 2843 semina
1757 2789 1914 2852 ruris,

725 2888 832 2939 Aut
861 2885 1029 2938 roseis
1055 2885 1206 2938 nivea
1237 2883 1538 2951 crispantur
1561 2881 1780 2936 floribus
1803 2896 1952 2934 aura.

723 2980 910 3034 Nescia
934 2979 1021 3033 illa
1048 2977 1240 3048 quibus
1267 2985 1550 3031 suavescat
1580 2975 1854 3044 pulchrior
1877 2975 2020 3042 alga,

724 3075 834 3126 Aut
860 3070 1051 3140 quibus
1089 3070 1304 3123 aetheris
1332 3069 1530 3136 aspirat
1563 3069 1776 3121 mollior
1803 3082 1956 3130 aura,

722 3162 852 3226 Quis
880 3160 1068 3215 melior
1099 3159 1302 3228 Specie,
1335 3167 1427 3211 aut
1457 3158 1574 3226 quis
1607 3158 1881 3226 praecellat
1913 3157 2137 3209 honore.

724 3253 1005 3321 Nunquam
1038 3250 1302 3319 ﬂorigeris
1326 3247 1526 3302 similes
1556 3258 1850 3302 nascuntur
1877 3247 1928 3298 in
1957 3244 2125 3298 hortis
2155 3260 2168 3308 ;

725 3343 859 3398 Lilia
892 3357 989 3397 nec
1011 3341 1204 3396 nostris
1235 3341 1528 3394 floruerunt
1571 3339 1690 3391 talia
1723 3337 1957 3404 campis,

724 3433 833 3489 Nec
864 3441 1043 3486 notata
1067 3433 1222 3485 rubet
1252 3445 1372 3483 mox
1404 3438 1460 3482 ut
1489 3442 1612 3481 rosa
1645 3427 1894 3496 panditur
1923 3425 2066 3490 alba,

729 3521 971 3587 Purpura
1005 3531 1102 3570 nec
1131 3518 1208 3570 sic
1235 3526 1318 3570 cst
1348 3513 1509 3584 Tyrio
1530 3523 1781 3566 concocta
1805 3512 2026 3576 rubore,

729 3610 948 3663 Gemma
979 3606 1229 3661 coloratis
1251 3603 1416 3674 fulget
1434 3605 1674 3673 speciosa
1708 3602 1900 3672 lapillis

729 3693 984 3755 Prasinus
1015 3696 1138 3750 inde
1167 3697 1321 3761 nitet,
1353 3694 1496 3748 illinc
1522 3694 1876 3748 carbunculus
1903 3691 2052 3746 ardet
2079 3735 2094 3758 ,

727 3788 1159 3859 Smaragdusque
1192 3787 1323 3854 lapis
1352 3783 1604 3839 micantia
1647 3784 1851 3839 lumina
1905 3783 2096 3838 fundit.

733 3881 829 3934 llic
857 3888 911 3933 et
937 3875 1220 3932 odoriferis
1249 3885 1538 3930 nascuntur
1564 3875 1810 3928 cinnama
1840 3874 2025 3942 virgis,

733 3973 798 4026 l-Zt
827 3971 1013 4025 viridis
1044 3971 1222 4024 laetum
1251 3977 1461 4038 gratum
1483 3967 1773 4037 conﬂagrat
1802 3981 2094 4022 amantum.

733 4065 829 4118 llic
857 4063 1001 4131 jacet
1024 4062 1222 4130 ingenti
1247 4060 1506 4114 radiatum
1539 4059 1758 4114 luminis
1791 4072 2002 4126 aurum,

733 4155 799 4209 [Et
825 4169 1042 4208 nemora
1067 4153 1169 4207 alta
1202 4162 1387 4207 tenens
1409 4152 1620 4207 ﬂorenti
1655 4153 1855 4206 vertice
1883 4151 2100 4214 coelum,

732 4248 846 4303 Nox
889 4247 976 4302 ubi
1035 4247 1177 4300 nulla
1209 4261 1334 4301 suas
1363 4245 1601 4301 defendit
1631 4253 1763 4300 tetra
1791 4243 2058 4308 tenebras,

735 4342 936 4411 tneque
1021 4340 1225 4396 insidiae
1287 4335 1415 4409 [que
1477 4334 1672 4406 metus]
1736 4337 2063 4408 pulsaequea
2116 4333 2297 4389 limine

2112 4425 2312 4496 [θυι-ω,

2414 2069 2744 2135 Orantesque
2773 2067 2928 2119 simui
2960 2065 3196 2120 referunt
3228 2065 3291 2118 ad
3328 2064 3499 2119 sidera
3532 2078 3715 2125 voces,

2417 2158 2711 2212 Psallentes
2741 2157 2967 2211 Domino
2993 2157 3265 2210 celebrant
3296 2172 3404 2224 prae
3433 2156 3618 2225 gaudia
3652 2155 3863 2208 laudes.

2417 2249 2741 2316 Beatamque
2773 2249 2935 2301 vitam
2968 2248 3166 2302 nuntiis
3197 2247 3579 2301 comitantibus
3612 2245 3784 2298 ibunt.

2416 2339 2698 2407 Postquam
2728 2340 2841 2393 Itale
2877 2338 3136 2394 Dominus
3179 2337 3355 2393 felicia
3383 2337 3520 2391 dona
3554 2338 3784 2406 peregit,

2416 2428 2479 2482 Et
2502 2431 2673 2498 justos
2696 2430 2873 2497 potius
2903 2429 2956 2482 in
2986 2439 3184 2485 aeterna
3213 2429 3350 2482 dona
3380 2428 3650 2496 premisit,

2419 2519 2496 2573 En
2528 2520 2826 2574 miseranda
2853 2523 2997 2574 venit
3028 2521 3212 2590 lugens
3242 2534 3335 2574 sua
3367 2519 3591 2574 crimina
3624 2519 3778 2574 turba
3801 2560 3818 2583 ,

2415 2608 2479 2662 Et
2501 2607 2730 2676 gemitus
2761 2618 2991 2662 moerent
3018 2608 3266 2678 lacrymis
3293 2608 3602 2661 ardentibus
3637 2624 3828 2664 omnes
3851 2647 3867 2668 .

2413 2700 2805 2770 Testanturque
2829 2716 2921 2754 sua
2947 2701 3152 2755 crebris
3185 2700 3477 2755 ululatibus
3503 2711 3619 2753 acta
3657 2717 3668 2752 :

2415 2789 2687 2845 Flammea
2713 2805 2807 2857 pro
2837 2789 3041 2844 meritis
3062 2789 3282 2843 infantia
3315 2789 3417 2844 tela
3442 2798 3788 2842 tremescunt.

2415 2880 2602 2948 Angeli
2627 2880 2929 2949 corripiunt
2951 2879 3062 2948 jam
3083 2878 3217 2948 jam,
3253 2880 3644 2949 prohibentque
3668 2882 3905 2948 precari,

2417 2971 2482 3025 Et
2512 2971 2796 3039 prohibent
2825 2986 2971 3025 seras
2995 2970 3280 3039 peuitendo
3311 2971 3531 3025 fundere
3563 2985 3725 3025 voces
3751 3011 3768 3038 ,

2413 3062 2636 3130 Jamque
2666 3076 2883 3130 precum
2916 3062 3093 3126 venia,
3127 3062 3340 3128 flannna
3371 3065 3641 3132 veniente,
3677 3074 3932 3134 negatur.

2413 3154 2458 3207 υ
2491 3153 2704 3206 miseri!
2736 3153 2944 3222 qu0ties
2974 3153 3128 3206 vobis
3158 3151 3335 3206 divina
3382 3162 3616 3222 patestas

2417 3243 2679 3297 lnnotuit!
2711 3243 2930 3311 quoties
2961 3243 3213 3310 ntajestas
3235 3243 3444 3312 cognita
3473 3243 3620 3298 veri!

2337 3311 2385 3375 (ἶ
2418 3332 2653 3389 Audistis
2685 3334 2917 3402 sonitus,
2948 3335 3160 3388 vidistis
3191 3311 3393 3404 fulgura
3426 3336 3570 3399 caeli,

2416 3423 2644 3478 Assidue
2677 3424 2880 3491 pluvias
2904 3436 3186 3480 ventorum
3219 3434 3274 3480 et
3301 3425 3573 3494 grandinis
3595 3425 3705 3481 iras

2417 3514 2664 3584 Experti!
2698 3517 2907 3584 quoties
2932 3527 3222 3586 noctesque
3251 3515 3469 3586 diesque
3501 3531 3723 3572 serenas

2415 3607 2676 3676 Tempora
2709 3606 2947 3661 fecundae
2974 3607 3173 3662 dabant
3199 3622 3418 3662 munera
3453 3607 3637 3663 vobisl

2427 3697 2529 3753 Ver
2553 3698 2800 3752 habunde
2829 3713 3001 3764 rosas,
3025 3698 3261 3767 frugibus
3283 3714 3380 3754 nec
3405 3699 3574 3754 defuit
3597 3708 3786 3766 restas,

2423 3790 2726 3843 Autumnus
2757 3788 2897 3843 varia
2928 3789 3226 3856 praebuerat
3257 3790 3404 3843 mitia
3437 3804 3615 3858 poma,

2427 3880 2649 3950 Semper
2680 3879 2850 3935 hiems
2874 3880 3024 3934 lmtas
3046 3881 3285 3951 glacialis
3307 3880 3465 3949 fregit
3493 3880 3684 3934 olivas.

2425 3968 2623 4025 Cuncta
2665 3968 2758 4024 Dei
2790 3969 2975 4024 tribuit
3000 3970 3233 4036 bonitas,
3266 3985 3363 4026 nec
3390 3969 3556 4025 defuit
3600 3985 3860 4040 unquam.

2423 4057 2530 4112 Nec
2563 4074 2656 4126 per
2683 4068 2824 4112 tanta
2858 4058 3024 4113 Deum
3051 4073 3220 4128 genus
3260 4060 3416 4114 scivit
3447 4059 3766 4114 humanum.

2424 4152 2591 4206 Terra
2624 4151 2787 4205 Deum
2824 4153 3034 4218 metuit,
3069 4162 3260 4222 pontus
3297 4151 3391 4206 Dei
3437 4161 3564 4206 nutu
3597 4152 3877 4221 pependit.

2427 4241 2490 4295 Et
2512 4240 2705 4294 fluvius
2735 4239 2890 4294 siccis
2919 4255 3134 4308 pressus
3161 4240 3373 4295 refluxit
3396 4240 3596 4305 arenis,

2428 4335 2490 4388 Et
2519 4333 2762 4402 genitura
2794 4331 2958 4388 Deum
2991 4346 3083 4403 per
3110 4332 3289 4388 omnia
3323 4333 3441 4387 beta
3468 4331 3685 4387 fatetur.

1697 4681 2304 4786 ANONYMI
2381 4682 3018 4786 EPISTOLA

2301 4867 2380 4910 AD

1918 4969 2292 5030 SOROREM
2341 4972 2549 5032 ANON
2562 4973 2796 5033 YMAM
2809 5017 2820 5030 .

809 5165 1096 5237 Splendida
1143 5164 1461 5236 virginitatis
1515 5165 1830 5220 castimonia
1888 5166 2128 5225 ﬂorentis
2180 5185 2322 5240 prae-
2358 5169 4001 5249 1)tatisiudoli,candidointegritatisvestimentoincorrupte

741 5259 888 5322 diue,
936 5256 1257 5328 lymphaque
1313 5257 1531 5326 superni
1589 5256 1758 5310 laticis
1809 5257 2062 5312 mellitiua
2118 5261 2328 5318 caelitus

743 5349 995 5417 irrigatus,
1064 5347 1230 5402 nobili
1290 5363 1393 5401 non
1454 5348 1623 5402 solum
1685 5348 1885 5403 carnali
1950 5352 2326 5419 generositatis

744 5441 988 5510 prosapia
1018 5440 1231 5511 virgini,
1258 5455 1444 5496 verum
1473 5440 1639 5494 etiam
1664 5441 1829 5511 (quod
1862 5445 2198 5510 praestantius
2220 5449 2325 5512 est)

745 5529 1003 5598 Spirituali
1033 5530 1302 5599 dignitatis
1327 5531 1531 5585 honore
1556 5532 1831 5601 insigniter
1855 5544 2106 5602 contptze,
2129 5534 2325 5591 Christi

746 5623 1054 5676 ancillarum
1095 5622 1210 5676 leve
1247 5620 1430 5690 jugum
1465 5622 1555 5677 Dei
1587 5625 1908 5692 gestantium
1952 5628 2323 5695 gubernatrici,

746 5724 799 5768 et
852 5716 1162 5769 monastng
1219 5717 1634 5772 conversationis
1692 5733 1932 5772 normam
1993 5721 2322 5790 regulariter,

746 5804 1063 5858 authentieis
1118 5805 1411 5872 priscorum
1457 5806 1672 5860 Patrum
1730 5807 1994 5875 formulis,
2047 5813 2334 5866 commisso

747 5896 844 5950 sibi
876 5896 1020 5967 gregi
1052 5895 1314 5952 iudefesse
1341 5898 1612 5968 prmbenti,
1642 5916 1738 5956 nec
1769 5917 1870 5957 non
1901 5901 2110 5972 inclytae
2140 5905 2332 5974 puber-

2434 5264 2656 5332 adaeque
2703 5263 3002 5329 decoram,
3065 5264 3378 5335 caelestique
3432 5265 3652 5335 gurgitis
3711 5268 3853 5323 unda
3911 5270 4008 5324 late

2435 5354 2698 5409 manantis
2753 5354 2860 5408 vivi
2911 5363 2965 5410 et
3009 5367 3224 5424 semper
3266 5354 3582 5409 abundantis
3643 5365 3857 5422 potatze,
3908 5375 4004 5414 non

2432 5446 2602 5500 solum
2670 5445 2932 5501 exteriore
3006 5447 3301 5502 litterarum
3361 5445 3554 5512 studio,
3610 5461 3796 5503 verum
3853 5451 4002 5504 etiam

2434 5537 2687 5592 interiore
2715 5535 2908 5591 divina:
2939 5538 3176 5592 scientiae
3205 5536 3322 5591 luce
3352 5536 3646 5600 illustrataa,
3675 5537 3764 5604 N.,
3814 5540 4004 5608 absque

2434 5627 2769 5696 prmcedente
2825 5629 3136 5683 meritorum
3190 5627 3533 5691 adminiculo,
3585 5627 3672 5692 N.,
3721 5631 4003 5699 spiritualis

2440 5720 2601 5773 officii
2677 5719 3040 5774 munificentia
3107 5719 3352 5788 fungens,
3409 5719 3460 5773 in
3518 5719 3756 5788 angulari
3816 5721 3999 5791 lapide,

2439 5813 2650 5866 Christo
2682 5812 2950 5880 videlicet,
2982 5812 3268 5881 Optabilem
3299 5812 3544 5868 salutem.

2516 5903 2704 5959 Fateor
2769 5905 3012 5960 charitati
3068 5915 3278 5975 vesme,
3351 5914 3624 5976 postquam
3696 5906 4002 5962 Britannice
