4172 6626
230 526 322 577 λοι
1046 525 1348 581 ΑΧΟΝΥΜΙ
1394 526 1539 579 [LPIS
1558 524 1717 577 l‘ULA
1768 526 1806 575 λ

1923 526 2213 581 ιωὶὶυιὶιύλι
2260 528 2588 583 ANUNYSH
2604 531 2667 583 ii.
3394 539 3495 592 30').

228 645 435 699 telluris
475 644 668 709 inclyta
700 652 929 711 sceptra,
960 642 1151 695 divinrc
1184 644 1392 709 pietatis
1421 640 1801 699 admonitione,
1839 640 1880 693 A
1913 638 2229 693 destinantis
2261 642 2522 701 mordere,
2559 657 2652 693 nec
2684 641 2976 693 dietantcm
3013 643 3184 697 hostili
3220 646 3485 715 vitupera-

233 750 286 790 t.t
333 753 472 802 reor,
508 739 702 791 salubri
750 745 947 797 tactus,
983 735 1191 805 fugiens
1240 733 1475 795 deserui,
1528 732 1815 797 relictaque

227 830 599 881 fecundissima
656 830 847 881 natalis
904 828 1089 896 patria:
1157 828 1365 889 inSula,
1426 839 1581 891 quam
1631 823 1811 889 glauca

226 925 524 989 spumantis
568 922 729 975 maris
767 922 960 975 cmrula
992 920 1264 973 influentia
1296 916 1590 982 sc0pn|osis
1620 914 1811 979 margi-

227 1030 262 1066 n
293 1018 386 1067 bus
427 1014 658 1082 undique
688 1015 907 1079 vallant,
948 1012 1246 1081 fragilitatis
1278 1026 1408 1063 mea:
1440 1008 1707 1069 c0nscins,
1764 1014 1817 1057 et

226 1109 492 1159 scelerum
553 1123 791 1160 nieorum
853 1108 1187 1176 aliquatenus
1250 1114 1375 1157 tunc
1445 1102 1813 1161 reminiscens,

226 1204 330 1251 una
380 1214 504 1252 cum
566 1200 728 1253 totius
777 1200 1195 1267 propinquitatis
1246 1212 1376 1249 mere
1434 1193 1815 1263 propemodum

224 1299 459 1351 caterva,
493 1289 705 1343 Christo
756 1289 987 1353 favente,
1023 1288 1279 1341 ferventis
1331 1284 1695 1355 ingruentibus
1730 1298 1817 1350 pe-

228 1381 331 1440 lagi
367 1383 593 1435 molibus
623 1393 976 1448 transvectus,
1034 1383 1097 1436 ad
1153 1380 1305 1449 hujus
1343 1380 1575 1444 regionis
1626 1376 1816 1440 margi-

228 1486 351 1523 nem
381 1474 697 1539 applicuisse
728 1477 1020 1540 gratulans,
1046 1485 1287 1525 votorum
1321 1484 1539 1536 compos
1566 1467 1819 1535 tripudia-

230 1568 387 1630 bam;
448 1568 822 1635 lirninibusqne
854 1569 1124 1621 beatormn
1158 1566 1531 1633 aposmlorum,
1568 1562 1819 1616 orationis

225 1673 409 1719 causa,
461 1658 708 1711 demendi
741 1659 1014 1710 innumera
1062 1656 1389 1723 piaculorum
1422 1669 1657 1706 meorum
1693 1667 1821 1716 porr-

226 1749 383 1813 dera,
451 1749 719 1815 pergcndo
768 1765 851 1802 me
901 1748 1204 1815 satagebant
1253 1753 1597 1811 prmsentare,
1648 1744 1823 1811 ibique

225 1840 437 1891 cunctis
506 1840 778 1891 affinitatis
850 1852 983 1891 mea:
1052 1836 1362 1903 propinquis
1437 1834 1820 1901 propemodum

227 1930 391 1995 longo
441 1930 633 1996 quietis
674 1944 863 1982 somno
912 1928 1117 1996 sopitis,
1169 1927 1313 1981 solus
1356 1926 1407 1979 in
1455 1926 1609 1995 hujus
1650 1925 1819 1979 exsilii

1921 731 2061 784 tione
2102 731 2357 797 lacerare,
2405 733 2529 784 licet
2562 731 2747 784 vitiosa
2795 734 2980 801 pagina
3015 736 3310 804 scabraque
3342 741 3490 793 sche-

1917 823 2037 874 tlula
2085 826 2399 890 reperiatur.
2456 824 2601 875 llane
2643 822 2817 888 itaque
2868 839 3034 891 nuper
3079 828 3316 880 metrica:
3366 831 3500 883 artis

1918 913 2182 980 peritiam,
2233 913 2442 966 Domini
2478 914 2643 967 nostri
2689 913 2924 967 omnium
2954 918 3237 983 generalis,
3290 919 3501 987 meique

1916 1007 2188 1070 specialis,
2212 1006 2452 1073 priesnlis
2470 1004 2754 1057 venerandi
2783 1004 3037 1058 llonil‘acii
3063 1008 3161 1060 sub
3185 1008 3497 1075 magisterio

1918 1096 2230 1160 didiceram,
2282 1112 2387 1165 quo
2418 1096 2561 1159 mihi,
2611 1107 2728 1163 post
2760 1099 3168 1154 illuminatoretn
3201 1104 3497 1169 celestem,

1919 1188 2001 1240 cui
2035 1198 2241 1241 secreta
2293 1188 2470 1240 cordis
2504 1197 2703 1254 patent,
2737 1198 2789 1242 et
2819 1206 2975 1259 quem
3007 1193 3211 1245 occulta
3240 1205 3293 1247 et
3324 1194 3501 1248 abdita

1921 1294 2027 1330 non
2060 1277 2241 1340 latent,
2278 1280 2469 1332 mentis
2500 1278 2715 1331 obtutus
2746 1282 2997 1347 aperitur,
3027 1290 3080 1337 et
3109 1282 3254 1336 arida
3285 1296 3500 1351 pectora

1920 1383 2036 1421 mea
2089 1368 2255 1420 imbre
2302 1368 2517 1434 superni
2571 1371 2801 1422 nectaris
2842 1373 3077 1437 quotidie
3124 1375 3327 1429 ccelesti
3378 1376 3500 1428 irri-

1920 1467 2133 1525 gantur.
2166 1458 2273 1509 llos
2303 1473 2525 1523 namque
2552 1474 2752 1521 versus,
2788 1461 2995 1527 μάξω)
3028 1480 3195 1527 more,
3221 1478 3502 1522 caraxatos

1922 1550 2217 1615 reperietis,
2271 1548 2315 1601 si
2354 1547 2635 1615 diligenter
2666 1565 2767 1601 non
2800 1553 3157 1619 tli-dignemini
3204 1557 3499 1613 litterarum

1924 1641 2243 1705 perscrutari
2266 1641 2459 1707 capita,
2489 1640 2586 1691 hoc
2606 1650 2684 1693 est
2706 1644 2979 1708 quaternis
3015 1646 3254 1701 versibus
3275 1659 3500 1703 ceteros

1924 1728 1977 1781 in
2020 1731 2195 1782 medio
2253 1732 2452 1796 positos
2502 1730 2647 1782 velut
2700 1733 2897 1786 ambitu
2950 1735 3177 1802 quodam
3228 1738 3503 1808 cingentes

1925 1821 2059 1873 illos.
2112 1820 2194 1882 lli,
2236 1836 2367 1887 quos
2396 1831 2484 1873 tuo
2513 1824 2724 1876 nomine
2771 1828 2988 1890 proprie
3018 1830 3359 1894 prmtitulavi,
3403 1848 3501 1888 ccu

1925 1913 2209 1979 Spiritualis
2264 1912 2470 1977 matris,
2506 1928 2532 1965 a
2577 1914 2836 1982 principio
2884 1916 3145 1983 incipiunt
3190 1921 3505 1989 regulariter

224 2020 538 2072 calamitate
568 2021 783 2073 orbatus
815 2028 891 2083 (et
920 2019 1139 2087 merui),
1174 2018 1314 2070 haud
1350 2032 1505 2069 secus
1534 2017 1816 2067 dicendum

1925 2004 1987 2054 ad
2032 2006 2189 2056 finem
2241 2020 2407 2071 usque
2452 2005 2815 2057 decurrentes.
2868 2006 3153 2073 Discipulo:
3195 2026 3324 2064 vero
3372 2028 3504 2067 mete

226 2112 357 2163 tnihi
412 2120 512 2175 est,
561 2127 717 2177 quam
772 2110 941 2166 tristis
991 2124 1330 2177 mmrcnsqne
1388 2109 1659 2169 remansi;
1714 2124 1816 2159 non

227 2214 408 2256 tamen
470 2202 839 2254 ineolumitate
898 2202 1139 2268 corporis
1200 2200 1419 2267 pristina
1480 2198 1819 2263 robust'srpte

226 2292 591 2345 membrorum
618 2293 838 2346 artubus
871 2292 1029 2355 huius
1061 2296 1225 2357 pestis
1249 2288 1609 2342 valetudinem
1638 2290 1777 2339 CVilsl
1804 2305 1814 2349 ;

225 2382 323 2435 sed
352 2384 539 2450 (gratia
567 2393 617 2435 et
649 2383 760 2435 laus
794 2384 882 2451 pio
908 2382 1246 2451 flagellatori)
1271 2382 1517 2435 omnilms
1546 2381 1817 2433 membro-

230 2488 352 2524 rum
410 2473 812 2539 compaginibus
851 2475 1111 2539 quassatis
1159 2482 1213 2526 et
1256 2474 1519 2537 contritis,
1563 2473 1819 2524 anhelans

227 2561 482 2630 fatigatus
512 2572 702 2615 resto:
738 2564 875 2631 quod
918 2563 1045 2616 mihi
1098 2577 1191 2630 per
1238 2577 1388 2615 usum
1434 2570 1486 2616 ct
1532 2576 1723 2615 novum
1770 2571 1821 2616 et

226 2662 386 2704 vetns
417 2661 518 2715 est,
572 2653 770 2704 nullam
825 2653 1083 2719 reperisse
1133 2667 1217 2704 tne
1260 2652 1416 2706 isthic
1465 2652 1814 2706 habitantium

227 2743 474 2796 feminini
503 2759 661 2797 sexus
706 2760 986 2811 personam
1017 2743 1329 2803 fideliorem,
1362 2744 1411 2796 in
1440 2744 1683 2797 omnibus
1714 2759 1817 2798 non

227 2836 551 2887 adulationis
582 2847 763 2895 causa,
820 2834 909 2885 sed
950 2836 1187 2886 veritatis
1217 2834 1461 2887 firmitate
1490 2844 1815 2898 con'estans,

227 2925 360 2976 dum
411 2937 494 2977 tne
533 2922 815 2976 admodum
864 2931 986 2975 ante
1032 2922 1311 2991 quinquies
1356 2924 1514 2991 quina
1558 2927 1818 2977 mensium

224 3012 501 3066 volumina
536 3021 644 3065 toto
674 3022 920 3065 vexatum
952 3028 1176 3079 corpore
1207 3014 1370 3067 febris
1416 3014 1625 3067 anhela:
1657 3016 1817 3083 frigus

228 3110 289 3153 et
338 3100 481 3153 calor
511 3099 889 3169 decoquerent,
922 3101 1149 3169 benigna
1181 3104 1457 3157 charitatis
1492 3103 1819 3158 humanitate

227 3190 454 3242 memini
500 3200 827 3259 susceptum,
881 3191 1023 3259 quod
1077 3192 1258 3261 utique
1300 3193 1449 3261 juxta
1499 3206 1817 3263 praeceptum

230 3282 469 3347 Domini,
506 3291 627 3335 tunc
684 3297 779 3336 vos
839 3284 1050 3337 infirmo
1120 3294 1423 3353 :rgrotoque
1476 3301 1581 3339 non
1636 3287 1819 3354 ignoro

225 3373 429 3440 egisse,
474 3373 540 3427 ob
577 3384 790 3427 teternte
820 3374 1188 3428 retributionis
1220 3376 1540 3441 mercedem,
1575 3378 1813 3431 eamdem

227 3477 449 3531 quoque
496 3464 750 3517 hactenus
784 3480 967 3530 parum
1003 3467 1165 3535 pigra:
1197 3466 1543 3521 fraternitatis
1595 3469 1815 3523 affectus

227 3556 579 3610 dilectionem
607 3557 782 3610 divini
810 3558 1008 3611 amoris
1035 3558 1252 3612 obtentu
1280 3561 1608 3627 complentes
1636 3563 1816 3616 obser-

229 3664 360 3702 vare
391 3650 782 3717 dignOsCimilti.
817 3652 928 3715 Qua
958 3652 1027 3704 de
1055 3667 1111 3705 re
1137 3653 1402 3705 scribendi
1452 3655 1601 3707 vobis
1650 3667 1816 3709 mate-

239 3740 379 3793 riam
425 3755 759 3807 nequaquam
790 3742 1132 3809 incongruam
1166 3752 1373 3807 nactus,
1406 3760 1505 3811 qua
1538 3747 1815 3799 amabilem

228 3842 430 3885 vestra:
464 3833 830 3899 germanitatis
874 3835 1201 3901 spiritualem
1248 3836 1691 3891 necessitudinem
1725 3853 1816 3891 ca-

228 3921 473 3976 raxando
531 3921 855 3989 alloquerer,
913 3938 1032 3976 cum
1110 3938 1195 3978 me
1250 3926 1491 3979 Christus
1562 3928 1817 3982 bonorum

229 4021 551 4064 cunctorum
584 4013 820 4081 largitor,
866 4023 1138 4081 praeeunte
1178 4016 1455 4070 clementia
1488 4020 1817 4081 sua,disccn-

232 4104 371 4153 tium
430 4102 639 4155 emlesti
699 4104 882 4170 gratitc
945 4118 1056 4157 sua:
1105 4119 1226 4158 rore
1284 4106 1665 4174 aliquantulum
1727 4126 1819 4177 per

232 4205 395 4243 suum
469 4192 777 4260 participem
852 4193 1113 4249 efficeret.
1189 4194 1526 4253 ideo-vobis
1593 4202 1822 4268 dirigere

232 4281 535 4335 versiculos
593 4286 810 4337 metrica
864 4284 1069 4339 ratione
1124 4288 1452 4354 compositos
1508 4289 1598 4341 diu
1659 4294 1818 4344 fixum

232 4379 422 4424 mente
452 4374 615 4437 tenui,
645 4381 699 4426 et
719 4372 880 4428 corde
903 4375 1056 4428 simul
1085 4375 1237 4430 dulce
1269 4376 1450 4443 habui,
1497 4380 1615 4447 quia
1650 4384 1820 4435 nullus

232 4464 531 4530 legentium
578 4468 697 4518 novi
746 4466 936 4533 quibus
982 4467 1230 4521 libentius
1271 4470 1555 4534 mitterem,
1592 4470 1679 4523 ubi
1725 4488 1821 4539 pro

232 4566 386 4611 certo
432 4558 545 4611 scio
588 4556 785 4611 nullam
816 4558 948 4612 dirre
977 4559 1178 4614 fraudis
1204 4562 1558 4631 suspicionem
1588 4575 1818 4619 mentem

232 4692 433 4749 Lector
464 4707 642 4746 casses
668 4694 967 4761 catholicae,

234 4783 414 4845 Atque
440 4779 597 4833 obses
626 4782 899 4845 athletice,

1353 4696 1533 4763 Spissa
1562 4701 1740 4750 statim
1774 4698 2056 4767 spiramina

1355 4785 1559 4850 Quibus
1592 4786 1800 4839 bissena
1832 4790 2045 4840 nomina

1926 2110 1952 2143 a
2013 2094 2163 2145 (τιδὴ-ο
2223 2101 2433 2144 tuorum
2484 2093 2754 2157 inchoant,
2806 2110 2910 2148 non
2958 2098 3331 2167 inopportune,
3380 2104 3502 2171 quia

1927 2183 2180 2251 discipula
2234 2183 2562 2249 magistram,
2614 2186 2753 2237 sicut
2796 2186 2984 2239 ancilla
3030 2188 3302 2245 dominam
3350 2207 3500 2247 suam

1925 2280 2071 2346 sequi
2095 2280 2307 2333 debeat.

1998 2373 2265 2426 L‘sto......
2310 2385 2516 2426 memor
2554 2372 2763 2426 Domini
2808 2374 3079 2441 regnantis
3108 2375 3160 2428 in
3188 2376 3303 2431 rede
3335 2377 3409 2431 ita
3438 2378 3506 2432 de

1925 2462 2027 2513 fide
2075 2463 2479 2515 inchoant......
2512 2464 2773 2515 caelorum
2828 2464 2881 2515 in
2914 2479 3059 2518 arce.
3089 2465 3144 2518 Si
3173 2467 3296 2534 quid
3325 2478 3503 2523 autem

1927 2550 2043 2601 huic
2078 2552 2225 2618 operi
2274 2552 2492 2605 minime
2538 2568 2827 2620 congruum
2863 2563 3189 2626 tersumque,
3238 2569 3292 2613 et
3320 2570 3504 2613 contra

1928 2642 2162 2707 regulam
2197 2644 2559 2709 grammatica:
2600 2644 2731 2696 artis
2761 2645 3015 2697 insertum
3049 2645 3353 2715 invenietis,
3406 2650 3509 2704 hoc

1926 2732 2097 2797 polire
2128 2731 2481 2797 runcinando,
2514 2741 2723 2799 sumpta
2759 2732 2883 2785 lima
2911 2749 2974 2787 ex
3006 2734 3214 2789 officina
3242 2753 3507 2806 gramma-

1925 2823 2171 2885 ticorum,
2223 2822 2663 2876 reminiscemini.
2711 2823 2839 2876 lllttd
2871 2824 3030 2878 etiam
3080 2826 3302 2882 subnixa
3352 2845 3507 2897 prece

1924 2913 2124 2979 ﬂagito,
2152 2922 2203 2964 ut
2230 2928 2323 2980 per
2350 2912 2491 2965 illam
2520 2912 3019 2968 immarcescibilem
3051 2918 3341 2984 spiritualis
3364 2922 3502 2973 arni-

1923 3005 2061 3058 citiie
2092 3005 2564 3070 necessitudinem,
2601 3014 2658 3059 ut
2689 3008 2885 3060 nemini
2914 3008 3014 3061 hoc
3041 3024 3172 3077 opus
3214 3012 3511 3067 ostendatis

1922 3095 2038 3150 sine
2069 3112 2187 3150 meo
2232 3111 2518 3159 consensu,
2552 3106 2605 3149 et
2646 3096 2799 3164 hujus
2842 3098 3018 3164 operis
3062 3115 3347 3167 personam
3381 3116 3505 3170 pro-

1922 3190 2061 3243 datis
2090 3190 2291 3257 absque
2322 3190 2532 3242 licentia
2562 3204 2699 3250 mea,
2726 3204 2791 3242 ne
2824 3190 2944 3243 inde
2973 3189 3085 3242 dira
3117 3206 3268 3259 seges
3296 3193 3510 3247 invidia:

1924 3291 2153 3346 crescat,
2189 3283 2328 3335 unde
2359 3298 2495 3335 verte
2528 3282 2673 3350 pacis
2702 3282 2986 3335 concordia
3020 3283 3278 3350 pullulare
3305 3285 3509 3353 debuit,

1923 3373 2014 3426 scd
2059 3372 2236 3442 potius
2282 3373 2417 3441 pacti
2472 3372 2685 3425 foederis
2736 3372 3207 3441 germanitatisque
3255 3376 3513 3443 copulata:

1921 3464 2151 3518 vicissim
2178 3466 2316 3532 apud
2370 3478 2466 3516 nos
2513 3464 2814 3517 firmissima
2866 3466 3155 3533 sponsione
3202 3467 3512 3525 dextrarum

1924 3573 2187 3611 memores
2234 3557 2539 3625 perenniter
2581 3566 2774 3623 estote,
2833 3558 3043 3627 meique
3089 3560 3285 3615 laboris
3332 3562 3514 3618 sudori

1924 3653 2218 3717 purissimis
2254 3652 2551 3702 orationum
2598 3659 2893 3703 vestrarum
2952 3652 3260 3719 precatibus
3306 3654 3508 3719 favere,

1922 3742 2229 3808 suppliciter
2254 3756 2434 3809 posco,
2466 3739 2777 3807 dignemini.

2002 3836 2127 3887 Asc.
2179 3834 2325 3886 bere.
2359 3847 2475 3885 can.
2509 3832 2662 3884 dour.
2698 3832 2823 3885 ehu.
2878 3830 2988 3885 feli.
3040 3834 3148 3901 gip.
3183 3834 3269 3887 ha.
3301 3835 3407 3902 gal.
3444 3835 3509 3890 is.

1933 3926 2046 3977 ker.
2101 3926 2240 3991 lagtt.
2297 3938 2440 3975 man.
2488 3930 2599 3975 not.
2634 3935 2714 3976 os.
2768 3930 2906 3990 pert.
2957 3923 3169 3991 quirun.
3202 3933 3301 3978 rat.
3335 3926 3510 3995 snigil.

1926 4023 2024 4069 tae.
2056 4030 2138 4068 ur.
2172 4013 2259 4066 ile.
2292 4014 2397 4065 ian.
2433 4028 2541 4065 zar.

2206 4106 2248 4158 lt
2292 4106 2330 4157 li
2377 4106 2437 4157 lt.
2518 4102 2629 4156 Rex
2660 4104 3024 4158 Romanorum
3071 4104 3214 4160 Ruit.

2211 4198 2248 4251 P
2292 4196 2328 4248 P
2372 4198 2455 4249 Ρη
2508 4195 2662 4248 Pater
2692 4195 2880 4249 Patria:
2914 4197 3186 4252 Profectus
3216 4208 3317 4253 est.

2211 4288 2248 4339 Ρ
2294 4287 2328 4338 l"
2371 4286 2431 4338 F.
2509 4286 2671 4338 Ferro
2706 4286 2921 4353 Frigore
2948 4288 3131 4343 Fame.

2205 4378 2253 4431 Μ
2280 4377 2323 4429 Μ
2354 4377 2422 4429 Μ.
2466 4375 2723 4429 Monitum
2745 4378 3142 4434 Monumentum
3158 4381 3504 4438 lllortuusest.

2204 4466 2245 4517 Υ
2294 4466 2327 4518 ν
2377 4465 2438 4517 V.
2520 4465 2696 4519 Victor
2734 4466 2913 4519 Vitalis
2950 4468 3161 4525 Veniet.

2204 4561 2243 4611 Α
2285 4558 2327 4611 Λ
2364 4558 2427 4611 Α.
2506 4559 2706 4610 Aurum
2738 4560 2778 4610 Α
2810 4558 2962 4611 nobis
2991 4559 3197 4614 Aufert.

2475 4690 2650 4743 Donec
2680 4691 2858 4745 nimbo
2891 4707 2953 4746 ac
2984 4695 3213 4747 nubibus

2472 4776 2601 4831 Nam
2635 4779 3007 4834 tenebrescunt
3036 4784 3263 4846 turbine,

245 4871 369 4927 I’uis
400 4874 637 4939 pulsatus
669 4874 913 4938 precibus

235 4963 520 5032 llymnista
550 4977 762 5017 carmen
790 4963 955 5017 cecini

234 5054 393 5107 Sicut
425 5055 625 5119 pridetn
659 5058 963 5123 pepigeram

242 5143 426 5213 L'sque
452 5146 621 5199 diram
650 5146 998 5201 Domnoniatn

238 5238 567 5292 Florulentis
598 5237 887 5304 cespitibus

244 5327 522 5380 Elementa
555 5328 791 5379 enormia

241 5416 574 5479 Quassantur
597 5414 695 5466 sub
722 5415 937 5469 tetheria

244 5504 383 5555 Dum
414 5502 590 5555 tremit
620 5502 797 5555 mundi
824 5504 1063 5558 machina

242 5588 387 5641 Ecce
412 5598 671 5643 nocturno
698 5597 936 5659 tempore

242 5677 506 5743 Quatiens
536 5690 730 5733 terram
761 5688 1046 5749 tempestas

243 5767 383 5820 Cum
406 5765 553 5821 fracti
583 5768 727 5821 venti
754 5767 954 5824 foedere

247 5860 316 5914 Et
350 5868 500 5928 rupto
527 5862 819 5916 retinaculo

247 5951 385 6006 Tum
420 5954 660 6008 libertate
689 5954 852 6020 posiia

1363 4873 1558 4925 florum
1593 4873 1791 4927 arclion
1822 4874 2074 4927 atrociter

1361 4962 1697 5016 Furibundus
1727 4981 1845 5018 cum
1878 4964 2092 5017 flamine

1360 5053 1509 5107 Unde
1536 5054 1741 5109 Titanis
1775 5058 1971 5108 torrida

1358 5142 1593 5209 Cumque
1625 5144 1777 5197 flatus
1810 5144 2041 5198 victoric

1360 5233 1651 5288 Tremebat
1680 5236 1837 5288 tellus
1863 5234 2068 5288 turbida

1361 5324 1632 5378 Cadebant
1656 5340 1777 5378 cum
1812 5325 2119 5388 verticibus,

1360 5413 1538 5482 Neque
1563 5425 1723 5482 gutta:
1752 5416 2037 5485 graciliter,

1362 5504 1537 5558 Mundi
1566 5515 1735 5559 rotam
1770 5507 2091 5571 rorantibus,

1360 5594 1491 5647 Cum
1525 5594 1854 5661 praepolleuti
1880 5594 2051 5663 pluvia

1361 5682 1537 5738 Turbo
1561 5694 1752 5737 terram
1780 5687 2033 5738 teretibus

1365 5776 1492 5839 Quae
1515 5777 1827 5828 catervatim
1852 5776 2060 5829 conlitus

1366 5862 1542 5931 Neque
1574 5864 1830 5917 cmlorum
1857 5864 2082 5916 eulmina

1365 5954 1597 6021 Quorum
1634 5954 1849 6022 pulchra
1886 5955 2128 6023 planities

2474 4866 2735 4920 Germana
2767 4869 2951 4924 thbi
2986 4874 3226 4939 numina,

2472 4957 2651 5026 Neque
2683 4960 2939 5026 ﬂagrabat
2969 4962 3265 5034 flammiger

2469 5050 2617 5102 Sicut
2646 5051 2785 5103 solet
2814 5052 3111 5118 saepissime

2468 5140 2568 5192 Sed
2593 5149 2821 5193 cmeatur
2851 5142 3079 5209 caligine

2474 5231 2701 5284 Plaustri
2731 5232 2883 5299 plane
2912 5233 3263 5300 pulcherrima

2469 5320 2749 5387 Aquilonis
2781 5334 2807 5371 a
2840 5319 3016 5375 Circio

2471 5410 2548 5463 Ac
2574 5410 2791 5463 totidem
2823 5411 3146 5467 torrentibus

2470 5500 2675 5554 Obnixe
2702 5499 3062 5569 flagitantibus

2476 5593 2643 5661 Atque
2675 5606 2926 5659 responsa
2958 5593 3185 5661 reddidi,

2473 5682 2696 5747 Quando
2728 5682 2996 5750 profectus
3023 5684 3225 5737 fueram

2476 5772 2572 5824 Per
2600 5782 2869 5824 carentem
2893 5771 3214 5826 Cornubiam

2475 5860 2537 5912 Et
2569 5858 2635 5911 fer
2652 5860 2807 5913 undis
2836 5861 3163 5927 graminibus

2478 5951 2644 6018 Atque
2674 5950 2810 6003 facta
2841 5948 3084 6005 informia
