4172 6534
724 439 820 496 305
1545 429 1600 482 S.
1645 423 1991 481 ALDIIELMI
2033 417 2313 475 OPERUM
2356 413 2532 470 PARS
2573 413 2658 469 Ill.
2707 440 2770 450 ——
2805 407 3150 465 POEMATA.

722 559 975 612 Cutrvexa
1006 550 1125 606 cozli
1154 561 1361 605 camera

721 649 832 704 Sub
868 650 1146 699 ventorum
1177 638 1501 695 monarcltia.

722 737 853 788 Orto
889 733 1114 787 brumali
1146 729 1379 791 turbine,

720 824 999 880 Turbabat
1028 832 1187 889 atque
1216 819 1438 873 vastitas

725 917 1119 971 Baccharentur
1151 912 1200 965 in
1234 913 1456 972 mtlrerc,

727 1012 876 1065 Besae
889 1009 1061 1062 virent
1092 1007 1143 1060 in
1176 1008 1371 1061 sarculo

725 1097 787 1150 lit
813 1095 1072 1151 servitute
1101 1095 1292 1162 SOpita,

727 1189 899 1244 Duelli
926 1189 1127 1242 ducunt
1153 1185 1384 1253 agmina.

729 1281 1034 1335 Indiderunt
1063 1277 1354 1330 volumina.

731 1370 945 1424 Famam
977 1381 1196 1424 verrens
1227 1366 1472 1420 ferociter

731 1459 992 1512 Veniebat
1023 1473 1049 1508 a
1078 1455 1315 1517 cardine,

732 1544 1006 1598 Labttntur
1037 1542 1340 1596 luminaria.

734 1631 846 1684 Non
873 1629 1109 1684 furerent
1138 1628 1395 1695 ingloria‘,

731 1722 902 1788 Atque
930 1728 1076 1772 eruta
1109 1718 1320 1772 robora.

734 1809 906 1865 Simul
931 1807 1097 1875 ruptis
1118 1805 1384 1860 radicibus
1420 1820 1430 1854 :

733 1899 1011 1952 Manabant
1037 1896 1128 1949 sed
1157 1893 1436 1946 minaciter

735 1985 1114 2040 llumectaban:
1149 1996 1267 2034 cum
1300 1978 1574 2038 imbribus,

731 2078 920 2132 Essent
948 2074 1144 2128 referta
1173 2069 1410 2131 flumina,

733 2165 1091 2221 Grassabatur
1125 2160 1442 2214 turbinibus.

733 2253 1063 2309 Crebrantur
1093 2248 1255 2316 nigris
1284 2246 1511 2300 nubibus

729 2346 924 2400 Carent
956 2351 1208 2395 nocturna
1242 2337 1452 2401 nebula,

733 2434 1050 2490 Perlucebat
1081 2441 1135 2483 ut
1164 2429 1383 2497 glacies.

729 2529 901 2582 Torre
931 2531 1178 2594 teguntur
1210 2520 1467 2574 trucibus.

731 2622 980 2690 Disrupto
1007 2633 1185 2674 rerum
1217 2615 1404 2670 ordine

737 2715 910 2779 Atque
938 2708 1191 2776 praeclara
1224 2705 1422 2758 lumina

733 2800 930 2854 Ductor
957 2799 1162 2852 dierum
1192 2794 1402 2848 Lucifer

734 2891 992 2942 Auratum
1025 2885 1173 2939 sidus
1205 2896 1422 2951 surgere

734 2975 893 3030 Velut
922 2974 1071 3028 furva
1101 2971 1339 3040 fuligine.

732 3066 848 3122 Non
877 3071 1187 3134 comparent
1211 3059 1469 3116 curricula

727 3158 954 3212 Cursum
977 3156 1243 3211 servantis
1271 3151 1458 3206 sedulo

727 3248 944 3317 Septem
976 3246 1104 3300 latet
1126 3241 1458 3310 lampadibus

735 3336 965 3392 Pleiadis
995 3333 1214 3404 pulchra
1245 3327 1436 3398 copula

737 3426 864 3480 Haec
891 3421 1256 3478 conscendunt
1279 3431 1371 3484 per
1401 3413 1600 3467 mthera

734 3514 888 3568 'l‘unc
918 3511 1029 3580 pari
1067 3510 1217 3563 lance
1247 3503 1466 3573 limpida

732 3601 994 3657 Zodiacus
1018 3613 1136 3652 cum
1166 3604 1357 3650 cmtera

733 3692 903 3758 Quem
936 3685 1208 3743 Mazarotlt
1238 3679 1532 3750 reperimus

738 3779 976 3834 llissenis
999 3792 1118 3832 cum
1148 3774 1410 3830 sideribus

737 3869 846 3924 Nec
873 3865 1115 3921 radiabat
1145 3863 1335 3918 rutilus

737 3957 870 4026 Quia
904 3957 1072 4009 nubes
1093 3954 1378 4024 nigerrima

739 4050 989 4099 Attamen
1022 4042 1247 4110 ﬂagrant
1279 4039 1500 4093 fulmina

739 4129 967 4198 Quando
995 4128 1281 4198 pallentem
1305 4125 1533 4194 pendula

737 4223 976 4288 Quarum
1006 4228 1193 4272 natura
1225 4216 1455 4271 nubibus

739 4312 852 4367 Nec
867 4327 972 4365 non
1002 4311 1206 4364 marina
1233 4307 1427 4364 carula

739 4402 856 4466 Qua
884 4401 988 4455 ruit
1015 4397 1239 4465 irruptio

741 4495 843 4548 l’er
869 4491 1039 4560 pelagi
1070 4488 1260 4543 itinera

739 4582 871 4637 Cum
895 4582 1050 4636 bullis
1076 4590 1129 4634 et
1149 4577 1476 4634 brumalibus

742 4677 984 4728 Oceanus
1013 4685 1132 4727 cum
1161 4668 1391 4723 molibus

745 4763 998 4819 l’ulsabat
1028 4758 1416 4830 promontoria,

743 4854 836 4910 Sic
865 4851 1197 4924 turgescebat
1225 4849 1462 4904 trucibus

742 4941 1035 5012 lnﬂigendo
1064 4939 1372 4993 ﬂuminibus

744 5033 882 5100 Quid
908 5031 1082 5087 dicam
1113 5030 1182 5085 de
1213 5027 1512 5098 ingentibus

746 5125 877 5191 Qua:
907 5123 1082 5177 nullus
1109 5129 1306 5188 nequet
1345 5131 1570 5172 numero

746 5215 824 5268 En
847 5212 1010 5267 multa
1033 5212 1084 5264 in
1109 5210 1364 5264 miraculo

743 5300 899 5353 Clara
921 5295 1116 5351 Christi
1143 5293 1424 5348 clementia

747 5390 879 5444 Cum
907 5393 1054 5456 grata
1079 5382 1345 5454 gallicinia

749 5477 1080 5534 Suscitarent
1108 5474 1418 5530 sonantibus

749 5571 886 5626 Tum
917 5569 1052 5624 binis
1082 5574 1284 5622 stantes
1314 5566 1594 5631 classibus,

754 5661 1055 5716 Matutinam
1079 5657 1360 5713 melodiam

754 5753 832 5806 En
858 5750 1034 5804 statim
1064 5747 1252 5811 fulcra,
1285 5746 1520 5812 ﬂamine,

754 5839 917 5908 Tigna
947 5844 1054 5892 tota
1083 5848 1204 5890 curn
1229 5832 1466 5890 trabibus

1843 539 2172 593 \"acillabant
2201 539 2266 591 ab
2287 534 2534 590 omnibus

1841 630 1894 682 In
1927 631 2087 684 tantis
2121 625 2525 694 tempestatibus

1837 721 2026 776 Nostra
2064 729 2252 789 pavent
2280 715 2569 786 prmcortlia

1838 816 2059 881 Quando
2089 811 2378 866 cernebant
2410 807 2604 862 lumina

1843 907 2146 966 llorrisonis
2173 903 2470 974 fragoribus

1840 1006 1972 1058 Tum
2007 1002 2218 1056 tandem
2244 1013 2402 1052 cursu
2430 1003 2640 1048 caterva

1841 1097 2054 1149 Portum
2094 1094 2228 1163 petit
2257 1089 2496 1143 Basilica:

1839 1188 1928 1244 Sic
1960 1187 2226 1255 pelluntur
2259 1181 2492 1252 pericula

1841 1282 1920 1335 Ab
1949 1277 2175 1333 Atlantis
2202 1273 2468 1343 prosapia.

1841 1372 1921 1426 Ab
1949 1381 2066 1424 ortu
2096 1368 2234 1423 Solis
2265 1365 2442 1418 sidera
2473 1379 2482 1412 :

1839 1463 2012 1518 Librae
2041 1461 2281 1525 torpebat
2311 1456 2503 1510 trutina

1837 1553 2032 1620 (chlus
2061 1552 2292 1602 fuscatur
2316 1554 2550 1618 caterva,

1838 1639 2144 1708 Nuncupari
2177 1635 2493 1703 antiquitus,

1843 1736 1942 1789 l’er
1971 1734 2252 1802 Olympum
2285 1723 2601 1781 lucentibus.

1840 1829 1985 1881 Sicut
2016 1826 2226 1880 solebat
2261 1820 2452 1878 Sirius,

1840 1914 2190 1972 Abscondunt
2217 1912 2365 1979 polos
2395 1906 2553 1976 pallia

1844 2009 1970 2064 Late
2003 2024 2097 2076 per
2131 2006 2250 2060 ςαξιὶ
2283 2003 2512 2058 culmina

1845 2099 2135 2153 Flammam
2167 2103 2387 2147 vomunt
2419 2088 2622 2156 fastigia

1844 2192 2089 2246 Procedit
2119 2184 2490 2242 coilidcntibus
2521 2199 2529 2209 ·

1842 2284 2215 2338 Glomerantur
2249 2280 2300 2332 in
2327 2277 2524 2346 glarea.

1844 2373 2131 2427 Ventorum
2162 2385 2222 2425 ac
2251 2366 2518 2434 correptio

1843 2463 1995 2520 Salsa
2025 2461 2343 2531 spumabant
2365 2469 2576 2525 mquma

1845 2554 2091 2608 Undosus
2125 2559 2309 2604 vortex
2339 2547 2608 2608 ﬂuctibus,

1843 2647 2014 2710 Atque
2044 2642 2172 2695 diris
2203 2637 2554 2693 dodrantibus

1841 2732 2175 2800 Suffragante
2197 2725 2439 2780 victoria.

1845 2819 2046 2873 Pontus
2077 2825 2360 2869 ventorum
2390 2809 2600 2863 ﬂatibus

1843 2907 2153 2979 Scopulosis
2185 2905 2538 2972 marginibus,

1844 2999 2132 3054 Altitbroni
2173 2996 2427 3062 operibus

1845 3091 2164 3158 Computare
2189 3085 2242 3141 iit
2269 3082 2507 3139 calculo?

1847 3179 2000 3234 Nunc
2026 3185 2283 3246 apparent
2313 3172 2592 3244 propatulo

1847 3273 1951 3327 Per
1982 3271 2096 3324 haec
2124 3271 2258 3322 facta
2293 3267 2550 3330 recentia,

1849 3361 2012 3426 Quasi
2035 3371 2219 3428 quarta
2250 3357 2427 3424 vigilia

1849 3453 2251 3508 Somniculosos
2279 3447 2542 3500 cantibus.

1848 3547 2196 3602 Celebramus
2226 3539 2572 3597 concentibus

1848 3643 1925 3695 Ac
1953 3637 2170 3710 synaxis
2197 3631 2566 3702 psalmodiam.

1848 3729 2113 3784 Nulabant
2141 3739 2170 3777 a
2198 3719 2504 3776 fundamine

1850 3815 2221 3874 Tremebunda
2261 3810 2564 3882 ingentibus

1852 3913 2000 3967 Aula:
2033 3907 2251 3978 pulsatis
2275 3901 2536 3973 partibus,

1851 4010 1927 4060 Ac
1955 4008 2171 4057 Aurora:
2204 3996 2501 4052 turbinibus

1849 4099 1952 4153 ’l‘ot
1975 4105 2334 4149 monstrorum
2371 4086 2607 4157 prodigia

1851 4194 2015 4248 Tecta
2040 4198 2094 4243 et
2126 4185 2390 4255 laquearia

1850 4280 2074 4340 Concuti
2107 4289 2159 4333 et
2186 4275 2498 4345 creporibus

1854 4372 2141 4428 Confracta
2173 4368 2420 4434 linquens
2446 4363 2651 4421 limina.

1853 4461 2147 4531 Populaute
2173 4456 2428 4526 pernicie,

1854 4551 1954 4605 Per
1974 4549 2158 4603 matris
2185 4543 2502 4600 adminicula

1853 4639 2079 4707 Quidam
2105 4636 2389 4690 discrimen
2418 4630 2624 4685 duobus

1855 4735 1957 4788 Per
1984 4733 2184 4786 devexa
2211 4743 2275 4782 ac
2303 4724 2505 4781 lubrica

1855 4823 2161 4877 Metuebant
2191 4827 2515 4886 magnopere

1855 4913 2022 4968 Porro
2044 4926 2164 4966 cum
2196 4918 2346 4962 tetra:
2379 4904 2608 4961 tenebra:

1857 5007 2186 5060 Fatiscentes
2213 5000 2495 5066 velamine,
2554 5004 2564 5020 ‘

1855 5100 2034 5155 Scissa
2060 5111 2198 5151 caeca
2226 5093 2455 5161 caligine

1855 5194 1990 5248 Tum
2017 5193 2203 5246 videns
2226 5187 2292 5242 ab
2316 5187 2538 5242 ecclesia

1857 5287 1956 5349 En,
1987 5285 2224 5352 inquam,
2251 5278 2420 5333 noctis
2448 5273 2682 5330 horridae

1855 5377 1993 5430 Ecce
2018 5388 2153 5427 casce
2183 5367 2456 5425 cacumina

1857 5467 1984 5530 Qua:
2012 5463 2257 5519 solebant
2285 5457 2594 5512 lautissima:

1859 5556 1934 5610 Eu
1966 5555 2294 5625 genistarum
2329 5552 2507 5620 aprica

1857 5646 2128 5700 Pelluntur
2158 5643 2449 5712 parietibus

1859 5741 1972 5794 Heu
2005 5747 2262 5792 tectorum
2289 5734 2539 5789 tutaniina

1863 5833 1998 5888 Ecce
2023 5840 2198 5886 crates
2221 5844 2249 5882 a
2276 5826 2505 5883 culmine

2953 525 3130 579 Flatus
3157 521 3281 576 saevi
3313 523 3596 590 Spiramiua

2949 616 3009 669 Et
3035 616 3135 669 nisi
3169 615 3404 669 natalitia

2950 707 3250 760 Tuerentur
3275 709 3557 762 trementia

2951 797 3150 852 Forsan
3182 799 3414 868 quassati
3437 799 3668 853 culmine

2948 888 3402 954 Quemadmodum
3433 890 3723 944 crudeliter

2950 982 3235 1048 Propalaut
3265 983 3582 1050 Evangelica

2950 1071 3134 1124 Turris
3165 1069 3390 1140 fregisse
3421 1072 3680 1141 fragmina

2950 1159 3088 1228 Ergo
3115 1160 3330 1215 Christo
3357 1161 3408 1214 in
3439 1176 3718 1216 commune

2948 1252 3136 1307 Grates
3166 1257 3405 1309 dicamus
3431 1256 3655 1310 dulciter

2949 1343 3092 1398 Doxa
3129 1345 3238 1399 Deo
3265 1346 3520 1414 ingenito,

2949 1431 3116 1485 Simul
3140 1447 3258 1486 cum
3287 1445 3474 1486 sancto
3500 1446 3688 1500 supera

2952 1522 3258 1576 Devitantes
3289 1538 3407 1575 cum
3438 1523 3688 1582 saltibus,

2952 1607 3153 1664 Clivosi
3179 1610 3317 1664 ruris
3349 1610 3514 1665 latera

2959 1700 3148 1754 Casiim
3179 1701 3461 1754 contritam
3494 1714 3740 1767 erepere.

2954 1790 3328 1844 Prtetcrisst-nt
3358 1800 3410 1844 et
3440 1788 3654 1844 latebra:

2950 1879 3079 1934 Orto
3106 1880 3310 1947 jubaris
3335 1880 3554 1944 lumine,

2950 1969 3111 2036 Quasi
3134 1971 3322 2024 mortis
3353 1971 3601 2039 imagine.

2956 2062 3132 2131 Tigilli
3174 2063 3284 2116 fusa
3319 2063 3601 2131 fragmina,

2952 2150 3102 2203 Nunc
3132 2161 3391 2219 apparent
3421 2152 3722 2220 spectacula
3764 2168 3779 2204 :

2951 2239 3224 2294 Cadebant
3254 2241 3321 2295 ad
3354 2242 3684 2304 fundamina,

2953 2331 3100 2386 Sumi
3145 2332 3329 2386 dulces
3365 2325 3567 2388 delicia

2952 2423 3347 2480 Frondusarum
3379 2424 3640 2479 velamina

2956 2513 3254 2567 Fabrorum
3293 2516 3567 2570 arietibus.

2954 2599 3373 2656 Prosternuntur
3402 2603 3452 2656 in
3484 2603 3656 2671 platea
3685 2622 3696 2654 :

2954 2689 3139 2746 Ruunt
3167 2692 3282 2747 sine
3319 2691 3611 2747 munimine

2956 2783 3079 2838 Haec
3109 2783 3351 2838 fecerunt
3379 2783 3629 2838 ludibria.

2956 2876 3107 2929 Pauli
3135 2877 3308 2930 sancti
3333 2875 3588 2930 solemnia

2953 2967 3284 3022 Timidorum
3321 2968 3636 3036 praecordia,

2954 3063 3308 3127 Quateremur
3331 3070 3384 3116 et
3409 3061 3653 3116 fulmine.

2955 3154 3151 3211 Novies
3181 3155 3334 3208 binos
3356 3155 3589 3217 circiter,

2959 3245 3105 3299 Trini
3139 3243 3399 3296 Tonantis
3427 3241 3648 3304 famina,

2957 3333 3087 3390 Cum
3118 3335 3377 3388 immensa
3410 3331 3664 3386 maceria.

2960 3422 3206 3491 Adempti
3234 3436 3262 3474 a
3296 3420 3629 3484 discrimine,

2957 3511 3190 3566 Manenti
3223 3510 3590 3564 immortaliter

2958 3601 3132 3670 Atque
3156 3609 3315 3670 gnato
3342 3599 3644 3668 progenita,

2956 3693 3108 3748 Flatu
3138 3701 3357 3763 regente
3386 3693 3602 3747 saecula.

3130 3838 3320 3878 INCIPIT
3360 3837 3570 3878 ειιιιὶιεμ
3609 3837 3790 3878 ALIUD.

2958 3929 3136 3996 Nuper
3164 3928 3230 3982 de
3257 3927 3596 3984 illabenlibus

2957 4021 3173 4090 Absque
3202 4034 3348 4074 mora
3381 4034 3496 4074 mea
3528 4029 3674 4073 tuum

2957 4109 3424 4176 Quemadmodum
3457 4110 3723 4164 melliticis

2960 4200 3185 4254 lllustris
3213 4199 3480 4270 quondam
3515 4209 3672 4268 poeta

2958 4289 3092 4360 Styli
3122 4291 3324 4344 calamo
3345 4288 3571 4343 stridqu

2957 4382 3135 4437 Sacris
3167 4381 3355 4434 inserit
3387 4379 3655 4434 scliedulis

2959 4469 3235 4524 Evolutam
3261 4457 3511 4521 labilibus

2959 4561 3104 4615 Binis
3133 4559 3334 4613 brumae
3365 4556 3699 4625 temporibus

2959 4648 3079 4702 Mox
3110 4646 3375 4714 completa
3405 4644 3766 4713 vergentiutn,

2961 4738 3304 4793 lleroicorutn
3331 4735 3576 4789 versibus

2961 4823 3147 4878 Romae
3169 4822 3318 4876 urbis
3346 4819 3590 4886 indigena

2959 4913 3257 4967 Caraxante
3280 4907 3568 4980 persedulo

2961 5002 3303 5072 Doctiloquus
3330 4998 3578 5054 Sedulius

2961 5093 3142 5149 Mundi
3176 5093 3367 5145 molem
3397 5087 3662 5142 rotatibus

2961 5185 3230 5240 Protelata
3274 5177 3582 5249 prmpatulia

2962 5274 3234 5343 Pepulisse
3265 5269 3555 5339 perniciter

2959 5364 3104 5420 Trini
3137 5365 3284 5417 fuere
3313 5360 3511 5414 famine

2965 5456 3222 5525 Divulgati
3256 5468 3347 5522 per
3375 5452 3572 5506 aethera

2963 5547 3230 5603 Virtutum
3259 5554 3393 5612 quos
3414 5536 3660 5595 redimita

2962 5637 3336 5703 Pzetanamque
3360 5643 3454 5699 per
3479 5626 3739 5682 fabricam

2963 5727 3110 5783 Fidei
3138 5741 3236 5781 nec
3259 5739 3362 5778 non
3385 5719 3650 5776 trilicibus

2963 5818 3050 5875 Sic
3079 5818 3358 5873 truduntur
3383 5806 3689 5882 tyrannidis
