4172 6586
237 472 339 528 305

232 589 442 651 Quibus
471 589 733 643 horrende
761 590 915 643 irruit

235 682 532 736 lli-llicosus
562 683 613 735 in
645 698 813 749 agone

229 776 622 829 Consternatus
646 777 768 843 quid
804 778 990 829 verit-lt

233 866 431 920 (Zhristi
466 866 640 919 crucis
674 881 769 933 per
796 866 1027 919 eulmina

229 960 365 1020 Qua:
397 957 552 1027 fugax
585 959 748 1011 Oreus
783 959 1014 1013 horridis

230 1051 304 1099 At
331 1064 426 1102 vos
456 1050 640 1103 famosi
673 1050 873 1105 viribus

231 1139 465 1195 Trucem
489 1142 689 1195 vicistis
725 1156 926 1211 trnme

227 1231 334 1297 Qui
368 1233 695 1301 prOpinquos
719 1243 770 1287 et
797 1236 996 1301 patrias

236 1325 404 1389 Ignoti
434 1325 571 1378 ruris
601 1327 830 1395 ceSpites

230 1414 414 1483 Neque
445 1416 682 1471 furentes
705 1420 938 1472 vortices

230 1508 517 1576 ’l‘urgentis
544 1511 672 1563 liitis
697 1513 939 1565 tellurem

230 1600 417 1670 Neque
441 1602 673 1657 latrones
704 1604 879 1658 lihitlis

230 1692 496 1749 LaLtifcra:
518 1696 752 1750 libidinis

230 1782 669 1852 Abstrahuntque
700 1788 918 1840 exuvias

224 1866 413 1939 Neque
448 1873 639 1926 bellum
672 1874 1004 1931 vibrantibus

226 1962 554 2017 Aberrantes
587 1982 682 2032 per
711 1968 861 2021 devia

223 2053 508 2108 (Ielsorum
537 2056 732 2111 Christi
762 2060 981 2115 militum

236 2143 361 2196 l‘um
390 2147 584 2214 Agapre
620 2164 714 2216 pro
746 2154 979 2207 numinis

224 2232 544 2290 tiradientes
566 2239 813 2293 sublimia

223 2328 374 2381 Illum
406 2330 611 2386 visendi
636 2337 804 2400 gratia

214 2418 381 2474 Nacta
407 2421 543 2476 foret
569 2438 597 2476 a
630 2428 850 2482 numine

219 2514 420 2567 Omnes
448 2516 497 2568 hi
532 2518 583 2571 in
614 2518 840 2575 Domino

216 2606 415 2660 Essent
437 2609 609 2676 juncti
646 2612 906 2668 bitumine

211 2696 452 2752 Tandem
482 2699 705 2757 decurre
728 2707 936 2762 concite

213 2787 409 2841 Aidein
438 2790 631 2844 almam
661 2793 844 2849 adiere

210 2880 313 2935 Ubi
339 2881 482 2936 Petri
504 2886 879 2951 corpusculum

208 2972 347 3025 Tum
380 2973 547 3028 altare
577 2974 818 3032 felicibus

206 3063 425 3117 Prosilit
456 3064 522 3119 de
545 3068 812 3134 ergastulo

206 3153 493 3224 Clavigero
520 3166 574 3211 et
603 3160 765 3227 regia:

200 3246 499 3301 Intervalla
531 3249 826 3304 obstaculis

197 3338 394 3391 Parum
422 3339 616 3393 sistens
641 3342 919 3400 stabiliter.

198 3426 313 3480 Viri
343 3427 545 3497 absque
567 3436 908 3491 cunctamine

195 3516 407 3569 Summi
437 3517 648 3588 Olympi
672 3538 884 3591 supera,

195 3607 460 3664 Cristalos
487 3612 653 3679 cingit
681 3628 878 3669 corona

192 3696 456 3752 .litbralis
489 3700 603 3755 lteri
638 3714 881 3771 vegetam

189 3786 386 3841 Cirant
417 3789 653 3846 thoracis
682 3794 930 3849 humerus
1002 3812 1007 3817 λ

188 3873 271 3927 Te
300 3874 501 3931 labiosa
537 3878 726 3935 tironis

188 3965 370 4022 imber
398 3968 561 4023 veluti
592 3972 787 4040 ingruit

184 4058 391 4113 Christi
416 4060 642 4115 adverso
671 4066 880 4132 agmine

186 4157 399 4212 Furvex
428 4170 639 4214 erectus
668 4162 868 4217 indicat

183 4248 434 4304 Ferimus
464 4251 659 4306 frontis
684 4255 873 4309 vexilla

180 4340 363 4396 Timet
391 4343 613 4398 telorum
646 4344 905 4402 imbribus

178 4429 296 4483 Viri
323 4432 578 4487 sudantes
605 4438 857 4502 strenuis,

178 4521 402 4577 Hostem
437 4524 560 4579 belli
591 4527 846 4596 tethereo,

174 4616 545 4682 Aspernantes
576 4621 885 4689 peregrinos

171 4703 383 4760 Adistis
405 4722 530 4763 casu
565 4712 861 4779 praecipites
885 4731 896 4776 ;

176 4791 470 4846 Undisonis
497 4793 796 4863 fragoribus

170 4883 503 4940 Debellantis
533 4902 628 4955 per
655 4896 913 4947 terrorem

166 4975 548 5033 Glomerantes
579 4982 823 5046 genuinis

170 5070 491 5141 Luridazque
517 5072 792 5143 Cupidinis

164 5160 501 5229 Legentibus
531 5178 624 5229 per
652 5164 818 5219 avias.

166 5247 360 5302 [tabidi
383 5250 545 5304 rostri
574 5252 796 5308 rictibus

166 5340 389 5393 Dumosi
420 5340 559 5395 ruris
591 5342 769 5398 limina

164 5428 536 5485 ltefrenarunt
560 5436 890 5501 propositum

163 5523 271 5578 lter
299 5537 455 5579 suum
485 5528 786 5582 conaminis

161 5616 312 5672 l’etri
344 5627 531 5686 petunt
552 5620 823 5691 suifragia,

160 5712 527 5781 l-‘requentant
550 5722 605 5767 ut
630 5716 891 5772 atnnestia

156 5801 302 5857 Petri
325 5803 533 5871 juvanti
562 5804 759 5861 famine

159 5894 271 5951 bini
300 5910 428 5954 sane
462 5911 557 5966 pro
583 5897 777 5954 sacculo

1360 588 1734 645 Germanitatis
1775 594 1973 648 uscida:

1354 682 1599 751 Perlongi
1633 685 1781 737 callis
1814 687 1979 739 limite

1356 768 1581 821 Patriam
1614 785 1770 835 quam
1804 774 2004 838 petiere

1353 856 1503 909 Latet
1538 858 1729 912 tellure
1759 863 2047 916 conditum.

1348 950 1652 1004 Conteriuis
1681 952 1935 1007 fratribus

1347 1040 1534 1094 Carnis
1558 1043 1774 1096 evulsus
1805 1046 2046 1099 clanculo

1346 1132 1478 1186 (Σαεἰί
1512 1133 1734 1187 adlimsit
1760 1139 1977 1191 munitae

1348 1222 1463 1286 Quo
1488 1233 1704 1276 evectus
1729 1227 2039 1282 florentibus

1348 1310 1592 1364 Sociatus
1616 1314 1930 1370 sublimibus

1348 1399 1551 1467 llegnat
1579 1402 1732 1456 isthic
1760 1420 1853 1471 per
1884 1408 2076 1461 smeula

1350 1488 1465 1540 llini
1491 1490 1599 1543 bini
1633 1492 1912 1548 lieantibns

1351 1577 1591 1633 \‘ircntes
1614 1596 1674 1632 ac
1697 1583 1739 1634 si
1766 1584 1982 1637 floscula

1345 1668 1480 1720 (llim
1514 1680 1721 1734 spretus
1754 1672 1980 1738 agilibus

1346 1756 1457 1807 Non
1485 1758 1612 1825 quid
1647 1762 1768 1812 luxu
1802 1762 1977 1815 labilia

1342 1845 1443 1897 Sed
1471 1847 1595 1914 quid
1623 1848 1788 1902 fertur
1823 1866 1927 1905 non
1954 1853 2168 1907 minima

1340 1936 1541 2003 Quibus
1568 1939 1767 1995 ditatur
1787 1944 1933 1997 arida

1341 2026 1419 2077 En
1444 2028 1707 2081 vehebant
1731 2032 2000 2086 volumina

1338 2120 1662 2176 Multimodis
1690 2136 1743 2178 et
1772 2129 2014 2194 mysticis

1337 2210 1575 2276 Quorum
1608 2223 1793 2267 auctor
1819 2218 2028 2271 caelitus

1335 2304 1463 2369 Quae
1494 2305 1767 2373 propheta:
1789 2311 2022 2374 apostoli

1334 2392 1641 2451 Indiderunt
1673 2414 2008 2467 pergamenzn

1333 2484 1482 2537 Nunc
1514 2489 1744 2540 vestium
1773 2490 2037 2545 velamina

1332 2572 1665 2643 lilirilicoque
1703 2591 1927 2632 munere.

1327 2664 1563 2731 Qumque
1595 2665 1667 2718 ita
1699 2670 1937 2721 enormia

1325 2750 1556 2805 Pulchro
1593 2768 1809 2821 prorsus
1844 2759 2131 2828 propagine

1323 2840 1486 2896 Gnari
1516 2846 1759 2911 quaedam
1788 2848 2053 2915 genimina

1324 2932 1491 2988 Foliis
1521 2936 1718 3001 quique
1748 2940 1988 2993 vescitur

1323 3023 1570 3095 Cumque
1599 3031 1779 3097 proles
1804 3032 2144 3101 progreditur

1324 3115 1504 3185 Neque
1538 3119 1660 3173 illos
1699 3121 1786 3189 qui
1812 3126 1997 3190 genuit

1322 3206 1507 3261 Fctum
1536 3209 1697 3264 ﬂuant
1718 3227 1783 3265 ex
1809 3214 2015 3267 semine

1322 3298 1426 3353 Sed
1453 3302 1576 3368 quid
1610 3305 1775 3372 magis
1808 3304 2052 3361 mirabile

1322 3392 1432 3443 Ova
1462 3392 1560 3446 viri
1583 3403 1635 3448 et
1663 3394 1875 3449 feminae

1325 3482 1594 3538 Parturire
1634 3488 1965 3555 progenitum

1320 3571 1461 3625 Lana
1491 3573 1621 3627 ostri
1652 3576 1882 3629 elabitur

1317 3658 1554 3726 Spissam
1586 3677 1683 3716 ceu
1710 3679 1903 3719 aranea

1314 3753 1554 3823 Tumque
1580 3758 1715 3809 lanae
1746 3756 2021 3812 latratibus

1317 3845 1429 3898 Fila
1470 3846 1522 3899 in
1553 3862 1669 3915 quin
1702 3850 1995 3901 revolvitur

1315 3935 1440 3990 Inde
1465 3950 1749 3991 sumuntur
1771 3942 1940 3995 serica

1311 4027 1549 4093 Quorum
1579 4030 1919 4096 persplendct
1947 4031 2151 4099 species

1309 4115 1545 4170 l’aradisi
1572 4119 1810 4186 puniceis

1305 4206 1511 4271 Quibus
1543 4208 1679 4263 inter
1699 4208 1933 4265 eburnea

1304 4295 1413 4356 Sic,
1446 4296 1525 4348 sic
1553 4310 1683 4351 sane
1709 4300 1999 4365 sanguinea

1302 4383 1529 4438 Pulchre
1560 4387 1696 4453 picta
1732 4389 1985 4456 perniveu

1303 4470 1467 4524 Viridi
1496 4470 1641 4527 fulvo
1670 4474 1836 4529 ﬂoreo

1300 4559 1536 4615 l’aradisi
1568 4564 1861 4631 cespitibus

1296 4653 1621 4721 Angelorum
1650 4671 1772 4711 cum
1806 4660 2065 4725 millibus,

1297 4744 1533 4812 Carpens
1554 4755 1750 4801 zeterna
1783 4751 1998 4816 gaudia.

1292 4832 1598 4888 Meritorum
1629 4838 1892 4893 meatibus

1291 4921 1527 4979 Paradisi
1554 4940 1648 4993 per
1677 4927 1840 4982 ﬂorea

1292 5016 1494 5070 Patrias
1525 5027 1713 5086 petunt
1740 5022 1982 5076 cursibus

1288 5106 1467 5159 Cosmi
1491 5118 1738 5175 quzeruut
1768 5112 2051 5180 quisquilia

1286 5196 1679 5253 Charismatum
1709 5201 2018 5270 donamina,

1284 5286 1594 5342 Animarum
1626 5304 1716 5357 per
1746 5291 1951 5345 florida.

1283 5378 1573 5434 Numerosa
1606 5395 1701 5449 per
1730 5386 1961 5451 agmina.

1283 5467 1601 5523 Elucubrata
1628 5470 1887 5523 normulis

1280 5558 1486 5613 Adesse
1512 5566 1724 5612 constat
1752 5559 1929 5626 alitus,

1280 5648 1577 5717 Doetiloqui
1602 5649 1799 5703 oraculi

1275 5740 1429 5793 Almo
1458 5739 1658 5792 inflanti
1694 5738 1906 5795 flamine

1276 5829 1389 5885 Ulla
1422 5830 1653 5898 produnt
1681 5831 1915 5884 oramina

1274 5917 1617 5975 l‘ert'ercbant
1640 5931 1884 5990 propere.

1060 474 1364 531 ,ΧΝΟΝΥΜΙ
1407 476 1733 534 EPISTOLA
1776 483 1867 535 At)
1910 482 2236 540 SOROREM
2283 486 2682 545 ΔΝΟΝΥΜᾹΜ.

2480 598 2708 656 lilicinnt
2732 609 2952 662 exordia

2480 693 2798 765 Deprompta
2827 706 2875 758 in
2908 706 3111 770 origine

2481 785 2684 841 Vermis
2712 792 2928 847 luerunt
2960 796 3175 852 minima

2472 877 2683 934 llrunue
2711 895 2941 939 meatum
2975 890 3165 944 oritur.

2467 969 2701 1020 (lvorum
2736 974 2851 1025 alvo
2881 978 3051 1030 oritur

2475 1055 2679 1113 Vermis
2713 1062 2851 1115 idem
2888 1068 3114 1123 recaluit

2470 1142 2578 1200 lmo
2609 1160 2811 1205 natum
2842 1157 3085 1221 germine

2469 1230 2663 1287 lllundo
2689 1248 2740 1289 et
2761 1241 3098 1309 desperahile

2464 1323 2723 1381 (Ialilicati
2756 1333 2934 1388 calore

2466 1414 2650 1471 Fctum
2684 1422 2888 1476 vellere
2920 1436 3162 1497 vegetum

2466 1507 2767 1566 Vermiculo
2798 1530 2917 1569 cum
2951 1524 3176 1576 vertitur

2464 1600 2641 1654 'l'elam
2673 1608 2800 1659 ievit
2840 1627 3149 1668 niuscanea.

2464 1694 2613 1746 Fusa}
2644 1698 2795 1751 valde
2824 1702 3127 1760 volantibus

2463 1785 2630 1839 Vulllli
2670 1790 2800 1843 setis
2835 1800 3110 1861 torquetur

2458 1875 2584 1933 Qum
2616 1879 2899 1939 portabant
2927 1886 3225 1948 promiscua

2462 1963 2687 2016 l‘ulchra
2720 1981 2818 2019 ceu
2851 1971 3099 2035 planities

2460 2052 2751 2121 l’urpurata
2785 2073 2905 2113 cum
2939 2065 3108 2117 roseis

2457 2141 2587 2195 Lilia
2622 2145 2798 2199 locant
2830 2150 2967 2204 linea

2453 2232 2758 2289 Sericorum
2792 2240 3017 2306 insignia

2451 2321 2646 2377 Colore
2678 2336 2833 2394 atque
2861 2344 3073 2399 croceo,

2455 2410 2649 2465 Fucata
2676 2424 2834 2484 atque
2865 2419 3018 2476 lanea

2451 2500 2519 2553 Ut
2547 2505 2824 2571 peplorum
2855 2524 2949 2575 per
2976 2512 3134 2578 pallia

2450 2591 2577 2646 Tam
2606 2606 2906 2653 sanctorum
2935 2604 3185 2672 reliquias

2447 2685 2795 2742 Advehebant
2820 2695 3110 2750 enormiter

2448 2776 2579 2842 Qua:
2604 2782 2904 2837 concedunt
2930 2788 3169 2841 oramina

2442 2868 2660 2924 Necnon
2687 2872 2862 2928 adhuc
2892 2880 3265 2937 munusculum

2440 2960 2777 3018 Thoracidos
2806 2969 3074 3024 tuentibus

2443 3053 2703 3124 Imagines
2729 3059 2974 3115 auriferis

2437 3145 2675 3216 Cumque
2701 3151 2864 3204 multa
2895 3158 3228 3222 magnanima

2430 3239 2634 3292 Christi
2662 3255 2874 3307 sponsu:
2900 3244 3155 3302 Ecclesia:

2436 3331 2499 3384 Et
2527 3331 2762 3397 ipsorum
2788 3342 2842 3387 et
2866 3336 3104 3392 omnium

2436 3422 2679 3477 Valetote
2707 3425 2946 3482 felicibus

2437 3510 2664 3568 l’ulchra
2692 3518 2934 3585 pandunt
2954 3525 3230 3578 ornamina

2428 3602 2813 3662 Nonnullorum
2840 3612 3061 3667 eximias

2428 3693 2641 3749 Dicatus
2671 3708 2797 3751 nutu
2828 3703 3035 3755 naviter

2422 3788 2697 3841 Orantium
2728 3792 2902 3846 fidelia

2421 3878 2648 3941 Quidam
2677 3884 2878 3937 addunt
2905 3886 3318 3953 pulcherrimum

2421 3967 2807 4039 lietorquentes
2832 3973 3122 4031 luminibus

2416 4059 2617 4114 Christi
2644 4064 2829 4118 matris
2851 4068 3112 4134 capitibus

2418 4146 2784 4209 l’erducebant
2810 4157 3095 4214 donamina

2415 4241 2612 4295 Cuncta
2643 4244 2884 4302 ferebant
2907 4252 3099 4318 opima:

2415 4335 2568 4390 Matri
2594 4334 2808 4391 Christo
2833 4345 3167 4399 credentium

2416 4428 2586 4482 Vitam
2615 4430 2850 4485 clausuri
2877 4434 3133 4490 calcibus.

2606 4590 2801 4628 INCIPIT
2829 4591 3039 4630 CARMEN
3066 4595 3243 4634 Αιιυιι.

2404 4729 2677 4785 Summum
2706 4742 2937 4789 satorem
2964 4736 3093 4790 solia

2404 4821 2511 4876 Alti
2541 4824 2751 4895 Olympi
2779 4830 2995 4884 arcibus

2401 4915 2599 4967 Cuncta
2624 4929 2851 4971 cernens
2876 4920 3152 4975 cacumine

2397 5004 2516 5057 Alta
2545 5004 2649 5071 poli
2674 5013 2727 5058 et
2750 5007 2927 5061 infima

2394 5097 2555 5165 Cujus
2577 5098 2834 5155 immensa
2862 5117 3077 5157 munera

2395 5192 2695 5257 Antequam
2728 5191 2862 5244 rictu
2893 5193 3081 5247 rabido

2392 5276 2496 5330 Ore
2527 5277 2746 5332 halitum
2775 5293 3001 5349 corpore

2390 5368 2705 5425 Carminare
2727 5374 3074 5428 concentibus

2390 5458 2563 5528 lpsum
2593 5462 2833 5529 profecto
2856 5465 3102 5532 precibus

2385 5551 2623 5604 Allidens
2649 5552 2999 5608 libentissime

2383 5643 2664 5696 Curvatam
2690 5644 2813 5698 colli
2837 5646 3101 5702 cervicem

2382 5734 2647 5789 'l‘itubanti
2676 5736 2931 5789 tutamina

2381 5828 2735 5881 Sacrosancta
2766 5826 3063 5882 sublimiter

2378 5920 2528 5974 Alma
2557 5935 2650 5991 per
2672 5916 2995 5978 adminicula.

3448 518 3512 572 06
