4172 6534
713 399 808 452 597
1524 397 1581 450 S.
1625 391 1969 450 ALDIiELMI
2011 398 2293 454 OI’EIiUM
2339 401 2514 456 PARS
2561 402 2647 456 IlI.
2693 432 2760 442 --
2803 400 3156 458 I‘OEMATA.

710 510 910 571 Quibus
941 507 1114 561 infesti
1148 492 1367 568 fortibus

709 600 904 653 Christi
935 598 1168 652 tironum
1197 597 1440 650 cassibus

709 692 909 744 Afilant
936 698 1186 744 uecantes
1213 689 1471 742 imbribus

719 782 874 846 illos,
907 783 1024 836 illus
1048 782 1398 849 Omnipotens

709 872 804 927 libi
836 873 1021 943 Typlio
1048 875 1355 927 teterrimus

710 967 863 1020 Girat
889 976 1141 1036 torquens
1167 967 1462 1037 gurgitibus

703 1058 782 1112 fin
813 1059 1036 1127 pilarum
1061 1062 1320 1114 acerrima

706 1151 856 1205 Sedit
881 1153 970 1221 qui
1000 1168 1096 1221 per
1121 1152 1360 1207 tethralia
1379 1195 1391 1214 ,

706 1243 1017 1300 Obvallatus
1045 1247 1347 1304 minacibus
1368 1289 1380 1311 ,

707 1337 974 1394 leorum
1003 1356 1211 1395 summo
1235 1343 1432 1397 lumine

704 1428 936 1487 Telluris
967 1432 1087 1489 lata:
1118 1433 1300 1486 li‘mina

710 1521 929 1592 Nequeo
960 1538 1178 1593 prorsus
1209 1525 1392 1582 funera

717 1613 949 1683 Itaptent
973 1623 1028 1669 et
1053 1616 1242 1671 rodant
1269 1620 1447 1682 avido,

706 1703 878 1759 Sortis
907 1707 1094 1775 rigenti
1122 1715 1336 1775 torpore

707 1795 878 1850 Celsae
911 1797 1080 1850 laudis
1112 1799 1465 1856 stridentibus

707 1887 836 1942 Peto
862 1889 1091 1956 profusis
1116 1891 1358 1956 fletibus;

703 1979 827 2032 Solo
857 1988 1008 2033 tenus
1035 1982 1329 2048 saepissime
1350 2023 1364 2048 ,

704 2069 906 2138 Capitis
933 2082 1094 2138 atque
1118 2074 1375 2128 verticem
1399 2117 1412 2141 ,

701 2160 924 2214 Tribuat
947 2177 1040 2230 per
1063 2164 1320 2219 solamina

703 2249 1011 2318 Suffragans
1039 2268 1196 2308 manu
1226 2255 1451 2322 fortiter,

703 2340 942 2396 Ilostinm
967 2342 1148 2397 demat
1169 2347 1370 2415 spicula

707 2432 902 2488 Ferant
929 2434 1177 2491 thoracas
1202 2437 1439 2493 humeris

699 2522 868 2579 Czesis
894 2524 1049 2581 ftedis
1077 2527 1375 2597 fragoribus

701 2615 959 2671 Telorum
987 2627 1039 2672 et
1060 2621 1379 2675 micantibus

707 2706 911 2764 Trudat
939 2709 1152 2766 azternis
1181 2713 1415 2766 tenebris

701 2805 878 2861 Tortis
905 2804 1180 2876 globorum
1208 2806 1424 2874 gremiis

701 2898 813 2952 Atri
841 2896 974 2966 ignis
1002 2896 1282 2953 ultricibus

700 2988 897 3052 Parma
916 2989 1078 3057 pellat
1100 2991 1346 3045 acumina

704 3079 939 3134 Hostium
964 3093 993 3132 a
1021 3078 1287 3136 ferocibus

708 3169 1092 3227 Concertantes
1117 3175 1375 3243 agonibus

699 3260 973 3318 {Etherius
1000 3266 1084 3332 qui
1110 3266 1285 3320 omnia

707 3350 864 3406 Verbi
895 3361 1095 3407 tantum
1122 3369 1243 3408 cum
1273 3353 1498 3411 Numine

709 3441 837 3496 Mihi
861 3457 997 3497 nova
1023 3445 1107 3512 qui
1135 3445 1349 3500 nutibus

700 3534 1015 3590 Litterarum
1042 3552 1162 3591 cum
1188 3538 1389 3592 lusibus

701 3625 947 3681 Facunda
970 3626 1131 3683 funde
1158 3628 1352 3684 lamina

696 3717 897 3782 Queam
925 3728 1100 3786 erepto
1122 3721 1172 3773 in
1201 3720 1434 3774 carmine

701 3806 883 3862 Virum
911 3807 1163 3864 virtutum
1191 3827 1406 3866 rumore

696 3899 914 3954 Cassem
943 3901 1175 3969 priscum
1204 3911 1323 3959 eum
1353 3908 1568 3962 nomine

698 3990 854 4044 Astra
882 3990 1091 4062 Olympi
1120 3994 1285 4064 ignito

705 4079 893 4133 Larem
923 4081 1118 4138 librant
1143 4084 1409 4141 lucifluam

699 4171 890 4227 illolem
915 4174 1112 4230 mundo
1134 4177 1432 4233 minacibus

699 4266 922 4324 Fumum
953 4269 1162 4326 furvum
1188 4271 1475 4344 frigoribus

698 4357 829 4414 Coeli
848 4359 1006 4429 jubar
1029 4376 1059 4416 e
1081 4363 1311 4417 culmine

696 4451 852 4506 Titan
879 4461 1072 4508 tremet
1098 4453 1419 4508 torrentibus

698 4544 902 4598 Passim
934 4546 1077 4600 orbis
1106 4561 1201 4616 per
1229 4546 1518 4615 marginem

698 4635 901 4692 Phazhe
932 4652 1144 4707 quoque
1177 4638 1523 4707 flagrantibus

696 4726 916 4783 Noctem
945 4729 1147 4798 nigram
1174 4730 1455 4784 nubeeulis

695 4817 868 4874 Ambo
893 4827 1146 4889 spargunt
1168 4819 1454 4889 spiramina

697 4912 879 4982 Neque
904 4921 1095 4967 nocent
1122 4913 1381 4968 nitoribus

697 5006 852 5060 Ruris
878 5005 1029 5073 rigati
1060 5005 1233 5060 rivulo

692 5097 797 5151 Sed
823 5097 1046 5150 lntosam
1075 5096 1368 5165 liquoribus

693 5185 940 5238 Arebant
966 5194 1106 5238 astra
1139 5185 1302 5254 ignito

691 5274 934 5330 Giiscunt
959 5285 1015 5330 ut
1041 5277 1209 5346 glebas
1235 5278 1472 5346 germina

691 5368 806 5422 Situ
830 5365 1042 5421 roscido
1069 5368 1259 5422 robora
1283 5407 1297 5433 ,

691 5457 988 5512 Succorum
1019 5465 1234 5511 sumunt
1261 5473 1506 5526 saporem

696 5548 797 5602 Ista
825 5549 992 5603 cassis
1019 5562 1114 5617 per
1147 5549 1372 5604 culmina

695 5637 935 5694 Gloriosa
961 5653 1056 5709 per
1080 5639 1290 5709 agmina

695 5727 947 5783 Rutilanti
973 5730 1214 5785 redimita

696 5820 848 5873 Astra
875 5820 1094 5874 convexi
1121 5821 1334 5892 Olympi

1895 508 2196 565 Aldclmum
2229 527 2347 566 nam
2381 513 2701 568 altissimum

1894 600 2014 654 Alto
2042 613 2336 658 nostratum
2367 608 2584 662 nomine

1894 690 2188 749 l’ollentem
2217 711 2311 765 per
2339 701 2473 754 cmle
2495 703 2577 754 tia

1892 784 1999 845 Sic,
2021 785 2098 839 sic
2123 801 2250 840 sane
2276 790 2594 844 sublimibus

1891 875 2028 929 (‘mli
2063 891 2156 930 ceu
2189 895 2282 944 per
2309 881 2542 934 culmina

1899 963 2002 1015 Illis
2024 1005 2036 1024 .
2071 966 2172 1018 illis
2201 967 2250 1021 in
2280 969 2525 1024 omnibus

1891 1055 2178 1126 l’rotegens
2206 1061 2556 1114 arundinibus

1887 1145 2101 1200 Christo
2135 1163 2346 1218 semper
2376 1150 2650 1206 fidelibus.

1889 1239 2063 1297 Mundi
2091 1245 2247 1298 herus
2272 1247 2542 1300 molimina

1894 1330 2151 1386 l’ormasti
2177 1335 2227 1387 in
2253 1337 2481 1406 origine.

1894 1424 2220 1491 Aggrederer
2249 1428 2553 1484 nutantibus

1891 1513 2018 1568 Odis
2045 1527 2295 1586 coaptem
2328 1521 2531 1584 usibus.

1892 1701 2048 1757 Celso
2079 1705 2317 1774 proferre
2345 1707 2542 1764 famine

1895 1797 2299 1864 Fulgescentem
2332 1800 2382 1852 in
2413 1803 2614 1854 aethere

1892 1890 2170 1956 Comptum
2193 1891 2356 1945 veluti
2384 1892 2583 1946 lumine

1892 1981 2055 2034 Ardui
2084 1981 2200 2036 orbi
2230 1993 2416 2052 vegeto

1890 2070 2144 2127 Lustrant
2170 2074 2285 2128 axis
2315 2075 2586 2144 iguiﬂuam

1893 2162 2227 2218 Eminentem
2259 2180 2376 2218 cum
2407 2169 2617 2220 arcibus

1894 2251 2014 2306 Foci
2044 2253 2314 2320 complent
2341 2255 2611 2311 caloribus

1887 2341 2089 2396 Croceo
2112 2342 2342 2399 fundunt
2370 2344 2613 2405 fulmine.

1888 2434 2048 2488 Tedis
2075 2436 2181 2492 late
2211 2438 2508 2497 lucentibus

1887 2525 2140 2593 Adusque
2161 2531 2281 2583 coeli
2307 2534 2576 2587 cardinem

1888 2615 2130 2673 Fratrem
2152 2619 2304 2691 juvat
2330 2627 2613 2682 ardoribus

1890 2703 2085 2758 Lucem
2115 2705 2308 2764 lustrat
2333 2713 2620 2770 corniculis

1886 2789 2027 2860 Ignis
2051 2793 2288 2851 mthralis
2317 2797 2513 2852 lttmina

1884 2882 2191 2941 Nemorosis
2215 2889 2503 2957 ceSpiti'ous

1886 2975 2102 3031 Itoscidi
2131 2981 2267 3035 roris
2291 2982 2479 3037 sedulo

1883 3067 2149 3122 Tellurem
2181 3069 2612 3132 bumectantibus

1881 3157 2160 3215 Torrentis
2184 3163 2326 3231 globi
2350 3164 2530 3235 jaculo

1882 3249 2018 3304 Dura
2047 3260 2204 3320 atque
2231 3257 2514 3312 tenerrima

1881 3339 2116 3412 Quasque
2139 3343 2411 3401 virescunt
2439 3357 2619 3403 tenera

1881 3431 2139 3487 Severum
2167 3449 2289 3490 nam
2316 3451 2412 3505 per
2434 3455 2710 3508 vaporem.

1879 3520 2044 3576 Prisci
2073 3528 2308 3592 pandunt
2335 3529 2642 3601 prazfulg'da

1879 3609 2202 3666 Gemmifera
2231 3618 2470 3672 oramina

1878 3698 2088 3768 Obryzo
2112 3702 2258 3757 velut
2287 3703 2500 3770 limpida

1878 3789 2006 3845 Orbi
2033 3793 2342 3848 clarescunt
2367 3797 2526 3851 viridi

1881 3881 2025 3936 Cano
2048 3892 2206 3953 atque
2227 3886 2581 3944 clarissimum

1877 3969 2246 4041 Nuncupatum
2272 3985 2325 4030 et
2348 3983 2567 4033 numine

1877 4059 2156 4117 Potentem
2184 4079 2244 4118 ac
2273 4069 2543 4122 terrestria

1876 4152 2020 4206 Satis
2043 4163 2288 4210 ornatum
2317 4158 2546 4212 cultibus

1875 4244 2114 4299 Candent
2140 4260 2234 4315 per
2255 4256 2370 4302 orta
2397 4247 2637 4303 fulmina.

1879 4333 2160 4403 Equalem
2190 4335 2310 4390 dico
2332 4338 2534 4393 actibus

1877 4423 2115 4492 Quaeque
2144 4422 2237 4477 fari
2264 4423 2565 4480 sublimiter

1878 4511 2112 4580 Surgens
2138 4528 2330 4582 nempe
2359 4516 2635 4583 prolixitas

1877 4601 1993 4657 'f‘ibi
2020 4605 2161 4657 salus
2185 4619 2275 4672 per
2298 4608 2492 4661 srccula

1876 4691 2084 4749 Maneat
2111 4695 2488 4752 immortaliter

1876 4778 1974 4834 Odi
2005 4782 2158 4849 hujus
2185 4784 2478 4840 enormiter

1879 4869 2132 4943 Refragat
2158 4884 2316 4942 atque
2340 4879 2578 4932 vastitas.

1876 4962 2075 5032 Sospes
2101 4965 2170 5018 ab
2198 4979 2365 5036 usque
2391 4971 2596 5025 macula

1877 5053 2008 5108 Fine
2038 5062 2192 5109 tenus
2221 5055 2454 5113 feliciter:

1993 5184 2182 5223 INCIPIT
2221 5184 2434 5226 CARMEN
2477 5189 2654 5231 Αιιιτι).

1877 5280 2005 5335 Vale
2030 5324 2042 5345 ,
2070 5285 2219 5349 vale,
2251 5285 2524 5342 fidissime.

1873 5368 2042 5435 Quem
2070 5373 2122 5426 in
2149 5375 2328 5429 cordis
2353 5378 2599 5433 cubicqu

1874 5459 1988 5512 Ave
2016 5459 2160 5514 Ilova
2188 5463 2450 5519 altissime

1875 5548 2128 5606 Salutatis
2153 5553 2483 5621 supplicibus

1873 5643 1948 5697 Te
1970 5682 1986 5708 ,
2018 5653 2071 5697 te
2099 5643 2258 5698 herus
2283 5646 2335 5699 in
2364 5648 2608 5702 omnibus

1875 5733 2068 5787 Forma
2095 5743 2146 5788 et
2175 5735 2287 5788 visu
2317 5736 2521 5790 virilem
2547 5778 2560 5800 ,

1873 5825 2040 5879 'l‘uam
2071 5825 2295 5895 primum
2325 5829 2664 5897 prapaginem

3013 512 3232 569 Curiose
3259 517 3538 586 conjicere

3009 605 3196 660 Nullus
3221 608 3359 663 valet
3386 612 3688 670 volucribus

3006 696 3205 753 Tamen
3233 703 3468 770 aggressi
3495 707 3696 769 gaudiis
3717 751 3729 772 ,

3006 791 3226 846 Summo
3253 805 3430 850 satore
3459 801 3663 855 sobolis

3007 877 3278 938 Generosa
3305 895 3614 957 progenitus

3005 972 3214 1030 Sratura
3247 985 3553 1048 spectabilis
3573 1032 3586 1055 ,

3003 1064 3175 1130 Caput
3204 1070 3530 1130 candescens
3557 1081 3794 1138 crinibus

3008 1152 3208 1210 Lucent
3232 1162 3333 1215 sub
3362 1163 3534 1221 fronte
3560 1168 3754 1224 lumina

3005 1246 3135 1301 (Σωιὶ
3165 1252 3494 1310 candescuut
3519 1262 3685 1315 calida

3007 1340 3170 1395 liena:
3195 1350 3439 1412 gemelle.
3465 1353 3688 1408 collibus

3007 1433 3333 1492 I’edetentim
3363 1458 3626 1512 purpureo

3011 1524 3146 1579 llosa
3175 1529 3334 1584 veluti
3367 1534 3535 1590 rutilis

3003 1621 3170 1673 Aures
3201 1624 3465 1678 oscultant
3494 1631 3666 1683 omnia

3005 1710 3141 1762 Alani
3171 1714 3277 1764 oris
3308 1714 3582 1771 innumera

3005 1804 3171 1858 Adest
3201 1807 3423 1863 verbosa
3452 1811 3706 1882 fulgidum

3010 1890 3212 1954 Manus,
3241 1908 3430 1950 manus
3457 1904 3725 1956 mirabiles

3003 1981 3168 2036 'l‘ibiie
3195 1999 3350 2040 cursu
3384 1996 3576 2044 teretes
3595 2031 3608 2055 ,

3009 2075 3161 2142 Smpe
3189 2088 3484 2144 sequuntur
3513 2085 3754 2136 Cllr‘Sifitls

3005 2163 3134 2216 Nam
3160 2165 3203 2216 si
3231 2169 3468 2221 centenis
3501 2171 3735 2226 clamitet

3007 2248 3204 2304 Ferrea
3232 2266 3363 2307 voce
3388 2254 3686 2324 freinitans,

3004 2339 3198 2410 Nequit
3225 2358 3353 2399 sane
3377 2349 3427 2398 in
3454 2351 3647 2402 sarculo

3007 2429 3156 2484 I’ltile
3177 2470 3190 2493 ,
3216 2431 3410 2487 Christi
3440 2435 3753 2492 charissime
3780 2483 3792 2504 ,

3002 2520 3169 2588 Cingo
3194 2526 3392 2578 amoris
3419 2528 3656 2594 vinculo,

3000 2610 3136 2665 Olim
3163 2615 3321 2668 sodes
3346 2619 3678 2676 sanctissime
3695 2667 3708 2688 ,

3005 2705 3318 2762 Ethelwaldi
3345 2723 3462 2765 cum
3491 2713 3725 2767 vocibus.

3000 2800 3212 2853 Clarum
3237 2802 3436 2855 creavit
3462 2802 3666 2858 actibus
3685 2845 3699 2865 .

3003 2887 3166 2942 Facto
3192 2897 3244 2942 ct
3272 2889 3412 2944 dicto
3443 2892 3668 2946 senilem
3693 2938 3704 2962 ,

3001 2976 3101 3029 I-‘er
3130 2979 3444 3044 profundam
3477 2980 3780 3052 indaginem

3002 3069 3195 3123 Mentis
3224 3079 3383 3138 atque
3411 3075 3671 3142 inspicere

3001 3166 3204 3220 Summi
3228 3169 3350 3222 coeli
3381 3171 3480 3225 sub
3502 3172 3752 3226 nubibus.

2999 3257 3305 3328 Loquemur
3334 3277 3512 3328 parum
3541 3265 3760 3333 trepidis

3001 3347 3160 3403 Satus
3186 3349 3326 3404 fuisti
3351 3352 3542 3406 nobilis

2997 3438 3266 3494 Genitrice
3293 3442 3604 3510 expeditus,

2999 3530 3151 3585 Statu
3179 3541 3230 3585 et
3255 3532 3426 3586 forma
3452 3535 3606 3602 agilis

2996 3624 3228 3695 Cingunt
3253 3628 3428 3697 capilli
3461 3629 3662 3684 nitidis.

2996 3721 3109 3774 Lati
3136 3736 3232 3775 ceu
3263 3737 3354 3789 per
3379 3723 3611 3777 culmina

2994 3812 3135 3868 Clari
3165 3814 3378 3884 fulgoris
3406 3816 3576 3870 sidera

2996 3904 3370 3960 Clornerantnr
3395 3921 3514 3959 cum
3539 3907 3733 3962 ollibus
3755 3951 3769 3972 ,

2992 3994 3152 4048 Pietas
3178 3993 3298 4047 fuco
3321 4003 3372 4048 et
3401 3993 3555 4049 niveo
3579 4013 3590 4047 :

2991 4087 3182 4142 Radiat
3204 4086 3356 4140 valde
3379 4084 3613 4140 flosculis

2993 4176 3164 4232 Verba
3192 4190 3259 4230 ex
3284 4188 3377 4229 ore
3403 4175 3608 4242 prodita

2988 4269 3269 4340 Nequeunt
3293 4269 3390 4325 fari
3417 4285 3638 4326 munera

2987 4364 3188 4432 SOphia
3215 4373 3266 4418 et
3293 4378 3453 4418 omne
3479 4363 3738 4417 lucidum.

2988 4455 3208 4509 Multum
3239 4455 3401 4520 pedes
3431 4452 3712 4520 placabiles

2987 4544 3215 4598 Tantum
3248 4541 3413 4596 fortes
3441 4552 3496 4595 ut
3519 4541 3736 4610 sonipes
3763 4559 3773 4588 τ

2987 4633 3255 4689 Salientes
3283 4631 3599 4700 przepetibus

2983 4725 3222 4793 Quisque
3249 4723 3405 4792 lignis
3430 4733 3484 4777 et
3506 4725 3702 4777 voeitet

2988 4815 3154 4870 Valde
3180 4823 3234 4869 et
3258 4829 3348 4868 ore
3373 4815 3646 4880 crepitans

2986 4911 3136 4966 Ullus
3162 4909 3266 4964 fari
3291 4910 3509 4965 oraculo

2987 5003 3252 5069 Quantum
3284 5003 3483 5058 mundo
3509 5002 3811 5058 mirabilem

2985 5097 3166 5166 Neque
3192 5098 3360 5151 altum
3399 5097 3665 5165 ingenium

2987 5189 3134 5244 Ullus
3161 5189 3302 5243 valet
3328 5189 3640 5245 sonantibus

2983 5281 3132 5348 Quod
3161 5281 3356 5334 idcirco
3380 5296 3483 5334 non
3508 5280 3676 5335 offero

2979 5373 3078 5438 Qui
3104 5373 3284 5426 mundi
3309 5387 3400 5441 per
3419 5372 3597 5424 omnia

2983 5465 3248 5534 Sospitem
3277 5473 3385 5518 tete
3415 5463 3663 5518 sordibus

2983 5557 3150 5626 Tegat
3176 5563 3342 5608 totum
3372 5554 3628 5608 tutamine

2990 5647 3108 5701 Rite
3133 5645 3363 5700 reddens
3388 5643 3650 5713 refugium

2990 5738 3151 5806 Inque
3178 5735 3314 5790 locet
3339 5734 3629 5789 aztltereum

2989 5829 3086 5886 Ubi
3112 5843 3324 5901 semper
3349 5827 3676 5882 consortium
