4172 6542
739 423 836 484 3H

1820 422 1872 477 ἑὲ.
1920 417 2263 475 ALItllIﬁLMI
2302 414 2582 472 OI'ERUSI
2628 418 2803 474 PARS
2844 418 2927 473 IV.

3895 417 3990 471 312

737 554 933 598 terram
960 542 1128 603 illam,
1156 539 1238 594 cui
1264 536 1577 591 vocabulum
1607 545 1689 589 est
1730 535 1950 587 inditum
1997 532 2318 585 Mahlumes-
2349 529 2392 583 Α
2426 530 2533 597 pria
2564 543 2717 583 manu
2749 528 3079 594 conﬁrmavi,
3115 538 3166 583 et
3195 531 3557 585 favorabiliqu
3593 532 3821 585 virorun
3853 538 3896 585 cl
3919 553 3993 588 iro

739 635 920 699 burgtc
946 632 1229 686 Aldhelmo
1263 629 1575 697 presbytero
1599 626 1662 680 ad
1690 624 1980 692 degendam
2000 621 2316 690 regulariter

735 727 898 777 vitam
926 726 1170 779 conferre
1212 720 1498 789 largirique
1526 719 1803 787 dignarer;
1854 718 1905 767 iu
1938 730 2042 780 quo
2071 712 2315 766 videlicet

730 818 851 872 loco
885 834 912 870 a
957 816 1126 884 primo
1157 830 1271 867 rem
1304 814 1537 867 infanthe
1584 823 1742 879 atque
1786 809 1851 861 ah
1900 808 2016 875 ipso
2072 804 2315 859 tirocinio

732 907 1159 960 rudimentorum
1193 905 1503 957 liberalibus
1548 904 1843 955 litterarum
1892 897 2083 951 studiis
2128 894 2315 948 crudi-

733 1009 819 1053 tus
867 1008 919 1053 ct
962 1000 1013 1052 iu
1046 1000 1251 1068 gremio
1300 1010 1497 1051 sauc'a:
1548 998 1734 1048 matris
1767 990 2019 1047 i‘chlesia:
2060 990 2309 1050 nutritus,

732 1093 894 1145 vitam
932 1091 1104 1155 duxit,
1137 1100 1190 1144 et
1220 1092 1285 1143 ob
1318 1090 1416 1142 hoc
1450 1088 1781 1158 potissimum
1818 1085 1951 1137 hanc
2002 1081 2308 1150 petit‘oucm

732 1183 964 1237 fraterna
983 1180 1213 1236 cbaritas
1238 1193 1526 1248 suggerere
1551 1176 1774 1229 videtur.
1806 1174 2141 1241 Quapropter
2173 1184 2312 1237 pm-

730 1277 997 1331 dictorum
1041 1276 1291 1329 abbatum
1322 1273 1566 1343 precibus
1596 1284 1872 1332 auuueus,
1921 1268 2094 1334 ipsum
2140 1266 2310 1318 locum

733 1369 801 1421 de
832 1381 934 1433 quo
955 1366 1460 1434 supramentionem
1488 1362 1733 1423 fecimus,
1766 1370 1868 1411 tam
1894 1358 1991 1410 sibi
2020 1371 2174 1424 quam
2202 1353 2310 1405 suis

727 1458 1151 1521 successoribus,
1185 1470 1426 1509 normam
1464 1465 1661 1508 sanc'a:
1694 1451 1888 1519 regulae
1924 1446 2109 1501 solerti
2153 1445 2312 1497 devn~

730 1550 876 1605 tione
905 1548 1245 1617 sequentibus
1294 1548 1523 1601 fraterna
1574 1545 1824 1611 petitione
1854 1553 2090 1601 eoacuzs,
2138 1539 2295 1588 ultro.

731 1656 863 1696 netis
895 1641 1166 1710 impendo,
1212 1651 1472 1708 quatenus
1528 1636 1577 1688 iu
1628 1634 1857 1686 futuram
1909 1629 2308 1696 posteritatem,

729 1739 933 1785 remota
965 1730 1107 1784 omni
1142 1728 1585 1796 disceptationum
1629 1723 1879 1778 conﬂictu
1924 1718 2307 1787 ingruentium,

728 1823 909 1892 quiete
954 1822 1225 1885 continua,
1275 1830 1329 1874 et
1383 1833 1512 1888 pace
1566 1824 1839 1885 perpetua,
1902 1813 2012 1866 Deo
2073 1808 2313 1862 famulari

2419 631 2673 673 concessu
2704 620 3063 685 corroboravi,
3102 630 3158 674 ut
3180 621 3337 685 trulla,
3366 632 3481 689 post
3503 623 3704 676 obitum
3735 634 3993 687 nostrum,

2418 710 2608 775 regalis
2635 710 2924 775 audacitas,
2973 726 3069 765 nec
3116 712 3382 766 surcularis
3411 712 3639 779 dignitas
3689 723 3871 767 contra
3899 715 3991 765 cie-

2416 810 2618 855 crctum
2651 815 2890 858 nostrum
2921 807 3254 870 confringere
3298 807 3594 860 tentaverit.
3630 807 3685 860 Si
3712 808 3832 873 quis
3870 824 3993 862 vero

2417 892 2553 946 hanc
2584 894 2920 949 donationem
2964 911 3155 965 augere
3182 908 3234 950 et
3260 899 3584 964 amplificare
3614 901 3859 959 voluerit,
3892 916 3989 952 an-

2415 994 2532 1049 geat
2564 985 2699 1039 Deus
2730 996 2927 1053 partem
2966 990 3082 1054 ejus
3128 989 3176 1041 in
3224 989 3355 1041 libro
3388 992 3527 1044 vitae.
3587 992 3736 1056 Quod
3776 992 3820 1043 si
3854 994 3988 1056 quis,

2418 1076 2687 1143 tyrannica
2724 1087 2981 1143 potestate
3011 1079 3197 1140 fretus,
3238 1079 3453 1134 demere
3492 1082 3573 1133 vel
3602 1079 3814 1135 auferre
3844 1093 3987 1134 sate-

2415 1165 2569 1232 gerit,
2606 1168 2736 1218 sciat
2778 1179 2836 1220 Se
2881 1183 3058 1223 coram
3090 1168 3301 1223 Christo
3348 1185 3646 1239 novemque
3679 1173 3988 1240 angelorum

2415 1257 2692 1312 ordiuiluas
2724 1260 2985 1315 rationem
3028 1263 3374 1317 redditurum.
3425 1264 3632 1332 Scripta
3683 1274 3762 1318 est
3812 1276 3987 1316 autem

2419 1347 2529 1400 Ita-c
2559 1349 2621 1402 ch
2650 1350 2894 1419 regraphi
2928 1351 3188 1417 chartula,
3228 1368 3367 1409 anno
3396 1356 3463 1407 ab
3494 1354 3750 1409 incarnat.
3793 1354 3989 1409 Christi

2416 1438 2540 1501 I381,
2566 1439 2723 1492 itttIit‘.
2758 1443 2808 1495 (ἲ.

2485 1536 2703 1602 Signum
2745 1552 2931 1591 manus
2964 1538 3229 1592 Iithelredi
3263 1541 3400 1607 regis
3420 1538 3758 1594 Merciorum.

2489 1626 2705 1694 Signum
2731 1643 2917 1681 manus
2947 1628 3215 1683 Coenfridi
3241 1631 3470 1684 comitis.

2495 1719 2604 1785 lgo
2634 1718 2939 1775 Ther-dorus
2967 1721 3130 1791 gratia
3182 1722 3270 1776 Dei
3314 1722 3746 1795 archiepiscopus
3789 1722 3988 1779 conﬁr-

2421 1824 2576 1861 111ε1ν1.

728 1913 846 1967 sine
873 1911 1253 1981 impedimento
1280 1912 1509 1964 valeant.
1556 1909 1682 1972 Sed,
1729 1922 1794 1959 ne
1827 1906 1962 1957 forte
2010 1898 2310 1953 contentio-
2345 1878 2386 1933 Β
2481 1900 2523 1971 σι-
2551 1900 2656 1967 Ego
2686 1901 2984 1957 Sam-ultus
3012 1904 3294 1972 episcopus
3323 1910 3629 1976 suoscrtpsl.

735 2005 819 2059 HIS
863 2005 1077 2058 occasio
1119 2003 1379 2070 deinceps
1429 2007 1688 2066 emergat,
1742 1995 1842 2049 hac
1871 1993 2095 2047 rationis
2125 1991 2308 2044 condi-

731 2096 875 2149 tione
902 2094 1214 2163 iuterposita
1238 2094 1498 2147 roborans
1523 2090 1802 2152 conﬁrmo,
1832 2097 1885 2140 ut
1916 2085 2091 2138 ltltIIllS
2122 2097 2308 2137 succc-

725 2186 967 2240 dcntium
994 2185 1207 2239 demum
1248 2184 1647 2252 episcoporum,
1678 2194 1771 2233 seu
1803 2193 2011 2247 regum,
2048 2177 2182 2228 hanc
2213 2188 2308 2227 no-

722 2284 851 2331 stra:
890 2275 1190 2331 donationis
1240 2274 1536 2328 chartulam
1602 2272 1875 2342 tyrannica
1935 2269 2102 2321 fretus
2154 2275 2303 2333 pote-

723 2373 886 2433 state,
920 2365 1185 2419 violcnter
1227 2362 1460 2429 invadat,
1491 2375 1739 2415 asserens
1788 2356 2132 2427 pertinaciter
2160 2355 2301 2423 quod

722 2457 790 2508 de
814 2454 933 2523 jure
978 2454 1253 2521 potestatis
1299 2454 1640 2521 episcopatus
1708 2450 1941 2502 ablatum
2002 2455 2303 2515 sequestra-

723 2558 943 2615 tumque
988 2545 1151 2600 fuisse
1184 2545 1484 2607 videretur;
1520 2552 1574 2596 et
1621 2542 1818 2595 idcirco
1867 2539 2143 2593 sciendum
2197 2546 2299 2599 est,

726 2650 780 2696 et
808 2648 992 2695 contra
1023 2638 1244 2692 mutulos
1290 2636 1753 2707 promulgandum,
1802 2632 1973 2687 multo
2004 2630 2172 2698 magis
2214 2643 2298 2682 me

721 2730 1063 2784 commodum
1095 2738 1543 2799 augmeuttunque
1570 2722 1858 2794 pontiﬁcali
1880 2722 2132 2777 Ecclesia:
2159 2719 2300 2773 addi-

721 2822 885 2886 disse,
910 2836 1064 2889 quam
1092 2835 1185 2887 pcr
1208 2820 1313 2872 vim
1342 2817 1688 2872 abstraxisse.
1719 2814 2015 2877 Postremo,
2048 2823 2103 2867 ut
2130 2812 2299 2867 ﬁrmi-

720 2925 801 2967 ter
830 2912 1066 2982 prmfatae
1088 2910 1394 2965 donationis
1437 2908 1649 2977 largitio
1676 2905 1878 2975 jugiter
1920 2918 2171 2957 mansura
2203 2904 2292 2969 sit,

717 3009 1001 3077 praedictos
1023 3007 1241 3061 abbates
1279 3005 1512 3072 propriis
1541 3002 1784 3055 manibus
1810 3000 2149 3055 subscribere
2173 3000 2292 3066 jus-

715 3104 903 3156 simus.
936 3099 1088 3166 Quod
1138 3100 1183 3153 si
1215 3098 1330 3167 quis
1379 3098 1489 3150 haec
1529 3092 1725 3161 scripta
1766 3100 1819 3147 et
1842 3092 2055 3146 decreta
2095 3099 2291 3145 nostra:

719 3193 1041 3251 deﬁnitionis
1067 3192 1214 3246 irrita
1258 3191 1434 3243 facere
1475 3187 1696 3251 nitetur,
1729 3186 1863 3240 sciat
1887 3198 1945 3237 se
1974 3194 2098 3237 ante
2126 3184 2292 3237 tribu-

717 3286 804 3340 nal
844 3283 1042 3339 Christi
1095 3284 1356 3337 rationem
1415 3278 1768 3333 redditurum.
1828 3277 2022 3331 Actum
2080 3275 2292 3342 publice

716 3380 861 3447 iuxta
888 3376 1083 3429 flumen
1117 3372 1338 3427 Bladum
1368 3386 1442 3425 vn
1467 3367 1732 3424 Kalendas
1765 3365 2123 3436 Septembris,
2155 3379 2293 3420 anno

716 3471 929 3525 lucarn.
961 3463 1155 3521 Christi
1181 3464 1306 3519 680.

789 3560 831 3629 -ξο
873 3559 984 3627 Ego
1042 3554 1402 3618 Eleutherius,
1465 3565 1529 3605 ac
1586 3550 1630 3603 si
1682 3548 1929 3617 indignus
1985 3548 2292 3616 episcopus,

716 3659 934 3720 rogatus
978 3662 1007 3703 a
1049 3645 1325 3711 fratribus,
1361 3645 1497 3699 hanc
1539 3641 1845 3697 donationis
1872 3639 2113 3694 chartam
2161 3638 2291 3693 sub-

712 3741 925 3811 scripsi.

786 3834 829 3905 οζ·
870 3833 981 3902 Ego
1013 3830 1350 3886 Cunebertus
1391 3825 1556 3880 abbas
1584 3822 1897 3890 subscripsi.

786 3943 829 3994 τ
874 3923 984 3990 Ego
1007 3919 1191 3976 Hedde
1215 3918 1382 3973 abbas
1408 3914 1725 3983 subscripsi.

791 4013 835 4084 τ
879 4012 989 4081 Ego
1036 4009 1393 4079 Wynebertus
1435 4004 1715 4074 presbyter
1761 4003 2069 4069 subscripsi.

786 4104 830 4175 -ι-
872 4104 979 4171 Ego
1018 4101 1173 4156 Hitldi
1207 4098 1489 4170 presbyter
1518 4093 1834 4163 subscripsi.

786 4195 830 4266 ἰ-
869 4193 982 4263 Ego
1008 4191 1195 4247 lledda
1226 4187 1541 4256 subscripsi.

1467 4297 1554 4352 IV.

724 4417 986 4485 Quomodo
1015 4412 1326 4485 Etlrelredus
1361 4426 1451 4485 rea:
1492 4410 1702 4462 contulit
1749 4408 2011 4485 Ald/triuio
2040 4407 2205 4485 abbati
2247 4416 2294 4458 et

790 4483 1359 4541 Melduuensicwnobio
1390 4479 1704 4534 Newentuuc
1742 4490 1784 4532 et
1833 4476 2296 4548 Clterletouejua‘ta

789 4556 1062 4612 Tetteburi.

1271 4642 1438 4704 [ιω.
1464 4640 1544 4689 fol.
1573 4641 1647 4689 is.
1674 4640 1745 4700 ι›.]

786 4733 844 4786 ln
876 4729 1091 4785 nomine
1114 4726 1319 4781 Domini
1358 4724 1526 4780 nostri
1553 4724 1677 4778 .lesu
1707 4721 1900 4777 Christi
1929 4718 2237 4775 Salvatoris.

784 4825 924 4880 Nihil
951 4821 1257 4885 intulimus',
1290 4830 1346 4874 ut
1370 4818 1717 4889 apostolicum
1750 4822 1971 4869 testatur
2000 4811 2293 4877 oraculum,

716 4921 770 4975 in
818 4917 961 4971 hunc
1008 4915 1281 4980 mundum,
1312 4928 1409 4968 nec
1450 4909 1660 4966 auferre
1689 4906 1943 4977 quidquid
1993 4920 2294 4977 possumus.

718 5009 921 5065 Idcirco
965 5007 1193 5062 terrenis
1221 5018 1284 5060 ac
1312 5003 1526 5057 caducis
1555 5010 1750 5053 arterua
1786 5009 1838 5053 et
1878 5012 2122 5052 mansura
2154 5012 2295 5051 mer-

722 5103 884 5156 canda
905 5110 1046 5156 sunt.
1063 5099 1389 5166 Quapmpter
1405 5111 1503 5166 ego
1517 5091 1829 5147 Ethelrcdns
1847 5105 1936 5143 rex
1961 5088 2297 5157 Merciorum,

717 5202 934 5262 rogatus
972 5206 1001 5245 a
1032 5190 1254 5259 patricio
1293 5202 1413 5243 meo
1450 5195 1506 5241 et
1532 5186 1827 5254 propinquo
1862 5181 2147 5236 Coenfrido
2168 5221 2181 5244 ,
2204 5194 2300 5248 pro

720 5281 959 5337 remedio
981 5280 1172 5334 anima:
1201 5294 1353 5344 meae,
1383 5293 1443 5331 ac
1472 5291 1566 5345 pro
1591 5278 1828 5330 oratione
1857 5273 2077 5327 fratrum
2100 5272 2153 5326 in
2175 5271 2301 5325 Me!-

721 5372 1025 5441 dunesburg
1057 5372 1165 5425 Deo
1212 5369 1574 5433 servientium,
1608 5367 1821 5435 triginta
1850 5373 2086 5419 cassatos
2114 5364 2180 5417 ab
2209 5377 2301 5417 oc-

725 5464 974 5520 cidentali
1008 5472 1153 5531 parte
1197 5471 1375 5517 stratre
1403 5460 1647 5530 publicae,
1675 5467 1728 5512 et
1768 5473 1871 5511 non
1900 5459 2073 5525 longe,
2110 5457 2161 5509 in
2200 5455 2304 5510 alio

725 5558 867 5623 loco,
885 5553 1208 5623 quindecim,
1222 5568 1383 5620 prope
1398 5553 1587 5606 Tcttan
1609 5550 2007 5613 monasmrium,
2023 5547 2304 5602 Aldhelmo

727 5646 903 5700 abbati
927 5655 979 5699 et
1006 5642 1401 5699 successoribus
1423 5642 1539 5712 ejus
1570 5642 1621 5695 in
1649 5642 1943 5695 libertatem
1975 5649 2303 5694 terrenarum

726 5736 1041 5791 servitutum
1083 5734 1458 5806 perpetualiler
1480 5776 1492 5800 ,
1528 5733 1775 5798 libenter,
1823 5732 2040 5800 largitus
2076 5744 2213 5784 sum.
2244 5728 2307 5783 Et

731 5823 867 5880 hanc
889 5824 1222 5882 donationem
1249 5839 1445 5891 meam,
1468 5839 1633 5881 sacrae
1660 5825 1830 5882 crucis
1858 5822 2145 5893 signaculo,
2180 5835 2304 5893 pro-

2483 1992 2522 2062 ει-
2545 1993 2654 2063 Ego
2698 1995 2848 2049 Bosel
2873 1997 3150 2065 episcopus
3178 1999 3485 2067 subscripsi.

3177 2106 3230 2160 γ.

2469 2216 2737 2281 Quomodo
2759 2215 2889 2270 idem
2915 2233 3003 2269 rea:
3025 2218 3161 2271 dedit
3188 2220 3347 2291 eidem
3377 2217 3619 2276 Ecclesia
3636 2222 3926 2291 quindecim

2842 2298 3061 2341 cassatos
3091 2292 3246 2359 juxta
3285 2289 3560 2347 Tetteburi.

2963 2400 3139 2462 [lbid.,
3165 2403 3248 2452 fol.
3274 2405 3332 2454 tt
3354 2406 3432 2467 ιλ]

2477 2503 2530 2558 In
2560 2506 2794 2569 nomine,
2820 2516 2924 2561 etc.
2952 2523 3107 2576 usque
3134 2508 3201 2561 ad
3227 2508 3280 2561 in
3311 2505 3716 2577 Mehlunesburg
3744 2506 3850 2563 Deo
3867 2522 3991 2562 ser-

2404 2596 2681 2662 vientium,
2712 2597 3015 2665 quindecim
3037 2606 3275 2649 cassatos
3304 2611 3467 2665 prope
3498 2596 3686 2650 Tettan
3719 2609 3989 2653 monaStev

2403 2684 2561 2748 rium,
2585 2686 2871 2740 Aldhelmo
2898 2685 3075 2739 abbati
3103 2687 3328 2741 libenter
3358 2688 3573 2754 largitus
3602 2702 3740 2741 sum.
3773 2686 3831 2742 Si
3861 2690 3987 2757 quis

2401 2791 2529 2830 vero
2560 2779 2696 2831 hanc
2721 2776 3061 2831 donationem
3086 2792 3279 2846 augere
3304 2787 3358 2830 et
3383 2775 3711 2846 ampliﬁcare
3737 2778 3983 2842 voluerit,

2399 2877 2587 2935 augeat
2620 2866 2758 2921 Deus
2788 2875 2993 2933 partem
3032 2865 3148 2934 ejus
3178 2866 3233 2919 in
3274 2865 3410 2921 libro
3448 2867 3587 2920 vitae.
3613 2867 3762 2932 Quod
3793 2866 3838 2921 si
3866 2868 3987 2935 quis

2400 2963 2672 3031 tyrannica
2701 2970 2960 3031 potestate
2989 2960 3152 3014 fretus
3188 2960 3405 3014 demere
3427 2961 3508 3014 vel
3538 2959 3750 3015 auferre
3782 2971 3987 3030 satage-

2398 3052 2483 3115 rit,
2517 3052 2649 3105 sciat
2675 3064 2734 3105 se
2763 3066 2942 3105 coram
2964 3050 3195 3113 Christo,
3226 3064 3523 3119 novemque
3560 3055 3867 3120 angelorum
3898 3067 3987 3106 or-

2397 3140 2628 3207 dinibus,
2661 3141 2710 3194 in
2742 3140 3020 3194 tremendo
3059 3140 3301 3194 examine
3348 3140 3603 3195 rationem
3632 3140 3985 3197 redditurum.

2330 3224 2373 3285 C
2405 3229 2611 3299 Scripta
2639 3239 2723 3284 est
2750 3239 2928 3284 autem
2959 3229 3075 3283 hmc
3101 3228 3441 3300 chirographi
3477 3228 3722 3286 chartula
3752 3246 3896 3287 anno
3922 3234 3986 3287 ab

2400 3321 2606 3376 lucarn.
2641 3321 2792 3374 Dom.
2819 3318 2946 3382 680,
2974 3319 3160 3375 indict.
3185 3320 3236 3375 9.

2468 3412 2507 3484 ηι-
2536 3408 2645 3480 Ego
2676 3409 2990 3466 Theodorus
3009 3410 3178 3481 gratia
3209 3410 3302 3466 Dei
3332 3411 3767 3485 archiepiscopus
3792 3412 3986 3470 conﬁr-

2401 3519 2561 3557 mavr.

2468 3594 2507 3667 ει-
2536 3595 2644 3663 Ego
2669 3593 2974 3649 Saxwulfus
3000 3594 3283 3665 episcOpus
3304 3596 3571 3652 similiter.

2467 3685 2507 3757 -ι-
2530 3683 2639 3754 Ego
2679 3686 2831 3742 Bosel
2859 3687 3141 3757 episcopus
3168 3688 3482 3758 subscripsi.

2468 3776 2507 3847 ιι·
2545 3776 2764 3845 Signum
2793 3791 2980 3830 manus
3010 3775 3276 3830 Ethelredi
3305 3778 3447 3845 regis
3475 3774 3824 3832 Merciorum.

2466 3868 2506 3938 -ι-
2535 3868 2755 3938 Signum
2785 3866 3017 3922 Ceufridi
3048 3866 3275 3922 comitis.

2401 4020 2475 4076 De
2506 4020 2737 4089 Kemela,
2761 4036 2913 4090 quam
2936 4016 3224 4074 Ccadzealla
3253 4031 3343 4069 rea:
3363 4016 3501 4069 dedit
3525 4015 3692 4070 eidem
3718 4013 3978 4082 Ecclesia

2983 4128 3153 4190 [lbid.,
3184 4126 3262 4176 foI.
3297 4126 3399 4188 ιδ.)

2468 4232 2656 4288 Omnia
2681 4246 2799 4304 quas
2825 4231 3073 4287 videntur
3111 4228 3422 4297 temporalia
3466 4235 3607 4291 sunt,
3634 4235 3689 4280 et
3729 4241 3851 4295 qua:
3881 4240 3979 4280 non

2401 4325 2643 4382 videntur
2670 4334 2866 4379 aeterna
2894 4331 3037 4378 sunt.
3071 4320 3269 4376 Idcirco
3284 4318 3576 4374 visibilihus
3607 4317 3981 4382 iuvisibilia,et

2398 4424 2606 4479 caducis
2641 4420 2873 4476 cmlestia
2918 4417 3245 4488 praeferenda
3274 4425 3433 4481 sunt;
3485 4414 3830 4484 quamobrem
3881 4430 3979 4485 ego

2401 4514 2731 4579 Ceadwalla,
2780 4520 3029 4581 regnante
3059 4507 3283 4563 Domino
3322 4522 3451 4569 rex,
3509 4504 3722 4574 aliquod
3773 4505 3979 4560 emoln.

2401 4617 2635 4664 mentum
2675 4605 2923 4658 Ecclesia:
2954 4599 3257 4669 impendere
3286 4595 3518 4660 decrevi,
3545 4593 3598 4648 id
3646 4603 3750 4658 est,
3786 4605 3976 4649 terram

2401 4716 2463 4756 ex
2486 4709 2710 4769 utraque
2728 4705 2873 4763 parte
2898 4694 3046 4749 silva:
3068 4707 3183 4761 quae
3207 4689 3501 4761 appellatur
3524 4687 3766 4751 Kemele,
3794 4702 3977 4741 cum

2401 4800 2654 4846 cassatos.
2691 4788 2756 4843 Et
2776 4788 2848 4841 ita
2879 4786 2980 4840 ﬁxa
3008 4794 3061 4839 et
3090 4781 3377 4837 immobilis
3405 4780 3517 4833 haec
3546 4776 3763 4831 donatio
3792 4790 3975 4846 perse-

2402 4892 2633 4946 veretur,
2666 4890 2722 4934 ut
2746 4878 2921 4934 nullus
2949 4875 3050 4930 hoc
3077 4873 3349 4929 decretum
3378 4868 3619 4937 frangere
3648 4876 3740 4922 aut
3771 4867 3974 4923 irritum

2403 4973 2912 5042 facere-prmsumat.
2953 4967 3009 5022 Si
3058 4964 3173 5035 quis
3213 4976 3358 5026 vero,
3399 4959 3628 5029 superba
3659 4957 3975 5029 inﬁatustyo

2403 5063 2646 5126 rannide,
2698 5061 2835 5115 hanc
2867 5056 3205 5113 donationem
3250 5051 3450 5108 violare
3487 5060 3577 5105 aut
3624 5051 3972 5118 prtevaricarc

2405 5154 2713 5219 tentaverit;
2745 5151 2950 5207 noverit
2978 5164 3057 5215 se,
3102 5149 3152 5201 in
3181 5143 3455 5201 tremendo
3494 5151 3811 5197 cunctorum
3856 5155 3969 5195 exa-

2404 5248 2545 5302 mine
2564 5287 2579 5312 ,
2610 5258 2787 5299 coram
2811 5239 2990 5310 judice
3011 5241 3250 5293 vivorum
3274 5244 3328 5291 et
3362 5243 3694 5288 mortuorum
3724 5233 3970 5285 rationem

2404 5339 2754 5394 redditurum.
2788 5330 2994 5403 Scripta
3025 5337 3107 5385 est
3136 5343 3269 5385 vero
3298 5326 3411 5380 haec
3437 5322 3680 5379 chartula
3708 5320 3896 5378 indict.
3929 5321 3969 5375 l.

2405 5442 2590 5487 mense
2614 5431 2772 5496 Aug.,
2799 5437 2940 5478 anno
2959 5420 3026 5475 ab
3048 5419 3155 5474 Inc.
3186 5418 3338 5473 Dom.
3368 5413 3493 5469 G82.

2477 5523 2517 5592 ’ξ’
2543 5522 2761 5589 Signum
2795 5529 2981 5571 manus
3018 5508 3330 5568 Cadwallari
3354 5508 3513 5578 regis.

2476 5615 2515 5685 ἦν
2546 5614 2651 5679 Εμο
2690 5608 2856 5666 lleddi
2886 5606 3167 5675 episcopus
3190 5601 3451 5657 consensi.

2478 5707 2513 5777 »ξε
2536 5707 2750 5773 Signum
2775 5713 2959 5754 manus
2988 5696 3117 5752 (εἰεί.

2484 5798 2519 5866 -ῗ
2545 5795 2653 5866 Ego
2683 5790 3005 5863 “'ynbertus
3035 5782 3339 5852 subscripsi.
