4172 6592
226 518 329 574 ’313

957 629 1064 683 ἮΙ.

223 722 403 775 Charta
435 722 740 775 Bertliirntti
796 720 1201 797 itemSumer/‘ord
1233 742 1342 789 qua!
1388 730 1482 778 δέκα
1529 738 1601 780 est
1643 734 1797 797 juxta

285 795 495 859 ﬂttt'ittnt
520 795 605 854 qui
637 794 822 843 diritiu'
851 791 1105 854 Tuntestu,
1127 813 1275 861 quam
1309 799 1464 863 regnii
1498 791 1797 864 lilttltij‘tt‘v'ti-

284 865 356 913 tiu
385 866 595 915 (ontulit
624 863 887 914 .ll:.‘lirlmo
912 865 1082 915 abbati
1116 867 1181 915 illi
1204 868 1462 921 [dilue/isis
1487 868 1728 922 Erctrsiw
1753 880 1797 923 σε

287 936 657 986 successoribus
682 935 787 983 suis
814 934 1109 987 Ita'rettttatc
1131 950 1394 1004 perpctua.

252 1024 304 1085 [Ε
330 1026 620 1074 chartulario
643 1021 849 1074 cu'nolii
875 1030 1091 1077 )lalnies.
1116 1030 1162 1077 iu
1187 1028 1307 1077 Bibl.
1340 1030 1472 1077 llodl.
1498 1031 1573 1077 fol.
1598 1032 1668 1083 10,
1696 1032 1767 1091 in]

288 1107 363 1159 Ea
393 1122 508 1175 qiue
538 1111 827 1164 secundum
862 1113 1103 1164 timorem
1134 1122 1186 1165 et
1213 1127 1447 1165 amoretn
1479 1113 1683 1165 Domini
1713 1131 1799 1164 re-

218 1199 395 1267 ligiosa
451 1202 743 1269 largitionis
805 1206 1086 1259 deretionc
1139 1206 1501 1268 deﬁniuntur,
1557 1209 1797 1275 quoiatis

216 1292 358 1344 solus
381 1306 557 1345 sermo
582 1298 849 1349 sul'ticeret
882 1299 1234 1364 promulgare,
1263 1307 1435 1351 tamen
1473 1315 1570 1369 pro
1600 1301 1731 1354 iure:
1751 1312 1797 1353 ta

216 1382 508 1438 futurorum
557 1396 853 1453 temporum
886 1389 1195 1443 conditione
1229 1392 1437 1458 scriptis
1492 1393 1715 1459 publicis
1748 1404 1798 1446 et

217 1474 651 1531 documentorum
682 1482 845 1549 gestis
886 1491 1007 1534 sunt
1049 1482 1434 1537 conﬁrmanda.
1469 1486 1799 1553 Quapropter

215 1580 307 1631 ego
336 1567 725 1633 Berthwaldns,
762 1582 1016 1639 regnante
1046 1573 1272 1627 Domino
1296 1590 1409 1640 rex,
1444 1592 1537 1642 pro
1560 1578 1797 1631 remedio

215 1660 403 1713 anitna:
475 1676 607 1715 mere
655 1672 709 1716 et
782 1664 1107 1734 indulgentia
1157 1668 1563 1721 commissorum
1613 1670 1793 1722 crimi-

214 1760 356 1814 num,
390 1751 618 1817 aliquam
671 1764 865 1810 terram
909 1758 1153 1812 conferre
1201 1760 1484 1828 largirique
1516 1762 1797 1817 Aldhelmo

214 1840 384 1894 abbati
414 1842 651 1907 decrevi,
687 1846 737 1898 id
766 1857 877 1908 est,
908 1848 1049 1900 illam
1080 1849 1147 1901 de
1174 1850 1419 1902 orientali
1451 1860 1596 1918 parte
1626 1852 1795 1905 ﬁumi-

215 1934 294 1987 nis
316 1935 455 2002 quod
480 1938 774 2005 appellatur
794 1940 1013 2017 Temys,
1044 1940 1191 2005 juxta
1235 1942 1424 1996 vadum
1456 1944 1606 2014 Cujus
1635 1961 1792 1998 voca-

1469 524 1852 580 Dll‘l.0.\i.\TA
1893 525 2235 592 QU/EDAM.

1835 643 1881 698 Α
1916 654 2112 703 rerum,
2142 648 2195 693 et
2224 641 2423 709 absque
2464 646 2661 700 tributo
2689 649 2945 704 ﬁscalium
2980 654 3331 721 negotiorum,
3363 659 3501 715 libe—

3399 546 3499 601 514

1909 731 1978 783 ris
2008 732 2270 785 mentibus
2298 732 2405 786 Deo
2435 736 2530 788 solt
2560 740 2813 801 serviant,
2846 753 2899 795 et
2930 746 3278 799 monasticam
3310 761 3492 802 emno-

1905 821 1972 872 bii
1998 822 2351 890 disciplinam,
2379 827 2595 880 Christo
2619 834 2925 901 sull'ragium
2964 837 3237 905 largLeutc,
3280 842 3487 909 regula-

1904 915 2031 966 riter
2061 928 2370 979 exerceant,
2406 934 2465 972 ac
2515 936 2609 987 pro
2647 933 2785 977 statu
2827 936 2881 979 et
2935 932 3288 995 prosperitate
3334 934 3482 999 regni

1903 1006 2087 1062 ιιυμιίί,
2140 1017 2192 1059 et
2225 1010 2540 1077 indulgentia
2590 1018 2990 1073 commissorum
3022 1022 3331 1086 criminum,
3368 1034 3489 1075 ante

1901 1116 2241 1169 οετιεςιιεριωιιι
2298 1108 2489 1161 divina:
2530 1112 2840 1177 maiestatis,
2898 1130 3079 1181 preces
3132 1117 3352 1170 fundere
3407 1118 3487 1169 di-

1902 1207 2149 1261 gnentur.
2182 1208 2233 1250 et
2262 1200 2559 1252 orationum
2592 1204 2762 1256 olnt-ia
2797 1205 3210 1273 ﬁ'equcntantcs,
3236 1210 3284 1261 in
3310 1209 3485 1264 eccle-

1902 1284 1995 1333 siis
2016 1289 2107 1348 pro
2134 1298 2309 1341 nostra
2337 1290 2617 1353 fragilitate
2650 1293 2988 1361 interpellare
3020 1297 3271 1352 nitantur.
3297 1302 3349 1355 Si
3369 1301 3487 1369 quis

1900 1391 2028 1429 vero
2058 1388 2239 1432 contra
2287 1382 2439 1443 huius
2477 1384 2673 1438 decreti
2711 1392 3061 1456 syngrapham
3105 1390 3285 1445 venire
3314 1400 3488 1444 tenta-

1905 1471 2057 1533 verit,
2089 1471 2221 1524 sciat
2266 1487 2323 1525 se
2350 1490 2525 1528 coram
2574 1478 2789 1533 Christo
2820 1496 3113 1548 novemque
3160 1483 3484 1552 Angelorum

1900 1562 2195 1625 ordinibus,
2228 1564 2279 1616 in
2332 1568 2606 1620 tremendo
2655 1571 2905 1625 examine
2957 1572 3217 1624 rationem
3245 1572 3489 1626 redditu-

1899 1670 2037 1708 rum.
2070 1654 2178 1709 lloc
2224 1670 2349 1709 vero
2390 1657 2684 1723 decretum,
2720 1675 2749 1711 a
2796 1662 2948 1713 nobis
2987 1662 3215 1715 libenter
3264 1674 3486 1721 conces-

1899 1758 2037 1808 Sum,
2069 1747 2240 1799 taliter
2261 1748 2565 1801 conﬁrmari
2590 1758 2642 1802 et
2665 1750 2867 1803 servari
2898 1750 3261 1811 decernimus,
3292 1759 3346 1803 ut
3377 1758 3484 1803 tam

1902 1837 2075 1900 nobis,
2120 1838 2221 1890 \ita
2250 1842 2463 1903 comite,
2491 1842 2716 1908 prepitia
2751 1843 3059 1906 Divinitate.
3101 1842 3251 1909 regni
3280 1843 3480 1911 guber-

1903 1926 2090 1978 nacula
2126 1928 2453 1995 regentibus,
2488 1930 2836 1983 inextricabili
2870 1932 2985 1999 lege
3018 1932 3241 1985 ﬁrmiter
3274 1930 3492 1984 robore-

212 2022 391 2077 bulum
433 2037 514 2079 est
550 2030 969 2092 Summerlorde,
1021 2046 1158 2084 xxxx
1206 2042 1464 2100 cassatos,
1491 2049 1551 2087 ea
1590 2035 1793 2089 scLIicet

1903 2027 2004 2069 tur.
2035 2016 2162 2071 Nam
2198 2034 2292 2085 pro
2317 2019 2557 2086 ampliori
2602 2021 2871 2075 ﬁrmitatis
2908 2030 3247 2086 testamento,
3291 2022 3492 2090 princi-

210 2110 539 2180 detinitione,
568 2130 625 2169 ut
652 2121 796 2171 omni
821 2120 1077 2172 servitute
1104 2121 1437 2174 saacularinm
1471 2132 1789 2190 potestatum

210 2204 382 2268 portio
434 2217 588 2260 terra:
637 2210 780 2263 illius
824 2212 1202 2278 perpetualiter
1227 2214 1293 2267 sit
1339 2216 1528 2279 libera,
1580 2216 1646 2269 ad
1684 2232 1791 2270 ser-

208 2294 452 2351 viendum
505 2300 914 2354 necessitatibus
965 2304 1346 2361 monachorum
1400 2306 1507 2360 Deo
1552 2308 1794 2361 servien-

210 2384 336 2439 tium
385 2389 436 2439 in
485 2394 814 2445 monasterio
843 2393 1252 2471 quodvocatur
1291 2396 1697 2468 Malmesburge.
1731 2400 1794 2454 Et

207 2488 262 2532 ut
304 2481 508 2534 ﬁrmius
554 2497 617 2536 ac
659 2486 896 2538 tenacius
930 2488 1042 2541 haec
1082 2488 1299 2542 donatio
1331 2505 1448 2544 mea
1479 2492 1793 2557 roboretur,

209 2573 761 2638 pra‘cellentissimnm
800 2578 1146 2631 monarchum
1178 2579 1516 2634 Ethelreduin
1548 2583 1611 2634 ad
1648 2584 1792 2635 testi-

205 2663 439 2716 monium
468 2664 755 2720 ascivimus
780 2682 978 2737 regem,
1026 2672 1176 2737 cujus
1213 2687 1478 2727 consensu
1517 2683 1569 2728 et
1596 2675 1793 2729 conﬁr-

206 2752 582 2808 mationehmc
630 2756 991 2812 muniﬁcentia
1042 2768 1155 2814 acta
1200 2770 1300 2816 est.
1359 2762 1416 2818 Si
1460 2766 1577 2833 quis
1607 2775 1794 2821 contra

208 2841 341 2897 hanc
389 2845 734 2900 donationem
785 2851 967 2904 venire
1018 2855 1330 2920 tentaverit,
1375 2864 1468 2909 aut
1518 2860 1793 2927 tyrannica

205 2936 370 2990 lretus
404 2947 668 3003 potestate
699 2938 971 3001 invaserit,
1006 2942 1139 2995 sciat
1166 2957 1227 2997 se
1263 2947 1312 2997 in
1356 2948 1634 3001 tremendo
1666 2964 1796 3002 cuu-

202 3040 411 3083 ctorum
438 3029 689 3086 examine
715 3046 892 3087 coram
917 3031 1130 3089 Christo
1153 3037 1411 3091 rationem
1434 3039 1790 3095 redditurum.

206 3123 392 3173 Actum
426 3122 637 3190 publice
688 3125 739 3175 in
787 3124 993 3193 synodo
1039 3126 1189 3192 juxta
1238 3128 1427 3181 vadum
1478 3129 1792 3198 Bregl'orde,

202 3224 388 3265 mense
416 3211 585 3278 Julio,
620 3213 688 3267 50
718 3212 805 3267 die
832 3215 1030 3269 mensis
1070 3216 1308 3284 ejusdem
1336 3235 1350 3285 ;
1383 3219 1675 3276 indictione
1708 3222 1793 3288 15,

203 3317 342 3357 anno
369 3304 439 3358 ab
471 3304 839 3361 lncarnatione
873 3308 1075 3362 Domini
1107 3309 1234 3363 686.

265 3397 304 3465 1-
335 3396 657 3450 Theodorus
678 3398 1129 3468 archiepiscopus.

266 3486 305 3556 1-
336 3486 661 3541 Ethelredus
690 3503 781 3542 rex
814 3489 1153 3546 Merciorum.

264 3576 305 3647 1-
330 3578 707 3633 llerthwaldus
732 3578 1066 3650 subregulus.

262 3668 302 3736 1-
330 3667 645 3723 Kenirithus
675 3670 947 3738 patricius.

262 3758 304 3830 1-
330 3760 649 3814 Sexwulfus
670 3760 947 3828 Lichﬁeld,
979 3765 1278 3836 episcopus.

264 3850 303 3919 1-
331 3849 497 3907 Bosel
528 3851 816 3922 Wigornite
842 3857 1143 3926 episcopus.

942 3968 1069 4023 Vlll.

195 4051 386 4106 Charta
416 4059 508 4126 ide
552 4056 801 4126 libertate,
849 4075 999 4126 quam
1026 4058 1126 4112 Ina
1169 4078 1258 4114 rex
1284 4064 1496 4115 contulit
1526 4065 1792 4118 Aldhelmo

224 4125 466 4191 prwsuli,
496 4135 541 4177 et
567 4125 804 4181 Etclaeiis
820 4125 911 4181 sub
932 4132 1161 4200 ejusdem
1187 4134 1427 4201 regimine
1450 4137 1754 4189 constitutis.

260 4214 317 4269 In
348 4217 578 4271 nomine
620 4217 825 4272 Domini
868 4221 961 4274 Dei
991 4223 1153 4275 nostri
1185 4222 1498 4278 Salvatoris.
1535 4224 1645 4294 Ego
1677 4227 1793 4290 lna,

194 4319 460 4378 regnante
491 4308 721 4363 Domino
747 4326 860 4374 rex,
901 4328 1022 4367 cum
1062 4314 1287 4368 consilio
1317 4324 1368 4368 et
1398 4315 1616 4369 decreto
1658 4333 1794 4383 pra:-

191 4400 327 4453 sulis
370 4404 548 4455 nostri
579 4400 874 4469 Aldhelmi,
928 4405 1188 4474 simulque
1219 4415 1527 4461 cunctorum
1582 4408 1671 4462 Dei
1705 4423 1793 4462 sa-

190 4492 482 4547 cerdotum
534 4494 913 4564 suggestione,
963 4508 1015 4552 et
1064 4500 1446 4553 monachorum
1499 4503 1792 4569 petitione,

188 4583 279 4649 qui
304 4586 358 4638 in
388 4587 646 4654 parochia
678 4585 944 4640 Saxonum
977 4601 1378 4657 conversantur,
1412 4593 1549 4647 hanc
1580 4574 1793 4647 liberta-

191 4686 297 4731 tem
336 4678 601 4734 Ecclesiis
632 4679 905 4748 impendo,
937 4692 991 4736 et
1025 4682 1163 4738 hanc
1199 4686 1454 4754 privilegii
1478 4686 1789 4754 dignitatem

190 4770 545 4826 monasteriis
561 4771 804 4841 contero,
824 4780 881 4828 ut
905 4774 1020 4830 sine
1048 4775 1429 4847 impedimento
1457 4778 1789 4834 saecularium

1899 2124 1991 2175 pes
2046 2119 2099 2162 et
2146 2121 2442 2176 senatores,
2492 2112 2698 2179 jndices
2747 2124 2801 2167 et
2849 2115 3098 2181 patricios
3148 2113 3488 2166 subscribere

1897 2198 2144 2265 fecimus,
2182 2215 2400 2268 quorum
2434 2204 2649 2255 nomina
2678 2205 2813 2255 infra
2845 2212 3092 2257 tenentur
3117 2203 3372 2271 ascripta.

1968 2314 2155 2366 Actum
2187 2314 2396 2382 publice
2424 2326 2475 2368 et
2502 2316 2871 2370 confirmatum
2906 2315 2957 2369 in
2989 2318 3105 2370 loco
3128 2318 3216 2385 qui
3247 2316 3482 2385 appella-

1898 2415 1982 2459 tur
2016 2406 2375 2475 Eburlt-augh,
2426 2408 2649 2478 Septima
2680 2408 3036 2463 Kalcndarinn
3076 2409 3351 2462 .luniarum
3376 2406 3483 2470 die.

1898 2494 2184 2550 indictione
2236 2497 2466 2552 secunda
2561 2513 2700 2553 anno
2746 2498 2812 2553 ab
2868 2500 3240 2553 lncarnatione
3282 2497 3483 2552 Christi

1899 2585 2025 2648 704,
2057 2583 2306 2639 feliciter.

1963 2694 2004 2764 1-
2033 2694 2250 2763 Signum
2276 2710 2465 2751 manus
2494 2695 2587 2751 lnii
2615 2698 2772 2766 regis,
2803 2698 2894 2767 qui
2926 2697 3040 2752 haec
3068 2696 3244 2751 omnia
3272 2696 3479 2766 prOpria

1898 2804 2056 2843 manu
2091 2789 2445 2843 conﬁrmavit.

1966 2904 2004 2971 -ζ-
2041 2904 2146 2971 Ego
2169 2903 2509 2969 Aldhelmus,
2543 2918 2731 2957 servus
2771 2918 3046 2958 servorum
3079 2902 3192 2969 Dei,
3230 2903 3328 2958 hoc
3359 2916 3481 2971 prm

1900 2995 2009 3064 pria
2042 2995 2312 3048 decretum
2341 3009 2498 3048 manu
2528 2995 2795 3049 roboravi.

1968 3107 2007 3177 1-
2036 3105 2146 3176 Ego
2178 3106 2393 3174 [lagona
2422 3106 2586 3160 abbas
2612 3106 2955 3161 consentiens
2982 3108 3293 3175 subscripsi.

1967 3196 2006 3268 1-
2035 3198 2144 3265 Ego
2184 3197 2396 3264 lleagha
2425 3197 2587 3252 abbas
2607 3200 2952 3253 consentiens
2982 3200 3295 3267 subscripsi.

1967 3286 2007 3357 1-
2042 3288 2150 3353 Ego
2181 3287 2381 3340 Wedre
2411 3288 2574 3341 abbas
2603 3290 2942 3343 consentiens
2968 3290 3278 3358 subscripsi.

1820 3361 1865 3423 C
1964 3377 2003 3449 1-
2033 3375 2139 3448 Ego
2165 3376 2366 3447 Wilgar
2386 3379 2548 3434 abbas
2575 3380 2914 3435 consentiens
2939 3381 3257 3448 subscripsi.

1966 3470 2004 3541 1-
2033 3470 2141 3538 Ego
2173 3469 2345 3525 Froda
2375 3473 2539 3525 abbas
2568 3475 2908 3529 consentiens
2937 3473 3253 3542 subscripsi.

1965 3565 2002 3632 1-
2031 3562 2248 3631 Signum
2282 3578 2469 3617 manus
2500 3564 2734 3619 Beoban.

1963 3656 2003 3726 1-
2030 3656 2247 3724 Signum
2280 3670 2467 3709 manus
2499 3656 2823 3710 Ceonberth.

1963 3749 2002 3819 1-
2032 3748 2249 3815 Signum
2278 3762 2465 3801 manus
2495 3748 2794 3801 Etliell'ridi.

1962 3839 2000 3909 1-
2031 3839 2246 3906 Signum
2277 3852 2462 3890 manus
2504 3837 2737 3890 Deduce.

1962 3927 1999 3997 1'
2027 3927 2246 3995 Signum
2274 3940 2459 3978 manus
2492 3926 2803 3979 llealdburn,

1965 4020 2005 4089 1-
2034 4019 2297 4071 Edbertus
2326 4017 2491 4070 abbas
2521 4017 2869 4070 consentiens
2890 4012 3196 4081 subscripsi.

1966 4111 2005 4181 1~
2033 4111 2140 4178 Ego
2173 4108 2379 4162 Wintra
2412 4110 2577 4162 abbas
2607 4108 2951 4163 consentiens
2970 4106 3280 4174 subscripsi.

1967 4202 2005 4272 1-
2036 4201 2144 4269 Ego
2177 4200 2450 4253 Beorwald
2478 4202 2659 4252 abbas.

1966 4295 2005 4365 1-
2033 4295 2139 4361 Ego
2164 4293 2404 4347 Beawull
2427 4294 2588 4347 abbas
2618 4294 2957 4347 consentiens
2979 4290 3291 4359 subscripsi.

1964 4387 2002 4457 1-
2026 4386 2134 4455 Ego
2163 4386 2326 4441 Witta
2356 4386 2520 4439 abbas
2550 4388 2890 4441 consentiens
2916 4383 3228 4453 subscripsi.

1966 4482 2004 4550 1'
2030 4482 2246 4546 Signum
2277 4495 2463 4533 manus
2496 4479 2804 4533 Cambcrth.

1970 4578 2008 4648 1-
2030 4577 2250 4645 Siguum
2274 4590 2460 4628 manus
2494 4572 2656 4627 Coen.

1968 4668 2007 4739 1-
2035 4668 2257 4737 Signum
2291 4680 2478 4719 manus
2510 4663 2795 4718 Easwaldi.

1828 4724 1871 4783 ι)
2034 4724 2253 4827 Signum
2284 4769 2474 4812 manus
2504 4754 2753 4811 Ticceau.
