4172 6536
756 392 854 444 5'23
2018 399 2526 455 (IONSTANTINUS
2567 401 2743 456 PAPA
3926 417 4018 471 32!

756 510 994 572 rigantes
1032 519 1037 536 '
1075 517 1328 561 venerunt
1356 522 1381 557 a
1421 507 1646 572 septimo
1674 510 1918 562 milliario
1948 510 2332 564 Constantino-
2361 518 2407 573 Λ
2440 513 2572 564 laeta
2604 524 2684 565 est
2720 515 2906 568 lmtitia
2939 531 3126 584 inagna
3161 519 3207 571 in
3241 521 3452 586 populo,
3483 523 3728 574 omnibus
3760 527 4018 591 aspicien-

755 602 914 668 polim
940 622 952 661 -,
982 601 1066 653 ubi
1099 615 1344 668 egressus
1381 599 1630 653 Tiberius
1675 603 1963 668 imperator
2000 601 2139 656 filius
2163 603 2326 657 Justi-

755 691 896 741 niani
925 689 1144 756 Augusti
1176 704 1293 740 cuiu
1334 689 1592 753 patriciis,
1631 700 1684 743 et.
1715 695 1726 720 ¹
1760 693 2009 744 omnibus
2035 691 2060 729 δ
2097 694 2325 762 inclytis,

750 790 803 831 et
838 789 856 814 ε
882 779 1049 847 Cyrus
1095 779 1389 844 patriarcha
1430 796 1550 833 cuin
1581 783 1748 843 clero,
1799 792 1852 834 et
1887 784 2064 849 populi
2097 786 2328 836 multitu-

757 871 902 930 dine,
958 883 1144 921 omnes
1203 869 1467 931 lartantcs.
1525 881 1574 923 et
1632 871 1770 925 diem
1830 872 2024 926 festum
2084 886 2326 941 agentes,

761 960 786 994 ἀ
814 960 1043 1027 pontifex
1085 972 1286 1024 autem,
1337 971 1388 1014 et
1438 962 1554 1027 ejus
1595 963 1850 1030 primates
1894 980 2010 1017 cum
2046 967 2328 1022 sellaribus

751 1051 1154 1117 imperialibus,
1213 1051 1358 1103 sellis
1412 1060 1465 1103 et
1526 1052 1692 1105 frenis
1751 1054 2002 1106 inauratis
2060 1056 2215 1108 simul
2275 1065 2329 1109 ct

752 1141 1016 1209 mappulis
1048 1140 1272 1210 ingressi
1305 1150 1425 1194 sunt
1457 1141 1747 1194 civitatein.
1778 1153 1799 1178 ο
1833 1143 2171 1209 Apostolicus
2198 1161 2326 1212 poti-

752 1235 876 1286 tilex
909 1249 1026 1286 cum
1050 1235 1069 1263 ¹
1094 1233 1468 1301 Caumclaugo,
1505 1241 1559 1285 ut
1587 1233 1778 1286 solitus
1821 1242 1903 1287 est
1951 1235 2131 1289 ltotnze
2159 1236 2179 1268 ³
2207 1252 2326 1304 pro-

746 1323 956 1386 cedere,
989 1339 1017 1376 a
1063 1325 1260 1391 palatio
1307 1338 1578 1392 egressus,
1628 1323 1680 1376 in
1729 1325 1986 1378 l’lacidias
2023 1344 2188 1394 usque
2238 1330 2325 1382 ubi

746 1416 769 1447 ⁸
797 1419 1022 1487 placitus
1051 1427 1183 1485 erat,
1218 1420 1547 1487 preperavit.

821 1511 1052 1563 llmnntts
1082 1519 1261 1564 autem
1289 1511 1621 1565 .lustinianus
1649 1514 1935 1579 imperator
1964 1512 2185 1567 audiens
2215 1514 2329 1582 ejus

747 1602 1054 1666 adventum,
1088 1616 1279 1668 magno
1309 1604 1542 1668 repletus
1569 1602 1784 1670 gaudio,
1813 1618 1841 1655 a
1869 1603 2042 1656 Niczea
2072 1605 2329 1671 Bytbinia:

749 1692 890 1742 misit
915 1693 933 1720 ⁵
957 1706 1162 1743 sacram
1194 1691 1484 1760 gratiarum
1516 1694 1728 1746 actione
1759 1694 1988 1760 plenam.
2027 1695 2091 1747 Et
2120 1694 2331 1748 debuis-

744 1789 828 1832 set
860 1781 1088 1844 pontifex
1121 1795 1408 1834 occurrere.
1446 1780 1835 1840 Nicomediam.
1869 1792 1921 1836 et
1949 1785 2062 1850 ipse
2096 1785 2114 1812 ⁶
2148 1785 2330 1838 venire

2439 603 2580 656 tibus
2626 614 2825 658 tantam
2873 605 3226 661 humilitatem
3273 609 3393 662 boni
3441 611 3708 679 principis.
3759 613 3856 668 Die
3899 630 4019 670 vero

2438 695 2713 749 boniinico
2757 701 2948 751 missas
2994 700 3298 766 imperatori
3343 703 3487 766 fecit,
3532 713 3586 758 et
3623 709 4017 762 communicans

2434 785 2681 853 princeps
2727 787 2793 838 ab
2840 788 2958 855 ejus
3002 791 3265 853 manibus,
3310 807 3522 860 quoque
3561 796 3670 847 suis
3715 797 3923 850 delictis
3962 808 4015 852 ut

2433 875 2815 940 tit-prtcaretur
2849 884 3160 948 pontificem
3195 887 3485 952 postulans,
3533 889 3706 941 omnia
3741 890 4010 960 privilegia

2435 967 2684 1022 licelesie
2730 974 3029 1039 renovavit,
3073 983 3232 1042 atque
3273 979 3669 1033 sanctissimum
3718 998 3906 1051 papam
3949 986 4010 1038 ad

2433 1058 2646 1124 propria
2676 1062 2869 1113 reverti
2898 1063 3146 1115 absolvit.
3178 1066 3433 1129 Egressus
3463 1067 3623 1135 igitur
3648 1085 3675 1122 a
3705 1070 4007 1128 Nicomedia

2431 1149 2667 1211 civitate,
2703 1151 2907 1203 crebris
2942 1156 3337 1209 valetudinibus
3371 1159 3604 1225 pontifex
3635 1162 3868 1225 atttitus,
3899 1174 4010 1218 tan-

2431 1239 2550 1293 dem
2580 1243 2891 1309 sospitatem
2925 1243 3033 1297 Deo
3083 1246 3375 1312 tribuente,
3405 1249 3683 1304 incolumis
3709 1255 3772 1305 ad
3802 1264 4009 1320 portum

2431 1331 2625 1398 Cajettc
2658 1336 2920 1400 pervenit,
2958 1338 3041 1388 ttbi
3074 1339 3403 1404 sacerdotes,
3439 1351 3491 1394 et
3521 1344 3804 1396 inaniinani
3835 1349 4007 1412 populi

2435 1424 2658 1476 llontani
2704 1428 2902 1493 reperit
2953 1429 3380 1494 multitudinem,
3427 1447 3486 1484 ae
3531 1435 3784 1500 vigesimo
3824 1452 4008 1505 quarto

2431 1516 2515 1569 dic
2541 1517 2738 1569 mensis
2766 1518 3032 1584 Octobris,
3064 1521 3351 1574 illlllt‘llOllc
3385 1522 3465 1586 l0,
3495 1523 3715 1578 Romam
3741 1527 4010 1594 ingressus

2433 1618 2553 1676 est,
2609 1617 2662 1662 et
2706 1610 2880 1663 omnis
2940 1613 3164 1678 populus
3211 1613 3533 1677 exsultavit,
3593 1626 3750 1683 atque
3805 1619 4011 1672 lit-tatus

2433 1709 2535 1752 εει.

2505 1789 2600 1841 llic
2647 1788 2770 1841 fecit
2815 1789 3177 1844 ordinationes
3222 1792 3592 1860 episcoporum
3644 1793 3694 1847 in
3739 1796 3914 1849 eundo
3960 1808 4010 1850 et

746 1887 775 1923 (ι
818 1872 1016 1938 Nicma,
1047 1871 1184 1939 quod
1216 1882 1266 1924 et
1295 1873 1483 1924 factum
1512 1880 1614 1924 est.
1668 1871 1720 1923 In
1758 1872 1844 1924 die
1894 1883 2072 1926 autem
2125 1889 2227 1942 qua
2271 1889 2328 1928 se
2364 1867 2402 1924 Β
2436 1876 2707 1930 redeundo
2737 1893 2830 1945 per
2861 1878 3073 1932 diversa
3104 1879 3214 1930 loca
3248 1883 3526 1946 episcenos
3551 1881 3853 1935 duodecim.
3889 1884 4009 1937 Post

745 1962 764 1991 '
793 1964 1024 2014 vicissmi
1068 1961 1333 2023 viderunt,
1370 1961 1639 2027 Angustus
1679 1960 2161 2014 Christianissimus
2204 1979 2322 2016 cum

745 2068 909 2120 regno
939 2053 988 2105 in
1021 2053 1192 2119 capite
1233 2067 1291 2105 se
1333 2053 1648 2120 prostravit,
1680 2053 1840 2119 pedes
1869 2054 2116 2106 osenlans
2148 2054 2322 2121 ponti-

744 2144 877 2198 licis.
914 2146 1112 2198 Deinde
1141 2146 1192 2197 in
1226 2145 1528 2212 amplexum
1559 2146 1581 2176 ⁸
1614 2155 1851 2198 mutuum
1885 2157 2236 2211 corruerunt,
2271 2157 2325 2200 et

2435 1983 2648 2020 menses
2679 1978 2856 2020 autem
2890 1983 2944 2021 ιιι
2989 1968 3209 2034 lugubre
3252 1973 3492 2024 nuntium
3537 1977 3840 2040 personuit,
3872 1978 4006 2041 quod

2439 2055 2457 2093 ί
2497 2057 2827 2111 Justinianus
2865 2057 3350 2110 Christianissimus
3395 2061 3704 2128 imperator,
3749 2075 3801 2112 et
3833 2064 4008 2115 orthi-

2431 2147 2601 2199 doxus
2628 2146 2936 2213 imperator,
2971 2147 3264 2200 trucidatus
3291 2155 3393 2212 Cal,
3421 2157 3444 2194 8
3475 2158 3527 2203 et
3555 2151 3880 2220 Philippicus
3904 2155 4004 2207 hau

1929 2233 2314 2291 VAllIANTES
2348 2234 2742 2289 LECTIUNES.

816 2328 828 2356 '
858 2323 989 2377 Cod.
1027 2324 1180 2386 Luc.,
1210 2322 1453 2391 syncleto,
1479 2338 1574 2389 pro
1601 2323 1831 2377 omnibus
1856 2325 2083 2395 inclytis.

813 2398 832 2425 ³
858 2395 988 2446 Cod.
1020 2395 1147 2447 Luc.
1183 2404 1235 2444 et
1266 2395 1359 2456 al.,
1393 2395 1704 2445 cantefauco.

816 2463 965 2516 3Cotl
999 2465 1154 2524 Luc.,
1189 2464 1423 2516 Romam.

815 2536 833 2562 ⁸
865 2536 996 2587 Cod.
1029 2535 1186 2598 Luc.,
1220 2533 1574 2600 Itospitaturus
1604 2542 1730 2585 erat.

2502 2329 2521 2357 ⁸
2563 2326 2694 2379 Cod.
2729 2325 2878 2390 Luc.,
2909 2327 3193 2395 epistolam.

2501 2399 2522 2428 ⁸
2563 2399 2692 2448 Cod.
2728 2398 2881 2461 Luc.,
2915 2401 3122 2451 veniret.

2502 2470 2518 2497 τ
2561 2467 2691 2518 Cod.
2726 2465 2877 2527 Luc.,
2907 2468 3136 2520 invicem.

2503 2539 2522 2567 ⁸
2561 2535 2693 2588 Cod.
2728 2535 2878 2599 Luc.,
2914 2546 3107 2589 mutuo.

2061 2625 2416 2683 VARIORUM
2457 2626 2692 2682 NOT/E.

814 2728 836 2752 ⁸
887 2715 1142 2768 Venerunt
1189 2713 1698 2777 Constantinopolim.
1753 2715 1905 2766 Anno
1952 2715 2149 2769 Christi
2197 2718 2321 2783 'ilfi,

743 2790 1077 2857 pontilicatus
1107 2785 1443 2857 Constantini
1490 2788 1666 2838 tertio.
1709 2785 1844 2849 Quid
1890 2786 2084 2857 ibidem
2130 2789 2321 2855 egerit,

740 2854 1060 2922 scriptorum
1114 2854 1290 2920 inopia
1339 2855 1500 2918 latet,
1553 2871 1852 2922 quanquam
1904 2871 1966 2907 ex
2023 2856 2135 2909 Vita
2168 2854 2321 2911 Cre-

739 2927 876 2995 gnrii
911 2926 950 2978 ll
981 2932 1161 2991 aperte
1191 2926 1470 2990 colligatur
1503 2925 1673 2989 ipsum
1704 2928 1771 2977 de
1812 2927 2129 2979 auctoritate
2159 2942 2322 2979 catio-

743 3014 869 3050 num
914 3007 1080 3049 sexta:
1126 2995 1313 3064 synodi
1364 2995 1462 3045 hoc
1496 3003 1738 3062 tempore
1769 2996 1904 3047 inter
1935 2996 2236 3049 Orientales
2269 3007 2323 3050 et

744 3067 1108 3120 Occidentales
1135 3076 1599 3136 contrtwersorum
1630 3066 1767 3131 apud
1801 3065 2175 3132 imperatorem
2207 3071 2322 3136 plu-

740 3140 886 3190 ribus
917 3138 1109 3203 egisse.
1144 3137 1252 3187 llis.
1287 3146 1332 3185 et
1366 3135 1519 3188 LABll.

811 3206 838 3244 ιι
882 3207 1115 3274 lm'lytis.
1149 3205 1388 3265 lotellige
1417 3205 1771 3274 senatoribus.
1806 3204 1918 3258 liis.
1950 3215 1995 3257 et
2028 3206 2184 3259 lana.

818 3288 840 3315 ε
883 3277 1041 3345 Cyrus
1069 3275 1381 3341 patriarcha.
1417 3275 1565 3326 llunc
1589 3273 1850 3326 Callinico
1875 3275 2039 3327 oculis
2066 3278 2251 3328 orbato
2273 3285 2326 3330 et

751 3347 973 3400 Romam
1017 3353 1250 3411 rctcgato
1289 3345 1617 3398 Justitiiauus
1653 3345 1974 3410 subrogavit,
2021 3346 2141 3399 itleo
2184 3347 2324 3414 quod

741 3419 915 3484 ipsum
959 3416 1179 3480 imperio
1224 3416 1608 3485 restituendum
1658 3416 2008 3477 prazdixisset.
2040 3417 2327 3485 ‘l‘lieoplia-

744 3483 861 3550 nes,
898 3487 948 3537 in
983 3486 1293 3537 Annalibus.
1331 3486 1444 3536 UlS.
1480 3493 1524 3535 et
1559 3483 1721 3536 Lami.

815 3555 840 3592 ά
881 3554 1124 3621 Pontifex
1165 3566 1330 3606 autem
1371 3564 1414 3605 et
1455 3557 1566 3623 ejus
1608 3557 1848 3622 primates
1894 3571 2006 3606 cum
2056 3555 2326 3608 sellaribus

748 3627 1109 3694 iniperiulibus,
1137 3623 1275 3676 sellis
1303 3633 1347 3676 et
1381 3625 1534 3691 [renis
1563 3626 1827 3684 inauratis,
1859 3625 2012 3677 simul
2041 3635 2084 3677 et
2119 3643 2326 3694 mappa-

741 3699 805 3748 Ls
837 3697 1047 3763 θυεμ-εδδὶ
1076 3703 1214 3746 sunt.
1247 3695 1448 3747 Sellare
1479 3695 1563 3746 hic
1590 3695 1933 3762 distinguitur
1960 3712 1987 3748 a
2020 3697 2188 3756 Sella;
2221 3699 2326 3748 sel-

743 3770 854 3818 lare
881 3767 1089 3816 \ldCltlr
1117 3779 1235 3817 eSse
1264 3765 1478 3830 pallium
1504 3775 1909 3829 superstratuni,
1938 3766 2079 3833 quod
2111 3775 2328 3817 ornatus

743 3850 903 3888 causa
941 3833 1229 3900 imponitur
1261 3835 1425 3898 selltc,
1459 3835 1660 3886 llOUSrC.
1697 3837 1942 3886 Auastas.
1978 3837 2027 3886 ιιι
2057 3835 2328 3897 Stephano

743 3906 808 3959 lll
842 3923 852 3956 :
888 3904 980 3956 Cui
1023 3913 1069 3955 et
1112 3905 1446 3958 vicestratoris
1489 3920 1646 3971 usque
1687 3905 1738 3955 in
1781 3906 2095 3971 abquantum
2137 3906 2323 3967 locum,

743 3985 890 4046 iuxta
935 3977 1044 4042 ejus
1090 3973 1326 4026 scllarem
1370 3974 1672 4046 p:opcruvit.
1720 3975 1865 4027 Idem
1910 3976 2129 4046 pallium
2176 3984 2328 4026 vocat

744 4045 991 4098 Auastas.
1029 4045 1079 4096 in
1112 4046 1328 4097 Conone
1361 4061 1371 4094 :
1419 4045 1523 4096 Sed
1555 4055 1599 4095 et
1632 4046 1789 4108 pallio
1819 4045 1885 4095 ad
1917 4045 2326 4096 caballicondunt

747 4116 821 4166 uti
854 4115 1106 4165 licentiam
1148 4116 1188 4163 ei
1231 4115 1492 4165 concessit.
1541 4113 1778 4166 Pontifex
1821 4123 1873 4165 et
1913 4116 2205 4167 cardinales
2247 4115 2325 4166 usi

751 4186 916 4237 frenis
945 4195 997 4237 et
1026 4183 1169 4236 sellis
1197 4183 1482 4237 deauratis.
1505 4181 1794 4250 Episcopos
1817 4197 1926 4236 sua:
1949 4184 2118 4236 uitatis
2139 4184 2323 4236 eadem

746 4255 816 4306 tle
863 4269 920 4308 re
973 4263 1118 4305 initat
1168 4255 1418 4306 Bernard.
1467 4252 1870 4317 Clarevallens.,
1920 4255 2074 4318 epist.
2125 4254 2215 4316 42,
2262 4255 2326 4306 ad

749 4323 1076 4377 Wilielntum
1106 4324 1471 4376 Senotienst-m
1499 4341 1510 4373 :
1541 4323 1772 4375 Clamant
1795 4339 1908 4376 vero
1938 4325 2080 4386 nudi,
2105 4325 2326 4375 clamant

745 4395 990 4462 famelici,
1020 4403 1396 4462 conquerantur
1425 4403 1466 4445 ct
1499 4395 1673 4444 dicunt
1704 4409 1720 4443 :

933 4507 1116 4565 Dicite,
1142 4505 1414 4567 pontifices,
1445 4507 1492 4554 in
1516 4505 1652 4555 freno
1675 4506 1789 4567 quid
1814 4506 1923 4555 facit
1947 4509 2151 4557 aurum?

752 4608 826 4662 Ne
852 4608 1029 4662 clerici
1058 4608 1240 4669 frenis,
1273 4607 1416 4660 sellis
1445 4610 1825 4678 pectoralilsus,
1853 4608 2145 4660 calcaribus
2168 4607 2328 4661 deau-

750 4680 879 4732 ratis
909 4688 1142 4738 utantur,
1176 4688 1317 4731 vetat
1347 4695 1496 4729 coite.
1540 4678 1884 4730 Lateranens.
1927 4680 2026 4730 sub
2057 4679 2323 4731 Innocent.

751 4750 838 4810 ιιι,
867 4764 983 4816 cap.
1018 4747 1223 4809 Clerici,
1254 4747 1323 4800 de
1353 4749 1445 4798 vit.
1479 4755 1532 4800 et
1561 4748 1767 4800 honest.
1803 4747 1980 4801 cleric.
2017 4748 2250 4800 Pontifex
2278 4759 2331 4800 et

749 4819 1045 4872 cardinales
1075 4819 1372 4884 equitantcs
1415 4819 1492 4868 usi
1537 4827 1662 4870 sttnt
1703 4819 1964 4884 tnappulis
2010 4821 2058 4869 in
2105 4819 2328 4872 solemni

754 4905 965 4955 pompa.
997 4889 1252 4954 Mappqu
1282 4896 1407 4938 sunt.
1437 4888 1665 4940 linteolte
1694 4889 1847 4946 alba),
1881 4887 1946 4940 de.
1974 4888 2163 4954 quibus
2191 4888 2326 4940 Gre-

752 4974 890 5026 gor.,
925 4960 1126 5026 Dialog.
1163 4957 1254 5008 lib.
1289 4973 1346 5017 tt,
1377 4971 1493 5022 t-ap.
1530 4957 1592 5008 l‘J
1629 4974 1640 5007 :
1677 4959 1908 5020 Quadam
1941 4974 2054 5009 vero
2083 4959 2164 5009 die
2192 4959 2330 5009 misit

748 5045 813 5081 ea:
843 5045 1006 5090 more;
1049 5030 1137 5079 sed
1167 5028 1208 5078 is
1238 5028 1322 5096 qui
1353 5028 1534 5078 missus
1579 5028 1740 5090 fuerat
1771 5028 2064 5090 monac/tus,
2096 5038 2204 5093 post
2235 5027 2329 5077 ad-

751 5100 1077 5150 monitionem
1109 5097 1291 5165 {actam
1323 5114 1354 5149 a
1395 5098 1865 5148 sanctinioniulibus
1897 5097 2094 5165 feminis
2125 5107 2330 5166 rogatus

752 5170 1023 5238 mappnlns
1065 5169 1290 5238 accepit,
1333 5170 1522 5234 sibique
1565 5183 1647 5218 cas
1687 5166 1946 5218 abscondit
1987 5169 2036 5218 in
2077 5167 2212 5220 sinu.
2268 5167 2333 5220 Et

757 5235 884 5290 inlr.
915 5256 924 5289 :
958 5235 1050 5289 Cui
1080 5239 1150 5288 ait
1181 5251 1200 5290 :
1236 5237 1480 5302 Nunquid
1510 5253 1600 5304 ego
1639 5238 1741 5288 illic
1782 5253 2005 5304 prwsens
2045 5254 2143 5288 non
2171 5253 2328 5300 eram,

754 5310 957 5374 quando
987 5309 1049 5359 ab
1079 5309 1274 5360 ancillis
1316 5306 1411 5360 Dei
1454 5309 1720 5372 mappulas
1749 5309 1948 5371 accepis
1973 5307 2031 5358 i?
2073 5310 2173 5370 Qui
2212 5324 2331 5360 mox

751 5383 862 5447 ejus
904 5379 1122 5447 vrstigiis
1163 5381 1478 5445 provolutus,
1508 5380 1662 5428 stulte
1701 5394 1752 5428 se
1789 5380 1946 5444 egisse
1992 5379 2236 5443 pmnituit,
2283 5386 2331 5430 et

755 5464 840 5500 eas
869 5464 994 5513 quas
1035 5453 1086 5499 in
1125 5450 1239 5498 sinu
1277 5449 1607 5500 absconderat
1646 5449 1915 5515 ntappulns
1945 5449 2146 5517 abjecit.
2189 5448 2332 5514 Map-

758 5519 998 5580 pularum
1045 5533 1173 5569 usus
1216 5519 1514 5570 communis
1563 5518 1659 5569 luit
1689 5519 1952 5585 episc0pis
1997 5527 2051 5570 et
2095 5518 2332 5571 diacouis

763 5587 1008 5641 Ecclesiae
1055 5589 1332 5640 Romamn.
1378 5587 1684 5652 Gregorius,
1736 5590 1853 5640 libr.
1913 5603 1982 5650 ιι,
2033 5587 2187 5655 epist.
2241 5588 2328 5641 δι,

763 5656 912 5710 Unde
939 5671 1178 5725 sumptus
1203 5667 1286 5710 est
1315 5671 1432 5709 can.
1467 5657 1634 5721 Illud,
1665 5658 1732 5711 93
1761 5658 1883 5710 dist.
1919 5663 2257 5712 ALTaSElmA.

834 5738 856 5759 υ
897 5729 1212 5792 Apostolicns
1240 5729 1467 5796 pontifex
1499 5745 1612 5780 rum
1638 5729 1947 5792 camelouco,
1980 5737 2033 5780 ut
2060 5731 2238 5781 solitus
2262 5737 2332 5781 est

763 5794 937 5847 lioma'
989 5794 1287 5863 procedere,
1337 5814 1368 5849 a
1417 5798 1606 5850 palatio
1655 5815 1917 5867 egressus,
1967 5800 2018 5851 in
2075 5798 2332 5851 Placidins

2357 4505 2405 4565 D

2431 2733 2606 2784 usque,
2638 2717 2721 2794 ubi
2761 2719 3044 2786 Itospitatus
3082 2730 3211 2794 erat,
3256 2724 3558 2789 properavit.
3606 2724 4002 2794 Camelaucum.

2432 2804 2524 2862 s_eu
2553 2789 2942 2854 catnelanguiu,
2975 2799 3057 2862 est
3105 2790 3271 2858 pilus
3312 2809 3416 2859 quo
3458 2796 3619 2846 utitur
3661 2799 3928 2862 pontifex.
3973 2789 4004 2854 εἰ

2430 2859 2617 2912 Crteco
2664 2867 2855 2925 καῦμα,
2904 2861 3040 2926 quod
3095 2864 3261 2923 prosit
3305 2862 3366 2913 ad
3415 2859 3697 2916 arcendum
3747 2859 4001 2923 calorum.

2431 2931 2619 3002 Suitlas
2653 2946 2662 2978 :
2699 2932 3052 3002 Καμηλαύζιον,
3082 2933 3221 3002 πατςά
3263 2933 3527 3002 ron-2651.2
3569 2935 3810 2996 ἐλαύνειν,
3854 2938 4003 3002 Quod

2429 3001 2648 3078 calonem
2691 3010 2877 3051 arceat.
2928 3000 3275 3078 Etytnologiv'.
3327 3001 3394 3054 Μ.
3443 3007 3642 3056 Ruﬁo-iu
3686 3000 4002 3078 ε”ρητκίμέν

2428 3069 2790 3141 καμελαεὲκιςν,
2822 3073 2964 3141 παρὰ
2982 3072 3038 3122 τὸ
3064 3069 3277 3124 ἐλαύνειν
3305 3073 3360 3124 τὸ
3388 3079 3575 3140 minata,
3609 3061 3794 3126 Cunila
3821 3061 4004 3130 dicitur

2433 3140 2814 3195 cmneloucium,
2860 3140 2993 3206 quod
3024 3149 3189 3190 arceat
3219 3141 3458 3192 calorem.
3503 3145 3748 3207 Achtues,
3781 3150 4003 3201 Uneiro-

2381 3203 2396 3219 ⁸
2430 3210 2598 3282 critic.
2630 3223 2746 3274 cap.
2778 3203 2883 3261 ‘219
2917 3227 2926 3258 :
2963 3210 3390 3282 Touaunluﬁztou
3420 3214 3500 3282 ἐιτὶ
3529 3203 3781 3282 {ﬁla-ilva;
3805 3222 3874 3274 εἰς
3913 3224 4002 3274 τήν

2429 3277 2752 3351 Δύγσιῦσταν,
2784 3282 2866 3330 καὶ
2896 3281 2964 3338 ἐς
2991 3280 3160 3351 τέκνον
3190 3285 3424 3351 κρίνεται.
3458 3277 3829 3335 Caiiteluucium
3869 3289 4002 3351 regis

2427 3345 2805 3417 ad'Augustam
2826 3360 2871 3400 et
2893 3352 3002 3415 eius
3027 3345 3466 3416 liberos'rcfertur.
3491 3352 3862 3406 Camelaueum
3885 3345 4005 3409 erat

2429 3417 2798 3491 indumentum
2847 3418 3360 3491 capitis’cotnmune
3408 3421 3616 3488 regibus
3662 3433 3712 3474 ct
3757 3425 3996 3491 privatis,

2427 3489 2606 3540 colore
2634 3486 2933 3548 diversum;
2974 3488 3068 3540 sed
3102 3502 3194 3540 usu
3229 3489 3418 3542 factum
3447 3486 3529 3543 est
3559 3500 3612 3542 nt
3640 3486 4000 3547 catnelaucuni

2431 3555 2682 3630 ltoutanis
2729 3558 2941 3623 prOprie
2987 3558 3192 3610 dicatur
3234 3559 3401 3624 pileus
3444 3561 3724 3626 pontilicis.
3770 3561 3998 3630 Papias:

2428 3627 2756 3679 Canielaucus
2783 3631 3133 3695 vestimentum
3157 3643 3321 3695 papw.
3357 3631 3693 3683 Amasenus.

2503 3695 2520 3732 ί
2565 3695 2888 3748 Justinianus
2919 3694 3196 3749 trucidaius
3225 3709 3318 3751 est.
3363 3699 3587 3752 Narrant
3616 3699 3877 3755 infelicem
3906 3702 4001 3756 Ju-

2429 3765 2640 3839 Stiniani
2672 3770 2993 3839 sortem,_ob
3025 3766 3297 3834 Philippici
3330 3769 3690 3839 tyrannidem,
3717 3779 3771 3822 et
3803 3775 4000 3839 preprii

2428 3836 2691 3908 exercitus
2723 3836 3100 3902 proditionem,
3133 3846 3316 3908 auctor
3342 3838 3602 3898 llliscellze,
3635 3850 3689 3891 et
3716 3836 3996 3908 Tlténplia~

2428 3921 2543 3958 nes.
2575 3907 2756 3958 ltel'ert
2785 3919 2963 3960 autem
2992 3907 3242 3973 Agnellus
3271 3906 3320 3960 in
3352 3909 3535 3962 eadem
3569 3909 3759 3962 Felicis
3790 3906 4000 3964 [laven-

2429 3977 2662 4047 natensis
2695 3975 2829 4039 Vita,
2873 3991 3082 4029 causam
3115 3977 3329 4044 conjicit
3369 3979 3420 4030 in
3461 3993 3522 4031 ea
3562 3994 3678 4047 qua:
3717 3979 4004 4046 imperator

2427 4057 2609 4097 contra
2637 4046 3066 4100 Ravennatenses
3089 4056 3290 4110 egerat,
3311 4058 3525 4100 auctore
3547 4046 3821 4102 setlitiouis
3842 4049 4004 4104 Joan-

2429 4117 2587 4176 nicio,
2613 4117 2699 4181 qui
2725 4117 2879 4182 paulo
2907 4126 3030 4168 ante
3057 4117 3263 4168 sicariis
3284 4117 3477 4168 dixerit
3518 4127 3568 4169 et
3601 4119 3956 4182 proditoribus
3988 4143 3994 4170 ;

2429 4183 2553 4237 Cras
2574 4190 2749 4236 eadem
2774 4201 2886 4253 qua:
2913 4197 2965 4237 ut
2994 4201 3130 4236 nunc
3154 4195 3226 4236 est
3252 4186 3378 4237 liora
3405 4187 3710 4252 interﬁcietis
3732 4187 4003 4256 imperato-

2427 4271 2532 4306 rem
2573 4265 2820 4318 vestrum,
2863 4265 2908 4306 et
2952 4257 3045 4308 erit
3085 4271 3280 4306 mecum
3320 4268 3436 4307 ante
3473 4258 3813 4322 (vanissimam
3851 4259 4004 4312 Judi-

2427 4341 2653 4378 ecm.....
2685 4326 2788 4376 alia
2810 4341 2923 4378 vero
2952 4328 3053 4385 die,
3086 4325 3211 4377 liora
3242 4342 3340 4394 qua
3363 4330 3661 4391 prmitixerat
3690 4327 3778 4380 ille
3807 4329 4004 4382 irruen-

2429 4403 2499 4446 tes
2528 4411 2681 4460 super
2710 4397 3064 4463 intprratorcnt
3095 4411 3192 4446 non
3224 4398 3522 4447 sustinentes
3554 4396 3728 4464 populi
3758 4400 3866 4464 ejus
3897 4417 4004 4450 ma-

2431 4466 2730 4532 lignitatem,
2756 4466 3047 4516 occiderunt
3077 4479 3210 4518 eum.
3243 4466 3402 4516 Addit
3430 4468 3700 4533 Agnellns,
3735 4480 3784 4520 et
3818 4469 4004 4520 mortis

2430 4549 2618 4600 genus,
2645 4544 2696 4586 et
2727 4536 3005 4606 ludibrium
3040 4536 3260 4601 principi
3286 4535 3516 4606 illatum,
3543 4537 3690 4606 cujus
3725 4548 3882 4602 caput
3907 4553 4002 4606 per

2433 4606 2633 4656 Italiam
2661 4605 2958 4656 uniiersam
2991 4606 3249 4666 perlatum
3280 4604 3453 4656 fuerit.
3485 4606 3588 4657 Sed
3619 4605 3702 4658 hic
3729 4604 3919 4670 lere-tn,
3947 4620 4004 4663 ut

2431 4676 2553 4728 alibi
2579 4714 2592 4736 ,
2628 4676 2958 4726 tratliziooem
2989 4675 3125 4740 vulgi
3157 4674 3407 4726 describit
3436 4675 3581 4726 rudis
3611 4676 3916 4731 historicus.

2507 4752 2531 4788 κ
2573 4743 2638 4796 Et
2687 4743 3009 4812 Philippicas
3067 4744 3349 4795 Ineretirus.
3397 4743 3656 4797 Exscribit
3696 4747 4001 4801 Anastasius

2431 4828 2546 4881 qua!
2578 4819 2734 4866 habet
2766 4815 2953 4865 Paulus
2977 4853 2989 4875 ,
3021 4826 3068 4865 c.
3097 4812 3162 4863 5'2.
3195 4831 3206 4864 :
3245 4812 3508 4882 Exercitus
3534 4817 3620 4882 qui
3663 4816 3845 4867 missus
3873 4832 3997 4869 con-

2433 4895 2510 4936 tra
2537 4883 2883 4952 Pliilippicum
2913 4883 3094 4949 fuerat,
3124 4884 3190 4933 ad
3220 4895 3410 4949 partem
3440 4881 3716 4952 Philippici
3743 4902 3794 4936 se
3821 4899 4000 4951 contu-

2433 4955 2510 5015 lit,
2535 4951 2744 5022 euntque
2765 4955 3113 5022 imperatorem
3145 4954 3283 5021 fecit.
3319 4954 3418 5017 Qui
3440 4951 3620 5005 CPlim
3642 4965 3817 5007 contra
3835 4953 4002 5007 Justi-

2433 5021 2924 5085 nianumveniens,
2976 5038 3088 5073 cum
3134 5038 3193 5075 eo
3241 5021 3304 5074 ab
3351 5022 3472 5074 urbe
3517 5024 3758 5075 milliaria
3809 5029 4003 5075 decimo

2435 5095 2696 5164 pugnavit,
2729 5094 2866 5157 vicit,
2886 5102 2943 5164 et
2971 5093 3172 5164 occidit,
3198 5107 3508 5164 regnumque
3532 5094 3640 5162 ejus
3666 5095 3883 5164 adeptus
3907 5106 4000 5144 est.

2435 5162 2718 5217 lminodica
2760 5162 3044 5217 Justiniani
3084 5162 3311 5214 saevities
3351 5171 3609 5226 pettnovu
3647 5163 3711 5214 ad
3750 5164 4003 5215 defectio-

2435 5249 2556 5288 ncnt
2592 5236 2834 5302 pepulos,
2868 5242 2923 5284 ut
2953 5231 3022 5283 ibi
3051 5232 3276 5285 advertit
3309 5231 3518 5302 Paulus,
3549 5233 3635 5298 qui
3664 5247 3779 5296 cap.
3814 5231 3884 5284 53
3909 5233 4001 5284 ad~

2433 5305 2512 5357 dit
2543 5322 2554 5356 :
2592 5299 2675 5355 Ὰί
2701 5320 2812 5356 vero
2858 5302 3196 5367 Philippicas,
3227 5301 3312 5366 qui
3353 5313 3396 5354 ct
3438 5299 3689 5353 Bardonis
3719 5303 3881 5354 dictus
3908 5312 4002 5363 est,

2435 5374 2713 5442 Cyrum...
2765 5375 2827 5425 dc
2876 5373 3174 5442 pontiﬁcatu
3224 5373 3466 5436 ejectum,
3514 5371 3581 5422 ad
3625 5371 4003 5442 gubernantium

2436 5439 2795 5498 monasterium
2822 5459 2991 5506 suum,
3024 5440 3246 5495 Pontum
3274 5444 3436 5494 redire
3465 5439 3719 5508 pra'cepit.
3751 5439 3803 5493 Η
3809 5443 3854 5492 ie
3890 5440 4005 5492 Phi-

2437 5517 2653 5582 lippicas
2683 5513 3014 5568 Constantino
3052 5528 3195 5582 papa:
3234 5513 3425 5570 litteras
3466 5512 3606 5578 pravi
3645 5513 3897 5580 dogmatis
3935 5511 4005 5561 di-

2436 5590 2584 5648 rexit,
2619 5601 2742 5654 quas
2781 5587 2866 5637 ille
2895 5599 3010 5637 cum
3049 5582 3341 5650 apostolica:
3379 5583 3510 5654 sedis
3549 5584 3762 5634 consilio
3791 5583 4001 5654 respuit.

2439 5658 2504 5708 Et
2532 5649 2685 5724 hujus
2713 5659 2785 5708 rei
2813 5671 2967 5710 causa
2998 5649 3111 5718 {erit
3150 5657 3370 5722 picturas
3399 5652 3452 5703 in
3496 5655 3688 5718 porticu
3717 5658 3880 5724 sancti
3913 5649 4006 5702 Pe-

2438 5730 2524 5788 tri,
2555 5723 2667 5793 quae
2693 5737 2830 5795 gesta
2861 5741 2950 5778 sex
2974 5735 3266 5777 sanctarum
3297 5724 3604 5791 synodorum
3645 5723 4006 5795 Itttlvet'wllum

2439 5791 2668 5850 rninint.
2694 5791 2839 5849 Nam
2865 5806 2910 5849 et
2951 5796 3240 5865 Itujusntodi
3282 5797 3520 5862 picturas,
3565 5807 3676 5844 cum
3707 5791 4001 5844 haberentur
