4172 6606
242 502 350 556 3'25

1269 503 1537 556 NOTITH
1585 504 1644 557 IN
1686 502 2211 561 CONSTANTINUM
2256 508 2503 563 l’.\l'.\.‘vl.

3413 519 3517 572 325

244 620 444 669 tetieus
484 614 535 667 in
579 613 840 679 imperiali
886 623 1160 681 promotus
1202 624 1279 666 est
1310 616 1326 645 ¹
1359 630 1503 675 arce,
1540 624 1561 647 ἰ
1592 616 1744 683 enjus
1784 626 1833 669 et
1866 622 1910 679 Α
1942 620 2209 686 privatus,
2245 629 2420 674 tamen
2455 621 2520 673 ad
2551 623 2812 690 prOIlriﬂlll
2845 624 3000 678 rediit
3026 627 3228 682 sedem,
3265 629 3327 683 Ει
3359 635 3513 686 solam

243 721 453 760 sacram
486 720 608 760 cum
644 710 789 773 pravi
822 706 1083 771 dogmatis
1117 707 1424 758 exaratioue
1453 706 1831 758 Constantinus

242 798 498 865 suscepit,
523 798 614 851 sed
642 812 763 851 cum
793 797 1101 864 apostolicze
1128 797 1274 850 sedis
1306 798 1325 825 ³
1356 797 1578 849 consilio
1608 797 1828 863 respuit.

241 891 268 928 lt
301 891 574 959 llujusque
606 890 681 942 rei
712 903 890 953 causa,
927 889 1043 943 zelo
1075 888 1195 941 ti'dei
1222 902 1495 949 accensus,
1527 888 1700 942 omnis
1726 904 1831 943 coe-

242 993 327 1036 tus
373 984 623 1035 Romaene
657 982 802 1035 urbis
838 995 857 1020 ε
895 982 1211 1049 imaginem,
1253 996 1407 1043 quam
1441 981 1607 1036 ϐιωρί
1639 983 1657 1012 ³
1689 993 1832 1034 vota-

240 1089 391 1127 ream
423 1082 633 1135 vocant,
664 1088 755 1127 sex
784 1073 1143 1125 continentem
1175 1081 1384 1125 sanctas
1410 1087 1469 1125 ac
1498 1075 1828 1127 uuiversa’les

239 1163 481 1233 synodos
512 1164 561 1216 in
592 1163 817 1216 ecelesia
846 1162 983 1216 beati
1019 1161 1155 1214 Petri
1186 1172 1489 1215 erexerunt.
1528 1162 1619 1214 llic
1651 1164 1836 1215 reiecit

241 1266 491 1323 patenam
516 1268 758 1315 auream,
781 1261 1025 1321 pensant.
1047 1252 1453 1307 Iib.duodecim.
1480 1252 1678 1306 Eodem
1708 1262 1837 1307 tenta

240 1363 376 1416 pore
422 1346 567 1401 Felix
617 1345 1051 1413 arcliiepisc0pus
1101 1345 1363 1398 llaveuuze
1405 1344 1471 1397 ab
1518 1343 1708 1397 exsilio
1756 1361 1838 1397 re-

237 1440 471 1502 duetus,
525 1438 836 1505 ptBttilcnlia
886 1446 1096 1499 motus,
1145 1438 1268 1490 licet
1313 1438 1588 1488 oculorum
1639 1436 1837 1491 lumine

1937 725 2053 776 qum
2081 710 2146 761 ab
2176 711 2435 764 universis
2472 711 2522 763 in
2564 716 2757 767 scrinio
2786 718 3157 785 episcoporum
3205 720 3336 773 liunt
3380 725 3516 776 iudi-

1933 800 2068 859 ciila,
2124 808 2177 852 et
2224 802 2341 854 ti'lei
2391 804 2801 869 expositionem.
2851 818 2903 861 et
2954 809 3036 860 hic.
3085 810 3365 866 confessus
3413 826 3513 878 est,

1933 890 2114 955 sictpte
2147 893 2594 947 reconciliationis
2623 898 2904 961 promeruit
2938 899 3345 954 absolutionem.

2008 974 2033 1012 δ
2063 978 2231 1047 llujus
2264 984 2589 1048 temporibus
2621 986 2726 1036 duo
2772 1000 2923 1050 reges
2972 990 3240 1043 Saxonum
3284 993 3347 1044 ad
3396 1008 3517 1045 ora-

1940 1072 2136 1124 tionem
2160 1075 2524 1140 apostolorum
2556 1090 2674 1128 cum
2703 1078 2820 1129 aliis
2856 1079 3091 1143 plurimis
3114 1086 3385 1137 venientes
3416 1086 3516 1137 sub

1939 1163 1958 1190 ⁸
1983 1164 2316 1218 velocitatem
2343 1180 2490 1219 suam
2521 1169 2702 1233 vitam,
2730 1179 2785 1221 ut
2818 1172 3096 1236 aptabant,
3128 1176 3329 1229 liuiunt.
3361 1178 3517 1230 Venit

1941 1266 2117 1308 autetu
2161 1267 2213 1310 et
2248 1256 2567 1312 Benedictus
2617 1259 3053 1330 arcltiepbcopus
3105 1266 3518 1320 Mediolaticusis

1941 1346 2193 1399 orationis
2222 1358 2363 1409 voto,
2397 1358 2449 1401 et
2478 1365 2574 1401 suo
2613 1364 2670 1403 se
2698 1354 2931 1417 pontilici
2977 1365 3324 1421 prmseutare.
3382 1365 3402 1390 ο
3427 1360 3519 1410 Al-

1944 1443 2165 1494 tercavit
2188 1457 2315 1495 vero
2345 1454 2394 1496 et
2428 1458 2523 1509 pro
2557 1444 2792 1497 Ecclesia
2832 1445 3129 1515 Ticiuensi,
3157 1451 3174 1479 ⁸
3204 1451 3297 1505 sed
3351 1450 3519 1503 victus

1462 1546 1848 1603 VAIIIANTES
1890 1550 2290 1605 LECTIONES.

315 1668 333 1698 ¹
380 1665 487 1725 Αἱ..
520 1663 741 1715 archem.

313 1740 335 1765 ²
381 1737 484 1794 Al,
520 1734 757 1783 concilio.

312 1806 333 1835 ³
380 1804 511 1857 Cod.
544 1806 697 1865 Luc.,
730 1816 1070 1870 pancarcam;
1100 1801 1196 1865 al.,
1234 1802 1513 1853 botaream.

2014 1668 2033 1693 ’⁸
2056 1666 2184 1718 Cod.
2212 1666 2365 1729 Luc.,
2396 1667 2678 1719 uelocitate.

2018 1736 2036 1763 ⁵
2066 1738 2150 1787 Al.
2184 1752 2290 1789 out.
2326 1738 2411 1789 sed
2436 1739 2592 1789 rictus
2621 1748 2712 1789 cst.

1592 1890 1948 1947 VARIORUM
1988 1887 2214 1943 ΝΟΤιΕ.

242 1994 295 2042 in
327 1986 465 2051 γραῖα
506 1985 647 2057 urbe,
684 1982 1003 2057 Philippicas
1039 1984 1265 2057 jusserat
1310 1984 1522 2057 auferri,
1563 1988 1839 2049 statuitque
1876 1985 1921 2041 B
1952 1979 2169 2057 nissime
2200 1978 2435 2057 suscepit
2486 1974 2864 2057 Constantinus
2919 1970 3069 2057 papa.
3122 1984 3358 2057 gaudens
3401 2004 3515 2057 eos,

242 2060 467 2124 papulas
506 2054 795 2114 Rontanus,
831 2071 890 2105 ne
922 2055 1143 2124 Inrrctici
1172 2055 1492 2116 imperatoris
1521 2070 1722 2117 nomen,
1751 2063 1838 2105 aut

240 2122 480 2183 chartas,
507 2134 591 2175 aut
621 2125 836 2192 [iguratn
868 2122 1018 2174 solidi
1052 2124 1383 2188 susciperent.
1422 2125 1702 2176 “manus.

322 2203 347 2228 ⁸
382 2195 538 2262 Cujus
571 2205 614 2245 ct
648 2209 846 2245 sacram
874 2209 987 2243 cum
1031 2193 1173 2257 pravi
1220 2192 1468 2261 dogmatis
1519 2198 1833 2246 exoratione.

242 2266 435 2319 Tertio
464 2267 547 2316 vix
583 2278 765 2316 mense
797 2262 1181 2315 Constantinus
1218 2263 1438 2315 Romam
1470 2265 1656 2327 redux,
1692 2266 1831 2317 unde

244 2350 448 2389 annum
478 2333 742 2395 abluerat,
773 2334 986 2399 agnovit
1016 2332 1297 2399 quemdam
1323 2335 1611 2387 Armenum
1636 2348 1830 2399 c0guo-

245 2416 435 2459 mento
468 2404 759 2455 Bardanem
809 2403 1191 2467 proclamatum
1225 2402 1392 2456 fuisse
1431 2402 1826 2466 imperatorem,

245 2491 317 2527 ac
347 2482 589 2525 vocatum
617 2471 988 2537 Pliilippicum.
1013 2471 1277 2538 jussuque
1307 2472 1422 2538 ejus
1452 2472 1834 2536 Justiuianum,

250 2555 312 2599 et
341 2544 613 2597 Tiberium
650 2543 999 2608 imperatores
1050 2554 1215 2592 ca:sos
1264 2555 1402 2593 esse.
1464 2541 1557 2594 llic
1605 2543 1837 2605 invasor,

250 2615 379 2681 quia
408 2614 466 2663 ab
496 2614 702 2664 ineunte
729 2622 895 2681 (etate,
936 2620 989 2661 ut
1015 2610 1087 2662 ait
1136 2611 1341 2676 Agatho
1394 2610 1535 2681 Diae.
1581 2610 1669 2677 (In
1717 2611 1838 2665 Col-

252 2679 375 2736 lect.
414 2699 579 2742 conc.,
606 2698 723 2750 pag.
762 2679 920 2747 1405)
954 2681 1127 2748 fuisset
1153 2681 1437 2745 discipulus
1466 2680 1716 2749 Stephani
1745 2682 1836 2733 ab-

248 2757 407 2817 batis,
441 2753 676 2817 discipuli
704 2751 920 2803 Macarii
943 2788 956 2811 ,
1000 2766 1119 2801 usus
1144 2755 1372 2815 protinus
1404 2752 1707 2803 auctoritate
1733 2792 1746 2815 ,
1791 2762 1839 2804 et

250 2833 505 2888 potestate
534 2821 863 2882 imperatoria
885 2819 1111 2886 ejusdem
1137 2830 1328 2871 sancta:
1353 2822 1537 2887 synodi
1565 2823 1839 2889 imaginem

248 2899 333 2961 (τι
366 2892 654 2961 generalis)
682 2906 795 2961 qum
823 2890 993 2961 multis
1026 2898 1141 2939 ante
1170 2891 1315 2961 annis
1349 2890 1515 2961 posita
1567 2894 1735 2958 fuerat
1786 2891 1838 2943 in

241 2958 501 3016 uestibulo
526 2961 703 3029 palatii
730 2960 1027 3024 impcrialis,
1048 2960 1208 3028 jussit
1232 2960 1453 3029 dt‘lel...
1489 2958 1555 3012 Et
1588 2967 1645 3012 ut
1679 2974 1832 3013 suum

249 3034 467 3087 facinus
523 3030 691 3095 magis
745 3032 1017 3095 magisque
1071 3039 1332 3081 astrueret
1385 3039 1577 3082 contra
1626 3041 1834 3083 st-xtum

250 3103 548 3156 concilium
582 3071 891 3160 :linsanuiii,
919 3071 1087 3163 iitquit
1111 3098 1351 3165 'l‘beuplt.
1378 3101 1428 3150 iu
1458 3100 1684 3161 Cbron.,
1714 3116 1837 3151 con-

250 3172 556 3225 ciliabulum
584 3170 828 3221 adversus
869 3182 1103 3220 sanctum
1147 3169 1510 3220 crcumcnicum
1560 3170 1836 3221 concrlium

250 3244 501 3295 celebrari
538 3241 775 3301 curarit;
827 3240 909 3291 cui
956 3236 1179 3289 Joannes
1211 3236 1302 3303 (ἔρ.
1350 3239 1643 3304 patriarcha
1668 3279 1684 3303 ,
1726 3241 1835 3291 An-

1960 2051 2185 2101 terrenis
2212 2049 2468 2102 abdicatis
2498 2051 2692 2113 regnis,
2733 2050 2891 2102 Petro
2935 2055 3180 2117 piscatori
3234 2049 3515 2116 inservire:

1948 2118 2067 2193 llzec
2116 2128 2355 2193 constant
2405 2133 2467 2170 ex
2522 2119 2841 2193 lletlautam
2875 2122 2943 2193 _in
2980 2123 3219 2193 Epitome
3268 2143 3423 2193 quam
3458 2134 3510 2185 itt

1947 2188 2211 2248 “Morta,
2265 2188 2383 2238 libr.
2415 2203 2466 2247 v,
2522 2202 2638 2253 cap.
2691 2188 2797 2239 20:
2850 2190 2996 2241 Anno
3044 2191 3167 2251 701),
3221 2188 3405 2249 εεὶίὺίι
3456 2201 3505 2253 in

1944 2259 2207 2336 Epitome,
2241 2256 2586 2337 coenrcdnrex
2620 2255 2965 2337 Mercier-um,
2997 2272 3261 2325 postquam
3291 2267 3513 2337 quinque

1941 2330 2090 2380 annis
2137 2327 2398 2395 rcgnnbitt,
2444 2327 2657 2379 Romam
2706 2330 2892 2395 pergit.
2952 2329 3004 2382 ltt
3054 2327 3506 2391 lltsloria'vcr'o:

1941 2400 2088 2471 Anno
2130 2398 2327 2471 imperii
2359 2396 2539 2471 Osredi
2573 2398 2682 2471 (qui
2716 2399 3007 2471 absolvitur
3033 2415 3171 2452 anno
3199 2405 3323 2471 709)
3353 2404 3510 2459 συξη.

1939 2470 2054 2529 red,
2083 2470 2167 2530 qui
2200 2471 2249 2517 in
2276 2484 2427 2534 rcgno
2458 2465 2764 2540 Merciorum
2799 2470 3107 2540 nobilissime
3156 2465 3380 2540 tempore
3410 2479 3511 2528 cli-

1939 2536 2707 2609 quantopra't'uerat,“nobilius
2738 2537 2894 2609 multo
2924 2550 3122 2607 sceptra
3171 2536 3313 2609 regni
3356 2546 3513 2599 relin-

1939 2604 2256 2681 qitit._Naitt
2286 2609 2415 2681 venit
2452 2605 2684 2681 Romam,
2736 2607 2898 2673 ibique
2947 2604 3194 2681 attonsus.
3228 2604 3514 2681 "ponti/ica-

1939 2686 2045 2727 tum
2075 2676 2281 2728 habente
2305 2674 2659 2737 Constantino,
2692 2693 2750 2727 ac
2778 2679 3060 2732 monachus
3104 2674 3291 2746 factus,
3345 2687 3412 2734 ad
3445 2687 3513 2737 li-

1939 2749 2073 2798 mina
2097 2748 2465 2821 apostolorum.
2501 2746 2551 2797 in
2580 2745 2830 2821 precibus,
2857 2749 3077 2817 jcjuniis
3105 2745 3149 2801 et
3180 2745 3510 2821 elecmosynis

1941 2832 2097 2882 usque
2125 2818 2189 2866 ad
2218 2818 2346 2867 diem
2378 2818 2651 2883 permansit
2684 2818 2936 2876 ultimum,
2990 2821 3287 2873 succedente
3333 2818 3410 2875 ini
3434 2842 3511 2878 re.

1940 2902 2091 2955 gnum
2121 2884 2387 2957 Ceolredo,
2418 2883 2526 2950 filio
2559 2884 2809 2957 Edilredi,
2839 2889 2924 2953 qui
2955 2898 3073 2940 ante
3098 2891 3268 2957 ipsum
3299 2891 3509 2946 Coinre-

1940 2956 2058 3006 dum
2090 2955 2219 3006 ident
2245 2970 2453 3021 regnum
2496 2955 2707 3006 tenebat.
2760 2955 2907 3009 Venit
2954 2955 3127 3010 autem
3167 2976 3282 3012 cum
3326 2963 3416 3014 illo
3463 2976 3511 3017 ct

1940 3025 2078 3089 filius
2122 3024 2328 3091 Sigheri
2379 3026 2510 3093 regis
2560 3024 2899 3077 Orientalium
2949 3027 3229 3092 Saxonum,
3264 3033 3508 3086 vocabulo

1941 3094 2083 3159 Οῇιι,
2108 3097 2306 3167 juvenis
2329 3096 2689 3167 amantissima:
2709 3097 2873 3148 a'tatis
2898 3107 2942 3148 et
2966 3101 3260 3162 venustatis,
3287 3110 3504 3167 totasque

1936 3180 2043 3217 sua:
2072 3166 2207 3237 genti
2227 3166 2293 3216 ad
2319 3165 2539 3237 tenenda
2566 3166 2907 3237 servandaque
2952 3170 3091 3233 regni
3136 3180 3335 3237 sceptra
3384 3165 3505 3226 cico-

1939 3236 2273 3301 ptatissimus,
2302 3236 2388 3298 qui
2429 3234 2539 3298 pari
2568 3236 2749 3287 ductus
2780 3237 3037 3308 deuotione
3070 3234 3268 3299 mentis,
3298 3240 3505 3308 reliquit

250 3315 409 3365 dreas
438 3312 855 3375 metropolitanus
877 3306 1058 3385 Cretae,
1102 3322 1159 3357 ac
1206 3305 1488 3385 Germanus
1513 3306 1682 3376 Cyzici
1711 3325 1831 3385 ‘me-
1862 3322 1908 3385 ρ
1942 3320 2169 3365 uxorem,
2194 3321 2363 3385 αρξας,
2388 3314 2628 3385 cognatos
2656 3314 2701 3356 et
2733 3306 3212 3385 patriainppropter
3249 3305 3505 3385 Christum

251 3382 504 3449 tropolita
529 3381 795 3446 prapalam
820 3377 1245 3449 subscripserunt,
1269 3393 1328 3427 ac
1348 3378 1665 3449 anathemate
1688 3379 1830 3430 dant-

250 3446 443 3505 narunt
482 3466 596 3501 cum
640 3451 870 3500 omnibus
915 3448 1121 3516 collegis
1152 3450 1418 3520 pra'fatam
1447 3450 1499 3520 in
1530 3446 1835 3520 Monet/teli-

252 3534 333 3574 tas
364 3520 671 3574 celebratam
698 3528 923 3571 sanctam
944 3517 1304 3570 cecumeuicam
1330 3518 1600 3585 synodum.
1635 3517 1831 3572 Verum

260 3604 522 3661 tyrannus
566 3589 896 3661 impietatum
930 3602 993 3640 ac
1022 3585 1338 3661 defeetionis
1369 3587 1542 3661 l'tuctu
1574 3587 1713 3661 haud
1741 3604 1833 3654 ga-

267 3657 417 3715 visus
463 3668 545 3712 est
575 3658 687 3712 diu.
742 3657 949 3710 Perdita
982 3659 1123 3709 enim
1168 3657 1272 3707 vita
1317 3667 1475 3723 atque
1517 3660 1567 3707 in
1610 3658 1836 3709 admini-

250 3730 478 3785 strando
505 3726 730 3793 imperio
756 3726 1073 3797 negligentia
1107 3725 1440 3797 invidiamiet
1460 3736 1828 3793 contemptum

252 3815 286 3854 a
320 3799 651 3868 principibus
681 3795 1013 3864 praetoriana:
1059 3795 1298 3868 cohortis
1330 3796 1376 3846 ei
1404 3807 1786 3868 compararunt
1816 3814 1829 3860 ;

250 3864 424 3939 quare
456 3864 657 3939 palatio
679 3871 953 3939 expulere,
979 3864 1392 3939 generalemque
1411 3865 1688 3918 tumultum
1710 3880 1832 3939 con-

253 3934 337 3994 tra
369 3934 488 3993 eum
534 3937 849 3991 excitatum.
901 3934 1101 3989 Deinde
1129 3936 1364 3987 omnium
1397 3948 1659 3988 consensu
1691 3937 1835 3989 ordi-

251 4025 386 4064 num
417 4006 882 4069 Philartbemium,
916 4005 1006 4073 qui
1042 4004 1309 4057 Anastasii
1338 4004 1554 4057 nomine
1586 4006 1836 4073 appellari

250 4078 424 4132 voluit
448 4120 461 4141 ,
490 4092 698 4145 magna:
729 4075 1099 4128 a-stimationis
1128 4073 1430 4145 hominem,
1475 4082 1527 4126 et
1555 4088 1675 4127 cum
1729 4078 1837 4143 pri-

252 4149 363 4202 mis
392 4143 738 4206 catltolicutn,
784 4145 1081 4213 elegerunt.
1135 4144 1305 4196 oculis
1355 4143 1543 4197 orbato
1582 4145 1841 4214 pulsoque

252 4218 310 4272 in
345 4218 595 4271 exsiliqu
630 4215 949 4283 i‘liilippico.
976 4214 1242 4283 Sountsn.

323 4286 353 4325 ι’
397 4286 669 4354 Hujusque
708 4280 787 4337 rei
812 4280 1000 4347 causa,
1053 4282 1161 4335 zelo
1210 4280 1329 4349 ﬁdei
1376 4297 1653 4354 accensus,
1680 4285 1840 4337 omnis

245 4366 411 4410 cretus
455 4351 700 4410 Romana
739 4354 904 4417 urbis,
948 4354 1251 4419 imaginem,
1294 4367 1443 4419 quam
1489 4351 1656 4405 erci
1698 4364 1840 4406 rota-

241 4443 408 4488 ream,
442 4427 517 4478 rel
546 4427 626 4495 (ut
654 4424 741 4477 alii
777 4426 1329 4495 leguntlpancaream,
1360 4433 1566 4495 vocant,
1597 4438 1686 4474 sex
1715 4440 1841 4495 con-

246 4500 491 4549 tinentem
538 4491 743 4547 sanctas
795 4509 853 4545 ac
902 4491 1215 4544 unircrsales
1262 4492 1483 4559 synodos
1531 4493 1582 4544 in
1635 4493 1844 4545 ecclesia

248 4566 387 4619 beati
414 4564 557 4618 Petri
589 4572 877 4618 erexerunt.
909 4561 1088 4630 Imago
1116 4575 1209 4615 sex
1242 4562 1626 4615 universalium
1656 4565 1840 4617 ροιιεὶ-

246 4637 444 4691 liorum
468 4675 481 4699 ,
514 4649 671 4701 quam
702 4633 871 4687 Grzeci
902 4645 1169 4687 vetaream
1191 4671 1206 4696 ,
1240 4632 1321 4685 vel
1361 4645 1678 4697 pancaream
1700 4672 1713 4695 ,
1747 4650 1840 4685 vo-

244 4714 406 4767 cant,
438 4719 465 4755 a
501 4704 732 4758 ltomana
767 4705 921 4769 plebe
948 4711 1123 4756 erecta
1164 4704 1215 4754 in
1248 4702 1472 4754 ecclesia
1507 4704 1643 4754 beati
1678 4702 1837 4756 Petri.

253 4776 386 4829 llaec
425 4774 598 4843 imago
640 4790 667 4824 a
710 4771 1000 4839 Pliilippico
1042 4772 1171 4843 imp.
1214 4769 1462 4843 lueretico
1501 4770 1778 4843 deposita,
1810 4786 1839 4825 a

249 4840 561 4899 Theodosio
586 4843 828 4896 restituta
853 4840 1333 4907 Constantinopoli.
1360 4844 1607 4896 Anastas.
1635 4843 1683 4894 in
1708 4841 1841 4895 Gre-

246 4930 371 4981 gor.
400 4913 436 4967 ll
466 4928 481 4966 :
515 4912 759 4966 Protinus
787 4912 936 4966 etiam
963 4922 1014 4963 ut
1044 4913 1299 4979 ingressus
1325 4921 1396 4964 est
1428 4909 1739 4964 Theodosius
1762 4927 1842 4965 re-

247 4987 390 5055 giam
412 4982 602 5045 urbem,
628 4983 897 5055 imaginem
920 4983 1061 5034 illam
1084 4982 1439 5055 venerandam,
1465 4982 1515 5033 in
1536 4997 1633 5047 qua
1649 4992 1842 5055 sancta:

248 5048 400 5107 crant
444 5067 531 5106 sea:
561 5048 747 5121 synodi
782 5052 1018 5119 depictw,
1050 5062 1093 5104 et
1123 5066 1154 5103 α
1183 5048 1475 5117 Philippico
1503 5067 1593 5103 nec
1624 5052 1839 5105 dicendo

248 5126 419 5193 fuerat
451 5124 702 5192 deposita,
734 5123 785 5174 in
815 5124 1026 5193 pristino
1054 5122 1211 5193 erexit
1241 5121 1372 5175 loco.
1404 5128 1744 5176 Amasenus.

335 5202 359 5230 ε
390 5190 700 5261 Imaginem,
728 5190 878 5259 quam
905 5190 1072 5245 ϐιασί
1110 5200 1362 5243 uotaream
1385 5202 1581 5255 vacant,
1610 5204 1713 5244 etc.
1762 5190 1835 5246 Ea

250 5260 541 5317 occasione
570 5264 711 5329 quod
743 5262 1068 5330 l’ttilippicus
1110 5260 1398 5326 imperator
1427 5261 1563 5314 inter
1596 5262 1696 5313 alia
1739 5277 1832 5316 ne-

251 5332 411 5387 fanda
447 5341 656 5386 sanctas
687 5345 736 5385 vt
760 5333 995 5399 synodos
1023 5333 1383 5385 meumeuicas
1408 5330 1663 5398 eltigiatas
1688 5347 1715 5383 a
1740 5346 1830 5400 pa-

250 5404 389 5459 riete
412 5402 592 5455 abradi
626 5401 986 5469 pracepisset.
1022 5401 1134 5453 Bis.
1168 5409 1213 5452 et
1244 5400 1405 5454 Lana.

330 5470 357 5508 ἀ
386 5471 558 5543 Hujus
592 5472 899 5539 temporibus
923 5474 1024 5524 duo
1044 5486 1205 5540 reges,
1240 5481 1342 5525 etc.
1370 5472 1667 5543 Secundum
1694 5471 1835 5525 Con—

257 5544 481 5597 stantini
516 5557 662 5612 papa:
709 5544 1046 5612 pontificatus
1076 5555 1272 5594 annum
1317 5543 1546 5612 maxime
1571 5542 1827 5595 illustrem

254 5613 489 5667 reddidit
551 5610 814 5666 abdicatio
867 5610 1129 5666 Coenredi
1184 5610 1541 5677 Merciorum,
1600 5623 1657 5667 et
1702 5612 1831 5667 Uil‘ze

254 5682 608 5737 Orientalium
665 5682 936 5736 Saxonum
988 5696 1195 5750 regum,
1243 5683 1355 5750 qui,
1408 5684 1584 5749 regnis
1633 5684 1832 5738 relictis

251 5764 470 5822 propter
501 5751 799 5816 Christum,
850 5766 990 5805 anno
1033 5751 1506 5822 septingentesimo
1551 5767 1691 5806 nono
1720 5754 1827 5806 Ro-

251 5821 391 5877 mam
426 5834 816 5893 perrexerunt,
854 5823 939 5875 ubi
974 5822 1344 5877 monachicum
1379 5821 1612 5876 habitum
1646 5825 1829 5878 indue-

257 5906 396 5962 runt,
428 5892 573 5964 'quos
607 5892 670 5946 ad
695 5895 1059 5959 apostolorum
1110 5893 1292 5948 limina
1318 5893 1590 5949 venientes
1638 5894 1825 5948 buma-

1938 3384 1985 3427 et
2013 3384 2215 3443 propter
2239 3374 2590 3443 Evangeltum,
2635 3384 2689 3425 ut
2732 3374 2785 3426 in
2832 3376 2926 3426 hac
2950 3377 3049 3429 vita
3083 3380 3378 3445 centuplum
3427 3397 3512 3433 ac-

1935 3445 2141 3510 ciperet,
2167 3454 2214 3517 et
2242 3445 2295 3517 in
2313 3447 2501 3517 sa‘culo
2528 3456 2737 3517 venturo
2776 3446 2930 3496 vitam
2968 3457 3235 3499 teternam.
3292 3448 3357 3501 Et
3404 3452 3510 3517 ipse

1938 3530 2074 3582 ergo,
2110 3514 2194 3565 ubi
2215 3515 2281 3564 ad
2304 3514 2416 3565 loca
2441 3524 2611 3565 sancta
2635 3513 2847 3565 Romam
2872 3529 3223 3582 peruenerunt,
3256 3513 3512 3583 attonsus,

1937 3594 1983 3635 et
2012 3585 2063 3635 in
2088 3584 2382 3636 monachico
2421 3584 2594 3635 habitu
2642 3584 2792 3634 vitam
2830 3585 3111 3651 complens,
3156 3588 3225 3639 ad
3270 3590 3513 3642 risioncm

1938 3653 2196 3724 beatorum
2222 3653 2567 3724 apostolorum
2607 3654 2655 3704 in
2684 3654 2821 3706 caelis
2844 3655 2933 3705 diu
2963 3656 3306 3708 desideratam
3338 3675 3513 3724 perve-

1938 3732 2029 3795 i_nt.
2058 3722 2271 3795 Paulus.
2296 3721 2569 3795 —_Ilujus
2592 3723 2899 3795 teinpuribus
2922 3727 3025 3777 duo
3052 3742 3192 3795 reges
3215 3721 3507 3783 Saxonum.

1940 3792 2073 3845 Dum
2126 3793 2307 3845 Audax
2362 3792 2629 3845 Ravenna:
2660 3792 3503 3861 archiepiscopusdamnabilem

1942 3861 2569 3933 aﬂectabatglibertatem
2617 3862 3042 3929 ajurisdictione
3095 3878 3291 3919 sancta:
3342 3868 3505 3933 sedis,

1940 3931 2045 4005 duo
2090 3931 2354 4005 principes
2403 3933 2520 4005 laici
2556 3942 2819 3987 venerunt
2864 3934 3112 3998 Romam,
3165 3946 3219 3987 ut
3250 3952 3350 4003 qua
3380 3931 3509 4005 legi-

1944 4002 2068 4075 time
2100 4000 2379 4075 utebantur
2406 4002 2671 4075 libertate,
2696 4018 2814 4056 eam
2842 4015 3123 4075 exuerent,
3147 4000 3508 4075 olTerreiittlite

1941 4070 2332 4142 Cbristo_Jesu,
2378 4085 2559 4142 coram
2604 4074 2799 4123 vicario
2838 4073 2955 4140 ejus
2981 4090 3190 4127 summo
3240 4070 3505 4142 muniﬁce.

1944 4140 2250 4193 Coeuredus
2278 4141 2483 4193 scilicet
2521 4154 2612 4193 rex
2655 4142 2988 4205 Merciorum,
3032 4154 3085 4197 et
3111 4140 3505 4199 UlTa'Urienta-

1946 4209 2069 4261 lium
2102 4209 2371 4264 Samnium
2414 4210 2683 4277 princeps,
2732 4210 2999 4278 Evangelii
3046 4224 3368 4277 prmeeptum
3426 4230 3512 4267 sc-

1944 4280 2076 4343 cuti,
2129 4294 2354 4332 eoronas
2407 4290 2458 4333 et
2502 4294 2663 4347 regna
2716 4279 2871 4345 bujus
2920 4283 3102 4335 mundi
3155 4284 3507 4349 reliquerunt,

1946 4351 2146 4402 coalein
2178 4350 2433 4402 duntaxat
2481 4364 2646 4416 regno
2696 4350 2996 4413 inhiantes;
3051 4366 3113 4405 ae
3144 4353 3364 4418 proinde
3397 4356 3505 4405 llo-

1949 4434 2089 4471 mam
2121 4420 2489 4485 adventantes,
2532 4420 2894 4486 apostolorum
2942 4423 3202 4489 sepulcris
3252 4423 3506 4476 inservie-

1948 4497 2088 4551 ruut,
2124 4490 2301 4557 ibique
2325 4490 2461 4541 diem
2494 4504 2645 4543 suum
2675 4501 2856 4543 sancte
2878 4490 3127 4545 obierunt
3156 4492 3509 4545 Constantino

1951 4560 2215 4624 pontilice,
2252 4561 2341 4627 qui
2376 4558 2485 4611 Deo
2531 4559 2757 4613 reddidit
2786 4561 3029 4628 gloriam,
3082 4571 3192 4614 tum
3238 4562 3304 4614 de
3338 4572 3509 4614 tantoa

1952 4643 2067 4681 rum
2096 4629 2391 4696 principum
2424 4628 2770 4682 conversione
2792 4668 2807 4692 ,
2862 4639 2969 4682 tum
2999 4631 3064 4682 de
3116 4630 3321 4683 honore
3351 4647 3511 4697 quem

1878 4687 1923 4743 Ι)
1949 4687 2128 4768 sancta
2166 4687 2319 4750 sedes
2354 4699 2473 4751 inde
2496 4687 2809 4765 accipiebat.
2860 4699 3219 4753 Constantinus
3240 4687 3391 4768 papa,
3437 4702 3513 4753 ait

1948 4766 2108 4827 Beda,
2134 4768 2356 4835 gaudens
2381 4784 2484 4839 eos,
2520 4771 2729 4839 terrenis
2759 4772 2929 4839 regnis
2956 4772 3220 4831 abdicatis,
3242 4766 3413 4821 'Petro
3432 4771 3512 4837 pi-

1942 4838 2128 4890 scatori
2150 4839 2390 4891 inservire
2410 4836 2537 4906 (Ep.
2580 4850 2624 4891 et
2653 4837 2767 4891 libr.
2799 4836 2827 4892 v
2873 4839 3037 4903 Ilist.,
3065 4856 3180 4906 Cap.
3225 4840 3341 4907 2U).
3370 4836 3512 4891 Stiu-

1942 4922 2091 4960 Ill-2R.

2018 4987 2041 5013 ε
2062 4978 2333 5030 Altercarit
2352 4992 2460 5030 vero
2482 4982 2527 5028 et
2552 4993 2641 5043 pro
2667 4976 2891 5030 Ecclesia
2907 4976 3181 5030 Ticinensi.
3203 4976 3514 5030 Ordinatio-

1945 5061 2061 5098 nem
2093 5047 2389 5101 Ticineusis
2420 5047 2654 5114 episc0pi
2686 5046 2752 5099 ad
2780 5049 3060 5102 Mediolani
3112 5047 3505 5112 metrOpolitatn

1948 5118 2234 5184 antiquitus
2263 5117 2605 5184 spectavisse,
2630 5118 2735 5169 duo
2758 5119 3023 5185 exempla,
3054 5132 3277 5185 quorum
3311 5117 3507 5169 etiam-

1948 5202 2068 5239 num
2099 5188 2353 5241 memoria
2399 5196 2673 5253 superest,
2724 5188 2793 5240 ita
2835 5188 3037 5253 liquido
3089 5188 3397 5248 oswttdunt,
3453 5198 3513 5241 ut

1948 5270 2221 5324 perperam
2251 5256 2450 5310 scribat
2483 5254 2729 5322 Sigonius
2758 5256 2860 5321 (De
2888 5254 3065 5327 Regna
3098 5256 3285 5318 ltuliw,
3320 5256 3385 5327 ad
3417 5271 3512 5307 au-

1946 5327 2238 5395 nuiii715),
2284 5327 2625 5381 Benedictum
2658 5325 3104 5381 lllediolanensem
3154 5325 3511 5391 archiepisco-

1946 5410 2067 5464 pum
2120 5398 2241 5450 novi
2273 5397 2493 5465 parandi
2520 5397 2656 5464 juris
2698 5413 2877 5460 causa,
2928 5396 3222 5450 Ticiuensis
3269 5398 3509 5462 episcopi

1944 5468 2400 5522 consecrationem
2431 5468 2495 5519 ad
2528 5482 2586 5521 se
2631 5467 2907 5520 traducere
2954 5468 3223 5529 voluisse;
3276 5467 3368 5519 sed
3415 5466 3508 5518 ad-

1945 5538 2277 5593 versantibus
2297 5538 2544 5591 omnibus
2565 5538 2838 5590 vetuStatis
2863 5540 3143 5602 exemplis,
3172 5538 3361 5589 victum
3384 5535 3509 5587 abs.

1937 5610 2182 5662 cessisse.
2217 5609 2518 5663 Desumitur
2550 5612 2775 5676 primum
2806 5608 3107 5676 exemplum
3150 5623 3179 5661 a
3210 5608 3347 5659 laeto
3383 5620 3511 5656 san-

1937 5680 2003 5731 cti
2032 5680 2262 5747 Crispini
2296 5679 2528 5747 episcopi
2558 5678 2877 5741 'l‘icinensis,
2930 5680 3043 5746 qui,
3093 5687 3249 5729 astate
3280 5678 3510 5747 tractus,

1936 5748 2076 5802 diem
2109 5746 2447 5803 resolutionis
2484 5761 2813 5816 Cognosceus
2853 5749 3077 5815 instare,
3102 5755 3345 5799 sanctum
3380 5746 3509 5813 Epi-

1939 5819 2185 5886 pbattium
2218 5822 2435 5874 adduxit
2464 5820 2528 5871 ad
2562 5819 3006 5873 Mediolauensem
3040 5819 3353 5881 antistitem,
3380 5831 3505 5867 eum

1940 5905 2121 5957 orans,
2175 5897 2229 5945 ut
2259 5897 2539 5961 postquam
2591 5892 2656 5943 ab
2706 5890 2948 5944 humanis
2981 5889 3343 5958 excessisset,
3387 5886 3506 5957 κρι-
