4172 6582
206 459 310 512 ΓΖῑὸ

1219 466 1482 518 ΝΗἩΤΗ
1530 467 1587 518 IN
1631 467 2150 522 (LONS'I‘AN'HNIIU
2198 471 2438 523 l’.\l'.\.\l.
3341 477 3433 523 .37.:

3341 501 3440 529 φη

203 591 388 626 secum
422 589 626 628 sacram
671 578 935 630 Anas'asii
983 581 1254 646 principis,
1310 599 1400 649 per
1449 598 1600 648 quam
1636 599 1768 634 μένω
1800 592 1843 646 Α
1877 586 1946 634 cit
1974 587 2364 637 ordinatiotnztn
2412 602 2586 646 Uttatlt,
2625 589 2957 654 prcsliﬁetos
3007 593 3207 654 decem,
3254 592 3442 643 disin-

200 680 260 717 se
293 665 603 719 orthodoxa:
636 667 754 719 lidei
781 668 1180 734 praedicatorem
1213 681 1264 723 et
1286 674 1452 724 sancti
1483 673 1620 724 sexti
1644 689 1770 726 con-

200 759 307 808 t-ilii
342 758 700 811 confessorem
732 774 850 813 eSse
880 761 1125 814 omnibus
1164 763 1474 824 declaravit,
1531 779 1686 829 quam
1719 774 1771 815 et

203 850 442 912 pontilici
483 851 688 913 obtulit,
713 859 765 904 et
796 853 860 901 ita
895 853 1126 918 perrexit
1155 852 1477 904 Ravennam.
1515 852 1642 904 Dum
1679 867 1771 904 au-

203 948 314 990 tem
369 940 483 993 haec
532 953 860 1006 gererentur,
913 943 1140 994 obtinuit
1200 944 1384 995 l'ctrtts
1440 945 1448 970 '
1499 943 1768 1006 ducatum,

199 1031 520 1091 promittens
552 1032 569 1058 ‘
595 1029 732 1097 quod
765 1031 892 1083 nulli
925 1031 1196 1083 adversari
1231 1031 1505 1083 niteretur.
1560 1029 1653 1082 llic
1698 1029 1770 1082 l'e-

1878 692 1973 726 nos
2004 676 2154 736 duos,
2191 678 2470 743 episcopos
2504 693 2593 742 per
2636 678 2842 731 diversa
2876 680 2986 732 loca
3021 697 3242 733 numero
3286 699 3440 734 sexa-

1874 764 2015 826 ginta
2048 776 2291 831 quatuor.
2337 766 2354 794 ³
2387 765 2482 830 Qui
2533 769 2690 817 etiam
2731 771 2968 836 sepultus
3000 779 3080 822 est
3107 772 3171 822 ad
3223 774 3435 826 beatum

1880 849 2088 902 l’etrum
2145 856 2444 918 apo~tolnm
2492 870 2520 905 ν
2571 853 2689 906 ldus
2743 859 2958 921 Aprilis,
3019 858 3303 913 indictione
3353 862 3438 924 13,

1877 943 2158 994 Anastasio
2191 944 2446 1008 Augusto,
2482 955 2532 996 et
2558 945 2784 996 cessavit
2813 948 3146 1014 episcopatus
3175 947 3288 1002 dies
3313 964 3438 1014 qua-

1876 1033 2133 1100 draginta.

1404 1161 1784 1215 \‘AlllANTES
1825 1163 2213 1243 Ltze'rtonss.

271 1285 282 1312 ²
317 1283 449 1334 Cod.
489 1283 636 1341 Luc...
682 1281 920 1331 ducatum
955 1279 1121 1332 Urbis.

265 1350 284 1376 ¹
315 1350 448 1405 Cod.
475 1351 625 1412 Lttc.,
650 1351 781 1416 quod
807 1366 1120 1420 nequaquam
1145 1352 1276 1400 ultra
1306 1350 1475 1408 flatu;
1504 1348 1596 1410 :i|.,
1622 1350 1754 1413 quod

1875 1295 2186 1344 Nequaquam
2206 1282 2410 1328 adversa
2425 1282 2675 1330 retineret.

1938 1349 1955 1375 ³
1991 1348 2042 1398 ltt
2065 1348 2130 1398 al.
2164 1349 2261 1408 Qui
2285 1350 2548 1398 etinnt.....
2582 1350 2818 1406 crssa'il,‘
2848 1351 3032 1397 desunt
3061 1351 3259 1401 omnia.

1511 1478 1860 1532 VAIlIUIHIM
1905 1477 2131 1529 ΝΟΤᾹΞ.

197 1609 342 1649 terea
376 1595 542 1647 visum
570 1601 651 1645 est
686 1601 737 1642 ut
763 1607 862 1658 qua
899 1593 1174 1644 occasione
1206 1592 1496 1656 patriarcha
1529 1589 1757 1654 Cpnlcos

197 1666 444 1718 mittebat
485 1677 632 1714 suam
677 1662 977 1729 synodicatn
1011 1660 1246 1712 Itnntano
1289 1658 1758 1726 pontilici,‘eidem

200 1738 516 1786 adiici-teret
556 1746 670 1796 qua:
701 1732 832 1781 facta
867 1739 1016 1781 crant
1057 1731 1308 1780 adversus
1338 1729 1644 1794 religionem
1678 1737 1760 1793 ty-

198 1804 438 1854 rannidis
472 1811 726 1864 tempore.
760 1799 885 1849 Cum
917 1800 958 1848 ei
997 1802 1066 1848 ita
1093 1800 1252 1849 risum
1294 1806 1442 1857 e~set,
1478 1807 1522 1848 et
1553 1813 1762 1848 consen-

192 1875 362 1934 sisset,
391 1873 536 1936 facta:
558 1877 668 1920 sunt
695 1868 870 1918 litterte
891 1869 1193 1933 defensionis
1219 1884 1246 1917 (ι
1269 1868 1585 1918 sanctissimo
1610 1866 1763 1936 hujus

193 1935 411 1994 cii-itatis
437 1939 672 2002 pontiﬁce
687 1938 886 1988 Joanne
909 1939 973 1987 ad
993 1937 1373 1988 Constantinum
1393 1935 1764 1986 sanctissimum

194 2023 238 2061 rt
270 2010 616 2062 beatissimum
647 2023 830 2073 papam
859 2007 1028 2056 Ilornrv
1051 2008 1241 2056 veteris.
1271 2008 1393 2063 Utta:
1419 2005 1622 2070 quidem
1653 2021 1765 2055 cunt

192 2079 529 2146 synodalibus
551 2078 612 2126 de
641 2093 773 2126 more
805 2076 956 2126 missa
989 2085 1104 2125 sunt
1131 2076 1331 2146 litteris.
1367 2073 1492 2146 Quae
1515 2073 1575 2123 de
1603 2077 1767 2146 omni-

194 2143 284 2200 bus
313 2150 453 2214 prius
476 2147 697 2208 scrip.‘is,
723 2153 773 2194 ut
804 2161 896 2210 par
919 2153 1046 2206 erat,
1070 2161 1179 2193 eum
1209 2143 1480 2194 reddebant
1508 2144 1767 2214 certiorem

195 2212 409 2282 (Agat/1.
451 2217 580 2266 diae.
616 2215 780 2280 epil.).
824 2214 1013 2264 Earum
1053 2229 1177 2264 vero
1219 2213 1509 2264 litterarum
1544 2212 1765 2278 patriar-

192 2276 310 2338 cuii,-
339 2285 559 2337 .Ioannis
593 2276 823 2334 notabile
885 2284 1088 2333 initium
1122 2292 1219 2344 est,
1253 2282 1445 2348 quippe
1475 2276 1762 2348 compara-

195 2358 393 2407 tionem
429 2369 517 2416 pra
539 2353 701 2404 selert
731 2351 868 2404 unde
893 2353 1143 2418 quidquid
1177 2367 1306 2418 papa
1338 2361 1417 2402 est
1445 2351 1494 2401 in
1525 2352 1760 2402 licclesia

194 2425 494 2477 luculenter
537 2422 876 2485 agnoscitur:
907 2419 1045 2488 Ipse,
1081 2425 1242 2473 verba
1261 2421 1566 2471 earumdem
1616 2430 1755 2481 sunt,

193 2504 396 2544 natura:
434 2501 622 2542 nostra:
663 2491 877 2555 Upifex,
917 2506 1028 2541 cum
1073 2505 1162 2541 suo
1201 2489 1420 2552 arti/icio
1453 2497 1672 2538 curasset
1709 2499 1759 2537 ut

193 2573 344 2630 caput
379 2563 468 2612 toti
494 2561 694 2625 corpori
725 2562 1084 2626 pi'tr/iceretur,
1116 2560 1166 2609 in
1197 2574 1252 2608 eo
1293 2559 1550 2630 collocatis
1577 2560 1760 2624 prwciv

193 2634 308 2698 pnis
353 2647 588 2682 sensuum
632 2631 997 2688 instrumentis,
1040 2643 1237 2679 onmem
1267 2629 1575 2698 reliquorum
1607 2643 1762 2698 mem-

193 2696 402 2752 brorum
458 2700 727 2750 motionem
781 2706 826 2749 et
863 2698 1218 2763 perfectionem
1259 2698 1401 2748 illinc
1448 2697 1568 2747 oriri
1622 2696 1758 2760 fecit,

192 2780 239 2823 et
270 2770 598 2829 Conseri-ari;
630 2779 674 2818 it
703 2770 743 2819 si
773 2768 980 2833 aliquod
1021 2767 1286 2833 contigerit
1328 2781 1502 2817 eorum
1544 2764 1756 2830 offendi,

191 2849 276 2891 aut
303 2839 479 2906 aliquo
522 2836 840 2888 incommodo
872 2836 1017 2903 offici,
1049 2838 1342 2906 nonrlevem
1373 2849 1546 2886 corum
1587 2848 1760 2906 curant

191 2925 220 2959 a
244 2925 296 2960 se
319 2905 592 2976 gerendam
629 2922 732 2957 esse
774 2911 971 2976 statuit,
999 2905 1261 2976 sedctt'am
1303 2906 1545 2955 adversus
1583 2905 1762 2976 ultima

191 2973 416 3028 membra
454 2977 736 3026 naturalem
762 2975 1020 3040 offendens
1045 2973 1362 3039 a/fectionem
1403 2982 1449 3024 et
1473 2973 1762 3024 consensio-

192 3062 325 3110 nem,
367 3061 456 3109 per
485 3060 724 3095 manuum
767 3046 1098 3096 ministerium
1138 3045 1295 3095 ductu
1335 3043 1599 3094 oculorum
1619 3053 1760 3094 curat

189 3117 324 3179 quod
349 3115 634 3181 laborabat.
680 3113 777 3166 llis
799 3124 1013 3166 vestrum
1034 3129 1231 3181 quoque
1269 3111 1607 3178 apostolicum
1631 3128 1758 3176 pon—

191 3187 438 3251 tificatum
475 3178 771 3248 comparare
810 3178 1096 3249 possumus,
1140 3178 1167 3232 o
1207 3182 1504 3232 sanctissimi
1539 3191 1583 3231 et
1606 3181 1756 3232 Chri-

189 3257 340 3306 stiani
380 3253 652 3305 sacerdotii
675 3263 843 3319 caput,
869 3269 952 3304 vos
986 3253 1223 3302 canonice
1245 3260 1555 3318 reputantes,
1580 3251 1757 3301 merito

190 3340 279 3388 per
310 3339 402 3376 vos
424 3325 692 3387 quterimus
715 3323 1050 3389 azgritudinis,
1080 3337 1190 3386 qua:
1230 3321 1564 3372 ecclesiastico
1587 3331 1757 3370 nostro

188 3395 370 3444 accidit
399 3391 618 3458 corpori,
658 3407 688 3442 α
716 3393 962 3457 pestilenti
985 3403 1030 3444 et
1054 3391 1265 3443 exitiosa
1286 3390 1466 3440 animis
1491 3390 1757 3455 tyrannica

188 3472 438 3528 potestate
466 3462 686 3527 accipere
727 3461 984 3513 solatium.
1013 3462 1229 3512 Umnino
1269 3462 1400 3510 enim
1433 3474 1518 3528 vos
1537 3474 1754 3524 quoque,

189 3527 239 3581 ut
281 3543 353 3582 est
402 3531 661 3597 proprium
701 3530 917 3596 capitis,
961 3546 1052 3582 nos
1098 3530 1435 3580 involuntarie
1474 3527 1758 3580 laborantes

188 3602 399 3652 minime
424 3601 728 3664 despicietis,
753 3615 910 3666 neque
947 3617 976 3651 a
1011 3601 1273 3667 caugenita
1313 3615 1370 3649 ac
1410 3599 1594 3648 coalita
1629 3613 1754 3649 con-

181 3671 452 3735 junctione
477 3685 563 3720 nos
592 3669 1044 3722 amandabitis.....
1069 3681 1113 3721 et
1137 3669 1351 3718 maxime
1371 3667 1576 3730 quando
1617 3683 1755 3717 mor-

189 3739 276 3789 bus
312 3755 342 3789 a
362 3737 520 3804 culpa
543 3737 769 3804 corporis
809 3754 909 3788 non
949 3747 1017 3790 est
1044 3739 1316 3803 profectus,
1341 3738 1426 3786 sed
1451 3737 1756 3787 extrinsecus

186 3824 214 3857 a
237 3809 460 3859 violenta
501 3817 544 3858 et
571 3807 833 3871 inopinata
875 3808 1164 3859 calamitate
1189 3808 1286 3874 fuit
1326 3806 1552 3871 effectus.
1580 3805 1755 3871 (Joan.

189 3877 336 3943 (Ipol.
361 3893 447 3946 ep.
471 3878 536 3928 ad
560 3877 729 3946 Const.
757 3874 906 3944 Pp.).
932 3880 1060 3942 Quae
1084 3887 1200 3942 post
1225 3879 1441 3943 exponit
1465 3876 1760 3946 perniciosa

192 3944 400 4012 tyranni
431 3949 588 4011 eique
631 3945 1014 3998 adlizerentium
1044 3945 1289 4009 consilia,
1319 3959 1437 4010 qua:
1483 3959 1647 4011 usque
1692 3944 1756 3996 ad

191 4014 627 4068 Chalcedonense
694 4015 1010 4067 abolendum
1078 4015 1359 4068 concilium
1411 4013 1756 4077 devenerant,

187 4083 309 4136 dum
354 4094 564 4136 sextum
609 4085 1015 4148 meumenicntn,
1045 4083 1183 4151 quod
1237 4083 1362 4135 illud
1412 4083 1760 4136 conﬁrmabat

187 4154 609 4220 sosdnebatquc,
657 4157 1161 4216 condemnavcrant,
1194 4155 1395 4206 nullum
1448 4168 1552 4203 non
1585 4160 1762 4204 movet

188 4222 416 4290 lapidem
466 4232 523 4274 ut
561 4223 681 4274 illos
727 4233 964 4287 excuset,
1010 4226 1119 4290 qui,
1164 4222 1465 4276 neceSsitati
1509 4222 1760 4290 temporis

187 4289 301 4345 sese
327 4293 816 4355 accommodantes,
848 4289 1115 4359 aliquaex
1140 4301 1288 4360 parte
1319 4305 1521 4343 morem
1564 4289 1613 4341 ei
1640 4305 1759 4356 ges-

186 4361 317 4413 sisse
361 4360 696 4420 ridebantur,
737 4361 825 4429 qui
875 4375 1140 4414 armorum
1175 4363 1254 4426 vi,
1290 4361 1367 4413 uti
1398 4369 1623 4429 poterat,
1655 4360 1758 4412 etsi

187 4429 257 4480 illi
299 4445 456 4484 secus
483 4443 542 4482 se
568 4428 879 4498 gessissent,
909 4430 1066 4483 linem
1113 4431 1272 4484 rebus
1305 4431 1469 4495 magis
1511 4428 1759 4494 deplora-

187 4498 345 4552 bilem
375 4499 664 4552 attulisset.
709 4501 1027 4552 Sanctorum
1076 4501 1278 4568 aliquot
1308 4499 1522 4552 Patrum
1571 4513 1754 4551 exem-

1867 1599 2068 1655 nrgente
2121 1598 2407 1653 tempestate
2458 1591 2574 1639 dato
2617 1590 2951 1654 jurejurando
2991 1589 3346 1654 satisfecimns,
3394 1596 3443 1644 ci

1864 1675 2042 1723 puram
2069 1675 2178 1721 qua:
2216 1661 2356 1710 nobis
2397 1661 2554 1709 inerat
2581 1662 2629 1708 in
2655 1659 2993 1709 orthodoram
3018 1659 3171 1724 fidem
3204 1660 3434 1723 a/Tectio-

1867 1744 1977 1776 nent
2021 1730 2298 1790 aperientes
2327 1728 2533 1791 (Ibid).
2570 1730 2630 1779 Et
2661 1728 2992 1792 prosequitur
3024 1742 3081 1778 se
3113 1737 3165 1779 et
3195 1743 3317 1780 suos
3344 1746 3436 1784 es-

1866 1811 2057 1848 cusans
2087 1817 2093 1845 :
2131 1796 2238 1846 Viri
2263 1798 2476 1847 motibus
2501 1814 2768 1862 parumper
2808 1798 3083 1846 cedendum
3111 1813 3214 1848 esse
3238 1805 3435 1852 censui-

1869 1881 2001 1922 mus.
2033 1877 2084 1915 ut
2110 1867 2159 1916 in
2184 1866 2242 1915 iis
2270 1882 2381 1927 quae
2402 1876 2516 1918 sunt
2544 1867 2818 1931 pt'tl’ciptta,
2843 1867 2884 1915 si
2928 1882 3026 1917 non
3051 1868 3231 1927 verbis,
3257 1877 3308 1919 at
3329 1886 3443 1922 sen-

1877 1937 2041 1986 tentiis
2085 1937 2323 1986 inviolata
2345 1938 2463 2001 ﬁdei
2483 1946 2764 1986 seri-aretur
2785 1935 3100 1998 confessio...
3130 1935 3256 1986 lltec
3277 1948 3444 1989 autem

1875 2008 2107 2065 (lit-imus,
2142 2022 2241 2055 non
2273 2015 2323 2054 ut
2347 2008 2432 2068 qui
2454 2007 2661 2056 velimus
2687 2017 2898 2056 evertere
2919 2022 3057 2054 voces
3078 2007 3184 2074 jam
3208 2010 3446 2074 synodico"

1875 2076 2143 2139 definitas,
2198 2091 2421 2140 quasque
2476 2076 2703 2124 universa
2748 2075 2838 2123 Dei
2883 2074 3105 2124 Ecclesia
3145 2073 3296 2143 longo
3337 2079 3443 2141 jam

1875 2150 2096 2207 tempore
2127 2153 2196 2194 est
2232 2145 2480 2209 confessa,
2508 2158 2686 2208 nempe
2711 2143 2876 2192 dicere
2918 2144 2966 2192 in
2990 2144 3227 2208 mysterio
3254 2144 3444 2197 Christi

1873 2211 2250 2263 lncnrnatinnis
2289 2228 2349 2263 επ
2371 2214 2454 2278 pia
2487 2221 2530 2262 et
2555 2213 2739 2262 sanctis
2762 2211 3001 2264 l‘atribus
3033 2212 3233 2276 cognita
3257 2214 3441 2266 intelli-

1869 2283 2035 2348 gentia
2078 2289 2205 2332 auus
2249 2283 2503 2331 naturales
2546 2283 2863 2343 voluntates,
2912 2292 2957 2331 et
3003 2282 3130 2331 duas
3178 2287 3438 2336 naturales

1873 2352 2250 2412 operationes...
2291 2350 2501 2401 Voleudi
2531 2352 2661 2402 enim
2690 2361 2734 2401 et
2761 2351 3006 2417 aperandi
3037 2360 3276 2412 potestate
3307 2370 3440 2416 prte-

1869 2422 2029 2470 ditum
2067 2423 2116 2470 in
2141 2423 2300 2471 altera
2328 2430 2510 2469 natura
2554 2419 2718 2470 dicere
2757 2437 2859 2471 esse
2885 2419 3168 2480 Christum,
3196 2421 3324 2471 niltil
3366 2435 3436 2474 est

1867 2487 2010 2538 aliud
2041 2505 2186 2553 quam
2214 2490 2489 2554 intelligere
2510 2490 2636 2538 duas
2665 2491 2922 2539 naturales
2943 2489 3226 2540 roluntates
3249 2501 3292 2540 et
3316 2494 3442 2543 ilnns

1869 2559 2122 2608 naturales
2155 2568 2472 2623 Operattones
2500 2557 2569 2625 (lt
2589 2559 2707 2624 ἰώ).
2746 2557 2919 2621 Pergit
2945 2559 3193 2610 Fet-Iesus:
3219 2559 3440 2612 felicita-

1872 2635 1974 2678 tem
2022 2641 2369 2696 exaggerans,
2398 2643 2516 2693 qua:
2565 2629 2937 2694 imperatorem
2971 2627 3290 2680 catholicum
3322 2646 3435 2682 sor-

1869 2698 1957 2746 tita
1992 2708 2125 2758 erat,
2157 2697 2438 2763 studioque
2483 2696 2690 2748 ardenti
2724 2699 3031 2762 ﬂagrantem
3075 2711 3196 2763 erga
3247 2699 3436 2751 bonatn

1867 2780 2077 2817 causam
2103 2783 2117 2827 ;
2148 2765 2338 2817 deinde
2385 2780 2671 2818 conversus
2717 2766 2780 2817 ad
2825 2774 3066 2818 sanctum
3099 2768 3434 2832 pontilieent:

1878 2832 1974 2885 Vos
1996 2849 2134 2902 ergo,
2161 2835 2348 2899 inquit,
2385 2850 2412 2885 ο
2435 2850 2636 2885 sacrum
2662 2846 2833 2903 caput,
2860 2835 3089 2902 benigna:
3112 2837 3443 2890 invorationis

1867 2905 2007 2955 nobis
2032 2920 2239 2954 manum.
2255 2905 2586 2972 porrigentes,
2616 2906 2727 2955 tuiti
2766 2914 2997 2956 contactu
3027 2916 3318 2957 mutuarum
3361 2911 3445 2959 lit-

1867 2984 2085 3024 terarum
2111 2989 2171 3025 ex
2195 2987 2334 3023 more
2358 2973 2730 3036 Ecclesiastico,
2761 2974 3228 3041 antisynodicorum
3251 2976 3441 3030 scilicet

1865 3045 2235 3108 apostolorum,
2267 3044 2530 3094 charitatis
2571 3043 2853 3095 adhibealis
2877 3045 3438 3099 medicamentum......

1867 3110 2067 3164 Etenim
2101 3128 2214 3164 cum
2255 3113 2364 3164 sitis
2388 3114 2525 3181 illius
2551 3114 2794 3179 discipuli
2840 3124 2885 3165 et
2908 3129 3220 3166 successores
3243 3118 3328 3181 qui
3349 3133 3442 3169 au-

1865 3182 1959 3232 diit
1989 3201 2017 3233 a
2041 3182 2259 3234 Domino
2282 3197 2299 3234 :
2332 3200 2347 3230 ι
2374 3180 2484 3248 Ego
2511 3184 2662 3233 etiam
2686 3182 2860 3251 ragaci
2887 3199 2978 3249 pro
3005 3190 3070 3244 te,
3101 3193 3231 3246 etc.,
3256 3180 3444 3238 debetis

1863 3252 2066 3318 quidem
2108 3253 2374 3320 diligenter
2430 3251 2668 3305 inducere
2710 3268 2822 3318 qute
2851 3252 3071 3317 fulciunt
3102 3263 3146 3304 et
3177 3255 3442 3306 stabiliunt

1861 3322 1927 3370 ad
1953 3322 2330 3384 correctionem,
2355 3322 2636 3389 promptius
2667 3327 2816 3391 etiam
2838 3323 3029 3373 donare
3048 3338 3163 3391 qua:
3188 3333 3305 3376 sunt
3334 3326 3435 3377 cle-

1861 3392 2039 3442 mentis
2075 3391 2232 3441 animi
2267 3401 2311 3441 et
2349 3391 2684 3442 misericordis
2710 3390 2922 3457 (Ibid).
2967 3392 3279 3458 llnjusntodi
3317 3408 3443 3447 vero

1863 3475 2046 3524 preces
2092 3460 2316 3512 Aaronis
2357 3462 2604 3525 exemplo
2632 3475 2660 3512 a
2690 3461 2853 3513 fratre
2904 3461 3212 3527 reprehensi
3260 3461 3440 3516 fulcit;

1861 3531 2031 3579 Aaron
2074 3531 2225 3593 enim,
2267 3529 2436 3591 aiens,
2488 3531 2596 3593 ille,
2642 3546 2756 3581 cum
2800 3532 2954 3597 prisci
2998 3533 3174 3597 pepuli
3214 3533 3439 3584 cessisset

1860 3599 2087 3663 impetui,
2133 3609 2180 3649 et
2210 3600 2278 3648 ad
2303 3599 2499 3650 idolum
2540 3599 2893 3666 fabricandum
2919 3601 2989 3651 eis
3013 3603 3189 3667 fuisset
3218 3601 3440 3654 admini-

1858 3678 1981 3730 ster,
2010 3684 2039 3718 a
2063 3669 2216 3735 fratre
2256 3669 2352 3735 fuit
2393 3670 2597 3729 quidem
2637 3670 3005 3735 reprehensus;
3044 3673 3133 3722 sed
3159 3686 3270 3721 cum
3300 3686 3350 3721 se
3391 3673 3441 3722 id

1860 3753 1946 3801 per
1987 3740 2085 3789 vim
2125 3748 2352 3789 coactum
2401 3738 2578 3801 fecisse
2621 3740 2674 3790 in
2713 3754 2806 3790 sua
2838 3748 3080 3790 assereret
3125 3741 3438 3806 defensione,

1863 3806 2058 3857 nullam
2103 3823 2132 3856 a
2172 3806 2276 3858 Deo
2318 3808 2501 3872 accipit
2542 3809 2968 3872 increpationem,
3018 3825 3176 3875 neque
3215 3813 3442 3876 privatur

1861 3879 2108 3943 dignitate
2131 3877 2454 3942 pontiﬁcatus
2480 3876 2916 3944 (lbid.).Tantam
2944 3880 3174 3944 pontifex
3201 3879 3438 3931 Imtitiant

1860 3945 1926 3997 de
1958 3945 2140 4011 Optimi
2172 3944 2509 4012 imperatoris
2537 3947 2796 3998 electione
2826 3950 3096 4014 concepit,
3133 3956 3189 4000 ut
3218 3949 3284 3999 ad
3315 3963 3435 4000 eum

1859 4017 2040 4066 Statim
2062 4015 2265 4066 miserit
2287 4015 2592 4068 Micliaelem
2620 4016 2983 4084 presbyterum
3007 4017 3432 4082 apocrisiarium,

1861 4098 1952 4135 seu
1991 4085 2310 4136 residentem
2355 4087 2493 4150 apud
2537 4087 2711 4137 aulam
2753 4101 2873 4137 cum
2906 4085 3159 4138 facultate
3192 4087 3433 4139 reconci-

1863 4153 2022 4204 liandi
2060 4154 2311 4206 Ecclesia:
2350 4169 2535 4207 omnes
2576 4157 2855 4221 episcopos
2895 4167 3053 4222 atque
3095 4155 3228 4208 alios
3259 4156 3430 4208 eccle-

1861 4222 2104 4274 siasticos
2151 4227 2488 4290 pmnitentes,
2539 4240 2670 4289 quos
2723 4225 2879 4276 timor
2929 4227 3136 4292 tyranni
3183 4225 3436 4277 Dardanis

1861 4293 1997 4344 sexti
2042 4293 2253 4344 concilii
2285 4293 2611 4345 damnationi
2639 4294 2702 4344 ad
2734 4295 3181 4346 subscribendum
3212 4309 3432 4360 compn-

1861 4361 2015 4423 lerat,
2047 4372 2102 4412 ut
2135 4362 2389 4415 Baronius
2419 4362 2593 4425 docet,
2625 4379 2688 4416 ex
2719 4363 3067 4430 1‘lie0pliane,
3098 4364 3162 4416 ad
3193 4378 3280 4416 an.
3310 4363 3432 4416 ’Μῦς

1861 4431 2217 4483 Constantinus
2258 4447 2394 4499 papa
2414 4432 2737 4484 Anastaium
2785 4431 3170 4484 incatholicam
3209 4449 3436 4484 commn-

1863 4501 2062 4552 nionem
2100 4511 2358 4567 acceptum
2395 4501 2448 4552 in
2487 4501 3112 4572 albumprthodozorutu
3151 4504 3432 4572 imperato-

187 4569 287 4633 plis
315 4568 562 4640 inhaeret,
588 4570 859 4640 Deumque
899 4570 1068 4638 ipsum
1100 4557 1210 4623 tuin
1239 4585 1370 4640 suze,
1399 4579 1508 4620 tum
1539 4569 1751 4640 confra-
1787 4557 1832 4614 Ι)
1859 4585 1996 4635 rum,
2037 4587 2136 4639 quo
2175 4557 2267 4637 pio
2307 4585 2366 4622 eo
2404 4573 2634 4623 universa
2669 4570 2898 4623 Ecclesia
2946 4582 3199 4636 exoraret,
3223 4557 3436 4640 'referre

187 4645 320 4688 trum
365 4635 677 4690 intentionis
723 4635 932 4692 testem'
960 4641 1206 4705 appellat.
1272 4639 1405 4700 Quin
1444 4639 1591 4689 etiam
1616 4675 1630 4697 ,
1672 4637 1752 4688 in-

184 4707 390 4770 quiens,
429 4706 558 4757 inter
600 4705 829 4759 homines
865 4709 1198 4760 sanctissima:
1239 4719 1414 4760 uestra
1452 4708 1584 4759 sedis
1627 4708 1746 4758 reli-

183 4775 350 4840 giosus
386 4777 772 4842 apocrisiarius,
795 4777 880 4845 qui
914 4777 996 4830 hic
1030 4778 1155 4848 agit,
1180 4779 1258 4830 cui
1293 4792 1383 4829 nos
1405 4779 1497 4828 hoc
1533 4777 1749 4828 maxime

1858 4642 2052 4711 voluit;
2103 4641 2173 4711 ad
2208 4654 2366 4711 quem
2405 4641 2554 4693 etiam
2594 4657 2655 4693 ea:
2700 4656 2837 4692 more
2878 4642 3014 4692 misit
3057 4658 3148 4709 pro
3182 4646 3437 4711 responsis

1857 4707 2539 4790 ecclesiasticisMicltaelem
2571 4713 2913 4780 presbyterum
2948 4707 3272 4765 cardinalem'
3303 4728 3434 4774 υνυ-

1856 4786 2163 4830 crtstariunt.
2191 4786 2451 4831 Summis.
