4172 6536
780 413 883 467 335

1523 561 1700 571 -——-—

1669 674 1695 710 “
1778 667 3036 788 CONSTANTINI

2060 419 2505 474 (IUNSTANTINI
2551 421 2745 473 PAPJL
3926 429 4022 484 536

2963 566 3170 580 ..Ἦ
3190 567 3197 574 ⁸

2064 856 2304 906 ROMANI
2341 857 2716 920 PthTlFlClS,

1871 989 2929 1136 EPISTOLZE.

1959 1288 2154 1349 (Iansi,
2179 1290 2324 1340 Cone.
2353 1293 2555 1344 Collect.
2584 1303 2701 1346 tom.
2732 1296 2864 1360 ΧΗ.)

1257 1496 1583 1554 EPISTULA
1625 1502 1855 1557 PRIMA.

773 1623 1116 1662 CUNSTANTINI
1159 1622 1300 1660 PAF}:
1359 1625 1424 1661 AD
1466 1625 1850 1667 BRI'I'IIWALLU)!
1891 1630 2341 1672 ARCHIEPISCON'M

1327 1691 1452 1732 CAN'I
1468 1695 1787 1735 L'ARlENSEM.

771 1789 844 1841 lle
874 1788 1060 1840 uisione
1110 1786 1330 1857 Egtvini,
1375 1790 1436 1840 de
1467 1791 1681 1844 concilio
1707 1794 1959 1858 habendo,
2012 1798 2074 1849 de
2120 1802 2342 1852 ca’nobio

1396 1861 1726 1915 instituendo.

832 1971 1210 2024 Constantinus
1258 1971 1540 2039 episcopus
1570 1989 1756 2029 servus
1793 1992 2066 2033 servorum
2103 1979 2195 2034 Dei
2229 1980 2342 2036 Bri-

765 2062 1006 2115 tltwaldo
1063 2062 1452 2116 Britanniarum
1484 2063 1736 2120 Ecclesia:
1781 2069 1990 2135 primati
2020 2071 2243 2126 salutem
2291 2083 2344 2127 et

771 2153 1111 2220 apostolicam
1145 2152 1594 2207 benedictionem.

839 2240 1208 2294 Venerabilcm
1231 2241 1402 2294 virum
1433 2243 1712 2309 nginum
1743 2249 2052 2318 episcopum
2077 2267 2234 2320 quem
2260 2253 2344 2309 bis

765 2340 856 2381 tua
889 2329 1188 2384 fraternitas
1239 2331 1302 2385 ad
1355 2334 1700 2400 apostolicam
1748 2337 1930 2391 sedem
1979 2341 2146 2406 misit,
2180 2344 2339 2397 etiam

767 2433 908 2472 nunc
934 2419 1165 2472 secundo
1195 2421 1474 2486 manipulis
1499 2422 1718 2490 iustitia:
1768 2427 2017 2481 refertum
2053 2430 2145 2483 tibi
2177 2432 2342 2486 mitti-

771 2523 907 2574 mus,
939 2517 1214 2564 monentes
1241 2520 1500 2576 quatenus
1529 2513 1604 2566 sic
1634 2528 1759 2567 suos
1785 2517 2006 2571 effectus
2045 2520 2344 2586 adjuvando

759 2600 1114 2668 prosequaris,
1171 2599 1325 2654 sicuti
1365 2601 1508 2655 illum
1532 2617 1561 2655 a
1603 2603 1712 2658 Deo
1737 2603 2045 2675 incozpisse,
2076 2619 2130 2664 et
2167 2609 2220 2662 in
2259 2610 2341 2666 via

762 2691 850 2744 Dei
878 2693 1176 2743 cucurrisse
1205 2691 1518 2758 cognovisti.

829 2781 994 2834 Porro
1024 2780 1089 2834 de
1119 2779 1321 2835 visione
1343 2781 1450 2846 illa,
1476 2782 1583 2838 imo
1609 2794 1788 2853 aperta
1820 2788 2127 2843 ostensione
2151 2803 2252 2859 qua
2283 2803 2343 2844 se

763 2875 916 2926 licata
949 2872 1094 2941 virgo
1141 2872 1304 2926 Maria
1353 2873 1401 2926 ei
1446 2874 1825 2944 tnanifestavit,
1856 2893 2006 2946 teque
2037 2880 2106 2932 ita
2137 2894 2340 2936 certum
2377 2851 2420 2910 Β

759 2976 880 3016 esse
935 2971 1175 3016 tenemus
1217 2963 1660 3029 quemadmodum
1709 2965 1776 3019 de
1827 2967 1920 3021 viri
1968 2967 2202 3024 bonitate
2237 2987 2341 3026 non

759 3052 1081 3105 dubitamus.
1135 3054 1369 3121 Denique
1408 3054 1734 3122 vigilantiam
1783 3063 1923 3110 tuam
1967 3059 2334 3130 admonemus,

755 3153 1015 3210 quatenus
1045 3142 1150 3196 illis
1181 3143 1232 3196 itt
1264 3144 1520 3210 partibus,
1553 3145 1605 3198 in
1636 3145 1826 3214 quibus
1853 3150 2209 3203 manilestatio
2240 3153 2340 3205 lia-

758 3234 866 3286 bita
913 3233 1078 3288 fuisse
1130 3233 1378 3295 refertur,
1421 3235 1703 3289 concilium
1748 3237 1908 3290 totius
1940 3239 2143 3308 Anglia:
2175 3254 2332 3310 rogas

759 3321 908 3392 μεθ.
939 3318 1113 3391 reges]
1138 3363 1152 3386 ,
1185 3320 1483 3390 episcopos,
1527 3323 1771 3391 sacrique
1819 3325 2022 3379 ordinis
2052 3327 2328 3396 religiosas

762 3426 1020 3481 personas
1061 3412 1186 3468 illuc
1214 3413 1501 3467 convenire
1533 3413 1716 3480 facias,
1761 3419 2150 3487 optimatesque
2179 3421 2330 3490 regni

757 3522 877 3560 eum
906 3505 1216 3574 proceribus
1243 3505 1352 3559 suis
1381 3503 1571 3559 adesse
1602 3507 1899 3575 prtecipias.
1931 3509 2132 3575 Quibus
2155 3510 2204 3563 in
2235 3524 2332 3564 no-

756 3597 900 3652 mine
960 3593 1172 3649 Domini
1217 3595 1553 3663 congregatis
1606 3596 1981 3650 denuutiamus
2028 3598 2168 3666 quod
2225 3599 2331 3655 duo

753 3699 908 3756 reges
955 3685 1182 3755 Anglia,
1239 3683 1517 3739 Kenredus
1562 3693 1616 3739 et
1661 3683 1795 3749 Offa,
1829 3701 1948 3739 cum
1993 3687 2184 3754 quibus
2220 3689 2328 3757 jam

756 3777 927 3832 dictus
954 3775 1237 3844 episcopus
1283 3773 1349 3826 ad
1377 3773 1558 3828 limina
1585 3774 1966 3844 apostolorum,
2015 3777 2066 3830 in
2097 3778 2213 3831 loco
2243 3792 2328 3834 os.

757 3877 922 3922 tensas
952 3864 1192 3928 visionis,
1225 3861 1450 3932 plurima
1472 3863 1539 3918 de
1579 3864 1691 3918 suis
1717 3852 1990 3918 beneficiis
2015 3865 2064 3918 in
2093 3881 2330 3934 prasen-

759 3961 830 4012 tia
881 3966 1064 4011 nostra
1109 3955 1252 4024 regia
1278 3955 1525 4010 libertate
1563 3954 1779 4022 donata,
1829 3967 1884 4011 et
1915 3959 2206 4025 apostolica
2231 3975 2326 4014 au-

752 4048 998 4102 ctoritate
1039 4043 1335 4100 conﬁrmita
1362 4086 1377 4110 ,
1422 4044 1781 4112 contulerunt,
1831 4057 2089 4116 quatenus
2127 4050 2325 4106 ibidem

756 4137 1098 4205 congregatio
1121 4134 1500 4189 monachorum
1528 4136 1821 4190 secundum
1853 4140 2088 4206 regulam
2119 4155 2324 4195 memo-

758 4228 909 4282 randi
945 4227 1114 4281 Patris
1141 4225 1434 4290 Benedicti,
1466 4240 1586 4294 qua:
1635 4227 1808 4280 minus
1841 4228 1892 4280 in
1941 4229 2046 4283 illis
2087 4230 2323 4298 partibus

751 4319 925 4372 adhuc
973 4318 1230 4381 habetur,
1294 4316 1457 4384 possit
1501 4315 1783 4370 instaurari
1857 4327 1910 4371 et
1967 4319 2326 4376 indesinenter

757 4406 968 4462 Christo
995 4403 1259 4460 famulari.
1295 4403 1442 4472 lpsas
1480 4413 1656 4457 autem
1706 4404 2022 4459 donationes
2053 4416 2105 4460 et
2149 4408 2314 4462 bene-

752 4497 871 4551 ficia
902 4497 1107 4564 praefati
1149 4497 1289 4564 regis
1318 4494 1372 4548 in
1420 4495 1654 4562 ipsorum
1708 4494 1983 4564 privilegio
2012 4497 2323 4551 nominatim

751 4586 1262 4650 determinaverunt,
1298 4594 1348 4637 et
1371 4598 1398 4636 ιι
1432 4584 1585 4637 nobis
1613 4583 1953 4639 corroborari
1984 4583 2249 4640 fecerunt.

826 4677 1010 4743 Igitur,
1063 4677 1226 4729 frater
1256 4675 1469 4737 dilecte,
1501 4689 1713 4742 quoquo
1754 4674 1910 4728 modo
1955 4676 2196 4729 Christus
2224 4691 2321 4730 an-

754 4765 1066 4828 nuntietur,
1135 4763 1340 4816 lucrum
1397 4760 1592 4814 Christi
1651 4761 1878 4826 inquire,
1938 4776 2073 4830 opus
2124 4761 2320 4819 Christi

746 4868 957 4918 exerce,
993 4852 1450 4920 promulgatisque
1483 4853 1535 4904 in
1579 4851 1805 4904 consilio
1833 4850 2066 4920 undique
2096 4863 2319 4907 senten-

751 4944 858 5018 tiis,
889 4952 995 4996 tum
1020 4957 1050 4995 a
1084 4941 1194 4995 Deo
1221 4949 1448 4994 ostensa:
1477 4939 1724 5004 visionis,
1754 4949 1862 4993 tum
1894 4943 2195 5009 apostolicae
2219 4959 2318 4997 au-

746 5032 1026 5094 ctoritatis,
1059 5039 1170 5082 tum
1196 5029 1356 5098 regite
1389 5030 1652 5082 libertatis
1682 5039 1733 5084 et
1755 5029 2081 5097 donationis,
2113 5042 2218 5086 tum
2245 5036 2318 5089 tui

748 5120 936 5189 ipsius,
959 5120 1195 5188 clerique
1220 5130 1274 5174 et
1300 5119 1481 5189 populi
1511 5134 1764 5174 assensus
1788 5129 1839 5173 et
1867 5121 2081 5186 favoris,
2115 5126 2316 5178 consti-

750 5222 840 5265 tue
866 5211 1008 5264 ovile
1034 5209 1251 5264 Christo
1276 5210 1529 5263 divinitus
1570 5218 1869 5275 ostensum,
1917 5212 2202 5278 apostolica
2224 5228 2319 5267 au-

747 5302 996 5357 ctoritate
1024 5300 1233 5365 fultum,
1282 5299 1427 5368 regia
1477 5299 1720 5354 libertate
1767 5299 2040 5363 donatum,
2087 5301 2215 5355 cleri
2264 5311 2317 5356 et

749 5392 924 5458 ιιορυιὶ
957 5390 1328 5444 benedictione
1357 5389 1645 5443 sancitum.
1675 5389 1793 5444 Tibi
1821 5400 1999 5444 autem
2029 5401 2083 5446 et
2103 5406 2316 5446 succes-

2374 1513 2420 1572 Α
2449 1510 2641 1580 gimus,
2683 1523 2739 1568 ut
2785 1515 2848 1578 si,
2895 1519 3031 1583 quod
3061 1519 3220 1586 absit,
3253 1521 3444 1575 diaboli
3480 1523 3705 1590 impulsu
3745 1529 4018 1597 quisquam

2449 1617 2704 1671 pervasor
2754 1615 2839 1658 aut
2896 1617 3147 1675 tyrannus
3217 1625 3427 1664 sacrum
3483 1613 3654 1668 locum
3710 1617 4018 1686 impugnare

2448 1698 2868 1762 prmsnmpserit,
2897 1700 2985 1751 tibi
3011 1715 3036 1751 a
3064 1699 3172 1753 Deo
3203 1716 3472 1758 concessae
3503 1710 3779 1774 potestatis
3803 1726 4012 1765 sentcn-

2448 1786 2538 1846 tia,
2573 1794 2627 1839 et
2656 1788 3013 1843 anatlicmatis
3042 1808 3320 1857 percussus
3346 1795 3586 1858 verbere,
3617 1801 3891 1868 complere
3914 1820 4015 1858 nou

2447 1875 2658 1930 audeat.
2694 1879 2748 1932 Si
2780 1879 2902 1947 quid
2931 1897 3055 1935 vero
3083 1885 3313 1936 sinistra:
3337 1886 3498 1949 partis
3528 1887 3654 1939 inibi
3686 1905 4014 1957 compertum

2445 1965 2610 2021 fueth
2657 1971 2806 2036 oriri,
2841 1972 3055 2026 auribus
3085 1975 3274 2026 summi
3309 1977 3568 2041 pontificis
3599 1979 3773 2044 potius
3805 1981 4014 2036 defera-

2445 2066 2529 2112 tur
2559 2099 2571 2121 ,
2606 2074 2762 2128 quam
2798 2075 2893 2126 per
2920 2061 3141 2129 alicujus
3170 2066 3429 2117 occultam
3459 2067 3772 2121 sententiam
3805 2080 4014 2125 sanctus

2448 2147 2595 2202 locus
2646 2149 2837 2216 injuste
2884 2151 3220 2218 depravetnr.
3280 2153 3451 2221 Ipsum
3493 2172 3614 2223 ergo
3644 2157 3814 2211 locum
3861 2175 4014 2226 quem

2452 2239 2590 2307 regia
2630 2249 2862 2305 potestas
2891 2243 3050 2310 regia:
3081 2244 3308 2298 libertati
3350 2246 3586 2308 donavit,
3614 2256 3665 2300 ct
3697 2265 3793 2301 nos
3823 2262 4005 2304 anrto-

2447 2327 2606 2382 ritate
2636 2328 2754 2391 Dei,
2803 2338 2855 2384 et
2883 2341 3188 2384 sanctorum
3220 2335 3601 2402 apostolorum,
3635 2347 3683 2390 et
3715 2351 3891 2392 nostra
3922 2342 4008 2393 do-

2443 2431 2663 2483 namus,
2717 2427 2772 2472 ut
2819 2419 2992 2472 nullus
3038 2421 3397 2490 cujuscunque
3447 2424 3650 2478 ordinis
3705 2427 3862 2478 Itnmu
3915 2428 4014 2483 hoc

2449 2508 2588 2573 quod
2613 2508 2984 2562 constituimus
3005 2510 3295 2578 depravare
3316 2520 3406 2565 aut
3437 2512 3674 2567 tninucre
3704 2525 4008 2581 prmsumat.

2443 2594 2540 2661 Qui
2570 2595 2666 2649 hoc
2691 2596 3017 2650 destruxerit
3057 2606 3151 2651 aut
3175 2598 3313 2652 male
3334 2603 3802 2666 contaminarerit,
3833 2605 3899 2656 sit
3925 2605 4013 2656 ille

2442 2687 2783 2752 maledictus;
2835 2689 2921 2757 qui
2969 2704 3096 2744 vero
3145 2691 3438 2745 servaverit
3474 2701 3527 2746 et
3570 2692 3845 2747 adauxerit
3922 2696 4005 2749 be-

2443 2778 2832 2834 nedictionibus
2860 2779 3165 2850 repleatur”

2739 2914 2952 2955 CIMBTA
2991 2915 3216 2955 KBNREDI
3256 2917 3322 2956 ετ
3359 2915 3490 2956 σει-Α
3531 2919 3725 2958 ηεςιιιι.

2444 3008 2521 3066 Dc
2549 3012 2694 3065 terris
2716 3013 2766 3088 in
2791 3013 2972 3088 quibus
2993 3014 3135 3068 beata
3160 3014 3328 3088 Maria
3352 3017 3494 3084 virgo
3524 3015 3734 3086 ngino
3779 3021 4012 3088 epist-apo

2514 3082 2821 3154 apparuisse
2841 3084 3045 3154 dicitur,
3079 3101 3192 3136 cum
3217 3087 3333 3137 aliis
3361 3082 3591 3154 plurimis
3612 3082 3833 3139 ctrnobio
3863 3082 4009 3142 Ere:-

2517 3152 2697 3202 humile
2727 3153 2924 3204 collatis
2952 3154 3001 3204 in
3053 3156 3264 3207 ecclesia
3291 3152 3654 3223 Ldteranensi,
3683 3156 4013 3210 Constantina

2510 3236 2648 3286 papa
2674 3223 2841 3273 omnia
2868 3223 3219 3290 conﬁrmauit.

2510 3317 2565 3372 ln
2590 3318 2804 3374 nomine
2821 3319 3014 3387 Patris,
3031 3332 3084 3377 et
3109 3323 3250 3391 Filii,
3275 3334 3331 3379 et
3350 3324 3576 3393 Spiritus
3603 3331 3790 3393 sancti,
3813 3332 4004 3385 Arnen.

2506 3408 2770 3477 Quoniam
2822 3415 3146 3468 transeuntis
3192 3415 3404 3484 quidem
3455 3417 3634 3471 mundi
3675 3419 4004 3474 .vicissitudo

2436 3499 2670 3566 quotidie
2721 3514 2814 3568 per
2865 3501 3192 3555 incrementa
3237 3510 3533 3572 temporum
3580 3507 3869 3560 crescendo
3907 3509 4008 3563 de-

2433 3590 2661 3655 crescit,
2694 3601 2745 3644 et
2772 3591 3076 3660 ampliando
3102 3592 3388 3661 minuitur,
3425 3595 3890 3662 crescentibusque
3921 3612 4005 3650 re-

2433 3679 2662 3747 pentinis
2688 3681 2993 3738 incursuum
3021 3683 3187 3739 ruinis
3210 3683 3330 3738 linis
3356 3697 3476 3739 esse
3501 3684 3704 3738 cunctis
3733 3685 3781 3738 iu
3814 3686 4001 3752 proxi-

2431 3783 2518 3822 mo
2574 3772 2831 3836 cernitur,
2880 3772 3000 3828 ideo
3046 3772 3198 3826 vanis
3244 3786 3306 3827 ac
3354 3772 3711 3827 transibilibus
3758 3788 4002 3828 mansura

2427 3859 2658 3914 caelestis
2685 3863 2870 3930 patriae
2900 3863 3112 3931 praemia
3136 3861 3422 3918 mercanda
3449 3871 3594 3916 sunt.

2498 3951 2832 4020 Quapropter
2879 3952 3308 4022 egoKenredus
3350 3953 3443 4008 Dei
3471 3953 3610 4008 dono
3648 3968 3739 4009 rex
3778 3954 4002 4011 Mercia.

2429 4058 2568 4105 rum.
2599 4052 2653 4098 et
2682 4057 2783 4110 ego
2808 4041 2922 4096 Offa
2950 4041 3126 4096 divina
3158 4041 3506 4111 permissione
3533 4042 3866 4096 orientalium
3892 4044 4001 4096 An-

2432 4134 2643 4202 glorum
2670 4131 2779 4204 [ΑΙ.
2813 4127 3110 4202 Saxonum]
3141 4132 3483 4200 gubernator,
3523 4146 3617 4202 pro
3642 4131 4000 4200 redemptione

2426 4223 2721 4279 animarum
2766 4231 3068 4279 nostrarum
3118 4238 3179 4278 ac
3226 4223 3676 4292 praedecessorum
3718 4234 3769 4279 et
3813 4225 3998 4280 subse-

2430 4314 2698 4382 quentium
2742 4322 3047 4368 nostrorum
3102 4313 3294 4378 salute,
3329 4312 3608 4373 donamus.
3655 4313 3995 4368 concedimus

2427 4405 2478 4458 in
2511 4406 2628 4458 loco
2679 4407 2728 4456 in
2773 4419 2878 4472 quo
2917 4404 3068 4458 beata
3099 4403 3259 4456 Maria
3299 4417 3357 4456 se
3397 4400 3680 4456 venerabili
3738 4403 3852 4456 viro
3884 4401 3988 4472 Eg-

2425 4498 2566 4553 wino
2592 4499 2842 4566 episcopo
2881 4496 3241 4552 manifestavit
3287 4496 3337 4549 in
3384 4495 3624 4560 Ilomme,
3663 4505 3714 4548 et
3744 4497 3987 4562 praesenti

2425 4586 2602 4641 libello
2648 4585 3045 4649 confirmamus,
3101 4585 3167 4639 ad
3227 4585 3481 4638 honorem
3537 4592 3590 4638 et
3637 4586 3987 4638 reverentiam

2423 4675 2660 4741 ejusdem
2703 4673 2799 4728 Dei
2845 4674 3154 4743 genetricis,
3207 4673 3474 4742 sexaginta
3520 4687 3612 4727 sex
3663 4689 3872 4727 tnansas
3918 4689 3982 4728 ex

2422 4761 2629 4816 duabus
2657 4761 2892 4830 partibus
2943 4761 3174 4816 fluminis
3221 4763 3362 4830 quod
3394 4763 3650 4814 vocitatur
3674 4762 3850 4814 Arena
3883 4781 3894 4813 :
3929 4778 3982 4816 tn

2423 4851 2624 4904 scilicet
2671 4866 2790 4919 qua:
2832 4861 2955 4904 sunt
2999 4850 3050 4904 in
3093 4850 3355 4915 Ilomme,
3409 4851 3460 4904 in
3504 4849 3781 4904 Leuclnvic
3811 4866 3873 4914 ,ι
3927 4852 3977 4904 in

2421 4941 2675 5004 Nortona,
2728 4955 2803 4996 vtt
2851 4941 2903 4995 in
2947 4939 3210 5005 Oﬂeltam,
3257 4941 3357 4994 tin
3411 4939 3732 4999 Litlintona,
3791 4955 3883 4992 xm
3933 4939 3981 4992 iu

2422 5031 2745 5093 Adintona,t
2776 5032 2827 5083 in
2858 5030 3168 5094 Baddeseia,
3209 5045 3259 5083 vr
3293 5038 3348 5083 et
3370 5029 3637 5083 dimidiam
3669 5031 3720 5080 in
3754 5029 3981 5082 Brctfor-

2422 5129 2566 5186 tona,
2599 5135 2670 5173 χιι
2699 5122 2750 5174 in
2779 5118 3068 5187 Hombure,
3097 5136 3134 5174 tt
3161 5129 3214 5174 et
3240 5119 3508 5173 dimidiam
3541 5120 3590 5172 in
3625 5118 3979 5181 Willercseia,

2419 5224 2490 5262 vtt
2522 5210 2573 5262 in
2603 5208 2902 5275 Wiluvane,
2930 5225 2988 5262 ιιι
3034 5211 3085 5263 in
3122 5209 3413 5278 Benigritlt,
3443 5218 3497 5261 et
3521 5209 3571 5260 iu
3606 5207 3866 5276 llamptou
3909 5223 3979 5262 ix.

2421 5300 2487 5354 Et
2509 5314 2573 5354 ex
2602 5315 2741 5355 mera
2772 5301 3104 5364 liberalitate,
3138 5301 3270 5353 sicut
3325 5300 3539 5366 dignum
3569 5306 3671 5362 est,
3715 5306 3770 5351 et
3813 5299 3976 5367 regali

2419 5392 2802 5458 muniﬁcentia,
2826 5393 3234 5460 praenominatas
3262 5405 3493 5457 mansas,
3519 5389 3604 5444 ubi
3635 5389 3983 5445 manifestatio

746 5481 956 5533 soribus
981 5478 1083 5532 tuis
1125 5488 1420 5532 memorato
1450 5478 1704 5546 episcopo
1737 5478 1963 5547 ngino
1993 5482 2314 5536 assentiente
2353 5519 2394 5577 υ
2420 5481 2598 5535 habita
2635 5482 2793 5554 fuisse
2822 5482 3070 5549 refertur,
3099 5497 3217 5537 cum
3246 5482 3454 5537 caeteris
3482 5479 3714 5549 partibus
3746 5481 3986 5577 prmassi:

745 5585 924 5623 curam
956 5569 1255 5622 animarum
1290 5566 1531 5636 ejusdem
1573 5568 1813 5622 ecclesiae
1845 5569 2109 5636 praecipue
2141 5570 2318 5638 injun-

817 5703 840 5729 ⁸
876 5697 928 5748 lu
963 5695 1066 5765 fine
1099 5693 1251 5762 ltujus
1278 5693 1411 5748 Vita:
1452 5695 1564 5749 hare
1595 5697 1867 5751 adnotatio
1889 5698 2080 5765 legitur
2107 5699 2157 5752 in
2185 5698 2316 5752 Cod.

746 5767 872 5819 an.
911 5782 920 5814 ε
971 5763 1089 5816 Huc
1121 5780 1275 5833 usque
1312 5780 1471 5820 cut!
1508 5767 1628 5820 anni
1672 5777 1784 5821 sunt
1813 5763 1963 5835 quod
1995 5768 2316 5838 Langobardi

2420 5572 2616 5642 gnatis,
2665 5572 2823 5642 regia:
2869 5571 3173 5628 liberalitati
3210 5571 3492 5634 donamus,
3541 5580 3603 5620 ac
3632 5565 3985 5633 omnipotenti

2432 5712 2668 5757 venerunt
2695 5712 2744 5758 et
2773 5719 2842 5760 vn
2871 5721 3087 5760 menses.
3140 5704 3264 5766 llmc
3288 5719 3414 5760 vero
3435 5705 3629 5772 scripta
3659 5716 3784 5761 sunt
3805 5707 3986 5763 eadem

2423 5772 2586 5828 veteri
2609 5791 2764 5831 manu
2792 5790 2889 5847 qua
2920 5775 3144 5846 reliqua,
3173 5775 3269 5832 sed
3298 5775 3564 5832 rubricato
3587 5776 3925 5835 charactere.
