4172 6540
240 484 339 521 uol

1677 445 2049 502 EPISTOLzE.‘

3389 453 3488 505 538

232 581 343 631 lltru
370 590 419 631 et
451 578 618 630 beatis
646 573 903 642 apostolis
930 570 1046 640 ejus
1070 568 1223 623 Petro
1246 576 1297 621 et
1327 564 1513 630 Paulo,
1537 564 1589 617 in
1615 578 1802 632 perpe-
1833 568 1883 621 Δ
1913 564 2232 630 Wadberge,
2253 580 2281 616 a
2301 564 2471 631 Bcrge
2492 568 2541 618 iu
2564 565 2894 619 Litlimeatle.
2926 565 3119 618 lterum
3145 578 3233 631 per
3260 562 3487 616 Men-dic

230 681 378 722 tuum
410 669 605 723 liberas
633 668 919 729 donamus,
953 672 1216 731 quatenus
1254 658 1448 712 ibidem
1473 656 1808 723 congregatio

230 764 635 827 monachorum,
688 759 978 813 secundum
1028 754 1264 822 regulam
1304 751 1473 805 sancti
1516 748 1805 812 Benedicd,

230 858 401 920 possit
424 851 708 906 instaurari
737 860 787 903 et
812 847 1175 901 indesinenter
1202 843 1417 897 Christo
1451 840 1715 895 famulari.

301 942 381 996 Ad
435 944 689 1009 majorem
729 950 905 992 autem
952 934 1329 990 ﬁrmitudinem
1362 934 1664 987 donationis
1705 949 1810 984 no-

226 1043 376 1096 stra,
427 1031 479 1084 in
530 1031 767 1083 notitiam
815 1037 920 1079 tam
969 1025 1307 1095 prmsentium
1354 1039 1508 1093 quam
1542 1034 1808 1090 posterum

225 1121 627 1177 succedentium
662 1161 677 1185 ,
733 1120 914 1173 venire
983 1117 1267 1180 volumus,
1317 1117 1509 1184 quibus
1558 1114 1808 1170 limitibus

225 1230 385 1269 sacer
431 1215 579 1268 locus
628 1224 783 1282 quem
833 1210 993 1278 regite
1039 1208 1343 1263 liberalitati
1394 1208 1645 1262 donatum
1702 1212 1808 1263 lleo

223 1306 550 1360 contulimus
599 1305 989 1369 circumseptus
1058 1299 1366 1353 includitur.
1431 1297 1483 1350 In
1537 1299 1720 1366 primis
1778 1316 1807 1351 a

222 1396 513 1467 Twylorde
543 1411 605 1450 ex
641 1404 788 1463 parte
837 1392 1069 1447 Australi
1112 1408 1277 1460 usque
1324 1393 1375 1445 in
1418 1391 1807 1445 Croncbomnie

222 1490 374 1557 juxta
405 1488 687 1541 decursum
710 1484 941 1539 ﬂuminis
966 1484 1200 1536 ambitus
1235 1482 1333 1535 loci
1368 1484 1715 1548 protrahitur,
1748 1498 1807 1537 ac

222 1579 352 1632 inde
370 1579 520 1646 juxta
543 1593 757 1641 aquam,
786 1591 954 1644 usque
980 1575 1044 1628 ad
1080 1575 1397 1628 divisionem
1422 1584 1577 1629 terra:
1602 1576 1666 1629 de
1689 1575 1805 1627 Fle-

221 1670 507 1738 denburgh
554 1684 672 1737 qua:
718 1668 916 1722 Merdic
942 1668 1264 1735 appellatur,
1288 1675 1345 1719 et
1365 1669 1441 1718 sic
1469 1668 1521 1718 in
1545 1667 1805 1719 directum

223 1775 323 1814 uer
351 1775 627 1814 assensum
674 1760 891 1823 montis,
941 1773 1032 1823 per
1078 1757 1310 1811 medium
1359 1756 1688 1825 Caldcgaran
1739 1758 1803 1810 ad

222 1851 762 1919 Ealdanswinbagan.
797 1849 863 1902 ab
896 1848 1410 1917 Ealdanswiuhagan
1457 1847 1521 1901 ad
1554 1848 1806 1917 Bcolaga-

222 1951 361 2005 sete,
390 1957 419 1994 a
449 1941 789 2009 Beolagasete
834 1940 884 1993 in
929 1940 1215 2004 Nordevol,
1249 1956 1313 1994 ex
1344 1956 1446 2008 quo
1472 1956 1565 2005 per
1598 1941 1800 1992 Leoch—

220 2033 367 2085 duue
403 2047 570 2099 usque
608 2031 673 2083 ad
704 2030 992 2083 divisiones
1023 2041 1280 2082 terrarum
1318 2030 1384 2083 de
1424 2030 1628 2093 Leucli,
1659 2042 1710 2083 et
1741 2030 1805 2083 de

223 2122 553 2176 llervcrtona
597 2122 649 2175 in
695 2120 1167 2184 Weneniecumbe,
1206 2120 1328 2173 inde
1375 2135 1469 2187 per
1508 2119 1806 2173 Fulanbruc

222 2226 392 2279 usque
424 2212 475 2263 in
511 2210 851 2271 llarmevillc,
903 2212 968 2262 ab
1001 2208 1321 2261 llarmeville
1353 2209 1404 2261 in
1448 2207 1801 2269 Carkel‘orde,

222 2317 288 2357 ac
343 2302 535 2356 deinde
599 2302 649 2354 in
702 2300 1011 2363 Calkcville,
1067 2309 1120 2353 ct
1172 2301 1248 2353 sic
1294 2300 1345 2352 in
1395 2300 1608 2368 longum
1650 2300 1805 2352 rivu'i

222 2408 395 2461 usque
443 2394 495 2447 in
543 2392 1016 2454 Smalemursihee,
1060 2406 1121 2445 ac
1163 2392 1354 2445 deinde
1384 2392 1435 2444 in
1469 2394 1727 2453 Aveuam,
1754 2398 1807 2443 et

222 2484 303 2536 sic
350 2484 400 2535 in
458 2482 703 2551 Ufl'epol.
748 2482 815 2533 ab
860 2480 1064 2547 Ollepol
1114 2481 1162 2531 iti
1216 2478 1724 2544 Pickereshomme,
1777 2492 1806 2530 a

224 2572 695 2625 Pickereshoinrue
773 2572 825 2623 in
884 2569 1297 2633 Burehlinrhes,
1347 2585 1373 2621 a
1431 2569 1704 2624 Lineheon
1754 2568 1805 2621 in

222 2662 556 2726 Oldendune,
602 2664 668 2715 ab
717 2661 1029 2715 Uldeudune
1075 2661 1127 2714 in
1181 2661 1567 2724 Ealdeniixam,
1598 2676 1663 2715 ex
1695 2674 1805 2727 quo

220 2756 278 2811 in
321 2757 763 2826 Buggildestrete,
793 2773 819 2807 a
848 2756 1267 2823 Buggildestrete
1292 2759 1340 2809 in
1366 2758 1712 2820 Seniassond,
1746 2772 1808 2811 ac

224 2849 350 2902 inde
378 2865 430 2902 in
454 2848 809 2918 Chirchluge,
843 2846 892 2900 in
928 2846 1361 2917 Flirendegaren,
1394 2857 1445 2901 et
1476 2848 1555 2901 sic
1584 2849 1637 2900 iu
1671 2848 1801 2901 Bla-

224 2942 494 3008 kenpjte,
535 2955 561 2991 a
599 2950 747 3008 parte
778 2938 1021 2993 orientali
1067 2955 1171 2993 non
1206 2939 1363 3007 longe
1400 2948 1441 2992 ‘a
1473 2937 1804 3008 ltlakenpyte

223 3036 278 3087 in
309 3032 669 3096 Merchirnan,
702 3048 729 3083 a
758 3032 1092 3086 Merchirnan
1124 3030 1179 3084 in
1207 3031 1579 3096 llumburnan,
1604 3046 1673 3085 ex
1705 3045 1809 3099 quo

224 3141 320 3192 per
369 3124 757 3179 Northamnere
798 3124 851 3177 in
901 3122 1294 3187 Eastliammor,
1327 3124 1449 3176 inde
1490 3128 1543 3177 in
1583 3124 1807 3177 circuitu

222 3217 361 3286 prati
403 3217 470 3270 de
514 3215 791 3283 Poddeho,
843 3213 1001 3268 deinc
1044 3214 1097 3267 in
1149 3213 1630 3278 Poddehommorc,
1656 3214 1809 3267 etsic

225 3307 600 3371 llerianchale,
620 3308 811 3361 iterum
838 3307 888 3360 in
912 3304 1301 3367 Humburnam,
1328 3306 1379 3357 in
1403 3305 1618 3373 longum
1646 3305 1690 3359 ri
1703 3304 1806 3358 vuli

223 3414 396 3467 usque
418 3398 483 3450 ad
505 3395 927 3459 Siamthanl’ord,
943 3397 1131 3449 iterum
1154 3396 1204 3448 in
1232 3395 1653 3465 Buggildestrete
1690 3411 1807 3450 ver-

224 3502 317 3540 sus
346 3486 715 3551 Scencudune,
740 3501 801 3538 ac
823 3484 945 3537 inde
976 3484 1025 3537 in
1052 3484 1391 3545 Mcadebroc.
1430 3499 1460 3537 a
1492 3484 1809 3537 Meadebroc

226 3594 276 3629 in
303 3578 564 3642 Merdich,
590 3577 732 3631 etsic
756 3574 1183 3639 inWinburnan,
1202 3573 1538 3630 Wainburna
1569 3576 1623 3630 in
1652 3575 1781 3630 Leal

224 3667 493 3728 lesthorn,
551 3680 581 3719 a
631 3666 999 3719 Leallesthortt
1050 3665 1101 3718 in
1152 3664 1558 3730 Laverkbeorh,
1601 3682 1629 3718 a
1676 3667 1807 3720 Lea-

226 3754 523 3809 veikbcorb
574 3756 623 3808 in
674 3754 1144 3820 Poddesthomme,
1189 3770 1217 3809 a
1262 3756 1712 3812 PoddeSthommc
1754 3758 1809 3812 in

225 3842 506 3909 Poltliorn,
542 3858 569 3895 a
610 3844 865 3897 Poltborn
918 3846 970 3898 in
1023 3843 1323 3910 lllerebroc,
1352 3856 1408 3901 et
1435 3849 1514 3901 sic
1546 3848 1598 3901 in
1632 3848 1811 3903 Stam-

224 3934 691 4000 thauhillessichc,
737 3951 764 3988 τι
796 3935 957 3991 Siclte
1004 3937 1057 3990 in
1100 3936 1465 4005 Burgliwillon
1492 3978 1506 4002 ,
1539 3955 1569 3992 a
1601 3940 1809 4009 Burgh-

225 4022 447 4078 willone
494 4025 545 4076 in
594 4023 929 4078 Burhwalles
950 4065 965 4090 ,
999 4039 1062 4079 ac
1089 4024 1215 4081 inde
1242 4027 1293 4081 in
1319 4026 1636 4098 Ealdegare,
1668 4029 1810 4098 quod

225 4117 491 4185 indigena:
527 4117 1031 4173 Navcmannessond
1078 4128 1296 4186 vocant,
1340 4136 1497 4176 secus
1530 4122 1813 4193 Buggilde-

223 4214 415 4269 strete,
446 4221 509 4260 cx
541 4222 647 4276 quo
673 4222 702 4260 a
731 4216 879 4277 parte
906 4208 1227 4265 occidentali
1263 4226 1430 4281 usque
1454 4212 1521 4266 ad
1551 4214 1803 4283 Beorges:

222 4312 253 4349 a
288 4297 517 4366 Beorges
548 4300 597 4351 in
622 4300 924 4365 Pichestan,
949 4317 976 4355 a
1007 4301 1289 4357 P.chestan
1320 4306 1371 4358 in
1394 4304 1811 4378 Cademyuster,

222 4405 253 4441 a
283 4387 673 4459 Cademynster
701 4390 750 4443 in
784 4390 1149 4457 Blechemere,
1173 4409 1202 4446 a
1231 4393 1575 4450 Blecheinere
1601 4398 1652 4451 in
1685 4399 1812 4452 Bra-

223 4480 509 4541 cedestzm,
544 4496 573 4533 a
622 4482 976 4537 Bract-destztn
1009 4484 1062 4537 in
1107 4485 1457 4556 Ealdegaran,
1484 4490 1536 4542 in
1567 4489 1814 4545 Willet-i-

1912 659 1964 711 in
1996 658 2383 722 Esanburnaiu,
2427 657 2494 710 ab
2529 658 2892 711 Esanhurnam
2924 661 3115 712 iterum
3149 657 3200 709 in
3235 654 3484 708 Meredie.

1912 747 2111 801 Deinde
2139 748 2186 799 in
2216 748 2611 809 Wretlnuea-le,
2639 759 2691 799 et
2713 749 2788 802 sic
2814 750 2863 800 in
2889 749 3184 810 Μυτυιηορ,
3208 762 3300 812 per
3320 748 3481 799 Mere-

1913 836 2042 889 broc
2074 852 2242 905 usque
2285 837 2348 890 ad
2382 838 2687 904 Douiinpol,
2716 854 2777 891 ex
2822 854 2928 908 quo
2962 840 3011 891 in
3061 838 3391 903 Allesbeurg,
3418 839 3485 888 ah

1910 928 2219 997 Allesbeorg
2268 928 2318 981 in
2368 929 2677 995 Blerwillon,
2726 947 2754 984 a
2809 932 3137 985 lllerwillonc
3195 932 3384 985 iterum
3438 934 3486 983 in

1910 1022 2168 1075 Avonam.

1983 1114 2238 1168 Volumus
2281 1117 2500 1184 insuper
2542 1131 2605 1169 ac
2646 1117 2987 1172 decernimus
3028 1118 3079 1171 in
3133 1120 3347 1172 nomine
3385 1117 3484 1169 Do-

1909 1204 2059 1268 mini,
2086 1215 2279 1261 terram
2303 1207 2534 1275 quinque
2561 1206 2922 1277 Cassatorum,
2957 1226 3074 1279 qua:
3109 1210 3314 1262 Morton
3342 1224 3479 1261 nuu-

1910 1307 2167 1366 cupatur,
2224 1300 2409 1353 eadem
2462 1300 2709 1355 libertate
2759 1302 2810 1355 in
2859 1314 3178 1370 perpetuum
3230 1302 3483 1370 gaudere,

1908 1407 2007 1460 qua
2051 1393 2263 1458 quidem
2310 1404 2504 1447 terram
2548 1410 2645 1463 ego
2676 1395 2978 1458 Keuredus,
3007 1411 3095 1448 rex
3145 1396 3482 1453 Merciorum.

1909 1500 2050 1539 anno
2083 1484 2367 1536 dominicm
2406 1483 2785 1536 Inc:truationis
2812 1486 2934 1549 709,
2954 1499 3073 1537 cum
3096 1484 3204 1551 jam
3235 1500 3336 1538 una
3361 1499 3484 1537 curn

1912 1578 2201 1631 venerabili
2241 1578 2354 1629 viro
2382 1577 2606 1645 ngino
2648 1578 3013 1645 apostolorum
3060 1577 3241 1630 limina
3270 1578 3486 1630 visitare

1910 1671 2274 1737 disponerent,
2301 1672 2433 1721 inter
2462 1670 2703 1735 qumdam
2730 1669 2832 1721 alia
2863 1667 3104 1733 donaria,
3138 1668 3201 1719 ad
3233 1668 3482 1720 lahricam

1912 1758 2221 1813 monasterii
2254 1759 2595 1811 construendi
2630 1760 2679 1811 in
2714 1760 2971 1823 llomme,
3019 1760 3263 1812 concessi
3284 1758 3483 1820 eidem,

1908 1862 1958 1904 et
1991 1850 2091 1902 sub
2122 1848 2427 1902 tesumonio
2458 1848 2686 1915 plurium
2721 1859 2993 1918 potentum
3026 1864 3262 1903 ineorum
3286 1849 3487 1918 scripto

1911 1940 2241 1997 tonlirtnavi.

1980 2036 2277 2090 Statuimus
2307 2035 2465 2100 igitur
2494 2034 2546 2087 in
2578 2034 2793 2087 nomine
2834 2034 3057 2096 Domini,
3095 2035 3146 2086 in
3170 2034 3368 2087 virtute
3393 2033 3487 2086 Dei

1909 2128 2103 2180 summi
2153 2125 2485 2194 praacipimus
2544 2134 2651 2178 tam
2704 2126 3001 2177 viventbus
3059 2140 3217 2192 quam
3272 2123 3479 2176 Domini

1912 2218 2380 2287 prmdestinatione
2432 2217 2587 2271 nobis
2632 2217 2685 2271 in
2733 2227 3005 2285 posterum
3050 2216 3485 2275 succedentibus.

1911 2319 1965 2363 ut
1999 2310 2151 2376 hujus
2181 2309 2481 2362 donationis
2504 2316 2697 2361 statuta
2737 2309 2802 2361 ad
2837 2308 3043 2360 irritum
3077 2307 3350 2361 deducere
3382 2307 3481 2359 iiii-

1910 2406 2051 2457 nimc
2094 2404 2373 2469 quisquam
2420 2402 2639 2455 audeat.
2689 2403 2743 2454 Si
2788 2402 2906 2469 quis
2932 2412 3107 2454 autem
3152 2402 3251 2453 hoc
3291 2410 3485 2452 nostra‘

1912 2493 2287 2548 muniﬁcentize
2318 2492 2514 2545 donum
2546 2494 2843 2558 depravare
2872 2491 2951 2544 vel
2986 2494 3228 2543 minuere
3258 2500 3485 2543 attenta-

1910 2585 2065 2648 verit,
2097 2584 2335 2636 deleatur
2365 2598 2555 2636 nomen
2597 2584 2712 2650 ejus
2741 2582 2809 2637 de
2842 2582 2978 2636 libro
3011 2582 3153 2635 vita}.
3198 2584 3329 2634 Acta
3360 2593 3485 2634 sunt

1911 2676 2023 2729 haec
2052 2688 2191 2727 anno
2218 2674 2495 2726 dominiem
2540 2674 2926 2726 lucarnationis
2954 2681 2979 2709 α
3011 2672 3135 2735 709,
3176 2672 3227 2725 in
3260 2673 3487 2726 ecclesia

1911 2767 2201 2820 Salvatoris
2252 2763 2620 2825 Lateraueusi,
2672 2762 3025 2816 conﬁrmante
3074 2762 3329 2831 pontilice
3386 2761 3488 2814 Ro-

1912 2870 2081 2910 manae
2111 2856 2251 2908 sedis
2276 2854 2660 2917 Constantino,
2702 2854 3000 2907 astantibus
3028 2854 3244 2923 regibus
3276 2854 3481 2922 Anglia:

1912 2945 2197 2999 Kenrendo
2242 2954 2295 2997 et
2340 2943 2474 3010 Ulla,
2511 2952 2734 3012 rogante
2775 2944 3070 2997 venerabili
3115 2944 3229 2998 viro
3270 2946 3490 3012 ngino

1910 3038 2184 3105 episcOpo,
2216 3050 2336 3090 cum
2368 3036 2608 3101 pluribus
2667 3034 3091 3104 archiepiscopis
3121 3044 3175 3090 et
3203 3036 3489 3103 episeoliis,

1913 3127 2256 3194 principibus,
2307 3142 2367 3177 ac
2401 3125 2665 3179 nobilibus
2703 3124 3037 3180 diversarum
3070 3127 3485 3192 provinciarum.

1913 3220 2117 3274 cunctis
2148 3218 2499 3272 clamantibus
2525 3226 2578 3273 et
2613 3217 2911 3271 dicentibus
2941 3235 2951 3270 :
3004 3218 3107 3271 Nos
3136 3218 3270 3271 hanc
3303 3220 3487 3271 volun-

1913 3318 2075 3364 tatem
2100 3319 2154 3362 et
2198 3309 2394 3376 regiam
2440 3309 2811 3363 liberalitatem
2843 3308 3144 3377 laudamus,
3182 3310 3491 3365 donationi«

1909 3400 2008 3454 bus
2034 3413 2096 3454 ac
2128 3399 2356 3452 libertati
2387 3400 2778 3456 consentimus.

2488 3492 2922 3559 Subscriptiones.

1981 3578 2094 3649 Ego
2114 3579 2494 3634 Constantinus
2536 3580 2787 3634 Romamn
2826 3582 2973 3635 sedis
3012 3582 3300 3649 episcopus
3326 3622 3339 3644 ,
3381 3597 3475 3645 per

1913 3672 2012 3726 hoc
2039 3675 2248 3741 signum
2280 3682 2482 3726 sancta“:
2520 3674 2719 3737 crucis,
2751 3673 2845 3728 has
2875 3674 3195 3728 donationes
3225 3682 3281 3727 ct
3317 3674 3487 3727 liber-

1912 3772 2071 3817 tatem
2100 3763 2430 3817 conlirmavi.

1984 3854 2094 3921 Ego
2125 3854 2376 3921 nginus
2406 3854 2618 3909 humilis
2663 3856 2947 3925 episcopus
2972 3858 3302 3910 conlirmavi.

1984 3949 2093 4014 Ego
2120 3964 2212 4002 rex
2252 3949 2532 4005 Kenredus
2558 3952 2925 4005 corroboravi.

1988 4039 2094 4106 Ego
2123 4055 2216 4092 rex
2249 4038 2361 4094 Ulla
2395 4042 2661 4094 consensi.

2477 4155 2809 4211 EPISTULA
2851 4156 2914 4209 ll.

1915 4262 2257 4302 CONSTANTINI
2309 4262 2453 4301 PAPJE
2508 4261 2580 4302 AD
2660 4261 3049 4301 BRITHWALDUH
3133 4262 3493 4303 CANTUAMEN-

2395 4333 2497 4372 SBH
2529 4331 3001 4371 ARCHIEI‘ISCOPUM.

1919 4410 2285 4464 Monasterium
2331 4411 2392 4462 ab
2429 4409 2661 4479 Ecguino
2703 4412 2963 4463 conditum
2993 4412 3084 4463 sub
3112 4414 3221 4479 ejus
3254 4420 3500 4481 potestate

1986 4484 2058 4535 ita
2078 4481 2357 4544 constituit,
2390 4490 2444 4534 ut
2473 4481 2707 4548 quwdam
2734 4490 2898 4534 tamen
2941 4482 3018 4534 illi
3048 4484 3173 4550 jura
3206 4493 3422 4536 asserat.

224 4571 361 4632 seie,
396 4585 423 4623 a
458 4568 782 4625 Willeriseie
813 4572 863 4625 iti
888 4572 1188 4640 Sandbroc,
1218 4591 1281 4630 ex
1313 4592 1418 4645 quo
1441 4579 1491 4631 in
1518 4578 1801 4651 Hegweye,
1842 4608 1896 4668 Β
1988 4573 2370 4630 Consulimus
2398 4574 2679 4642 episcopus
2704 4588 2893 4628 servus
2923 4590 3199 4630 δεῖνοτυῐη
3233 4576 3348 4637 θεῖν
3382 4576 3493 4629 Bl‘i'

223 4671 284 4715 et
315 4661 391 4714 sie
422 4662 470 4713 in
502 4663 916 4728 Northomme,a
947 4664 1296 4721 Nortbomtne
1335 4669 1385 4723 in
1417 4669 1809 4726 Brertbirnani.

227 4752 441 4805 Dehinc
472 4751 523 4805 in
555 4752 890 4823 llecauhege,
917 4769 946 4807 a
978 4754 1296 4826 llecaubege
1330 4760 1379 4812 in
1409 4760 1751 4829 Badeswillo,
1785 4778 1813 4816 a

228 4840 450 4893 Willeiu
488 4832 877 4911 Litlethyrnan,
922 4860 951 4898 a
993 4845 1246 4916 'l'hyrnan
1275 4864 1370 4917 per
1401 4849 1732 4907 Piccedesho
1762 4855 1813 4908 in

227 4932 597 4997 l’restmeade,
631 4949 695 4989 ac
726 4935 848 4990 inde
894 4936 947 4992 in
994 4938 1338 5005 Merethorn,
1369 4958 1397 4994 a
1428 4943 1731 5001 Merethorn
1766 4948 1816 5001 in

230 5022 555 5090 Brudmere,
598 5040 627 5079 a
672 5026 989 5083 Brademere
1037 5029 1089 5083 in
1136 5030 1565 5096 Estmereslewm
1609 5036 1733 5091 inde
1762 5038 1813 5091 in

228 5110 540 5182 Puttyeote,
566 5127 597 5167 a
629 5114 906 5185 Pottycote
938 5117 988 5171 in
1032 5118 1352 5175 Thrittiacre
1378 5163 1391 5187 ,
1418 5132 1475 5176 et
1504 5124 1581 5178 sic
1612 5128 1662 5178 in
1692 5126 1817 5196 Rig-

229 5217 476 5274 gewere,
509 5217 539 5257 a
586 5204 898 5275 Riggewere
940 5209 991 5263 in
1037 5209 1293 5276 Meredic,
1332 5228 1424 5281 per
1473 5213 1709 5270 Meredic
1760 5219 1814 5271 iu

312 5325 337 5352 α
389 5317 533 5393 Licet
566 5319 915 5393 dubitandum
960 5336 1064 5377 non
1095 5324 1366 5387 videatur,
1402 5328 1525 5393 quin
1571 5330 1694 5383 anni
1730 5329 1814 5384 ln-

232 5389 570 5463 carnationis
609 5391 661 5444 in
703 5392 887 5461 Anglia
918 5409 946 5445 a
978 5395 1194 5463 regibus
1234 5396 1284 5449 in
1316 5389 1622 5463 diplomatis
1658 5402 1817 5454 actis-

233 5474 344 5535 qne
379 5460 603 5535 publicis
636 5471 744 5515 toto
782 5460 977 5535 Smculo
1024 5460 1343 5530 ιῖτωεεάείιιὶ
1379 5460 1639 5535 usurpati
1696 5471 1815 5525 fue-

233 5532 367 5592 rint,
394 5531 675 5597 pontiﬁees
704 5542 876 5588 tamen
906 5532 1178 5589 Romanos
1200 5538 1458 5603 superiori
1481 5531 1565 5593 vel
1585 5542 1817 5595 currenti

234 5602 441 5680 saeculo
466 5615 530 5680 ea
559 5616 823 5680 tet-ausos
842 5618 962 5680 esse
984 5602 1523 5680 nullumex’emplum
1548 5612 1816 5677 ostendit;

236 5670 465 5751 ideoque
493 5672 574 5751 ha:
604 5673 1024 5751 subscriptiones
1052 5676 1331 5751 addititire.
1363 5670 1473 5734 lino
1495 5670 1819 5751 Wartbonus

234 5742 290 5823 iu
340 5757 435 5823 sua
604 5742 850 5823 Angliam
900 5759 1108 5823 sacram
1158 5748 1467 5815 prrefatione
1512 5750 1819 5807 universum

236 5810 376 5888 illud
417 5810 756 5888 privilegium
799 5810 1205 5888 supposititium
1262 5834 1383 5874 esse
1428 5836 1492 5875 cx
1521 5835 1586 5875 eo
1652 5823 1813 5888 eruit,

234 5882 377 5952 quod
434 5884 485 5941 in
538 5882 890 5957 autograpbo'
915 5882 1091 5945 adhuc
1154 5888 1205 5947 in
1248 5891 1435 5962 Anglia
1476 5882 1815 5963 conservato,

1921 4665 2161 4720 thwaldo
2208 4664 2600 4719 Britanniarum
2632 4665 2868 4732 primati,
2898 4666 3126 4722 salutem
3185 4678 3239 4721 et
3284 4677 3498 4735 aposto-

1922 4756 2075 4810 licam
2102 4753 2549 4810 benedictionem.

1991 4845 2179 4900 Divina
2207 4846 2601 4914 dispensatione
2623 4847 2688 4900 ad
2720 4846 2823 4901 hoc
2857 4846 3105 4916 promoti,
3124 4856 3181 4901 ut
3208 4848 3416 4917 apostol
3442 4864 3502 4901 ea

1921 4937 2237 4993 auctoritate
2268 4938 2381 5007 paci
2430 4938 2779 4992 ecclesiarum
2807 4938 3135 5004 insistamus,
3172 4948 3276 4993 tua:
3306 4938 3499 4993 hater—

1922 5029 2070 5085 nitati
2096 5029 2494 5094 denuntiamus,
2526 5039 2790 5098 quatenus
2838 5029 3091 5083 ecclesias
3120 5028 3216 5082 Dei
3266 5044 3361 5097 per
3384 5030 3502 5081 Bri-

1924 5122 2157 5175 tanniam
2187 5120 2470 5188 dispositas
2502 5128 2589 5173 tua
2621 5118 2789 5185 ipsius
2810 5130 2863 5173 et
2890 5127 3197 5173 sanctorum
3227 5121 3502 5187 apostolo-

1924 5228 2039 5267 rum
2081 5210 2393 5267 auctoritate
2442 5219 2705 5279 protegas,
2762 5225 2830 5265 ne
2858 5210 2976 5280 quis
3026 5225 3281 5279 pervasor
3322 5212 3503 5269 cuius-

1921 5325 2227 5379 Coenredus
2249 5335 2302 5379 et
2331 5325 2469 5392 Offa,
2490 5328 2578 5391 qui
2609 5328 2806 5396 regiam
2835 5327 3142 5394 dignitatem
3174 5327 3506 5393 abdicarunt,

1922 5406 1974 5451 et
2017 5398 2232 5450 schema
2285 5397 2653 5453 monachicum
2698 5398 3015 5460 induerant,
3060 5411 3115 5449 se
3160 5397 3303 5464 ipsos
3354 5414 3507 5467 reges

1922 5468 2214 5534 appellent,
2242 5469 2383 5533 quod
2415 5470 2482 5521 ab
2526 5469 2667 5521 omni
2718 5468 3201 5523 verosiunlitudine
3246 5468 3504 5523 :il;eninu.

1922 5537 2016 5590 Cui
2068 5546 2381 5605 argumento
2434 5540 2568 5592 istud
2621 5540 2744 5592 addi
2775 5550 2989 5605 potest,
3016 5536 3155 5604 quod
3191 5538 3315 5590 illud
3347 5551 3505 5592 auto-

1922 5608 2181 5675 graphum
2214 5608 2496 5662 Saxonicis
2521 5610 2923 5664 charaCIeribus
2950 5612 3131 5661 lterum
3161 5618 3211 5659 et
3240 5609 3292 5661 in
3326 5611 3505 5662 l'onti-

1923 5681 2080 5732 licum
2152 5678 2511 5733 Romanorum
2573 5682 2888 5733 cancellaria
2944 5693 3163 5747 prorsus
3222 5678 3507 5745 incognitis

1921 5748 2242 5873 desg‘iptum
2298 5752 2552 5808 habeatur
2618 5748 2886 5819 (Pagina,
2946 5746 3016 5801 tu!
3065 5764 3150 5802 an.
3207 5746 3304 5803 C/t.
3362 5750 3465 5802 709

1922 5836 1974 5873 η.
2071 5860 2084 5873 .

1922 5836 1974 5875 n.
2007 5822 2084 5890 7).
