4172 6532
738 420 838 472 37:9

2015 423 2458 478 CUNSTAN'I'INI
2504 425 2699 478 ΡΑΡΛΣ

3897 429 3992 484 3ὸύ

733 547 944 602 cunque
991 537 1192 589 ordinis
1219 552 1247 588 a
1291 537 1397 590 Deo
1428 546 1477 590 et
1542 539 1693 592 nobis
1722 540 2008 592 constituta
2043 539 2313 606 privilegia
2345 542 2392 600 Λ
2427 540 2571 611 velit,
2610 540 2879 611 judicetur
2917 552 3041 594 ante
3095 541 3319 595 tribunal
3371 542 3488 607 Dei,
3539 552 3589 598 et
3622 559 3886 611 nunquam
3944 549 3988 597 in

733 625 974 680 subruat.
1007 625 1148 681 Inter
1166 643 1297 697 quas
1323 643 1460 694 eam,
1497 644 1613 698 qum
1641 631 1948 699 nuperrime
1980 645 2006 683 a
2028 632 2316 686 venerabili

735 718 850 770 viro
900 719 1134 787 Ecguino
1167 731 1344 776 nostra
1394 733 1447 775 et
1489 724 1630 791 regia
1689 724 2004 778 auctoritate
2033 726 2313 779 constituta

731 820 835 870 est,
868 819 968 862 tua:
1009 810 1197 865 ditioni
1233 813 1498 882 prmcipue
1527 814 1903 879 submittimus,
1931 824 1989 868 ut
2011 817 2101 870 tibi
2132 827 2185 871 et
2218 833 2309 886 po-

729 905 886 957 steris
910 907 1012 958 tuis
1043 918 1302 975 potestate
1350 909 1604 964 divinitus
1641 924 1896 964 concessa
1927 911 1994 964 ab
2025 913 2164 964 omni
2195 928 2309 967 eam

728 993 1155 1050 adversariorum
1214 1000 1614 1069 itnpngnatione
1667 1001 1888 1055 liberam
1920 1003 1968 1056 in
2000 1014 2309 1072 perpetuum

729 1085 940 1140 reddas.
969 1087 1181 1143 Justum
1213 1092 1354 1146 enim
1381 1091 1536 1146 nobis
1558 1092 1786 1155 videtur,
1821 1101 1876 1145 ut
1908 1108 2025 1145 cum
2054 1095 2190 1147 idem
2223 1110 2310 1148 ve-

729 1176 977 1232 nerabilis
1018 1180 1306 1248 Ecguinus,
1348 1182 1657 1250 exetnplum
1712 1181 1921 1235 Domini
1967 1193 2200 1248 secutus,
2251 1200 2309 1241 se

728 1269 1053 1324 ltntniliando
1082 1273 1206 1327 inibi
1237 1273 1457 1328 effectus
1482 1283 1561 1329 est
1593 1273 1779 1338 abbas,
1834 1273 2035 1327 idcirco
2079 1273 2188 1329 Inec
2217 1291 2305 1330 ec-

727 1360 907 1425 clesia,
935 1363 1229 1416 secundum
1261 1365 1396 1432 quod
1430 1379 1521 1431 per
1552 1364 1778 1432 legatum
1831 1380 1983 1420 suum
2031 1367 2307 1421 Altelvval-

727 1453 850 1506 dum
874 1470 938 1508 ex
953 1459 1098 1520 petit,
1128 1457 1439 1522 ampliorem
1474 1458 1781 1525 dignitatem
1812 1473 1836 1509 a
1869 1467 2049 1510 nostra
2075 1459 2200 1512 sede
2227 1461 2305 1512 sui

727 1546 916 1599 merito
961 1547 1217 1600 obtineat.
1249 1547 1634 1602 Constitttitnus
1689 1564 1832 1610 ergo,
1872 1548 1920 1600 in
1957 1549 2172 1601 nomine
2209 1549 2305 1601 Do-

726 1634 876 1695 mini,
909 1648 963 1688 ut
997 1635 1136 1690 idem
1169 1638 1314 1689 locus
1358 1636 1456 1688 sub
1511 1635 1816 1688 lltOlt'U‘t‘liid
1853 1637 2048 1703 prepiii
2104 1638 2258 1690 abbat
2283 1655 2307 1690 s

724 1726 794 1778 sit.
836 1725 974 1779 liber
1005 1726 1073 1778 ab
1104 1726 1243 1778 omni
1280 1725 1551 1794 tyrannieu
1585 1725 1887 1789 essetione,
1917 1738 1967 1779 et
2021 1729 2191 1778 nullus
2218 1744 2304 1781 eu-

724 1817 1018 1885 iuscunqtte
1041 1817 1241 1870 ordinis
1266 1817 1424 1870 homo
1448 1815 1661 1884 aliquod
1692 1832 1976 1882 gravanien
2004 1818 2072 1868 ibi
2104 1818 2227 1870 inl'et
2247 1833 2302 1870 re

722 1910 933 1962 audeat.
968 1908 1227 1962 Defuncto
1275 1920 1450 1962 autem
1511 1910 1726 1970 abbate,
1757 1909 2047 1962 secundum
2080 1914 2298 1964 canoni-
2337 1911 2377 1967 li

721 2015 836 2052 cam
882 2002 1274 2065 auctoritatem,
1331 2000 1412 2053 vel
1479 2000 1547 2052 de
1592 2001 1704 2066 ipso
1755 2004 2099 2064 tt:0tt3~lt‘.t'io,
2136 2006 2212 2054 vel
2244 2005 2305 2057 de

720 2094 966 2156 parocbia
1000 2093 1373 2145 lluviceinrunt
1399 2094 1562 2144 abbas
1593 2108 1620 2143 a
1649 2091 1901 2144 fratribus
1931 2092 2171 2159 ejusdem
2204 2095 2301 2147 luci

720 2183 966 2251 eligatur,
989 2186 1075 2252 qui
1106 2185 1157 2236 itt
1186 2187 1370 2236 eadem
1395 2185 1618 2236 ecclesia
1649 2185 1812 2235 liberi:
1839 2195 1888 2237 et
1913 2189 2164 2239 canonice
2189 2189 2301 2240 sine

718 2274 888 2340 aliqua
914 2272 1189 2326 exactione
1217 2282 1560 2325 consociatus
1583 2272 1649 2322 ob
1701 2273 2049 2325 reverentiam
2087 2291 2299 2328 veneru-

719 2363 840 2416 bilis
872 2361 1089 2430 Ecgnini
1134 2365 1333 2416 annulo
1378 2363 1427 2414 in
1475 2363 1836 2416 celebratione
1884 2365 2165 2416 missarum
2209 2381 2293 2419 so-

718 2453 990 2507 lummodo
1042 2464 1242 2515 utatur,
1282 2454 1616 2521 primumque
1666 2454 1834 2507 locum
1863 2463 1975 2520 post
2013 2454 2299 2508 lluviccio-

717 2557 831 2596 rum
858 2542 1133 2610 prmsulem
1167 2553 1347 2594 nostra
1377 2543 1692 2595 auctoritate
1726 2544 1923 2610 jugitcr
1956 2543 2208 2595 obtineat.
2242 2545 2294 2598 Si

716 2633 832 2700 quis
871 2631 1030 2700 igitur
1074 2632 1174 2685 hoc
1205 2631 1540 2699 privilegium
1581 2631 1870 2699 infringere
1898 2633 2146 2695 voluerit,
2178 2634 2293 2688 sive

712 2722 763 2773 in
795 2721 913 2774 loco
956 2720 1338 2775 monachorum
1374 2723 1599 2774 clericos
1651 2721 1938 2774 immittere
1993 2725 2288 2789 tentaverit,

708 2826 889 2864 coram
927 2811 1032 2865 Deo
1073 2821 1128 2867 et
1151 2813 1352 2880 angebs
1384 2812 1498 2880 ejus
1532 2813 1581 2862 in
1619 2822 1930 2879 perpetuum
1962 2813 2029 2864 sit
2076 2814 2290 2867 anathe-

713 2916 820 2957 ina.
848 2904 899 2956 Si
933 2903 1051 2969 quis
1103 2917 1234 2956 vero
1284 2903 1417 2954 hanc
1452 2913 1685 2955 nostrain
1716 2902 2084 2955 auctoritatem
2114 2921 2289 2958 serva-

707 2995 870 3061 verit,
904 3006 1184 3050 conservet
1228 3011 1347 3049 cum
1373 2995 1514 3049 Deus
1547 2997 1597 3048 in
1638 3007 1917 3049 aeternum.
1968 2996 2174 3063 Seripta
2208 3011 2282 3051 ρει

711 3089 828 3143 haec
863 3088 1085 3158 epistola
1129 3105 1269 3143 anno
1322 3088 1601 3144 dominicae
1653 3089 2037 3144 lttcatttaliouis
2079 3095 2285 3160 septin-

707 3181 1005 3248 gentesimo
1038 3183 1196 3236 tertio
1225 3181 1457 3247 decimo,
1490 3182 1806 3250 praesidente
1836 3184 2142 3250 apostolica:
2174 3186 2284 3238 sedi

707 3285 840 3338 papa
871 3270 1239 3338 Constantino,
1299 3281 1353 3326 et
1399 3273 1500 3326 hoc
1533 3279 1589 3334 ὦ
1652 3274 1857 3342 signum
1891 3283 2086 3327 saneta:
2116 3277 2287 3330 crucis
2317 3262 2360 3323 (ἓ

709 3362 919 3431 propria
951 3380 1106 3417 manu
1148 3362 1394 3419 faciente.

781 3453 990 3522 Scripta
1042 3464 1124 3508 est
1156 3454 1269 3509 bare
1297 3455 1521 3523 epistola
1543 3469 1683 3510 anno
1725 3455 2010 3511 DJtltittiCtE
2041 3457 2284 3512 lucarna-

709 3546 1350 3618 tionisseptingentesimo
1375 3567 1515 3604 nono
1547 3551 1596 3603 in
1622 3551 1846 3604 eet-lesia
1874 3551 2163 3607 Salvatoris
2193 3553 2286 3607 La-

679 3637 993 3702 teranensi,
1047 3641 1385 3709 prmcipiente
1439 3652 1493 3694 et
1542 3641 1895 3696 conﬁrmartc
1939 3641 2284 3699 Constantino

706 3729 1012 3794 apostolica:
1067 3731 1207 3785 sedis
1252 3732 1509 3797 antistite,
1543 3733 1838 3786 astantibus
1869 3743 1923 3787 et
1949 3736 2284 3788 conﬁrman-

706 3819 845 3872 tibus
878 3821 1086 3887 regibus
1114 3823 1317 3890 Anglia:
1348 3822 1592 3877 Kenredo
1621 3833 1676 3877 et
1704 3823 1839 3888 Oﬁ‘a,
1875 3835 2095 3893 rogante
2127 3841 2281 3879 vene-

709 3912 862 3966 rabili
888 3912 998 3967 viro
1026 3915 1277 3983 Ecgvvlno
1297 3917 1548 3984 episcopo
1565 3930 1645 3969 CUI
1661 3931 1743 3968 am
1760 3916 1997 3984 pluribus
2019 3917 2281 3983 arcliiepi~

712 4004 890 4072 SCODiS
917 4013 970 4058 et
993 4006 1276 4072 episc0pis,
1305 4015 1356 4059 et
1387 4006 1710 4074 principibus
1737 4015 1791 4060 et
1822 4007 2086 4060 nobilibus
2109 4008 2282 4060 diver-

712 4115 890 4152 sarum
917 4101 1117 4168 provint
1138 4101 1334 4166 iarunt,
1365 4104 1568 4157 eunetis
1602 4102 1950 4156 clamantibus
1983 4113 2037 4157 et
2062 4104 2280 4158 dicenti-

705 4195 839 4247 bus:
886 4194 1111 4263 Quiquid
1163 4195 1212 4248 in
1245 4195 1343 4249 hac
1397 4197 1779 4250 constitutione
1810 4203 1982 4251 vestra
2027 4200 2280 4254 sanctitas

699 4295 934 4347 exercet,
960 4286 1256 4353 laudamus,
1279 4287 1625 4342 concedimus
1648 4301 1701 4342 et
1732 4290 2131 4343 confirmamus.

775 4381 832 4438 sit
884 4372 994 4444 Ego
1046 4377 1426 4432 Constantinus
1477 4377 1732 4432 Romana:
1786 4379 1928 4433 sedis
1976 4381 2276 4449 episcopus,

697 4482 789 4533 per
829 4469 1034 4536 signum
1064 4477 1263 4522 sancta:
1291 4471 1490 4534 crucis,
1553 4470 1647 4524 has
1678 4471 1995 4525 donationes
2033 4481 2087 4525 et
2119 4473 2277 4528 liber-

698 4571 856 4613 tatein
888 4561 1218 4615 confirmavi.

767 4652 878 4718 figo
908 4651 1193 4719 Ecgwinus
1222 4651 1434 4704 humilis
1455 4654 1736 4720 episcopus
1763 4654 2092 4709 conﬁrmavi.

769 4745 877 4811 ligo
907 4759 997 4797 rex
1030 4743 1311 4800 Kenredus
1343 4745 1705 4799 corroborari.

768 4835 881 4902 Ego
901 4851 992 4888 rex
1023 4834 1134 4889 Oﬂa
1169 4836 1414 4891 consensi
1445 4847 1486 4885 υ.

725 4937 968 5008 _Scripta
1007 4948 1093 4992 est
1124 4939 1239 4991 lure
1269 4939 1488 5005 epistola
1523 4954 1664 4991 anno
1696 4939 1877 5002 gratia:
1906 4940 2268 5004 septingente—

690 5016 830 5059 tho
852 5019 1077 5071 nono,et
1099 5018 1413 5062 consecrato
1437 5013 1548 5061 loco
1582 5026 1673 5075 per
1701 5019 1941 5062 sanctum
1965 5010 2269 5064 Will‘ridum

694 5079 1030 5144 episc0pum,
1068 5079 1205 5131 idem
1231 5077 1507 5131 Wilfridns
1536 5091 1585 5131 et
1622 5081 1907 5133 Ecnvinus
1946 5096 2124 5132 coram
2153 5097 2268 5132 nm-

693 5151 849 5199 !nlitts
894 5150 968 5202 sic
1016 5149 1173 5202 locuti
1226 5158 1393 5201 sunt:
1431 5149 1650 5202 DOtnine
1695 5150 1849 5210 Deus,
1895 5152 1981 5215 qui
2038 5152 2086 5201 in
2120 5152 2267 5204 coctis

698 5218 927 5289 habitas,
964 5230 1016 5272 et
1046 5220 1222 5271 omnia
1252 5221 1470 5281 creaSIi,
1510 5234 1767 5272 Conserva
1798 5219 1944 5273 ilium
1977 5221 2062 5289 qui
2097 5221 2268 5273 locum

693 5287 852 5339 istum
887 5290 1182 5354 paciﬁcabit
1209 5299 1265 5344 et
1295 5291 1654 5343 eonservabit.
1705 5291 1810 5344 Nos
1833 5287 2004 5344 etiam
2025 5291 2265 5358 praccipi-

692 5374 808 5435 nius
834 5361 883 5410 in
915 5359 1020 5435 Dei
1053 5362 1438 5428 omnipotentis
1478 5370 1530 5413 et
1557 5361 1790 5412 ninnium
1823 5361 2075 5435 virtutum
2103 5364 2266 5414 cmle-

690 5431 849 5480 stium
881 5434 1115 5494 nomine,
1152 5441 1209 5483 ut
1240 5448 1408 5496 neque
1442 5446 1555 5492 rex,
1599 5446 1766 5498 neque
1799 5431 2063 5497 princeps,
2096 5446 2267 5497 neque

695 5499 851 5552 nibus
874 5502 1080 5554 ordinis
1114 5502 1272 5555 homo
1298 5504 1469 5554 locum
1503 5503 1659 5553 istum
1708 5514 1948 5554 sanctum
1979 5501 2263 5563 ditninuat;

691 5569 785 5620 sed
835 5574 923 5637 sit,
956 5583 1012 5625 Ill
1042 5584 1307 5640 Optamus,
1337 5572 1585 5640 gregibus
1612 5580 1664 5624 et
1698 5570 1786 5623 Dei
1819 5571 2117 5637 pastoribus
2148 5587 2265 5624 ntu-

692 5654 781 5692 rus
828 5641 959 5695 bene
988 5645 1278 5708 tiiSanllUS
1308 5645 1359 5694 iii
1408 5651 1669 5709 potestate
1712 5642 1910 5708 proprii
1944 5643 2150 5695 abbatis
2180 5657 2264 5695 se-

691 5713 924 5764 i‘tttttitim
956 5716 1184 5780 regulam
1239 5712 1330 5766 Dei
1382 5726 1434 5765 et
1474 5713 1643 5765 sancti
1677 5711 1964 5765 Benedicti.
2003 5711 2057 5764 Si
2089 5721 2265 5765 autem

692 5782 900 5847 εεῑξτμιὶς,
929 5783 1068 5851 quod
1097 5784 1253 5847 absit,
1286 5784 1521 5836 avaritia:
1543 5783 1728 5850 spiritu
1765 5792 2029 5850 arreptus,
2062 5793 2268 5837 vertere

2422 609 2616 683 Christi
2670 611 2846 683 veniat
2873 612 3206 683 memoriam,
3237 612 3328 666 sed
3362 629 3551 667 nomen
3586 614 3704 683 ejus
3750 609 3988 668 deleatur

2422 680 2470 731 in
2533 688 2785 733 :eternum
2822 681 2887 733 de
2941 680 3076 754 libro
3101 684 3422 754 viventium;
3456 693 3507 736 et
3554 680 3740 754 ligetur
3768 698 3986 738 a-terna-

2419 765 2536 802 rum
2564 765 2834 816 poenarum
2869 752 3021 802 nodis
3055 751 3104 803 in
3137 752 3362 812 inferno,
3393 755 3489 805 nisi
3521 755 3570 805 in
3595 751 3714 807 'tiac
3743 757 3845 807 vita
3873 771 3982 818 pm-

2417 822 2591 872 nitens
2616 823 2945 875 emendetur.
2976 821 3141 889 llujus
3170 823 3411 876 ecclesiae
3451 823 3715 878 dedicatio
3747 825 3877 877 facta
3907 837 3986 878 est

2415 902 2554 942 anno
2606 893 2790 958 gratia:
2837 892 3308 960 septingentesimo
3356 903 3543 962 quarto
3590 893 3817 949 decimo.
3848 895 3980 949 CAP-

2414 975 2653 1013 CRAVIL’S.

2583 1069 2784 1106 (.IIARTA
2853 1069 3048 1107 LGWINI
3102 1068 3330 1108 EPISCOI'I
3393 1070 3814 1114 WIGORNENSWI.

2411 1139 2645 1193 Meminit
2677 1145 2738 1192 de
2760 1142 2863 1194 suis
2890 1145 3181 1205 visionibus,
3212 1155 3256 1195 et
3286 1145 3348 1198 de
3388 1146 3686 1210 laudatione
3706 1148 3980 1199 delatione-

2446 1228 2541 1278 qzte
2569 1213 2860 1265 monasterii
2901 1215 2984 1265 sui
3014 1213 3329 1268 Et'es/tamiw
3356 1216 3409 1268 in
3438 1233 3560 1286 agro
3605 1216 3944 1286 Wigornensi:

2483 1302 2591 1370 Ego
2627 1303 2875 1371 nginus
2923 1302 3244 1358 Wicciorum
3301 1307 3516 1361 humilis
3557 1308 3836 1376 episcopus
3864 1309 3979 1360 volo

2411 1394 2754 1450 manifestare
2804 1397 3050 1451 omnibus
3090 1397 3332 1452 ﬁdelibus
3376 1399 3566 1452 Christi
3607 1400 3835 1468 qualiter
3890 1414 3980 1468 per

2409 1487 2576 1537 sancti
2624 1487 2854 1554 Spiritus
2886 1488 3306 1555 inSpirationem,
3360 1498 3410 1543 et
3440 1504 3532 1557 per
3562 1489 3765 1542 labores
3799 1492 3980 1541 multa-

2409 1593 2524 1629 rum
2558 1588 2609 1630 et
2637 1593 2948 1648 magnarum
2975 1579 3258 1644 visionum,
3285 1590 3557 1633 ostensum
3590 1591 3667 1634 est
3697 1581 3822 1634 milii
3846 1581 3979 1649 quod

2408 1683 2506 1736 ego
2538 1669 2764 1736 primum
2814 1685 2971 1722 unum
3002 1670 3173 1723 locum
3206 1669 3471 1725 :cdificare
3509 1673 3757 1726 deberem
3788 1673 3849 1723 ad
3877 1673 3980 1724 lau-

2407 1762 2526 1812 dum
2561 1773 2612 1814 et
2665 1763 2890 1830 gloriam
2925 1763 3303 1830 omnipotentis
3334 1762 3449 1826 Dei,
3479 1772 3532 1816 et
3559 1773 3754 1816 sancta:
3787 1763 3980 1826 Moriar,

2409 1853 2750 1916 omniumque
2777 1853 3068 1906 electorum
3097 1851 3314 1917 Christi,
3365 1865 3418 1905 et
3447 1855 3602 1906 etiam
3634 1855 3698 1906 ad
3735 1866 3979 1908 aeternam

2413 1944 2836 1997 retributionem.
2878 1945 3006 1997 Cum
3055 1945 3213 2012 igitur
3243 1944 3471 1999 maxime
3504 1946 3746 1999 ﬁorerem
3794 1946 3845 1999 in
3874 1947 3983 2000 die-

2412 2035 2509 2085 bus
2545 2034 2814 2088 Etliclredi
2843 2037 3003 2103 regis,
3031 2036 3227 2102 expetii
3251 2037 3316 2088 ab
3346 2050 3410 2089 eo
3441 2035 3613 2090 locum
3647 2039 3732 2104 qui
3770 2039 3982 2090 litiumr-

2408 2142 2493 2179 nze
2525 2137 2898 2194 nuncupatur;
2945 2127 2998 2180 in
3031 2143 3134 2195 quo
3166 2127 3284 2181 loco
3316 2137 3500 2180 sancta
3529 2139 3580 2180 et
3607 2139 3855 2195 perpetua
3883 2131 3982 2181 vir-

2406 2233 2471 2287 ει
2519 2219 2705 2282 Maria,
2740 2219 2966 2286 primum
3019 2218 3226 2272 cuidam
3278 2218 3478 2285 pastori
3530 2232 3765 2286 gregum,
3813 2219 3981 2272 [iores

2407 2321 2734 2376 nuncupato,
2770 2309 2961 2362 deliine
2992 2313 3150 2362 etiam
3192 2309 3319 2362 milii
3369 2324 3485 2362 cum
3535 2309 3737 2363 duabus
3766 2311 3978 2376 virgini-

2403 2400 2499 2452 bus
2524 2399 2712 2452 librum
2744 2399 3056 2452 inmanibus
3088 2407 3274 2452 tenens
3313 2400 3572 2468 apparuit.
3607 2399 3845 2452 Mttndavi
3880 2402 3978 2452 ita-

2401 2506 2503 2558 que
2533 2492 2729 2554 locum,
2755 2505 2994 2559 opusque
3025 2491 3314 2558 inceptum,
3358 2489 3452 2544 Dei
3479 2490 3765 2559 opitulante
3791 2489 3979 2560 gratia,

2401 2581 2464 2631 ad
2491 2579 2646 2632 ﬁnem
2671 2580 2911 2648 perduxi.

2477 2669 2605 2725 \‘olo
2655 2670 2813 2738 igitur
2842 2670 3126 2725 ostendere
3173 2670 3316 2724 omni
3359 2672 3602 2740 sequenti
3651 2673 3976 2740 generationi

2396 2777 2525 2828 quas
2552 2762 2919 2830 possessiones
2948 2761 3256 2829 supradicto
3291 2761 3409 2816 loco
3439 2763 3712 2831 acquisivi,
3741 2773 3795 2817 et
3823 2763 3969 2830 ipsas

2400 2861 2566 2904 terras
2592 2853 2658 2904 ab
2681 2853 2826 2906 omni
2862 2851 3139 2906 exactione
3164 2860 3480 2918 potestatum
3505 2853 3735 2905 omnium
3758 2854 3976 2920 acquie-

2399 2944 2528 3006 tavi,
2565 2944 2837 3010 ipsamque
2869 2941 3319 3008 acquietalionem
3377 2941 3637 3008 applicitis
3687 2943 3976 2994 auctorita-

2397 3032 2555 3095 tibus,
2588 3042 2640 3085 et
2664 3030 2977 3100 privilegiis,
3011 3044 3109 3084 nec
3132 3046 3235 3084 non
3268 3014 3532 3099 regalibus
3575 3030 3762 3083 edictis
3784 3031 3978 3084 conﬁr-

2395 3123 2527 3175 mari
2555 3124 2674 3190 teci,
2701 3133 2758 3176 ut
2788 3123 2982 3177 fratres
3012 3121 3304 3176 secundum
3346 3121 3581 3191 regulam
3608 3123 3774 3174 sancti
3801 3121 3975 3176 Bene-

2394 3214 2518 3266 dicti
2562 3213 2689 3267 inibi
2743 3214 2851 3267 Deo
2892 3213 3186 3268 servientes
3225 3211 3340 3266 sine
3383 3211 3778 3281 perturbatione
3807 3211 3971 3265 vitam

2392 3315 2629 3374 agerent.
2681 3306 2902 3359 Nomina
2935 3305 3093 3359 etiam
3145 3303 3388 3358 villarum
3442 3303 3562 3358 volo
3609 3303 3974 3367 manifestare,

2390 3411 2520 3464 quas
2545 3411 2732 3450 omnes
2758 3396 2952 3450 liberas
2983 3404 3038 3448 et
3066 3394 3206 3464 iuste
3234 3392 3522 3461 acquisitas
3557 3393 3664 3446 Deo
3692 3401 3743 3445 et
3774 3403 3972 3446 sancta:

2391 3486 2571 3539 Maria:
2620 3487 2808 3539 obtuli.
2868 3486 3048 3553 Itaque
3087 3484 3156 3538 ab
3204 3483 3492 3539 litltelredo
3549 3500 3671 3554 rege
3706 3485 3971 3552 quoddam

2389 3579 2693 3631 coeiiobium
2745 3577 2886 3646 quod
2946 3575 3317 3630 Flendaburcli
3369 3577 3668 3631 nominatur
3726 3576 3971 3642 obtinui,

2388 3671 2530 3739 quod
2564 3679 2746 3738 postea
2787 3685 2883 3738 pro
2928 3669 3032 3722 alio
3062 3667 3308 3722 coenobio
3329 3667 3472 3736 quod
3518 3666 3839 3724 Streatforda
3878 3685 3974 3720 lto-

2389 3767 2642 3824 miuatur;
2696 3763 2912 3818 mutavi.
2968 3763 3092 3817 Post
3141 3762 3400 3817 Oswardo
3445 3763 3625 3832 viginti
3677 3777 3888 3816 mansas
3921 3763 3970 3815 in

2390 3855 2508 3908 loco
2540 3855 2632 3922 qui
2668 3851 2920 3906 'l‘uiforda
2952 3850 3254 3920 appellatur
3283 3853 3561 3919 acquisivi.
3593 3851 3782 3906 Postea
3814 3865 3968 3914 vero,

2391 3947 2708 4000 succedente
2755 3947 2806 3998 in
2866 3959 3084 4012 regnum
3127 3943 3394 4007 Kenredo,
3446 3944 3703 3998 concessit
3761 3953 3813 3997 et
3858 3944 3972 4012 ipse

2384 4037 2515 4090 mihi
2547 4037 2809 4104 octoginta
2858 4043 3085 4102 quatuor
3105 4048 3316 4087 mansas
3343 4049 3500 4102 super
3520 4045 3766 4100 utrasque
3794 4048 3971 4102 partes

2387 4131 2526 4183 illius
2569 4129 2803 4182 ﬂuminis
2836 4127 2978 4195 quod
3020 4125 3201 4179 Avena
3229 4127 3512 4180 Vocitatur.
3542 4125 3763 4192 Quidam
3788 4137 3963 4178 autem

2385 4221 2704 4274 adolescens
2732 4217 3017 4272 Atliericus
3048 4217 3266 4272 nomine
3290 4226 3411 4270 octo
3438 4230 3649 4270 mansas
3687 4216 3812 4270 mihi
3834 4231 3964 4270 con-

2382 4314 2565 4378 cessit,
2615 4320 2668 4364 et
2700 4309 2974 4363 Walterus
3016 4308 3351 4362 venerandus
3381 4308 3631 4360 sacerdos
3669 4305 3801 4359 alias
3841 4313 3965 4359 octo

2383 4402 2510 4456 mihi
2571 4415 2783 4455 mansas
2838 4397 3074 4454 donavit.
3117 4395 3314 4465 Sicque
3361 4395 3469 4451 Deo
3519 4395 3749 4465 propitio
3808 4395 3964 4450 brevi

2385 4501 2626 4559 tempere
2658 4506 2758 4544 cxx
2814 4503 3028 4543 mansas
3061 4487 3326 4554 praedicta:
3377 4485 3572 4540 Christi
3603 4484 3838 4540 ecclesia:
3869 4499 3963 4538 ac-

2388 4581 2605 4650 quisivi,
2636 4581 2771 4635 sicut
2801 4579 3058 4646 scriptum
3088 4586 3169 4632 est
3194 4585 3248 4632 et
3287 4578 3656 4630 conﬁrmatum
3684 4576 3734 4628 in
3762 4574 3966 4629 chartis

2384 4675 2652 4738 ecclesiat,
2701 4682 2755 4726 et
2798 4673 2849 4725 in
2901 4671 3038 4726 libro
3083 4669 3453 4723 manifestatur
3483 4675 3622 4720 terra
3651 4675 3704 4720 et
3750 4666 3963 4719 termini

2381 4767 2520 4835 ejus,
2564 4779 2719 4833 quem
2765 4763 2977 4833 scripsit
3027 4762 3385 4815 Britluvaldus
3432 4759 3884 4827 archiepiscopus,
3913 4769 3966 4813 et

2380 4856 2603 4910 dictavit
2635 4863 2907 4924 prazcepto
2940 4851 3164 4908 Romani
3209 4849 3492 4920 pontificis,
3537 4864 3656 4903 cum
3698 4863 3962 4902 consensu

2379 4949 2677 5017 principum
2729 4946 2890 5000 totius
2939 4943 3165 5012 Anglia.
3221 4941 3346 4997 Haec
3396 4956 3522 4995 vero
3577 4951 3699 4994 sunt
3747 4939 3961 4992 nomina

2379 5039 2624 5092 villarum
2658 5050 2813 5105 quas,
2848 5043 2904 5088 ut
2952 5032 3316 5103 supradicwm
3347 5040 3447 5093 est,
3482 5027 3755 5097 acquisivi.
3787 5027 3959 5083 Lore-

2374 5134 2550 5191 sltam,
2607 5128 3020 5199 Benjucgurtbe,
3069 5126 3299 5187 Hautun,
3351 5124 3672 5190 Baddcscye,
3716 5121 3960 5189 Wicque,

2375 5225 2705 5288 llumburne,
2743 5224 3081 5286 Brotsortun,
3118 5220 3424 5288 Willersey,
3471 5215 3777 5280 Witbeleia,
3808 5213 3962 5267 Satn-

2375 5321 2566 5385 bttrne,
2598 5318 2981 5379 Kiveuvarton,
3017 5313 3286 5370 Saltl'orde
3329 5311 3430 5381 rnaj
3453 5327 3496 5364 tl‘
3527 5321 3582 5364 et
3609 5309 3798 5371 minor,
3834 5310 3963 5360 Am-

2377 5411 2615 5480 bresloy,
2647 5411 2931 5478 Ulbeorgc,
2964 5409 3195 5470 Mortuo,
3223 5405 3484 5469 Bucbtun,
3514 5399 3958 5471 Meleigarcsbyri,

2374 5499 2688 5568 Titlestrop,
2737 5499 2916 5555 Suella
2971 5498 3161 5566 major,
3195 5492 3668 5566 Mayeldesbeordi,
3703 5486 3962 5544 Sildesui-

2374 5607 2563 5660 coque.
2617 5592 2728 5646 llas
2754 5607 2942 5646 omnes
2975 5599 3168 5650 terras,
3203 5597 3257 5641 ut
3307 5583 3556 5654 prie-fatus
3582 5597 3724 5644 sunt,
3759 5578 3952 5634 liberas

2375 5685 2443 5740 ab
2477 5684 2625 5740 omni
2678 5683 2942 5740 calumnia
2973 5679 3250 5751 acquisivi,
3283 5688 3336 5736 et
3361 5685 3556 5733 sancite
3584 5674 3678 5728 Dei
3706 5671 3958 5728 Ecclesiae

2379 5777 2570 5833 obtuli.

763 5911 779 5931 η
820 5896 1016 5952 Batiam
1046 5896 1176 5950 lianc
1205 5897 1435 5965 papa/cm
1469 5894 1568 5948 alio
1618 5903 1781 5949 tamen
1805 5893 1954 5948 modo
1983 5893 2095 5960 ﬁnit
2117 5891 2451 5963 Cupgrat-ius,
2485 5891 2726 5944 recitante
2752 5888 3083 5959 Spcltttatmo.
