4172 6618
195 526 289 578 541

1634 512 2004 568 El'lSTULAﬁ.

3359 518 3463 571 34‘2

266 636 362 702 Qui
398 650 521 701 rrgo
565 634 737 686 locum
770 643 926 699 quem
967 629 1257 697 apostolica
1289 628 1520 696 dignitas
1550 637 1613 679 et
1636 627 1775 691 regis
1811 628 1855 681 Α
1885 637 2049 690 usque
2104 625 2348 688 prohibiti
2392 640 2575 680 smnus
2632 630 2939 697 svnt-ditem
3001 630 3341 695 scriptiouem
3394 637 3462 685 de

202 738 434 794 potestas
488 726 647 793 regia:
696 723 927 778 libertati
977 721 1199 787 dolavit,
1235 730 1289 775 et
1339 734 1434 773 nos
1465 718 1781 772 auctoritate

200 816 289 869 Dei
323 827 376 869 et
404 825 711 870 sanctorum
755 813 1120 881 apostolorum
1168 814 1457 873 donamus,
1488 811 1779 877 depravare

199 916 287 957 aut
312 907 553 958 minuere
576 905 654 957 vel
678 903 1045 956 contaminare
1071 901 1491 968 praesumpserit,
1513 899 1782 965 judicetnr

199 1004 322 1050 ante
370 995 596 1049 tribunal
643 992 868 1059 Christi,
911 1006 964 1047 et
997 1007 1263 1060 nunquam
1310 992 1360 1043 in
1388 989 1583 1043 Christi
1609 988 1783 1041 venint

200 1088 540 1153 memoriam,
577 1086 678 1139 nisi
710 1088 759 1138 in
792 1086 890 1138 hac
917 1084 1021 1136 vita
1071 1083 1339 1153 pmnitens
1380 1080 1662 1141 emendet;
1696 1077 1781 1143 qui

202 1190 330 1228 vero
358 1174 648 1230 servaverit
668 1186 721 1231 et
749 1174 1047 1239 adauxerit,
1088 1172 1548 1228 benedictionibus
1578 1168 1784 1239 replea-

200 1275 309 1319 tur.
336 1268 472 1322 Fiat.
506 1269 685 1322 Amen.

273 1357 479 1429 Scripta
501 1370 580 1415 est
604 1359 716 1413 hmc
741 1357 922 1431 charta
953 1373 1091 1411 anno
1126 1357 1335 1413 Domin.
1363 1357 1632 1411 lucarnat.
1657 1354 1780 1409 7M.

775 1459 1210 1529 Subscriptiones.

278 1553 389 1623 Ego
434 1552 686 1621 Egtvinus
755 1567 847 1622 per
886 1553 1089 1620 signum
1142 1558 1342 1605 sancta:
1397 1550 1573 1605 crucis
1610 1549 1786 1618 (ωηο

201 1645 408 1709 ﬁrmari
430 1645 468 1713 ).

281 1736 393 1805 Ego
416 1736 696 1790 Kenredus
722 1750 816 1790 rex
845 1735 1162 1803 subscripsi.

280 1828 389 1897 Ego
415 1828 527 1882 Offa
556 1845 648 1895 per
677 1830 886 1898 signum
917 1831 1095 1883 crucis
1125 1829 1467 1882 confirmavi.

283 1917 395 1985 Ego
419 1918 775 1972 Brithwaldus
804 1918 1241 1987 archiepiscopus
1281 1917 1593 1985 subscripsi.

284 2008 393 2078 Ego
414 2010 704 2065 Uswardus
734 2010 899 2064 frater
928 2009 1068 2079 regis
1097 2011 1429 2064 confirmavi.

773 2141 1107 2199 EPlSTOLA
1147 2141 1235 2195 Ill.

209 2271 465 2310 [ἵίδΤΟΙΛ
498 2269 823 2310 8ΑΝΕΤ1551Η1
853 2268 1247 2309 ARCHIEPISCOPI
1279 2266 1794 2307 CONSTANTINOPOLI-

282 2341 404 2378 TANI
428 2342 639 2380 JOANNIS
666 2343 732 2378 ΑΒ
757 2340 1167 2379 CONSTANTINUM
1199 2340 1579 2378 δΑΝετιιδιιιυω
1625 2338 1793 2375 PAI’AM

287 2410 535 2449 neuneu
568 2401 959 2458 .teococartcit,
993 2409 1231 2447 PROPTER
1269 2411 1333 2448 ea
1383 2410 1501 2456 qum:
1548 2408 1793 2445 TEMPOltE

284 2481 593 2519 unusunus
617 2481 800 2519 suum
820 2466 951 2536 HL,
970 2464 1248 2533 BAEDAMSJ
1274 2480 1412 2519 non
1439 2480 1567 2517 SUNT
1593 2478 1791 2516 seven-

284 2551 373 2590 SUS
400 2552 637 2590 ελκετιυι
664 2552 728 2589 ΕΤ
760 2550 1123 2589 οεουὶιεδιωκ
1150 2551 1358 2588 SEXTA)!
1390 2549 1648 2587 SYNODUI.
1734 2589 1758 2596 η,

288 2650 636 2704 Sanctissimo
677 2659 733 2704 et
787 2648 1095 2703 beatissimo
1144 2648 1293 2702 fratri
1335 2659 1388 2703 et
1431 2648 1799 2703 comministro

212 2745 436 2797 domino
465 2743 814 2798 Constantino
855 2742 1088 2797 Joannes
1132 2743 1377 2812 indignus
1423 2742 1705 2811 episcopus
1745 2741 1797 2796 in

221 2834 446 2889 Domino
473 2834 721 2887 salutem.

289 2927 388 2991 Qui
413 2940 523 2979 sua:
552 2922 855 2978 divinitatis
895 2932 948 2977 et
1001 2923 1279 2991 potestatis
1316 2924 1568 2978 indicium
1612 2938 1799 2978 eorum

211 3035 335 3088 qua:
365 3018 612 3072 videntur
633 3017 1078 3085 magnificentiam
1115 3017 1495 3073 architectatus
1524 3027 1608 3073 est
1635 3018 1799 3083 Deus,

214 3108 487 3177 praecipue
514 3108 567 3162 in
616 3107 1009 3176 pretiosissimo
1058 3118 1357 3162 creatarum
1405 3125 1582 3164 rerum
1632 3110 1804 3164 sensi-

216 3202 371 3265 lium,
401 3209 601 3263 nostro,
636 3200 875 3270 inquam,
910 3200 1162 3266 figmento
1187 3238 1202 3262 ,
1232 3214 1383 3253 suam
1405 3200 1642 3256 ostendit
1690 3202 1804 3269 glo-

1885 729 2031 768 more
2062 714 2125 767 ad
2160 732 2248 769 vos
2271 718 2500 777 mittere.
2540 722 2706 786 utqui
2741 724 3012 788 tyranuice
3053 720 3412 774 detineremur
3448 743 3459 785 ;

1885 826 2055 878 neque
2100 811 2240 864 enim
2283 813 2433 866 nobis
2471 814 2663 881 alioqui
2712 815 2901 868 licebat
2948 816 3012 865 ad
3064 830 3157 867 vos
3205 818 3460 879 scribere,

1886 918 2013 971 pure
2052 912 2102 954 et
2145 917 2249 955 non
2298 905 2505 958 turbide
2553 917 2881 972 exponentes
2934 907 3178 973 dogmata
3232 909 3465 973 pietatis.

1883 996 2013 1047 Cum
2036 997 2177 1048 enim
2208 995 2344 1048 hanc
2379 1011 2405 1047 a
2443 998 2549 1051 Deo
2581 999 2897 1050 custoditam
2931 1012 3243 1068 occupasset
3276 1002 3466 1052 citita-

1886 1098 1989 1139 tem
2016 1102 2132 1139 cum
2161 1097 2383 1141 externa
2416 1088 2646 1153 potentia
2670 1129 2685 1151 ,
2715 1103 2887 1156 neque
2908 1090 3047 1140 enim
3072 1105 3197 1143 vere
3236 1090 3461 1141 dixerim

1887 1178 2131 1245 imperio,
2154 1178 2240 1245 qui
2268 1178 2434 1230 instar
2466 1177 2684 1230 latronis
2714 1188 2767 1230 et
2794 1178 2957 1231 veluti
2992 1193 3057 1232 ex
3094 1179 3299 1231 insidiis
3344 1182 3465 1233 vul-

1887 1288 1987 1325 nus
2008 1272 2161 1324 nobis
2183 1274 2357 1326 attulit
2380 1272 2445 1326 iis
2472 1287 2573 1340 qua
2607 1273 2753 1325 novit
2784 1274 3076 1327 rationibus
3100 1274 3470 1327 universorum

1887 1364 2229 1435 gubernatrix
2257 1364 2612 1430 Providentia,
2637 1381 2741 1418 non
2766 1375 2846 1419 est
2867 1366 3006 1419 enim
3043 1375 3284 1419 nostrum
3322 1380 3470 1420 scru-

1891 1462 1985 1515 tari
2019 1460 2334 1530 profundum
2380 1461 2678 1513 divinorum
2717 1459 3039 1528 judiciorum
3067 1501 3081 1523 ,
3116 1460 3221 1514 vim
3263 1469 3317 1515 et
3365 1475 3471 1515 non

1893 1554 2033 1619 leges
2057 1552 2261 1619 jaciens
2286 1549 2683 1603 fundamentum
2717 1552 2969 1619 potentim
2991 1594 3005 1615 ,
3037 1550 3229 1618 dejecit
3258 1551 3474 1621 quidem

1893 1646 1972 1699 vel
2000 1654 2123 1698 ante
2144 1658 2296 1697 suum
2331 1644 2625 1711 ingressum
2652 1644 2702 1697 in
2728 1644 2872 1697 atriis
2892 1645 3049 1713 regia}
3087 1646 3312 1714 positam
3344 1645 3475 1699 ima-

1892 1738 2065 1805 ginem
2089 1746 2289 1791 sancite
2315 1749 2483 1791 sext-te
2515 1739 2722 1807 synodi,

1963 1828 2093 1881 Cum
2138 1838 2316 1881 autem
2347 1831 2396 1880 in
2420 1832 2598 1882 sedem
2633 1829 2971 1897 pontificatus
3001 1828 3161 1882 vellet
3209 1827 3477 1883 hominem

1897 1920 2163 1973 collocare
2207 1920 2293 1987 qui
2323 1933 2425 1971 non
2470 1929 2581 1973 erat
2613 1935 2675 1971 ex
2707 1928 2889 1971 nostro
2919 1928 3060 1972 cestu
3089 1920 3474 1984 ecclesiastico,

1897 2012 1989 2064 sed
2023 2010 2111 2077 qui
2140 2010 2278 2063 idem
2309 2025 2429 2063 cum
2463 2011 2579 2076 ejus
2629 2024 2873 2076 perversa
2899 2009 3163 2062 sentiebat
3192 2010 3481 2073 sententia,

1898 2102 2062 2156 nostri
2093 2109 2267 2155 tamen
2292 2100 2417 2154 cleri
2449 2100 2757 2154 assiduitate
2785 2110 2839 2155 et
2876 2086 3214 2155 contentione
3243 2110 3479 2162 coactus,

1900 2206 1995 2244 nos
2045 2206 2148 2244 non
2203 2199 2613 2259 exspectantes,
2670 2203 2773 2241 non
2830 2189 3092 2251 volentes,
3141 2199 3192 2241 et
3227 2205 3331 2241 non
3362 2189 3481 2241 sine

1897 2282 2080 2335 dolore
2102 2296 2347 2349 :egreque
2377 2295 2438 2334 ac
2461 2290 2673 2346 gravate
2707 2281 2805 2333 hoc
2850 2279 3195 2344 sustinentes,
3240 2281 3482 2347 provexit

1897 2372 1962 2425 ad
2016 2370 2350 2440 pontificatus
2400 2369 2708 2439 dignitatem
2757 2379 2807 2424 et
2834 2370 3120 2438 fastigium.
3179 2369 3307 2435 Quis
3337 2370 3479 2423 enim

1900 2462 2175 2531 navigandi
2232 2461 2448 2514 omnino
2502 2462 2778 2529 imperitus
2818 2475 3001 2514 navem
3034 2460 3392 2522 conscendat,
3434 2470 3490 2513 et

1902 2555 2033 2606 freta
2078 2553 2438 2605 transmittere
2468 2552 2703 2603 audeat?
2739 2552 2828 2603 Est
2859 2560 3033 2603 autem
3074 2549 3240 2619 maju<
3277 2551 3489 2619 quando

1899 2645 2017 2714 quis
2074 2660 2167 2712 per
2217 2654 2404 2697 aestum
2460 2644 2620 2697 maris
2652 2643 2793 2715 [Αιη
2828 2659 2919 2711 per
2951 2654 3155 2696 vastum
3190 2642 3357 2713 mare]
3404 2653 3489 2697 est

1901 2750 2119 2805 peregre
2150 2735 2503 2803 profecturus,
2531 2734 2579 2787 ei
2609 2736 2705 2789 soli
2731 2736 3090 2789 committatur
3123 2737 3303 2789 clavus
3337 2737 3488 2791 navis

1899 2827 2157 2880 onerariae
2182 2825 2263 2879 sui
2290 2834 2344 2878 et
2372 2837 2637 2879 rectorum
2668 2825 3132 2895 gubernandorum
3161 2841 3345 2879 curam
3399 2840 3491 2878 su-

1902 2918 2168 2985 scipienti.
2223 2915 2374 2982 Quod
2398 2916 2610 2984 quidem
2643 2916 2695 2969 in
2735 2916 2887 2969 nobis
2924 2932 3133 2985 quoque
3156 2916 3378 2985 quilibet
3404 2916 3489 2969 itt-

1906 3020 2057 3061 tuens
2114 3010 2405 3077 (nunquam
2456 3005 2596 3059 enim
2657 3004 2894 3059 meditati
2948 3020 3131 3058 sumus
3177 3021 3295 3072 quae
3352 3006 3490 3059 inter

1908 3097 2186 3167 pontifices
2237 3098 2566 3151 conveniunt
2622 3096 2673 3149 in
2722 3096 3064 3164 digltilaibus
3111 3096 3491 3150 ecclesiasticis

1905 3192 2245 3260 splendorem
2293 3190 2566 3254 assecuti,
2610 3189 2709 3243 soli
2766 3192 3145 3259 mysteriorum
3195 3190 3494 3245 ministerio

213 3289 353 3342 riam
369 3298 423 3343 ει
437 3289 748 3357 sapientiam
766 3305 780 3352 ;
799 3304 899 3355 qua
914 3288 1129 3356 quidem
1148 3289 1354 3343 ratione
1372 3290 1571 3357 exipso
1589 3303 1802 3358 quoque
1836 3324 1879 3385 C
1910 3279 2184 3347 vacantes)
2238 3294 2342 3332 non
2392 3278 2702 3333 incredibile
2730 3278 2873 3334 enim
2894 3281 3217 3333 existimabit
3245 3281 3385 3348 quod
3415 3281 3497 3334 tli-

219 3378 584 3432 admirabilem
634 3392 757 3432 esse
792 3376 985 3431 factam
1016 3378 1247 3431 divinam
1292 3380 1649 3450 cognitionem
1681 3394 1805 3449 pro-

221 3469 379 3537 pheta
404 3470 722 3525 exclamavit
751 3470 919 3541 (Psaf.
953 3472 1205 3539 cxxvm).
1234 3470 1355 3540 lpse
1381 3482 1586 3525 naturm
1610 3484 1807 3527 nostra:

217 3560 399 3629 epifex
428 3575 548 3614 cum
569 3575 669 3615 suo
690 3561 918 3613 artificio
949 3568 1191 3615 curasset
1217 3572 1273 3614 ut
1293 3572 1450 3629 caput
1478 3564 1573 3616 ιοιί
1597 3565 1805 3631 corpori

219 3650 602 3717 prmficeretur,
642 3653 692 3705 in
720 3667 785 3705 eo
819 3652 1096 3707 collocatis
1134 3654 1415 3722 prtecipuis
1445 3669 1697 3708 sensuum
1721 3654 1808 3707 in-

222 3743 776 3808 strumentis,omnem
793 3744 1118 3812 reliquorum
1136 3745 1496 3798 membrorum
1515 3750 1805 3800 motionem

224 3846 274 3888 et
320 3835 695 3903 perfectionem
742 3835 887 3890 illinc
929 3836 1055 3889 oriri
1080 3836 1277 3892 fecitet
1306 3842 1647 3905 conservari;
1681 3850 1735 3895 et
1760 3842 1805 3895 si

228 3926 511 3994 contigerit
545 3927 761 3994 aliquod
789 3941 976 3980 eorum
1002 3927 1224 3993 offendi,
1257 3938 1349 3983 aut
1383 3930 1564 3998 aliquo
1598 3933 1805 3986 incont-

220 4015 387 4069 modo
406 4016 564 4082 affici,
597 4032 701 4070 non
735 4019 903 4073 levem
927 4033 1110 4072 eorum
1140 4034 1320 4073 curam
1355 4035 1385 4075 a
1429 4037 1489 4077 se
1524 4028 1809 4092 gerendam

223 4119 348 4158 esse
362 4106 567 4169 statuit,
584 4106 678 4160 sed
710 4106 869 4161 etiam
901 4109 1154 4163 adversus
1180 4111 1359 4165 ultima
1392 4115 1630 4169 membra
1652 4128 1807 4171 natu.

223 4196 394 4249 ralem
415 4198 700 4251 ostendens
719 4198 1057 4254 affectionem
1076 4204 1572 4272 etconsensionem,
1592 4222 1684 4275 per
1700 4224 1812 4261 ma-

220 4302 392 4341 nuuut
422 4288 771 4343 ministerium
793 4290 954 4344 ductu
976 4292 1251 4346 oculorum
1268 4304 1419 4349 curat
1436 4297 1575 4365 quod
1610 4297 1814 4352 labora-

222 4381 340 4433 bat.
394 4379 489 4434 llis
534 4395 767 4436 vestrum
813 4398 1024 4453 quoque
1059 4384 1407 4453 apostolicum
1448 4391 1811 4456 pontificatum

222 4486 544 4539 comparare
566 4487 867 4543 possumus,
887 4490 919 4530 ο
934 4478 1623 4536 sanctissimietChristiani
1642 4498 1816 4538 sacer-

222 4561 360 4615 dotii
395 4572 576 4631 caput,
608 4579 703 4619 vos
732 4568 990 4621 canonice
1010 4578 1340 4636 reputantes,
1378 4573 1569 4627 merito
1594 4589 1688 4641 per
1715 4588 1811 4628 vos

1910 3375 2081 3427 cimus
2127 3372 2177 3427 id
2230 3382 2409 3425 nostra
2466 3373 2736 3427 voluntate
2790 3389 2894 3427 non
2936 3389 3055 3429 esse
3096 3374 3290 3428 factum
3322 3376 3495 3443 ipsum

1913 3476 2107 3518 nostra;
2160 3464 2501 3518 conscientize
2556 3465 2955 3529 testimonium,
3007 3465 3147 3534 quod
3184 3469 3266 3518 sui
3296 3465 3493 3535 gloria-

1913 3556 2055 3609 tione
2081 3554 2292 3608 divinus
2315 3555 2589 3623 apostolus
2612 3554 2817 3609 delittiil.
2843 3554 2893 3626 (1
2926 3556 3045 3610 Cor.
3074 3557 3144 3623 l),
3188 3556 3341 3609 nobis
3388 3558 3495 3609 Deo

1916 3648 2330 3718 producentibus
2382 3649 2447 3701 ad
2497 3650 2818 3716 probandam
2855 3650 3129 3703 veritatem
3158 3665 3339 3703 eorum
3378 3665 3495 3717 qua:

1913 3743 2185 3795 dicuntur.
2242 3742 2345 3795 lste
2406 3757 2551 3810 ergo,
2614 3744 2700 3811 qui
2745 3757 2898 3797 suum
2927 3745 3091 3797 decus
3132 3758 3251 3798 esse
3272 3744 3500 3798 ducebat

1914 3838 2144 3891 dedecus
2174 3851 2236 3890 ac
2264 3838 2513 3904 probrmn
2544 3837 2796 3891 Ecclesia:
2816 3879 2830 3902 ,
2857 3837 3181 3905 pirturiebat
3210 3838 3422 3905 quidem
3446 3849 3503 3891 et

1918 3928 2165 3983 studebat
2212 3928 2499 3997 impietatis
2546 3930 2705 3982 edere
2736 3930 3070 3991 basiliscum,
3103 3931 3362 3984 malorum
3403 3946 3500 3984 au-

1914 4023 2075 4074 ctoris
2120 4021 2383 4089 serpentis
2435 4020 2619 4087 fetum,
2653 4030 2708 4075 ut
2748 4021 2956 4089 publice
2996 4022 3047 4074 in
3091 4021 3327 4075 Ecclesia
3359 4021 3496 4075 etin

1914 4113 2287 4181 episcoporum
2331 4112 2759 4167 confessionibus
2789 4113 3117 4167 anathemati
3147 4114 3504 4181 subjiceretur

1916 4203 2055 4257 dicta
2104 4212 2284 4256 sancta
2338 4212 2485 4255 sexta
2537 4203 2789 4271 synodos,
2833 4204 3218 4270 ctapostolizrm
3248 4211 3303 4258 et
3339 4217 3501 4255 vene-

1918 4293 2099 4350 renda:
2127 4304 2317 4349 vestra:
2347 4294 2489 4348 sedis
2515 4294 2764 4363 majores,
2799 4295 2887 4361 qui
2919 4296 3279 4348 venerandum
3310 4293 3504 4363 dogma

1919 4386 2129 4454 pietatis
2162 4393 2464 4438 tenuerunt.
2509 4384 2877 4439 Communiter
2902 4391 3080 4438 autem
3111 4383 3497 4438 confiteremur

1919 4477 2163 4532 absurdis
2218 4476 2575 4540 dictionibus,
2613 4484 2667 4529 et
2705 4490 2823 4543 qua:
2855 4475 3053 4527 nullam
3090 4475 3283 4529 habent
3309 4489 3513 4543 cogna-

1922 4575 2119 4627 tionem
2150 4585 2268 4624 cum
2300 4569 2625 4633 notionibus,
2651 4584 2769 4636 qua:
2789 4568 3092 4638 significant
3122 4567 3512 4636 perfectionem

222 4654 1895 4736 quaerimus,mgritudinisquteecclesiasticonostroaccidit1)
1925 4662 2041 4733 ejus
2096 4661 2237 4732 quod
2291 4669 2373 4714 est
2424 4660 2474 4713 iu
2529 4659 2741 4713 Christo
2791 4656 3062 4726 mysterii;
3114 4656 3288 4724 ipsum
3330 4666 3510 4710 autem

222 4746 789 4815 corporiapestilenti
813 4759 865 4803 et
891 4751 1112 4806 exitiosa
1160 4756 1354 4809 animis
1405 4759 1675 4826 tyrannica
1719 4773 1812 4826 po-

222 4847 444 4897 teszate.
472 4840 714 4906 accipere
740 4840 1013 4897 solatium.
1047 4844 1279 4900 Omnino
1300 4846 1442 4901 enim
1484 4863 1581 4902 vos
1604 4865 1819 4919 quoque

223 4940 291 4983 ut
311 4938 391 4984 est
419 4932 691 4998 prepl-iutn
718 4934 929 5000 capitis,
980 4950 1076 4990 nos
1116 4936 1472 4995 involuntarie
1511 4941 1814 4998 laborantes

223 5020 454 5076 minime
492 5022 832 5092 despicietis,
886 5040 1062 5095 neque
1108 5043 1137 5081 a
1186 5032 1468 5098 congenita
1515 5048 1577 5089 ac
1624 5035 1816 5090 coalita

228 5112 612 5178 conjunctione
651 5127 749 5168 nos
784 5115 1142 5173 amandabitis
1167 5158 1182 5184 ,
1229 5120 1324 5175 sed
1367 5132 1591 5191 propter
1636 5136 1816 5179 nostra

228 5203 413 5273 potius
442 5205 663 5261 Vulnera
689 5207 933 5262 dolentes
972 5208 1097 5276 (uno
1140 5213 1276 5267 enim
1306 5214 1526 5270 membro
1567 5219 1810 5285 patiente,

225 5295 407 5348 onmia
443 5311 640 5366 quoque
684 5300 907 5352 membra
938 5300 1097 5354 simul
1135 5306 1247 5373 pati
1274 5316 1356 5362 est
1399 5320 1817 5366 consentaneum

228 5388 618 5445 convenienter
646 5390 757 5445 voci
785 5392 1094 5459 apostolicae
1123 5396 1144 5461 )
1184 5412 1327 5454 nunc
1353 5400 1602 5456 sanitatis
1623 5412 1821 5458 nostra:

229 5481 767 5552 recuperationijure
796 5486 1217 5558 gnatulabimini,
1248 5499 1303 5545 et
1326 5494 1557 5550 maxime
1608 5497 1821 5566 quando

230 5573 457 5627 morbus
493 5588 524 5627 a
557 5576 709 5644 culpa
739 5575 980 5645 corporis
1002 5593 1107 5635 non
1152 5590 1233 5636 est
1263 5583 1553 5651 profectus,
1597 5587 1691 5643 sed
1721 5604 1821 5644 ex-

232 5663 503 5718 trinsecus
530 5678 559 5716 a
591 5665 817 5721 violenta
851 5674 907 5721 et
937 5667 1206 5737 inopinata
1237 5673 1537 5731 calamitate
1567 5677 1664 5731 fttit
1694 5679 1825 5736 elle-

232 5767 381 5813 ctus.
412 5757 487 5811 De
507 5772 611 5826 qua
638 5768 694 5812 ut
714 5774 808 5814 vos
834 5760 1093 5817 certiores
1123 5763 1493 5835 redderemus,
1517 5771 1824 5826 necessario

235 5850 483 5906 misimus
521 5851 615 5904 has
647 5848 872 5917 litteras,
904 5866 999 5921 per
1023 5867 1115 5909 eas
1144 5855 1295 5913 vobis
1326 5858 1484 5914 veluti
1515 5862 1822 5931 aperientes

240 5954 297 6001 et
335 5942 630 5999 indicantes
664 5944 975 6013 gravitatem
1019 5947 1271 6006 vulneris.
1322 5953 1676 6020 Quamobrem
1722 5960 1820 6013 huc

1926 4756 2071 4810 verbi
2123 4755 2466 4808 humanitatis
2530 4752 2887 4819 susceptionis
2943 4750 3255 4819 mysterium
3327 4750 3509 4819 procul

1924 4849 2169 4911 abesset;
2222 4845 2327 4899 imo
2378 4859 2506 4899 vero
2533 4845 2747 4913 quidam
2777 4844 2886 4914 jam
2914 4853 3309 4898 murmurarent
3343 4844 3512 4911 ipsam

1924 4949 2163 4993 sanctam
2233 4936 2724 4992 Chalcedonensem
2790 4936 3053 5006 synodum
3109 4936 3510 5004 abrogandam,

1930 5038 2111 5099 utpote
2159 5027 2298 5097 quod
2320 5027 2387 5081 ab
2418 5028 2507 5081 illa
2535 5028 2790 5093 penderet
2825 5027 2967 5096 quod
2998 5026 3063 5081 ad
3092 5026 3398 5095 degulatqu
3430 5035 3513 5080 at-

1928 5124 2059 5176 tinet
2086 5119 2537 5183 convenientiam,
2586 5130 2641 5173 et
2671 5134 2786 5172 eam
2813 5128 2870 5172 ut
2896 5120 2969 5173 ita
2989 5118 3160 5172 dicam
3192 5117 3393 5172 habere
3425 5133 3513 5172 ra-

1926 5216 2097 5270 dicem
2144 5223 2195 5268 et
2244 5213 2703 5267 confirmationem
2753 5210 2891 5267 dicta
2946 5223 3134 5267 sancta
3184 5221 3343 5267 sexu
3390 5227 3517 5283 syn-

1932 5308 2084 5363 odus.

1998 5399 2147 5453 Mitto
2174 5398 2352 5453 dicere
2382 5406 2605 5467 quantas
2652 5397 2807 5452 nobis
2839 5413 2896 5452 re
2944 5410 3064 5449 vera
3109 5394 3348 5450 exhibuit
3392 5408 3510 5447 mo-

1929 5489 2131 5553 lestias,
2157 5496 2215 5543 ut
2240 5488 2305 5543 ad
2338 5499 2566 5543 vestram
2614 5488 2901 5544 fraternam
2946 5486 3327 5541 beatitudinem
3375 5486 3515 5540 litte-

1929 5597 2017 5638 ras
2043 5582 2393 5652 dirigeremus
2420 5583 2801 5638 convenienter
2844 5597 3009 5651 scopo
3050 5582 3192 5635 illius
3238 5581 3512 5636 amentize.

1931 5674 2011 5730 Ad
2044 5676 2160 5730 haec
2182 5674 2449 5744 quomodo
2482 5691 2579 5731 nos
2613 5684 2666 5730 et
2687 5690 2792 5745 quo
2816 5675 3039 5729 consilio
3068 5674 3138 5729 ita
3168 5672 3518 5743 gesserimus,

1932 5774 1986 5821 ut
2007 5766 2393 5837 depelleremus
2417 5768 2629 5837 quidem
2665 5767 2779 5835 ejus
2812 5768 2915 5821 vim
2949 5767 3276 5837 tyrannicam
3307 5774 3362 5819 et
3394 5780 3514 5833 prov

1932 5871 2157 5931 tervam,
2182 5864 2246 5917 ad
2276 5864 2325 5917 id
2348 5874 2524 5918 autem
2550 5864 2686 5933 quod
2726 5872 2809 5919 est
2849 5864 3004 5932 paulo
3049 5862 3379 5917 moderatius
3422 5861 3515 5917 de-

1933 5954 2242 6011 duceremus
2304 5955 2673 6017 insulentiam,
2721 5955 2949 6009 siieutcs
3002 5964 3055 6006 ut
3103 5956 3151 6006 in
3204 5957 3354 6008 malis
3415 5970 3517 6009 non
