4172 6556
720 441 823 493 545

2008 429 2452 485 CUNSTANTINI
2495 428 2694 485 ΡΑΡᾹΞ

3866 438 3979 496 3H

718 570 837 608 esse
866 550 1084 607 omnino
1109 551 1451 619 rejiciendam
1484 550 1914 612 indifferentiam,
1943 545 2153 614 quando
2182 560 2286 598 non
2316 546 2368 603 Α
2394 543 2659 597 naturales
2684 542 3039 611 operationes.
3076 543 3339 613 Expressa
3382 547 3522 601 enim
3553 547 3651 603 hoc
3679 564 3838 606 sensu
3873 556 3976 609 has

722 648 892 710 ipsum
924 641 1119 695 bonum
1145 642 1265 693 licet
1289 640 1459 706 primo
1486 640 1604 693 loco
1626 638 1868 693 oblinere
1890 674 1903 699 ,
1936 634 2087 688 nobis
2136 634 2290 687 testi-

718 735 953 787 moniutn
987 732 1117 785 feret
1141 731 1254 800 ipsa
1290 741 1526 800 potestas
1555 746 1671 799 qua:
1702 728 1940 782 cordium
1965 726 2182 780 consilia
2213 726 2291 779 in-

720 837 917 880 tuetur.
949 824 1085 888 Quin
1112 825 1271 878 etiam
1316 824 1454 876 inter
1503 824 1766 884 homines,
1798 819 2147 873 sanctissime
2192 832 2289 870 ve-

718 927 842 967 strm
862 914 1006 967 sedis
1031 915 1309 982 religiosus
1340 912 1717 983 apocrisiarius
1764 912 1852 979 qui
1903 910 1989 964 hic
2034 909 2133 977 agit
2160 951 2173 974 ,
2208 910 2288 961 cui

720 1018 816 1058 nos
847 1006 988 1059 hunc
1020 1005 1248 1059 maxime
1278 1016 1497 1074 urgente
1542 1012 1860 1071 tempestate
1908 1002 2029 1055 dato
2080 1002 2291 1069 jureju-

722 1094 887 1147 rando
916 1093 1304 1158 satisfecinius,
1332 1096 1380 1147 ei
1432 1108 1617 1162 puram
1658 1109 1777 1162 qua:
1821 1090 1971 1145 nobis
2015 1090 2185 1144 inerat
2240 1090 2288 1142 itt

716 1184 1078 1238 orthodoxam
1114 1186 1268 1239 fidem
1319 1185 1655 1240 affectionem
1700 1184 2024 1254 aperientes.
2082 1183 2289 1237 Etenim

716 1290 813 1330 vos
844 1292 1054 1345 quoque
1080 1277 1258 1342 scitis,
1290 1286 1346 1331 ut
1374 1278 1461 1346 qui
1490 1277 1821 1345 experientia
1869 1285 2054 1343 aperte
2094 1276 2293 1329 didice-

715 1366 850 1429 ritis,
883 1382 915 1420 ο
941 1368 1287 1435 sanctissimi,
1316 1368 1453 1435 quod
1487 1370 1643 1421 nimis
1673 1382 1864 1433 aspere
1911 1375 1964 1420 et
2016 1367 2291 1434 praefracte

714 1472 772 1511 se
798 1472 984 1527 gerere
1012 1457 1269 1510 adversus
1300 1460 1574 1524 potestatis
1610 1458 1980 1512 necessitatem
2030 1458 2079 1509 in
2132 1456 2293 1510 rebus

712 1546 974 1614 ejusmodi
1015 1546 1216 1615 absque
1248 1548 1420 1617 aliqua
1447 1558 1560 1601 arte
1611 1556 1665 1601 et
1710 1548 1904 1616 ingenii
1951 1546 2166 1600 solertia
2202 1561 2293 1601 ne-

713 1652 978 1707 quaquam
1013 1636 1110 1692 fuit
1137 1636 1331 1702 facile;
1367 1639 1561 1692 eienim
1591 1638 1797 1692 Nathan
1822 1654 2032 1708 quoque
2066 1640 2296 1708 prophe-

716 1740 765 1782 ta
792 1746 895 1782 non
929 1741 1109 1797 aperta
1141 1731 1191 1783 in
1224 1730 1471 1784 Davidctn
1505 1747 1629 1786 usus
1657 1741 1738 1784 est
1772 1733 2198 1800 reprehensione
2227 1734 2292 1787 de

712 1819 947 1874 admisso
976 1819 1239 1874 adulterio
1268 1831 1319 1874 et
1342 1822 1487 1875 mede
1517 1820 1599 1890 (Il
1638 1821 1759 1890 Reg.
1792 1824 1924 1890 xu);
1953 1822 2046 1877 sed
2075 1838 2193 1877 cum
2224 1836 2285 1875 ea

713 1910 1003 1963 eolorasset
1054 1909 1309 1977 probabili
1355 1912 1578 1978 quadam
1637 1912 1970 1975 narratione,
2024 1926 2087 1965 ex
2148 1913 2287 1966 illius

711 2000 971 2053 sententia
1000 2002 1049 2053 in
1073 2015 1191 2053 eum
1226 2001 1441 2068 protulit
1468 2001 1751 2069 judicium,
1778 2000 1901 2054 licet
1933 2002 2043 2068 ipse
2078 2016 2288 2070 quoque

715 2089 882 2143 David
908 2099 1051 2143 esset
1081 2102 1302 2144 ornatus
1324 2092 1513 2159 spiritu
1537 2092 1850 2159 prophetia}.
1879 2090 2163 2159 Propterea
2193 2106 2289 2145 nos

711 2196 959 2247 quoque,
1005 2184 1143 2233 sicut
1186 2196 1408 2250 magnus
1450 2181 1579 2235 dicit
1625 2181 1870 2245 Basilius,
1904 2182 2000 2235 viri
2054 2182 2288 2237 moribus

711 2284 997 2337 parumper
1025 2271 1319 2325 cedendum
1352 2286 1471 2327 esse
1499 2272 1826 2338 censuimus,
1867 2282 1922 2325 ut
1970 2273 2020 2327 in
2066 2274 2128 2326 iis
2170 2289 2288 2342 qua:

709 2372 833 2413 sunt
865 2361 1153 2429 praecipua,
1184 2360 1229 2415 si
1256 2377 1359 2417 non
1394 2362 1571 2416 verbis
1616 2372 1670 2417 at
1711 2364 1992 2418 sententiis
2034 2363 2284 2419 inviolata

712 2450 831 2504 fidei
856 2461 1158 2505 servaretur
1178 2453 1465 2507 confessio.
1492 2452 1605 2508 Non
1630 2454 1772 2509 enim
1802 2456 1852 2509 in
1895 2457 2091 2522 verbis,
2113 2458 2205 2511 sed
2234 2458 2288 2511 in

709 2543 870 2597 rebus
917 2553 999 2597 est
1033 2544 1185 2598 nobis
1234 2545 1462 2612 veritas,
1514 2546 1710 2600 clamat
1751 2546 2039 2616 Gregorius
2082 2550 2287 2604 theolo-

706 2640 838 2701 gus"
862 2648 875 2697 ;
900 2643 951 2686 et
980 2648 1190 2687 rursum
1218 2634 1404 2689 definit
1424 2650 1544 2690 esse
1570 2637 1722 2692 valde
1748 2638 2033 2692 absurdum
2059 2650 2111 2694 et
2136 2649 2289 2710 turpe

707 2724 773 2777 de
802 2741 935 2779 sono
964 2727 1108 2781 vocis
1130 2728 1339 2783 exiliter
1364 2728 1648 2784 disserere.
1698 2730 2043 2798 Apostolicus
2078 2745 2289 2801 quoque

714 2816 993 2886 Dionysius
1022 2820 1344 2888 Areopagita
1375 2834 1495 2876 esse
1522 2836 1553 2874 a
1581 2822 1788 2876 ratione
1815 2822 2047 2878 alienum
2087 2833 2140 2879 et
2168 2824 2285 2879 ine-

707 2917 854 2972 ptum
880 2912 1209 2975 pronuntiat,
1238 2910 1344 2964 vim
1403 2913 1551 2980 sc0pi
1598 2921 1653 2966 et
1701 2913 1928 2966 instituti
1980 2928 2083 2968 non
2116 2924 2285 2969 atten-

709 3001 859 3062 dere,
890 3001 983 3054 sed
1028 3002 1290 3057 diet'oncs
1334 3020 1348 3057 :
1388 3003 1578 3071 idque,
1612 3004 1811 3071 inquit,
1847 3019 1950 3057 non
1984 3013 2065 3058 est
2100 3020 2284 3059 eorum

714 3090 981 3160 proprium
1029 3092 1114 3158 qui
1170 3092 1351 3147 volunt
1406 3092 1750 3161 intelligentia
1803 3092 1984 3147 divina
2038 3096 2283 3163 percipe-

707 3193 766 3233 te
791 3220 805 3244 ,
857 3179 952 3234 sed
999 3196 1183 3235 eorum
1222 3182 1309 3251 qui
1357 3184 1503 3237 solos
1545 3198 1706 3237 sonos
1744 3183 2051 3248 admittunt,
2083 3200 2285 3255 eosque

708 3270 774 3323 ad
811 3284 967 3324 aures
1021 3287 1189 3337 usque
1264 3274 1488 3328 ulterius
1536 3289 1814 3343 permeare
1866 3290 1971 3328 non
2046 3277 2283 3330 valentes

707 3363 1039 3417 extrinsecus
1090 3364 1396 3430 continent,
1455 3371 1511 3418 et
1564 3365 1749 3419 nolunt
1811 3364 1949 3419 seire
2003 3365 2130 3435 quid
2173 3365 2286 3420 haec

705 3453 918 3521 quidem
974 3455 1057 3508 die
1087 3456 1137 3508 io
1186 3456 1483 3525 significat,
1523 3456 1791 3526 quomodo
1838 3466 2013 3511 autem
2040 3472 2157 3511 eam
2199 3472 2287 3512 ex-

710 3546 907 3612 plicare
965 3556 1207 3613 Oporteat
1262 3563 1352 3614 per
1397 3548 1526 3603 alias
1584 3564 1700 3617 qua:
1755 3557 1958 3601 tantum
2005 3549 2186 3602 valent
2229 3560 2281 3604 et

707 3635 1003 3689 evidentius
1053 3637 1376 3705 exprimunt.
1440 3638 1564 3692 llaec
1610 3649 1791 3692 autem
1850 3638 2116 3704 dicimus,
2178 3655 2283 3692 non

710 3726 882 3793 utqui
920 3726 1141 3780 velimus
1189 3736 1434 3782 evertere
1470 3743 1630 3783 voces
1664 3727 1773 3797 jtm
1809 3728 2064 3798 synodice
2096 3728 2286 3782 defini-

707 3828 809 3875 tas,
829 3831 1069 3883 quasque
1093 3817 1336 3870 universa
1361 3817 1454 3873 Dei
1480 3818 1714 3873 Ecclesia
1737 3820 1894 3888 longo
1912 3818 2024 3888 jam
2050 3828 2287 3887 tempore

706 3917 787 3962 est
815 3911 1077 3964 confessa.
1122 3910 1321 3978 Nempe
1367 3910 1547 3966 dicere
1592 3912 1643 3964 itt
1691 3910 1942 3979 mysterio
1968 3911 2165 3964 Christi
2204 3910 2288 3965 fn-

706 4001 1052 4067 carnationis,
1085 4016 1146 4055 ex
1184 4002 1264 4069 pia
1295 4012 1347 4056 et
1373 4004 1571 4057 sanctis
1603 4002 1846 4055 Patrihus
1888 4001 2098 4071 cognita
2129 4002 2284 4057 intel—

709 4087 921 4157 figentia
954 4088 1085 4142 duas
1116 4091 1383 4145 naturales
1428 4090 1729 4145 voluntates
1760 4100 1813 4145 et
1843 4090 1973 4145 duas
2015 4094 2288 4147 naturales

708 4181 1042 4245 operationes
1068 4197 1081 4245 ;
1122 4180 1213 4233 sed
1244 4181 1510 4235 intuentes
1537 4183 1601 4234 ad
1631 4181 1800 4235 solam
1835 4184 2042 4253 tyranni
2074 4199 2287 4250 persua—

707 4272 933 4334 sionem,
983 4282 1037 4325 ttt
1087 4272 1324 4325 nominat
1366 4272 1639 4339 apostolus
1666 4271 1864 4344 (Galat.
1912 4274 1989 4341 v),
2036 4284 2093 4328 et
2140 4285 2196 4328 ut
2224 4290 2286 4329 ea

708 4365 887 4419 solerti
938 4363 1323 4433 excogitatione
1372 4372 1668 4417 verteretur
1718 4364 1769 4417 in
1822 4367 2169 4432 contrarium,
2222 4382 2289 4423 ne

706 4455 875 4508 aliena
908 4454 1154 4523 dogmata
1185 4463 1365 4521 aperte
1409 4453 1874 4509 introducerentur
1906 4456 1955 4509 in
1992 4456 2286 4512 Ecclesium

2394 634 2610 702 intelligi
2642 648 2797 689 voces
2824 636 2874 690 in
2904 634 3079 690 edicto
3122 651 3149 689 a
3196 652 3256 692 se
3294 638 3506 694 decreto
3551 642 3694 709 prius
3731 644 3975 700 decrevit

2396 724 2448 777 in
2481 736 2655 779 vestra
2687 742 2868 796 magna
2901 727 3114 783 civitate
3156 729 3390 784 Romana
3433 746 3745 803 congregata
3800 750 3975 806 syno-

2393 815 2491 869 dus
2521 831 2549 869 a
2580 818 2893 873 veneranda:
2934 820 3201 874 memoria:
3231 820 3453 875 Martino
3482 825 3569 892 qui
3602 835 3789 880 vestrae
3830 843 3973 895 pne—

2398 906 2495 961 fnit
2526 908 2796 976 Ecclesiae,
2828 922 2884 963 ut
2914 910 3002 963 illa
3027 919 3208 976 aperte
3237 926 3328 979 per
3356 929 3452 968 nos
3481 930 3690 985 quoque
3719 931 3973 983 peccato-

2394 1013 2479 1052 res
2511 1008 2563 1054 et
2594 1000 2841 1055 minimos
2872 1000 3192 1069 dispensarit
3223 1002 3312 1057 Dei
3361 1004 3617 1073 sapientia
3644 1025 3654 1059 :
3686 1007 3783 1072 Qui
3831 1025 3975 1061 com-

2394 1093 2656 1159 prehendit
2684 1094 2932 1155 sapientes
2975 1096 3026 1147 in
3073 1097 3261 1147 astutia
3291 1112 3462 1148 eorum
3490 1095 3655 1167 (Psal.
3688 1101 3818 1167 cxt),
3849 1117 3972 1169 qua:

2393 1170 2678 1253 Gregorius
2706 1182 2981 1254 theologus
3007 1186 3153 1251 ponit
3174 1184 3226 1239 in
3255 1186 3461 1242 funebri
3500 1189 3736 1245 oratione
3770 1193 3820 1245 in
3854 1208 3975 1246 ma-

2394 1288 2552 1340 gnum
2595 1276 2866 1339 Basilium,
2899 1278 2987 1330 ubi
3019 1276 3164 1330 illum
3194 1278 3398 1333 inducit
3435 1295 3585 1335 usum
3614 1282 3836 1336 consilio
3866 1283 3967 1339 Da-

2396 1365 2533 1418 vidis
2561 1366 2920 1435 diSpensando
2950 1368 3111 1422 verba
3152 1382 3248 1422 sua
3281 1368 3330 1423 in
3357 1369 3579 1439 judicio,
3604 1374 3818 1428 silentio
3848 1376 3971 1443 qui-

2394 1455 2514 1510 dem
2569 1461 2890 1524 praeteriisse
2935 1460 3280 1529 principalem
3310 1476 3493 1516 vocem
3546 1465 3596 1519 in
3638 1475 3821 1519 sancto
3848 1466 3971 1534 Spi-

2395 1545 2521 1615 ritu,
2563 1548 2681 1603 aliis
2710 1560 2883 1604 autem
2924 1566 3041 1621 quae
3088 1551 3226 1606 idem
3258 1551 3492 1609 valerent
3537 1556 3755 1612 vocibus
3784 1570 3971 1611 corro-

2395 1635 2611 1690 borasse
2640 1639 2779 1707 piam
2811 1638 2928 1693 fidei
2960 1638 3409 1708 przndicationem.
3435 1642 3740 1714 Quanquam
3770 1653 3969 1715 quanta

2395 1727 2465 1780 sit
2511 1727 2809 1783 differentia
2854 1731 3128 1799 utriusque
3174 1734 3499 1801 argumenti,
3542 1735 3677 1803 ejus,
3728 1738 3972 1806 inquam,

2395 1816 2532 1883 quod
2567 1830 2831 1874 versatum
2879 1821 3019 1875 circa
3059 1820 3215 1876 fidem
3246 1831 3300 1876 et
3341 1824 3726 1880 confessionem
3773 1827 3969 1881 divini-

2398 1906 2537 1971 tatis,
2564 1909 2702 1963 etde
2732 1910 2905 1964 divina
2936 1911 3322 1975 incarnatione,
3350 1924 3407 1967 ut
3438 1916 3576 1969 idem
3600 1916 3725 1970 dicit
3751 1927 3971 1972 sanctus

2392 1994 2680 2065 Gregorius
2737 1998 3035 2068 theologus,
3090 2000 3521 2066 mcditationum,
3575 2019 3703 2073 quas
3757 2004 3971 2059 subtilis

2393 2089 2697 2141 necessario
2725 2089 2959 2156 exquirit
2987 2090 3364 2158 contemplatio
3390 2092 3454 2145 ad
3489 2094 3817 2148 indicandam
3847 2110 3971 2163 per-

2392 2177 2678 2232 fectiooem
2709 2177 2733 2215 δ
2768 2178 2818 2231 itt
2854 2187 3075 2248 utraque
3117 2190 3302 2235 natura
3337 2196 3429 2236 seu
3461 2183 3661 2238 vivifica
3709 2184 3969 2240 Trinitatc

2392 2268 2735 2325 tractationes
2803 2278 2857 2325 et
2902 2269 3149 2340 dogmata
3207 2272 3576 2329 excellentiam
3629 2275 3858 2329 habeant
3912 2286 3967 2330 et

2391 2361 2773 2428 praestantiam.
2808 2361 2896 2417 Sic
2937 2363 3079 2417 enim
3127 2371 3181 2416 et
3232 2377 3350 2431 quae
3397 2364 3464 2417 ab
3509 2364 3694 2419 eodem
3739 2366 3966 2434 sapienti

2394 2453 2639 2523 theologo
2680 2454 2733 2507 in
2777 2454 3017 2510 oratione
3066 2455 3134 2510 de
3184 2456 3445 2526 theologia
3494 2457 3742 2511 adversus
3789 2458 3965 2512 Euno~

2390 2544 2599 2599 mianos
2646 2546 2783 2599 dicta
2830 2557 2976 2600 sunt.
3010 2547 3107 2603 Ubi
3150 2548 3263 2602 hanc
3289 2548 3455 2603 dicit:
3491 2550 3869 2620 Philosophare
3897 2554 3965 2609 de

2391 2634 2608 2700 mundo,
2636 2633 2704 2689 de
2736 2637 2979 2704 materia,
3013 2637 3082 2693 de
3110 2638 3307 2704 anima,
3341 2639 3407 2694 de
3447 2640 3663 2695 rationis
3700 2645 3965 2709 compoti-

2390 2724 2489 2779 bus
2518 2727 2720 2779 naturis
2753 2735 2857 2779 tam
2904 2729 3366 2795 praestantioribus
3395 2745 3548 2797 quam
3589 2730 3963 2797 deterioribus,

2389 2815 2455 2869 de
2509 2816 2921 2882 resurrectione,
2977 2816 3201 2885 judicio,
3260 2822 3713 2884 remuneratione,
3764 2820 3961 2877 Christi

2392 2906 2749 2975 passionibus.
2781 2906 2836 2959 ln
2886 2906 2967 2960 his
3010 2906 3151 2960 enim
3196 2916 3249 2961 et
3291 2910 3501 2979 assequi
3532 2926 3633 2965 non
3678 2913 3877 2977 inutile,
3911 2922 3966 2968 et

2390 3011 2615 3063 peccare
2645 3006 2795 3051 vacat
2841 2998 3098 3066 periculo.
3145 2997 3259 3053 Non
3289 3002 3428 3054 enim
3466 3017 3527 3056 ea
3576 3002 3887 3073 simpliciter
3912 3015 3963 3059 ct

2388 3084 2631 3141 absolute
2671 3088 2847 3155 posuit
2886 3088 3102 3155 doctor,
3139 3089 3233 3144 sed
3264 3090 3404 3159 quod
3435 3091 3524 3146 illa
3552 3094 3813 3149 conferret
3841 3110 3959 3149 cum

2390 3175 2453 3228 iis
2482 3190 2600 3244 qua:
2635 3175 2883 3230 dicuntur
2903 3184 2958 3231 et
2985 3176 3343 3232 decernuntur
3373 3178 3441 3234 de
3468 3180 3645 3235 divina
3678 3181 3957 3238 Trinitate.

2390 3264 2502 3319 Hac
2530 3266 2707 3333 itaque
2735 3266 3153 3335 dispensationis
3181 3268 3387 3323 ratione
3426 3277 3481 3324 et
3516 3270 3737 3325 consilio
3768 3282 3957 3327 castera

2388 3371 2604 3426 quoque.
2626 3371 2811 3413 eorum
2834 3372 2955 3429 quae
2979 3359 3116 3414 facta
3151 3368 3276 3414 sunt
3303 3363 3629 3430 processisse
3656 3365 3956 3429 credentes,

2387 3462 2419 3502 o
2450 3450 2792 3517 sanctissimi,
2837 3466 2903 3505 ne
2934 3450 3108 3505 velitis
3141 3460 3416 3520 pr0pterea
3458 3467 3574 3508 eam
3617 3454 3667 3507 in
3707 3470 3803 3509 nos
3829 3470 3960 3510 con-

2389 3537 2528 3593 ferre
2569 3540 2778 3609 culpam
2820 3541 2905 3594 cui
2952 3555 3056 3595 non
3100 3543 3268 3609 possit
3294 3542 3514 3613 ignosci.
3563 3543 3665 3598 Sed
3696 3554 3747 3598 et
3775 3545 3819 3599 si
3844 3545 3962 3614 quis

2388 3627 2656 3683 existimet
2684 3629 2735 3683 id
2768 3628 2907 3698 quod
2956 3638 3040 3685 est
3080 3640 3387 3686 accuratum
3430 3641 3485 3687 et
3528 3633 3817 3702 perfectum
3866 3648 3962 3688 nos

2390 3736 2497 3776 non
2542 3736 2663 3778 esse
2711 3733 3016 3789 assecutos,
3075 3726 3470 3793 comparatione
3522 3741 3705 3781 eorum
3895 3742 3958 3781 ex

2392 3814 2586 3868 sanctis
2630 3814 2876 3869 Patribus
2923 3813 3253 3870 meonomice
3295 3827 3664 3883 processerunt
3715 3818 3962 3871 absolva-

2391 3919 2510 3959 mur
2539 3919 2567 3959 a
2600 3906 2751 3974 culpa
2787 3916 2841 3960 et
2881 3906 3025 3960 omni
3066 3906 3531 3962 condemnatione.
3562 3908 3690 3962 Nam
3729 3908 3958 3980 Cyrillus

2391 4011 2603 4066 quoque
2633 3998 3062 4068 sapientissimus
3095 4013 3200 4052 non
3242 4013 3495 4065 expresse
3537 3998 3690 4069 jubet
3725 4001 3958 4054 abdicari

2391 4088 2754 4155 Theodorum,
2803 4090 3140 4158 Mopsuestia}
3183 4090 3509 4159 episcopum,
3560 4103 3709 4146 certo
3736 4092 3959 4145 consilio

2391 4181 2693 4249 gratificans
2724 4182 2787 4235 iis
2830 4182 2920 4250 qui
2964 4180 3137 4235 adhuc
3168 4181 3430 4235 infirmius
3475 4183 3526 4236 itt
3556 4196 3673 4236 eum
3703 4191 3854 4237 erant
3878 4181 3957 4236 af-

2394 4269 2549 4337 fecti,»
2596 4272 2695 4325 etsi
2727 4270 2874 4324 illum
2915 4270 3079 4325 sciret
3122 4280 3393 4326 auctorem
3422 4282 3476 4325 et
3501 4283 3701 4341 patrem
3725 4274 3955 4340 perversi

2393 4360 2621 4416 Nestorii
2653 4362 2950 4417 sententiae.
3004 4361 3163 4431 quue
3209 4362 3445 4417 indicant
3487 4378 3603 4431 qua:
3647 4364 3714 4416 ab
3755 4366 3868 4433 ipso
3898 4366 3960 4418 de

2396 4466 2461 4507 eo
2489 4454 2683 4520 scripta
2710 4463 2834 4507 sunt
2859 4454 2925 4506 ad
2954 4466 3195 4506 sanctum
3232 4453 3474 4507 Proclum
3498 4455 3584 4521 qui
3615 4466 3807 4508 nostrm
3838 4470 3960 4509 san-

708 4555 759 4599 ct
798 4546 1003 4615 penitus
1052 4545 1496 4600 labefactarentur
1540 4546 1606 4601 de
1656 4561 1712 4601 re
1760 4551 2025 4616 proposita
2077 4550 2287 4618 pietatis
2315 4537 2364 4594 D
2393 4544 2644 4597 etissintre
2675 4541 2879 4626 praefuit
2905 4541 3187 4606 Ecclesiae;
3213 4542 3532 4611 etsuperius
3559 4543 3769 4613 quidem
3792 4544 3957 4597 dictus

704 4638 919 4690 decreta
958 4652 1075 4705 qua:
1124 4636 1271 4689 firma
1321 4647 1625 4691 man-erant
1653 4646 1708 4691 et
1754 4637 2099 4703 inconcussa;
2133 4641 2290 4694 simul

707 4742 919 4796 quoque
968 4742 1213 4796 magnum
1260 4727 1540 4793 d.:centes,
1595 4728 1668 4781 ttti
1722 4729 1879 4781 etiam
1929 4745 1957 4782 a
2005 4733 2289 4785 nominatae

706 4828 903 4871 sanctae
949 4818 1135 4888 synodi
1190 4819 1416 4874 inimicis
1461 4835 1525 4873 ex
1574 4822 1834 4873 sententia
1870 4836 1963 4889 per
1993 4823 2287 4878 confessio-

712 4924 833 4960 nem
865 4908 1232 4962 admitteretur
1262 4911 1374 4977 ejus
1413 4909 1681 4973 doctrina,
1711 4920 1764 4962 ut
1797 4926 1899 4963 non
1930 4914 2285 4980 eversionem,

710 4994 801 5048 sed
846 4994 986 5048 illius
1029 4997 1201 5062 potius
1244 4996 1700 5051 cenf'trntationem
1751 5008 1931 5066 aperte
1962 5002 2288 5067 ostenderet,

709 5085 846 5152 apud
874 5101 967 5139 eos
1002 5085 1214 5153 quidem
1245 5098 1390 5139 certe
1421 5087 1506 5154 qui
1555 5104 1686 5141 sano
1728 5097 1784 5141 et
1816 5088 2087 5143 inflexibili
2137 5093 2289 5145 oculo

708 5190 882 5229 rerum
932 5176 1395 5244 contemplationis
1431 5177 1543 5230 haec
1588 5178 1761 5229 sciunt
1809 5180 2181 5246 considerare,
2227 5198 2288 5235 ea

708 5284 825 5333 qure
875 5280 1129 5340 tyrannus
1179 5271 1431 5323 adversus
1483 5270 1739 5341 synodum
1789 5284 1869 5325 est
1920 5275 2286 5341 machinatus,

711 5362 919 5415 mlettdi
954 5361 1093 5414 enim
1140 5372 1192 5415 et
1222 5362 1475 5431 operandi
1519 5372 1775 5429 potestate
1807 5365 2084 5433 praeditum
2119 5368 2167 5419 in
2214 5380 2284 5420 at-

712 5467 819 5504 tera
872 5463 1053 5504 natura
1101 5454 1278 5506 dicere
1318 5468 1438 5507 esse
1488 5453 1797 5519 Christum,
1849 5455 1973 5507 nihil
2026 5466 2106 5510 est
2150 5456 2287 5511 aliud

711 5560 863 5609 quam
910 5546 1200 5611 intelligere
1248 5546 1379 5599 duas
1425 5545 1692 5599 naturales
1742 5546 2038 5602 voluntates
2075 5559 2129 5603 et
2160 5549 2290 5603 duas

782 5689 807 5758 at
837 5681 1116 5759 Gratidio
1142 5683 1513 5759 flasilium,ubi
1530 5686 1761 5759 σωτηρία
1786 5686 1946 5752 salus,
1965 5701 2066 5739 non
2085 5689 2285 5746 eadem

709 5754 891 5803 ti't'tftta
924 5753 1127 5817 legitur.
1165 5754 1489 5809 HARDUINUS.

780 5820 802 5857 δ
835 5821 972 5889 Lege
1003 5841 1010 5873 :
1050 5819 1107 5874 In
1143 5834 1356 5895 utraque
1386 5836 1566 5879 natura
1609 5826 1854 5880 nctttincm
1892 5839 2016 5897 puto
2047 5830 2281 5900 ignorare

2395 4636 2514 4689 fidei
2550 4645 2826 4705 tyrannus,
2851 4649 2999 4687 suain
3024 4636 3383 4688 conscientiam
3410 4634 3594 4688 habent
3635 4638 3955 4689 cauteriotam

2391 4725 2528 4780 sicut
2558 4727 2687 4779 dicit
2715 4726 3082 4778 sanctissimus
3113 4723 3304 4778 Paulus
3334 4723 3386 4792 (Ι
3420 4724 3553 4779 Tim.
3582 4727 3675 4793 tv),
3698 4742 3855 4779 ausus
3881 4738 3956 4780 est

2392 4820 2706 4874 comburere
2742 4828 2915 4871 tomos
2946 4820 3197 4872 Actorum
3229 4819 3515 4872 nominata:
3556 4830 3755 4873 sancta;
3798 4829 3955 4874 sexta:

2392 4912 2602 4981 synodi,
2646 4911 2907 4979 repositos
2948 4910 2999 4964 in
3042 4911 3261 4979 palatio,
3298 4912 3629 4979 existimans,
3664 4921 3718 4964 ut
3754 4911 3850 4964 sibi
3885 4912 3956 4963 vi-

2392 5003 2636 5069 debatur,
2670 5002 2823 5055 simul
2848 5016 3056 5071 quoque
3079 5016 3208 5055 eum
3225 5000 3287 5055 iis
3318 5001 3532 5055 verbum
3558 5002 3737 5057 delere
3771 5003 3954 5056 verita-

2394 5096 2479 5149 tis.
2517 5093 2619 5149 Nos
2668 5104 2844 5148 autem
2876 5109 2999 5148 eunt
3048 5093 3286 5148 sinentes
3325 5109 3418 5147 sua
3465 5094 3635 5161 decipi
3686 5096 3951 5163 opinione,

2391 5194 2444 5240 et
2474 5193 2721 5255 tanquam
2754 5184 3012 5253 prmelaro
3046 5184 3222 5254 aliquo
3254 5185 3487 5239 facinore
3515 5201 3610 5239 suo
3633 5187 3843 5257 gloriari
3871 5188 3955 5241 de—

2393 5277 2606 5341 decore,
2651 5274 2933 5345 diligenter
2980 5274 3327 5329 custodiimus
3366 5274 3503 5344 apud
3555 5291 3652 5330 nos
3699 5278 3956 5344 repositos

2394 5371 2644 5424 Actorum
2683 5378 2856 5421 tomos
2902 5367 3187 5421 nominata:
3230 5367 3427 5421 sanctae
3465 5377 3634 5420 sexta:
3674 5367 3862 5437 synodi
3910 5369 3953 5419 iu

2392 5460 2585 5528 quibus
2608 5459 2766 5514 etiam
2798 5460 3037 5513 omnium
3068 5474 3186 5528 quae
3215 5459 3269 5513 in
3298 5458 3434 5513 hanc
3474 5468 3710 5513 sanctam
3749 5469 3952 5514 sextam

2392 5552 2653 5623 synodum
2693 5559 3057 5607 convenerunt
3105 5550 3474 5621 episcoporum
3522 5552 3953 5622 subscriptiones,

2394 5706 2508 5743 eum
2557 5690 2619 5743 de
2672 5690 2841 5741 divina
2891 5696 3076 5741 natura
3138 5703 3223 5741 sm
3278 5688 3471 5758 viri/im
3527 5688 3810 5756 Tri-itatr,
3866 5702 3956 5743 etc.

2396 5761 2563 5816 limo.
