4172 6576
267 464 376 519 54ὅ

1723 463 2093 522 ΕΡΙΞΤΟῙΑΕ.

3424 477 3528 530 546

264 599 388 635 com
422 577 677 647 imperiali
710 575 1141 643 subsignatione,
1185 574 1232 624 in
1267 574 1482 627 decreto
1515 574 1580 628 ah
1614 575 1690 628 eis
1731 575 1840 629 edi-
1872 585 1918 639 Α
1951 573 2221 642 Eutychen
2249 571 2605 640 dchSUcrant
2639 586 2877 644 tempore
2911 579 3144 634 f~‘la:i..ni
3178 597 3376 636 sancta:
3417 602 3526 640 me-

266 681 355 724 (ιο
386 675 740 724 continemur.
787 668 950 721 Porro
993 675 1166 719 autem
1199 665 1349 717 aliter
1381 675 1563 717 nostro
1606 676 1844 733 tempore

267 774 324 816 ut
364 775 806 817 censi-narentur
849 775 945 813 nec
986 760 1257 811 interirent
1286 758 1411 808 Acta
1443 758 1679 825 ejusdem
1711 775 1838 811 san-

265 867 367 908 cta:
397 855 582 924 synodi
629 851 932 920 d-ligentius
975 858 1212 903 curatum
1257 857 1358 901 est.
1404 849 1840 915 Quandoquidem

265 946 404 999 liber
449 959 657 1012 quoque
704 943 935 1004 scriptus
980 942 1187 1006 propria
1243 953 1399 990 manu
1448 938 1592 990 Pauli
1646 948 1842 992 saut'ttn

264 1037 536 1089 memoriae
562 1034 650 1102 qui
679 1033 775 1085 fuit
805 1033 1026 1084 antistes
1057 1039 1252 1082 nostrae
1283 1030 1634 1082 sanctissimze
1668 1029 1843 1081 Eccle-

263 1127 378 1188 sint,
415 1125 504 1178 Dei
534 1125 699 1189 gratia
743 1121 878 1192 apud
927 1136 1022 1174 nos
1053 1129 1377 1182 servaretur,
1415 1119 1502 1182 qui
1548 1133 1665 1170 cum
1701 1129 1843 1172 esSct

263 1231 290 1269 a
327 1219 546 1272 secretis
576 1220 624 1269 in
667 1219 764 1269 hac
809 1223 990 1268 sancta
1040 1212 1246 1282 synodo
1299 1213 1555 1266 iuserviit.
1606 1213 1754 1266 Adeo
1785 1223 1840 1265 ut

263 1320 330 1359 ex
367 1307 468 1360 hoc
495 1307 631 1373 apud
680 1315 920 1373 posteros
952 1318 1162 1372 quoque
1188 1313 1400 1356 cautmu
1434 1303 1502 1354 sit
1537 1302 1628 1355 Dei
1659 1315 1709 1354 et
1746 1304 1844 1355 Ec-

261 1396 479 1461 clesia,
527 1412 593 1449 ne
641 1397 915 1464 quisquam
962 1395 1286 1462 malignitate
1338 1395 1532 1460 aliqua,
1584 1402 1638 1444 ut
1679 1394 1839 1444 multa

261 1486 406 1538 inter
437 1485 677 1538 homines
707 1488 842 1538 solet
877 1497 1080 1549 tempus
1111 1483 1383 1543 innovare,
1415 1484 1603 1534 amleat
1639 1483 1841 1535 adulte-

259 1593 385 1634 rare
421 1593 480 1633 ea
515 1594 653 1648 quae,
695 1589 749 1630 ut
793 1577 937 1645 prius
983 1578 1181 1627 dictum
1214 1585 1315 1636 est,
1342 1579 1674 1628 continenter
1723 1585 1837 1626 acta

259 1679 386 1722 sunt
415 1685 442 1721 a
474 1679 651 1721 sancta
685 1679 832 1722 sexta
894 1667 1118 1732 synodo,
1179 1674 1269 1717 aut
1321 1680 1567 1732 perverse
1615 1664 1730 1716 aliis
1779 1679 1840 1716 ea

259 1766 430 1832 possit
477 1763 703 1816 tra’dere.
743 1761 1003 1813 Germana
1048 1760 1190 1811 enim
1230 1769 1282 1810 ct
1329 1771 1446 1824 qua:
1478 1754 1838 1808 circumscribi

256 1868 366 1906 non
402 1862 574 1920 potest
618 1854 833 1912 veritas,
866 1851 948 1904 vel
980 1865 1046 1903 ex
1087 1850 1183 1902 hoc
1215 1849 1348 1902 libro
1382 1849 1622 1900 omnibus
1655 1861 1837 1901 osten-

1947 663 2148 727 tnorir,
2181 676 2298 714 cum
2331 662 2378 714 in
2411 664 2612 731 synodo
2643 679 2760 733 qua:
2805 666 2996 735 Ephesi
3038 679 3219 739 postea
3258 664 3522 729 celebrata

1945 764 2025 808 est
2070 771 2096 804 a
2151 756 2401 808 Dioscoro
2453 770 2571 807 cum
2619 759 2704 824 qui
2747 758 2890 826 juste
2939 762 3110 816 fuerat
3140 765 3524 821 condemnatus

1940 844 2141 911 justum
2177 848 2631 908 pronuntiassent,
2676 847 3040 904 beatissimum
3091 854 3394 908 Flavianum
3428 857 3528 909 ini-

1943 936 2207 1010 quissitue
2232 939 2686 1000 condemnarunt;
2719 941 2767 990 in
2808 951 2982 994 sancta
3020 954 3191 996 tamen
3232 945 3526 999 Chalcedo-

1948 1027 2098 1078 nensi
2135 1027 2338 1096 synodo
2369 1027 2445 1079 eis
2486 1029 2692 1082 suffecit
2721 1032 2784 1082 ad
2821 1034 3104 1096 perfectam
3153 1037 3392 1090 criminis
3425 1039 3524 1091 de-

1947 1121 2239 1186 pulsionem
2286 1129 2483 1170 sancte
2513 1118 2865 1175 confessionis
2898 1124 3180 1194 depositio,
3212 1142 3310 1180 nec
3342 1128 3409 1181 de
3455 1142 3524 1181 eo

1944 1207 2109 1261 multo
2141 1208 2217 1261 eis
2251 1209 2430 1262 labore
2461 1218 2514 1262 et
2546 1209 2722 1262 verbis
2769 1211 2865 1264 fuit
2912 1228 3067 1283 opus.
3099 1215 3207 1268 Scit
3244 1217 3384 1270 enim
3419 1216 3522 1270 fra-

1945 1307 2093 1351 terna
2125 1298 2337 1350 dilectio
2375 1315 2476 1351 non
2509 1298 2598 1352 ditt
2629 1299 2842 1355 differre
2887 1303 3265 1371 benignitatem
3315 1317 3368 1360 et
3408 1309 3520 1361 cle-

1945 1393 2194 1442 mentiam
2245 1392 2294 1443 in
2352 1393 2668 1458 proximum.
2722 1396 2930 1449 Sanctis
2980 1400 3118 1448 enim
3170 1398 3407 1466 patribus
3435 1401 3523 1468 qui

1941 1482 2280 1534 Chalcedone
2314 1481 2529 1534 fuerant
2561 1489 2861 1552 congregati
2898 1488 3012 1540 hzcc
3041 1489 3252 1555 scripsit
3280 1490 3385 1542 Leo
3414 1491 3523 1544 cla-

1945 1571 2208 1634 rissimus,
2242 1584 2432 1625 vestra.-
2482 1573 2623 1626 sedis
2667 1579 2992 1642 apostolicm,
3040 1581 3145 1632 imo
3191 1594 3316 1634 vero
3362 1581 3524 1635 totius

1943 1663 2086 1714 orbis
2119 1673 2295 1724 tcrrzc,
2323 1663 2495 1716 lumen
2530 1664 2883 1718 clarissimum
2914 1683 2926 1719 :
2962 1669 3064 1722 Sed
3102 1672 3339 1735 quoniam
3365 1673 3524 1725 multa

1942 1767 2073 1817 sirpe
2102 1752 2338 1803 accidunt
2381 1769 2493 1818 qua:
2535 1765 2744 1819 possunt
2789 1756 3041 1810 adducere
3081 1758 3146 1809 ad
3178 1761 3522 1826 paenitentiam

1941 1855 1984 1895 et
2021 1843 2112 1894 Dei
2143 1844 2489 1896 misericordia
2521 1846 2669 1896 vincit
2703 1847 2882 1899 delicta
2915 1861 3257 1915 peccatorum,
3292 1864 3526 1918 propter-

254 1941 415 1996 detur
445 1941 697 2009 apertius.
740 1940 1175 2007 Quandoquidem
1213 1955 1368 1991 verus
1409 1950 1590 1991 noster
1635 1952 1831 2004 prarses
1863 1921 1908 1977 Β
1939 1949 1996 1984 ea
2040 1934 2366 1998 suspenditur
2420 1935 2725 2001 supplicium
2789 1945 2842 1986 ut
2910 1939 3066 2002 possit
3118 1939 3282 1990 locant
3338 1941 3522 1993 habere

254 2043 307 2084 et
347 2041 586 2084 servator
632 2033 887 2084 Dominus
931 2030 1084 2083 Jesus
1125 2030 1365 2082 Christus
1409 2030 1459 2082 in
1507 2030 1588 2080 his
1638 2028 1835 2080 diutius

259 2120 555 2173 tolerandis
599 2134 700 2172 ttOn
747 2119 998 2172 sustinuit
1029 2119 1430 2173 indormiscere.
1462 2119 1564 2173 Sed
1615 2133 1834 2186 surgens

255 2223 351 2259 Sua
402 2209 638 2261 bonitate
689 2219 740 2261 et
791 2209 1045 2275 potentia,
1091 2224 1229 2262 nunc
1280 2223 1489 2276 quoque
1543 2210 1834 2275 increpavit

257 2300 498 2360 fluctum,
556 2313 659 2351 non
711 2286 882 2367 aqum,
917 2298 1007 2351 sed
1042 2298 1229 2351 nefarii
1272 2308 1518 2359 cenatus,
1548 2309 1601 2352 et
1632 2299 1836 2353 sedavit

255 2387 473 2452 quidem
527 2389 754 2440 hiemem
802 2389 1160 2441 Ecclesiarnm
1212 2390 1560 2455 tempestatis.
1615 2390 1835 2442 Donavit

254 2490 433 2531 autem
479 2479 630 2531 nobis
681 2493 917 2546 magnam
965 2494 1139 2530 rerum
1194 2480 1652 2547 tranquillitatem,
1689 2480 1832 2546 pimn

255 2571 632 2636 imperatorem
684 2578 736 2620 et
788 2569 932 2620 omni
984 2583 1048 2621 ex
1110 2578 1261 2634 parte
1312 2569 1502 2622 virtute
1534 2569 1833 2637 praeditum,

255 2660 345 2725 qui
370 2657 626 2723 imperiali
647 2658 945 2711 celsitudini
975 2658 1382 2726 respondentem
1403 2658 1839 2713 babetzelnmor—

259 2749 504 2801 thodoxze
540 2748 680 2811 fidei,
708 2763 912 2800 morum
945 2749 1276 2802 honestatem
1308 2759 1362 2803 et
1392 2749 1834 2817 moderationem,

256 2843 452 2909 quique
491 2840 872 2894 Convenienter
902 2841 1018 2908 ejus
1059 2841 1281 2903 nomini,
1326 2856 1516 2908 nempe
1545 2842 1834 2907 Anastasii,

259 2945 480 3000 surgere
521 2931 646 2984 fecit
688 2930 1106 2983 ccclesiasthun
1157 2946 1341 3000 pacem
1384 2941 1437 2983 et
1475 2932 1834 2985 concordiam.

258 3023 586 3076 Confidimus
623 3025 781 3076 etiam
814 3022 863 3075 in
896 3036 960 3076 eo
991 3022 1076 3089 qui
1110 3036 1226 3075 eam
1271 3021 1422 3075 nobis
1452 3022 1671 3076 donavit
1697 3020 1836 3089 quod

258 3113 564 3180 reipublicae
605 3127 814 3181 quoque
847 3122 870 3148 υ
905 3113 1256 3175 electionem,
1309 3121 1367 3164 ut
1415 3113 1514 3165 fert
1551 3112 1837 3180 appellatio

256 3205 507 3266 nominis,
544 3205 835 3258 exorditur.

330 3294 440 3348 \‘os
490 3307 638 3362 ergo,
673 3309 704 3347 ο
733 3308 942 3347 sacrum
990 3302 1168 3362 caput,
1215 3293 1670 3360 pcrspicacissima
1714 3309 1834 3361 qua:

257 3394 340 3440 est
370 3385 423 3436 in
456 3386 604 3438 vobis
653 3383 846 3438 virtute
895 3385 1134 3452 spiritus,
1191 3385 1433 3452 benignae
1484 3385 1834 3439 invocationis

257 3478 410 3532 nobis
442 3492 654 3530 manum
688 3477 1021 3545 porrigentes
1075 3475 1186 3527 miti
1233 3485 1479 3530 contactu
1532 3487 1832 3530 mutuarum

256 3571 553 3625 litterarum
603 3583 664 3623 ex
715 3583 864 3623 more
906 3567 1266 3622 ecclesiastico
1295 3564 1321 3602 δ
1350 3567 1835 3636 antisynodicorum

256 3664 463 3718 scilicet
482 3663 868 3732 apostolorum,
887 3661 1162 3714 charitatis
1189 3659 1447 3714 adhibeas
1480 3661 1836 3715 medicamen-

253 3762 390 3817 tum,
423 3754 562 3822 quod
590 3763 668 3804 est
713 3752 765 3804 in
810 3751 960 3804 nobis
1009 3751 1291 3804 molestum
1332 3759 1386 3803 ct
1430 3752 1691 3820 palpitans
1717 3760 1834 3805 stu-

254 3849 380 3902 dete
413 3845 686 3900 medicari.
720 3845 995 3912 Nunquam
1037 3843 1176 3896 enim
1207 3843 1309 3896 erit
1351 3853 1532 3897 nostra
1583 3843 1838 3897 relaxatio

255 3946 349 3991 aut
394 3936 562 3991 oculis
610 3949 831 3989 somnus
863 3932 1117 3988 ascendet
1157 3940 1210 3986 et
1254 3933 1467 3998 requies
1510 3933 1837 4000 temporibus

251 4039 308 4082 et
360 4027 626 4096 palpebris
676 4025 872 4080 nostris
916 4024 1257 4085 dormitatio,
1309 4022 1482 4078 donec
1534 4025 1835 4077 universam

255 4117 350 4171 Dei
384 4118 676 4170 Ecclesiam
710 4115 1076 4183 aspexerimus
1123 4128 1305 4167 rursus
1355 4128 1678 4170 conservare
1719 4115 1838 4168 uni-

251 4219 417 4262 tatem
461 4208 690 4274 Spiritus
736 4207 786 4260 in
830 4207 1042 4260 vinculo
1073 4208 1237 4275 pacis.
1286 4206 1496 4260 Etenim
1549 4222 1667 4262 cum
1721 4209 1837 4262 sitis

251 4299 397 4353 illius
425 4299 670 4367 discipuli
718 4309 770 4353 et
819 4313 1157 4352 successores
1198 4298 1286 4367 qui
1318 4299 1480 4352 audiit
1506 4315 1534 4352 a
1568 4298 1791 4353 Domino
1821 4317 1834 4352 :

251 4390 463 4451 Simon,
498 4387 700 4450 Simon,
731 4404 842 4441 ecce
873 4390 1095 4446 Satanas
1122 4389 1354 4456 expetivit
1396 4406 1480 4443 vos
1511 4401 1563 4442 ut
1592 4391 1836 4444 cribraret

250 4491 496 4546 tanquam
525 4479 766 4530 triticum.
805 4476 912 4549 Ego
951 4479 1100 4529 etiam
1130 4481 1301 4549 rogavi
1325 4496 1416 4549 pro
1455 4490 1502 4533 te
1531 4491 1583 4533 ut
1618 4498 1716 4533 non
1748 4483 1836 4533 de-

1935 2026 2176 2077 correctio
2232 2024 2422 2093 (Epist.
2454 2025 2564 2092 47).
2598 2025 2860 2079 Prrcterca
2904 2026 2968 2078 ad
3017 2026 3349 2080 l’ulcheriam
3387 2043 3522 2097 quo-

1937 2131 2039 2182 que
2083 2115 2322 2167 scribens
2385 2117 2479 2180 pia:
2531 2117 2799 2167 memoria:
2858 2117 2907 2167 in
2963 2117 3187 2182 cpistola
3231 2117 3380 2184 cujus
3436 2130 3519 2172 est

1939 2205 2274 2270 principium,
2338 2203 2483 2255 I’iaut
2539 2215 2712 2256 vestrm
2767 2206 3085 2273 benignitatis
3138 2223 3314 2258 curam
3360 2224 3514 2275 quam

1937 2304 2178 2360 perpetuo
2209 2293 2335 2361 gcrit
2364 2292 2485 2358 ﬁdei
2515 2292 2798 2355 catholicae,
2828 2293 2942 2345 hiCC
2974 2294 3101 2346 dicit
3145 2293 3336 2347 Leonis
3365 2310 3517 2350 mens

1939 2381 2373 2448 pt'zestantissima
2405 2397 2414 2430 :
2452 2381 2889 2443 Quemadmodum
2910 2385 3038 2433 cnim
3071 2384 3133 2434 ab
3181 2382 3323 2435 initio
3356 2384 3512 2454 hujus

1935 2475 2218 2541 argumenti
2270 2474 2449 2538 scripsi
2509 2475 2942 2540 frequentissime,
2994 2476 3126 2526 inter
3173 2476 3518 2529 dissentientes

1937 2579 2122 2620 mentes
2154 2578 2200 2620 et
2240 2569 2471 2618 carnales
2505 2577 2693 2619 mentes
2735 2566 2868 2617 hanc
2907 2566 3017 2618 rolo
3047 2570 3238 2620 servari
3283 2569 3517 2621 modera-

1933 2662 2140 2718 tionem.
2187 2669 2238 2710 ut
2279 2659 2396 2723 ﬁdei
2425 2659 2631 2724 quidem
2657 2657 2952 2722 pcrfectioni
2991 2659 3119 2709 nihil
3148 2659 3293 2710 liceat
3326 2659 3514 2710 addere

1937 2768 2025 2805 nec
2048 2753 2309 2821 conferre;
2341 2752 2400 2803 iis
2429 2760 2598 2802 autem
2628 2749 2715 2818 qui
2747 2757 3064 2801 revertuntur
3096 2752 3159 2802 ad
3198 2753 3439 2802 unitatem
3469 2761 3517 2802 et

1936 2860 2106 2914 pacem
2143 2845 2426 2909 praebeatur
2455 2842 2652 2893 medela
2673 2841 2850 2900 venire,
2881 2843 3120 2908 quoniam
3154 2858 3304 2916 opera
3326 2842 3518 2894 diaboli

1937 2943 2057 2986 tunc
2085 2932 2302 2984 validius
2332 2931 2681 2990 destruantur,
2705 2933 2908 2997 quando
2935 2931 3231 2983 charitatem
3255 2934 3303 2981 in
3352 2930 3516 2984 Deum

1931 3032 1982 3077 el
2001 3023 2285 3090 proximum
2315 3020 2574 3072 hominum
2601 3020 2756 3071 corda
2779 3030 3011 3072 revocant
3037 3017 3228 3090 (Epist.
3256 3019 3369 3089 51).

2009 3116 2118 3169 lloc
2149 3117 2318 3182 ipsum
2371 3121 2546 3165 autem
2589 3114 2754 3164 multo
2787 3121 2908 3165 ante
2937 3112 3170 3180 Cyrillus
3199 3127 3406 3180 quoque
3436 3111 3517 3165 di-

1939 3204 2184 3256 vinarum
2244 3215 2421 3255 rerum
2489 3200 2845 3267 peritissimus
2905 3201 3091 3254 fecisse
3152 3202 3413 3256 invenitur
3460 3203 3514 3256 in

1943 3296 2309 3364 epise0porum
2342 3292 2676 3345 Orientalium
2708 3292 2758 3345 in
2794 3292 2962 3360 ipsum
2995 3295 3292 3347 invectione
3338 3303 3391 3347 et
3419 3294 3516 3349 de-

1935 3383 2250 3440 certatione.
2287 3381 2361 3434 llli
2393 3381 2535 3434 enim
2584 3397 2613 3433 a
2655 3381 3105 3437 condemnatione
3149 3384 3386 3438 volentes
3415 3384 3513 3436 ab-

1937 3474 2148 3527 solvere
2176 3473 2506 3534 Nestorium,
2539 3480 2592 3524 et
2618 3472 2668 3524 in
2701 3472 2872 3540 ipsum
2908 3474 3066 3526 latam
3097 3474 3364 3528 infirmare
3393 3491 3513 3529 seu-

1941 3566 2160 3620 tentiam
2193 3562 2599 3626 contendentes,
2631 3563 2744 3616 ausi
2775 3573 2900 3617 sunt
2936 3580 3040 3617 non
3073 3565 3386 3628 tolerabilia,
3420 3566 3512 3618 scd

1937 3655 2224 3708 maximum
2289 3652 2537 3705 delictum
2583 3652 2930 3706 admiserunt.
2982 3654 3154 3721 Ipsum
3205 3654 3346 3708 enim
3395 3657 3521 3708 bea-

1939 3755 2047 3799 tum
2090 3743 2345 3812 Cyrillum
2397 3751 2451 3794 et
2498 3743 2760 3812 synodum
2812 3744 2929 3811 ejus
2974 3743 3509 3800 anathematizarunt.

1938 3834 2042 3890 Sed
2075 3833 2163 3888 ille
2194 3847 2402 3901 quoque
2432 3833 2661 3884 celerem
2703 3840 2759 3886 et
2805 3847 2910 3885 non
2958 3846 3242 3900 operosam
3273 3833 3514 3886 adhibuit

1943 3924 2348 3992 reparationem.
2400 3921 2600 3988 Nempe
2649 3922 2748 3973 hoc
2802 3923 2975 3976 solum
3050 3932 3106 3975 ut
3149 3924 3512 3977 consentirent

1935 4017 2001 4070 iis
2030 4030 2147 4079 quae
2190 4013 2442 4085 synodice
2480 4013 2686 4065 fuerant
2727 4015 3010 4066 constituta
3041 4027 3101 4066 ac
3133 4014 3214 4080 pic
3255 4014 3472 4067 definita
3495 4053 3512 4078 ,

1938 4117 1993 4162 et
2023 4107 2433 4173 comprobarent
2460 4103 2606 4172 impii
2637 4105 3052 4168 damnationem,
3085 4107 3199 4158 illas
3247 4116 3362 4173 post
3394 4105 3509 4158 ha'c.

1938 4199 2081 4252 omni
2132 4197 2308 4251 laetitia
2357 4197 2544 4264 plenas
2575 4209 2734 4248 voces
2780 4196 3110 4249 exclamante
3160 4198 3273 4263 ipso
3322 4196 3508 4248 divino

1941 4291 2113 4354 Patre,
2155 4304 2286 4355 quas
2327 4287 2625 4354 snslricetur
2671 4285 2930 4354 quispiam
2971 4285 3137 4340 dictas
3184 4301 3301 4338 esse
3355 4286 3509 4353 quasi

1937 4384 2049 4448 ipse
2097 4382 2271 4449 potius
2319 4378 2399 4432 sui
2457 4379 2634 4446 lapsus
2679 4379 2968 4446 accepisset
3038 4377 3507 4442 cnndonatinnem,

1937 4491 2037 4529 non
2061 4485 2234 4526 autem
2261 4473 2372 4540 ipse
2393 4470 2595 4539 lapsum
2618 4471 2970 4524 condonasset
2994 4487 3007 4522 :
3034 4470 3307 4534 Lanentnr,
3347 4474 3511 4536 enim,

249 4570 425 4634 ﬁceret
465 4569 590 4633 ﬁdes
635 4577 742 4631 tua,
776 4577 819 4619 et
850 4577 902 4618 tu
950 4566 1228 4634 aliquando
1276 4584 1544 4621 conversus
1585 4571 1832 4634 conﬁrma
1865 4592 1910 4651 υ
1940 4567 2129 4634 inquit,
2162 4565 2298 4629 cali,
2329 4573 2372 4616 et
2405 4563 2615 4615 exsultet
2642 4570 2808 4624 terra;
2841 4563 3003 4613 soluta
3044 4571 3112 4615 est
3136 4563 3266 4614 enim
3293 4563 3513 4613 marci-ia

249 4659 440 4726 fratres
491 4666 604 4709 tuos
635 4656 786 4721 (an.
840 4655 997 4723 xxii),
1043 4657 1247 4710 debetis
1295 4657 1504 4726 quidem
1551 4659 1834 4727 diligenter

251 4747 505 4802 inducere
534 4763 653 4815 quas
685 4747 902 4799 lulciunt
931 4755 980 4800 et
1009 4747 1282 4801 stabilinnt
1318 4749 1380 4801 ad
1425 4753 1831 4814 eorrecuouetn,

251 4835 547 4906 promptius
571 4836 727 4890 etiam
760 4837 958 4890 donare
987 4853 1101 4905 qua:
1131 4849 1250 4891 sunt
1282 4838 1556 4892 clementis
1587 4840 1746 4894 animi
1781 4850 1830 4894 et

252 4927 636 4982 misericordis.
669 4927 796 4980 Nam
844 4928 1012 4995 ipsum
1062 4943 1323 4981 summmn
1371 4931 1729 4995 apostolorum
1763 4947 1829 4985 ex

252 5035 322 5074 eo
351 5022 489 5087 quod
542 5021 637 5087 ipsi
678 5020 869 5073 accidit
913 5021 1228 5074 adhortatur
1254 5021 1506 5077 Dominus
1545 5039 1833 5092 agnoscere

250 5111 470 5179 quidem
517 5111 689 5163 carnis
720 5109 1109 5177 infirmitatem;
1141 5127 1235 5164 eos
1283 5124 1459 5167 autem
1491 5117 1579 5183 qui
1637 5116 1830 5169 insoltu

255 5215 433 5254 rerum
465 5209 800 5255 externarum
835 5202 964 5268 lapsi
1010 5211 1150 5270 sunt,
1185 5214 1242 5257 ut
1282 5205 1379 5272 ipsi
1410 5221 1618 5274 quoque
1645 5223 1833 5261 usuve-

256 5292 336 5344 nit
367 5299 602 5361 tempore
649 5293 896 5346 salutaris
927 5295 1206 5361 passionis,
1257 5312 1358 5350 non
1409 5297 1647 5363 impediri
1700 5314 1833 5366 quo-

254 5382 433 5433 minus
478 5397 571 5448 per
600 5384 992 5438 correctionem
1033 5385 1380 5440 restituantur
1411 5387 1570 5455 priori
1621 5390 1830 5458 impati-

255 5471 470 5525 bililati.

327 5561 441 5617 Jain
476 5578 603 5616 vero
651 5564 751 5619 hoc
795 5580 1005 5633 quoque
1035 5576 1261 5622 vestram
1301 5577 1695 5624 sacrosanctam
1728 5585 1830 5625 non

257 5657 417 5723 fugiat
466 5659 798 5725 memoriam,
833 5659 969 5727 quod
1021 5660 1232 5728 quidam
1280 5675 1344 5715 ex
1395 5662 1457 5715 iis
1489 5662 1576 5730 qui
1611 5663 1828 5731 impium

332 5799 349 5820 ⁷
390 5790 526 5857 Lege
554 5792 876 5847 rrcctionem.
910 5795 1078 5850 llann.

327 5858 352 5896 )’
388 5861 525 5930 l.rge
558 5864 1023 5930 aruisynodirorrou
1050 5866 1174 5938 (hoc
1207 5879 1305 5935 est,
1341 5871 1566 5926 vicissim
1615 5872 1831 5941 synodi-

1938 4664 2086 4728 sepis,
2120 4669 2164 4710 ct
2194 4657 2356 4710 omnis
2404 4655 2729 4708 dissensionis
2781 4653 2957 4706 modus
2985 4663 3057 4707 est
3105 4654 3362 4715 sublatus,
3395 4669 3510 4704 cum

1937 4754 2157 4807 omnium
2190 4762 2418 4805 nostrum
2447 4759 2670 4804 servator
2695 4748 2924 4804 Christus
2944 4749 3050 4801 suis
3075 4745 3313 4799 Ecclesiis
3336 4760 3511 4810 pacem

1936 4844 2239 4898 cauciliar-it.

2009 4936 2224 4990 Habetis
2255 4948 2382 5003 ergo
2412 4947 2527 4997 vos,
2563 4948 2594 4986 ο
2625 4933 2721 4988 viri
2752 4931 3008 4986 divinitus
3037 4928 3297 4999 inspirati,
3329 4928 3512 4981 delicti

1935 5045 2030 5098 per
2058 5029 2275 5080 alterius
2300 5029 2405 5079 vim
2437 5037 2490 5080 et
2525 5026 2766 5093 injuriam
2795 5024 3009 5077 admissi
3042 5023 3267 5076 validam
3300 5031 3351 5074 et
3384 5019 3512 5089 legi-

1937 5119 2116 5171 timam
2145 5117 2532 5181 defensionem,
2567 5125 2620 5169 et
2659 5131 2776 5182 qua:
2810 5129 3139 5181 nequaquam
3189 5111 3414 5165 convelli
3446 5126 3508 5164 ac

1935 5207 2236 5262 labefactari
2288 5213 2460 5273 potest
2492 5220 2677 5272 puram
2710 5214 2762 5258 et
2795 5206 3012 5258 liberam
3044 5203 3352 5256 orthodoxa:
3386 5200 3505 5252 li.l.-i

1935 5298 2344 5353 confessionem.
2387 5297 2461 5350 Ne
2490 5298 2604 5350 sitis
2633 5311 2779 5360 ergo,
2813 5311 2844 5348 ο
2877 5295 3051 5356 beati,
3101 5295 3229 5363 pigri
3270 5303 3317 5347 et
3368 5293 3502 5345 tardi

1934 5392 1986 5446 in
2018 5392 2065 5445 id
2099 5391 2239 5459 quod
2285 5400 2368 5444 est
2414 5391 2564 5443 vobis
2595 5389 2932 5458 conjunctunt
2980 5397 3034 5441 et
3077 5385 3402 5440 individuum
3458 5386 3508 5436 in

1933 5484 2152 5554 spiritali
2184 5483 2579 5548 conspiratione
2608 5492 2660 5536 et
2687 5480 2992 5543 concordia,
3026 5492 3198 5546 neque
3228 5475 3507 5530 attenden-

1937 5587 2014 5632 tes
2047 5591 2104 5631 ea
2134 5591 2253 5646 qua:
2299 5592 2389 5644 per
2418 5577 2522 5631 vim
2571 5577 2704 5627 facta
2750 5581 2894 5638 sunt,
2927 5587 3023 5625 nos
3067 5571 3260 5640 quibus
3311 5571 3387 5621 vis
3426 5577 3511 5622 est

1934 5668 2088 5722 allata
2121 5667 2398 5736 expellatis
2437 5682 2464 5718 a
2498 5675 2669 5718 vestra
2719 5665 3001 5730 charitatc,
3036 5675 3206 5730 neque
3254 5671 3502 5728 tanquam

1935 5802 2139 5868 corum)
2173 5802 2359 5854 scilicet
2411 5800 2664 5859 missione,
2702 5797 2964 5851 charitatis
3006 5794 3300 5849 adhibentes
3362 5797 3515 5850 mcdi—

1935 5885 2238 5926 cantcntunt.
2273 5871 2440 5924 llano.
