4172 6546
1087 441 1409 496 EPISTULA
1454 441 1541 494 AD
1583 439 1936 495 NMTANUM
1980 438 2319 492 l‘llllOllUll
2366 440 2624 493 REGE“.

1244 681 2422 799 CEOLPRIDI

1365 893 1871 946 ANGLO-SAXONIS
1908 891 2299 941 PRESBYTER!

330 1048 962 1155 EPISTOLA
1042 1043 1210 1148 AD
1289 1035 1994 1148 NAITANUM
2073 1038 2524 1142 REGEM
2604 1042 3332 1182 PICTONUM,

844 1232 999 1294 PRO
1043 1225 1505 1292 CATHOLICO
1552 1222 1853 1285 PASCHA
1900 1219 2376 1284 ETROMANA
2426 1224 2819 1290 TONSURA.

1819 1359 1889 1366 .-

1421 1426 1614 1488 mansi,
1641 1421 1781 1472 Coac.
1811 1419 2011 1471 Collect.
2039 1426 2152 1469 lout.
2179 1418 2309 1483 ΧΗ.)

1820 1539 1892 1547 ——

195 448 300 503 369

1490 584 1759 593 .———.—_

1185 585 1488 596 .___———-

912 587 1173 598 ——————-

208 589 462 604 με.

2868 589 3478 601 νὝκ--ο--μῄ--σ-ς-

668 1639 1034 1697 ριιίΕΡΛΤεο
1092 1636 1316 1692 mina;
1819 1633 1866 1688 Α
1896 1639 2094 1696 quanto
2126 1631 2293 1699 magis
2316 1632 2520 1686 civibus
2569 1633 2757 1700 patrite
2786 1636 3109 1717 coelestisin
3144 1640 3248 1697 hoc
3281 1647 3484 1703 mundo

275 1740 355 1793 Eo
387 1747 623 1804 tempore
639 1735 889 1787 Naitanus
920 1747 1009 1783 rex
1037 1722 1795 1795 Pictorum(qttiSeptentrio-

202 1830 357 1885 nales
390 1826 673 1880 Britannia:
703 1824 881 1890 plagas
907 1820 1231 1888 inhabitant)
1274 1818 1575 1871 admonitus
1616 1813 1792 1868 eccle-

203 1922 542 1976 siasticarum
564 1914 823 1985 frequenti
845 1914 1185 1967 meditatione
1203 1914 1623 1978 Scriptttrarum,
1640 1911 1795 1960 abre-

206 2014 478 2067 nuntiavit
505 2010 672 2063 errori
704 2023 807 2076 quo
831 2018 1055 2060 eatenus
1081 2008 1130 2059 in
1175 2006 1553 2059 observatione
1578 2004 1794 2071 paschae

206 2117 331 2155 cum
363 2114 453 2152 sita
487 2109 641 2165 gente
672 2098 948 2149 tenebatur
977 2135 990 2159 ,
1042 2105 1094 2148 et
1122 2110 1181 2149 se
1208 2109 1440 2162 suosque
1492 2107 1680 2145 omnes
1730 2091 1794 2143 ad

204 2192 528 2244 catholicam
600 2187 989 2240 observantiam
1042 2180 1322 2238 dominicae
1389 2183 1797 2237 resurrettiunis

204 2296 420 2349 tempus
472 2279 850 2333 celebrandum
899 2277 1162 2342 perduxit.
1217 2275 1370 2342 Quod
1423 2282 1479 2326 ut
1508 2273 1711 2326 facilius
1743 2280 1796 2325 et

207 2373 398 2439 majori
428 2370 741 2424 auctoritate
772 2370 1073 2437 perficeret,
1125 2368 1370 2436 quaesivit
1431 2365 1692 2418 auxilium
1723 2367 1794 2419 de

204 2476 371 2535 gente
396 2464 706 2531 Anglorum,
737 2476 871 2528 quos
899 2461 1209 2528 jamdudum
1232 2460 1297 2511 ad
1331 2458 1634 2524 exemplum
1669 2472 1795 2508 san-

199 2570 310 2613 cta:
344 2557 593 2608 Romana:
621 2564 675 2606 et
696 2553 998 2618 apostolica:
1024 2551 1277 2605 Ecclesim
1301 2564 1450 2603 suam
1485 2549 1792 2615 religionem

204 2647 509 2701 inStilttissc
532 2642 794 2711 cognovit.
825 2642 1097 2709 Siquidem
1140 2641 1283 2692 tnisit
1313 2640 1597 2707 legatarios
1628 2638 1691 2689 ad
1716 2639 1793 2691 vi-

199 2756 325 2795 rum
366 2738 721 2791 venerabilem
767 2733 1092 2786 Ceolfridum
1138 2733 1385 2785 abbatem
1472 2727 1793 2783 monasterii

202 2832 491 2884 beatorum
537 2825 895 2894 apostolurum
948 2823 1165 2876 Petrlet
1216 2822 1382 2885 Pauli,
1423 2822 1562 2889 quod
1596 2831 1678 2874 est
1728 2818 1793 2871 ad

199 2920 403 2975 ostium
432 2916 583 2986 Wyri
622 2916 814 2977 amnis,
848 2921 901 2967 et
927 2912 1078 2979 juxta
1115 2926 1325 2965 amnem
1358 2912 1571 2973 Tinam,
1628 2910 1679 2962 in
1717 2909 1794 2960 lo-

1900 1722 2356 1788 peregriuantibus
2380 1726 2673 1791 Optandum
2697 1737 2780 1780 est
2806 1768 2820 1791 ,
2853 1740 2909 1781 et
2940 1733 3065 1784 totis
3092 1732 3257 1787 animi
3284 1734 3488 1793 viribus

1898 1812 2333 1881 supplicandum,
2366 1822 2425 1865 ut
2451 1829 2557 1882 quo
2591 1816 2709 1883 plus
2734 1819 2783 1869 in
2816 1821 3017 1872 ntundo
3045 1824 3243 1891 quique
3272 1827 3484 1891 valent,

1898 1918 1962 1957 eo
1992 1904 2213 1969 amplius
2236 1905 2351 1969 ejus
2378 1906 2467 1971 qui
2498 1921 2660 1972 super
2691 1908 2871 1961 omnia
2896 1918 2978 1962 est
2998 1912 3192 1977 judicis
3218 1918 3487 1970 mandatis

1897 1996 2196 2047 auscultare
2223 1997 2569 2061 contendant,
2599 2008 2756 2066 atque
2782 2001 2846 2052 ad
2880 2000 2991 2055 hate
3020 2005 3354 2061 observanda
3398 2023 3487 2063 sc-

1898 2100 2017 2137 cum
2042 2099 2133 2137 eos
2174 2099 2387 2153 quoque
2410 2088 2497 2153 qui
2530 2087 2634 2139 sibi
2665 2090 2941 2144 commissi
2967 2102 3093 2145 sunt
3117 2105 3171 2148 et
3221 2099 3490 2167 exemplis

1899 2175 2055 2227 simul
2086 2185 2138 2227 et
2161 2178 2478 2229 auctoritate
2511 2178 2811 2243 instituant.

1970 2284 2099 2338 Tres
2131 2296 2251 2337 sunt
2272 2300 2397 2353 ergo
2427 2287 2625 2355 regula;
2652 2289 2819 2342 sacris
2848 2290 3028 2345 indita:
3055 2292 3273 2361 litteris,
3299 2297 3492 2363 quibus

1897 2377 2109 2444 pascha:
2122 2376 2425 2429 celebrandi
2444 2388 2652 2444 tempus
2668 2380 2821 2433 nobis
2844 2384 3163 2448 przelinitum
3181 2387 3319 2439 nulla
3340 2404 3487 2455 pror-

1897 2481 1988 2519 sus
2023 2467 2255 2518 humana
2280 2468 2402 2518 licet
2429 2470 2749 2522 auctoritate
2772 2473 2967 2524 mutari
3000 2490 3012 2523 :
3070 2488 3100 2528 e
3132 2476 3326 2541 quibus
3368 2477 3488 2530 dure

1899 2558 1948 2610 in
1982 2558 2093 2626 lege
2118 2557 2280 2625 Moysi
2312 2558 2567 2612 divinitus
2620 2569 2835 2616 statuta:
2865 2603 2879 2627 ,
2914 2566 3067 2619 tertia
3115 2566 3169 2619 in
3197 2566 3493 2639 Evangelio

1898 2665 1990 2716 per
2026 2648 2271 2701 effectum
2314 2648 2603 2703 dominica:
2654 2653 2920 2718 passionis
2979 2663 3035 2707 et
3080 2661 3494 2714 resurrectionis

1895 2738 2141 2805 adjuncta
2191 2749 2291 2791 est.
2325 2738 2588 2807 Pint-cepit
2636 2741 2782 2794 enim
2836 2742 2923 2797 lex
2973 2754 3029 2797 ut
3080 2749 3274 2813 pascha
3324 2750 3495 2817 primo

1898 2842 2080 2880 mense
2103 2828 2249 2891 anni,
2282 2838 2334 2880 et
2364 2830 2518 2880 tertia
2558 2828 2797 2897 ejusdem
2834 2834 3036 2887 mensis
3082 2837 3406 2904 septimana.
3442 2841 3494 2894 id

1896 2928 1997 2979 est,
2028 2932 2054 2968 a
2074 2918 2254 2985 quinta
2284 2917 2488 2971 decima
2518 2919 2603 2972 die
2637 2934 2803 2987 usque
2827 2922 2893 2975 ad
2928 2925 3235 2992 vigesimum
3258 2929 3485 2994 primam

199 3008 382 3077 coqui
407 3016 626 3058 vocatur
654 3002 940 3072 lugrivnm,
990 3001 1071 3054 cui
1120 3002 1233 3065 ipse
1277 3013 1395 3067 post
1445 3000 1789 3053 Benedictum

1902 3007 2011 3061 fieri
2039 3009 2277 3061 deberet.
2314 3008 2769 3078 Addttuutqneest
2798 3026 2894 3080 per
2922 3014 3307 3071 institutionem
3354 3035 3485 3088 apo-

203 3096 300 3161 (de
327 3110 433 3162 quo
456 3108 612 3161 supra
645 3093 901 3158 diximus)
932 3092 1318 3157 gloriosissime
1350 3090 1584 3156 prtcfuit,
1613 3098 1787 3157 postu-

202 3190 328 3242 lans
365 3198 424 3241 ιιι
452 3184 843 3239 exhortatorias
884 3182 984 3235 sibi
1041 3182 1246 3235 litteras
1296 3181 1550 3243 mitteret,
1602 3180 1795 3248 quibus

201 3276 475 3344 potentius
532 3272 812 3327 confutare
863 3280 1040 3339 posset
1068 3285 1160 3325 eos
1212 3273 1298 3337 qui
1334 3270 1529 3337 pascha
1561 3284 1666 3323 non
1696 3282 1793 3323 suo

202 3380 456 3435 tempore
487 3366 774 3419 observare
804 3372 1208 3430 prtesumerent,
1237 3362 1392 3414 simul
1426 3369 1478 3414 ct
1509 3360 1577 3413 de
1609 3370 1795 3413 tonsu-

201 3474 281 3512 ra:
312 3456 471 3510 modo
502 3456 583 3509 vel
614 3456 819 3509 ratione
860 3466 961 3520 qua
993 3454 1221 3506 clericos
1264 3450 1503 3519 insigniri
1553 3451 1792 3504 deceret.

202 3551 446 3616 Excepto
464 3546 603 3613 quod
626 3546 787 3599 etiam
831 3545 947 3612 ipse
978 3545 1030 3597 in
1086 3543 1169 3597 his
1200 3558 1304 3596 non
1338 3558 1497 3611 parva
1526 3558 1593 3596 ex
1650 3550 1797 3609 parte

199 3650 350 3694 esset
379 3639 631 3691 imbutus.
660 3636 723 3689 Et
766 3634 1089 3688 architectos
1137 3632 1238 3686 sibi
1291 3634 1425 3686 mitti
1484 3634 1655 3700 petiit,
1706 3631 1794 3698 qui

197 3732 350 3798 juxta
385 3743 589 3781 morem
609 3727 966 3780 Romanorum
994 3724 1277 3778 ecclesiam
1297 3724 1550 3790 delapide
1580 3723 1794 3791 ingente

201 3821 373 3883 ipsius
401 3820 657 3885 facerent,
690 3818 1005 3886 promittens
1049 3815 1184 3868 hanc
1237 3814 1290 3867 in
1336 3815 1595 3867 honorem
1652 3812 1795 3865 beati

201 3909 570 3977 apostolorum
602 3907 853 3975 principis
881 3905 1251 3966 dedicandam,
1295 3919 1352 3958 se
1381 3920 1590 3971 quoque
1622 3905 1792 3969 ipsum

200 4015 327 4054 eum
347 4000 460 4052 suis
480 3998 727 4052 omnibus
748 4012 951 4050 morem
970 4004 1120 4049 sanet
1138 4015 1165 4047 ιε
1193 3994 1446 4048 Romana:
1463 4004 1514 4048 et
1532 3994 1792 4062 apostoli-

199 4105 285 4145 (ιω
308 4090 561 4143 Ecclesia:
584 4103 795 4154 semper
815 4088 1166 4153 imitaturum,
1190 4087 1241 4140 in
1265 4097 1521 4153 quantum
1542 4087 1799 4140 duntaxat

202 4194 313 4238 tant
346 4184 503 4249 longe
528 4198 557 4235 a
588 4182 952 4235 Romanorum
986 4180 1192 4248 loquela
1225 4189 1279 4234 et
1305 4181 1519 4235 natione
1537 4180 1797 4248 segregati

199 4276 348 4328 hunc
360 4273 600 4328 ediscere
616 4271 1022 4340 possent.Cujus
1042 4272 1300 4337 religiosis
1322 4272 1459 4323 votis
1476 4285 1538 4323 ac
1553 4271 1797 4338 precibus

1895 3102 2137 3162 stolicam
2168 3118 2230 3156 ex
2263 3102 2574 3171 Evangelia,
2604 3118 2659 3157 ut
2712 3105 2764 3159 in
2814 3108 2923 3174 ipsa
2974 3112 3125 3162 tertia
3184 3111 3484 3178 septimana

1897 3194 2039 3247 diem
2066 3194 2385 3247 dominicam
2437 3206 2787 3263 exspectare,
2836 3202 3095 3269 atque,in
3119 3217 3178 3254 ea
3231 3210 3489 3273 temporis

1898 3284 2159 3353 paschalis
2188 3284 2397 3337 initium
2431 3296 2612 3340 tenere
2666 3287 2980 3343 debeamus.
3016 3290 3185 3355 Quam
3241 3294 3493 3348 videlicet

1897 3376 2139 3444 regulam
2178 3377 2476 3430 triformem
2504 3378 2549 3431 si
2572 3381 2690 3446 quis
2722 3384 2821 3435 rite
2846 3382 3179 3445 custodierit,
3212 3399 3488 3451 nunquam

1900 3468 1951 3522 in
1980 3471 2326 3525 adnotatione
2360 3471 2479 3525 festi
2533 3474 2802 3541 paschalis
2850 3476 3073 3530 errabit.
3122 3477 3317 3532 Verum
3349 3482 3394 3532 si
3425 3480 3494 3534 de

1900 3564 1982 3617 his
2004 3565 2227 3632 singulis
2260 3567 2603 3620 enucleatius
2652 3583 2715 3621 ac
2768 3569 2926 3623 latius
2966 3568 3150 3625 audire
3194 3572 3492 3637 desideras,

1898 3654 2151 3721 scriptum
2180 3665 2261 3707 est
2286 3656 2335 3707 in
2367 3655 2574 3722 Exodo,
2601 3656 2685 3710 ubi
2719 3657 3024 3713 liberandus
3049 3658 3117 3713 de
3144 3659 3495 3731 .Egyptopo-

1902 3745 2054 3809 pulos
2102 3742 2295 3806 Israel,
2349 3744 2575 3813 primum
2621 3748 2811 3814 pascha
2864 3747 3039 3803 facere
3070 3749 3308 3816 jubetur,
3361 3752 3484 3819 quia

1900 3831 2098 3885 dixerit
2125 3832 2379 3886 Dominus
2400 3835 2466 3887 ad
2489 3836 2706 3905 Moysen
2723 3847 2776 3891 et
2798 3838 2975 3891 Aaron
3006 3856 3017 3889 :
3052 3838 3242 3893 Mensis
3266 3843 3377 3906 iste,
3401 3857 3498 3893 vo-

1900 3922 1974 3974 bis
2001 3923 2309 3991 principium
2334 3929 2602 3989 mensium,
2641 3928 2836 3992 primus
2858 3930 2949 3981 erit
2980 3932 3029 3981 in
3061 3932 3316 3983 mensibus
3348 3933 3495 3985 anni.

1900 4006 2192 4076 Loquimini
2233 4010 2299 4060 ad
2335 4011 2626 4064 universum
2648 4023 2826 4066 cretum
2850 4014 3075 4081 ﬁliorum
3123 4016 3308 4081 Israel,
3344 4028 3389 4070 ct
3412 4020 3495 4070 tli-

1901 4100 1995 4152 cile
2021 4101 2091 4153 eis
2123 4116 2140 4152 :
2172 4100 2381 4153 Decima
2408 4103 2489 4154 die
2519 4106 2702 4156 mensis
2756 4106 2912 4175 hujus
2940 4106 3085 4159 tollat
3134 4112 3489 4177 unusquisque

1901 4210 2090 4263 agnum
2120 4211 2207 4262 per
2232 4196 2380 4262 fami!
2403 4214 2460 4249 as
2489 4208 2535 4250 et
2559 4198 2737 4250 domos
2757 4216 2871 4251 suas
2902 4197 3095 4264 (Exod.
3130 4200 3248 4270 xtt).
3273 4202 3335 4253 Et
3368 4218 3497 4269 puu-

1904 4283 1955 4335 ιο
1988 4293 2108 4351 post
2142 4303 2153 4335 :
2192 4284 2258 4337 Et
2288 4288 2547 4340 servabitis
2577 4304 2689 4340 eum
2717 4304 2872 4355 usque
2901 4290 2970 4341 ad
2990 4306 3224 4358 quarsam
3245 4293 3493 4345 deciimmt

201 4367 394 4422 favens
412 4366 894 4420 reverentlissimus
916 4360 1414 4428 abbasCeolfritlus,
1449 4360 1591 4414 misit
1619 4360 1795 4413 archi-

1907 4373 2037 4425 diem
2068 4376 2249 4427 mensis
2287 4375 2463 4441 huius.
2488 4374 2878 4443 Immolabilque
2901 4395 3016 4431 cunt
3044 4381 3272 4433 universa
3322 4383 3493 4434 multi

202 4467 377 4511 tectos
393 4473 525 4525 quos
551 4457 781 4524 petebat,
800 4465 852 4509 et
870 4454 1072 4507 litteras
1086 4452 1309 4521 scriptas
1336 4452 1387 4504 itt
1404 4451 1544 4506 hunc
1559 4451 1795 4510 modum.

476 4563 810 4619 El’lSTOLA
839 4563 1203 4618 CEOLFlllDl
1250 4562 1559 4617 ADBATlS.

277 4656 506 4709 Domino
550 4654 1002 4710 excellentissimo
1029 4663 1082 4708 et
1112 4653 1496 4722 gloriosissimo
1534 4653 1643 4723 regi
1667 4652 1802 4706 Nai-

201 4756 336 4803 tano
360 4744 661 4798 Ceolfridus
682 4745 846 4799 abbas
875 4746 924 4797 in
944 4743 1172 4798 Βοιιιίιιο
1198 4745 1444 4799 salutem.

275 4835 605 4889 Calltolicmt
644 4837 812 4889 sancti
865 4836 1075 4902 pascha:
1124 4835 1549 4901 observantiam,
1582 4850 1739 4905 qnam
1772 4850 1802 4890 a

206 4926 370 4981 nobis
395 4942 483 4980 rex
517 4924 627 4979 Deo
657 4926 1114 4994 devotercligioso
1143 4927 1320 4979 studio
1344 4926 1602 4996 quazsisti,
1623 4941 1804 4995 prom-

207 5018 460 5087 ptissime
484 5032 547 5070 ac
580 5016 933 5070 libentissime
965 5016 1363 5083 tuodesiderio,
1390 5018 1538 5085 juxta
1572 5020 1712 5086 quod
1737 5017 1805 5071 ab

203 5107 501 5177 apostolica
527 5108 655 5162 sede
682 5108 993 5173 didicintns,
1028 5109 1324 5177 patefacere
1344 5109 1655 5180 Satagimos.
1688 5111 1806 5165 Sci-

209 5212 336 5252 mus
364 5213 593 5267 namque
617 5199 827 5253 cualitus
855 5212 1054 5253 sancta:
1076 5199 1330 5254 Ecclesia:
1355 5201 1633 5263 donatum,
1664 5216 1802 5270 quo-

206 5292 423 5359 tiesipsi
453 5306 629 5346 rerum
655 5290 1166 5357 Dominidiscendte,
1192 5293 1471 5361 ducendar,
1494 5295 1803 5349 custodien-

206 5386 295 5440 ἀρ
329 5384 542 5438 veritati
564 5399 781 5453 operam
812 5384 1147 5454 impcndttnt.
1180 5384 1312 5439 Nam
1344 5396 1397 5440 et
1425 5403 1548 5440 vere
1580 5389 1804 5440 omnino

207 5480 349 5533 dixit
372 5479 585 5547 quidam
616 5478 954 5532 s:ccularium
1008 5482 1351 5549 scriptorum,
1385 5481 1525 5550 quod
1562 5480 1807 5535 felicissi-

212 5585 305 5625 mo
336 5571 517 5624 mundi
547 5579 689 5625 Statu
746 5582 1013 5639 ageretur,
1040 5572 1083 5625 si
1140 5571 1219 5626 vel
1256 5587 1410 5642 rcges
1460 5572 1805 5641 philosopha-

212 5671 421 5725 rentur,
453 5662 536 5715 vel
566 5675 848 5731 regnarent
878 5661 1199 5730 philosophi.
1226 5662 1376 5729 Quod
1400 5663 1441 5717 si
1470 5662 1537 5718 de
1570 5665 1806 5731 philoso-

1908 4468 2030 4519 tudo
2047 4466 2271 4533 ﬁliorum
2295 4467 2463 4521 Israel
2487 4472 2553 4520 ad
2578 4485 2833 4537 veSperam
2860 4468 3290 4539 (Ibid.).Quibus
3319 4475 3496 4527 verbis

1908 4554 2338 4611 manifestissime
2361 4568 2571 4611 constat
2598 4559 2736 4627 quod
2762 4561 2834 4613 ita
2887 4562 2939 4613 itt
2969 4561 3349 4617 observatioite
3375 4580 3496 4631 pas-

1906 4647 2047 4701 chali
2080 4648 2280 4700 mentio
2309 4648 2365 4699 fit
2394 4648 2497 4702 diei
2528 4658 2733 4716 quartae
2772 4650 3024 4716 decimae,
3063 4662 3119 4706 ttt
3174 4668 3280 4707 non
3315 4664 3488 4708 tamen

1907 4736 2023 4805 ipsa
2052 4738 2139 4792 die
2180 4749 2363 4807 quarta
2387 4738 2595 4792 decima
2626 4742 2826 4809 pascha
2863 4743 2978 4795 lieri
3006 4744 3368 4812 prtecipiatur,
3400 4746 3493 4799 sed

1908 4829 2231 4885 adveniente
2282 4830 2495 4884 tandem
2530 4847 2756 4900 vespera
2787 4834 2890 4888 diei
2917 4847 3119 4904 quarta:
3175 4837 3419 4903 decintre,
3444 4839 3493 4891 id

1907 4931 2009 4986 est,
2034 4921 2217 4987 quinta
2249 4922 2460 4976 decima
2487 4922 2634 4988 luna,
2666 4938 2786 4993 qua:
2810 4925 3020 4985 initium
3051 4926 3219 4981 tertiae
3243 4929 3499 4995 septima-

1908 5030 1991 5068 nat:
2030 5012 2220 5079 faciat,
2254 5012 2307 5067 in
2337 5014 2458 5068 cceli
2492 5015 2682 5069 faciem
2714 5016 3011 5084 prodeunte
3038 5058 3052 5081 ,
3104 5033 3274 5085 agnus
3306 5019 3499 5073 immo—

1911 5106 2012 5159 lari
2052 5104 2325 5173 jubeatttr.
2377 5104 2442 5157 Et
2473 5104 2616 5173 quod
2663 5108 2775 5173 ipsa
2802 5108 2997 5162 sitnox
3027 5111 3228 5177 quintae
3276 5110 3498 5164 decima:

1909 5197 2065 5261 lunm,
2100 5198 2151 5250 in
2193 5211 2295 5265 qua
2339 5197 2615 5265 percussis
2646 5195 2939 5266 Egyptiis,
2992 5199 3149 5253 Israel
3178 5211 3259 5253 est
3287 5215 3317 5254 a
3340 5202 3500 5269 longa

1908 5289 2163 5343 servitute
2194 5290 2497 5356 redemptus
2530 5306 2541 5339 :
2579 5289 2811 5359 Septem,
2848 5289 3039 5358 inquit,
3089 5290 3265 5344 diebus
3316 5307 3498 5361 azyma

1911 5381 2182 5435 comedetis
2255 5380 2525 5451 (Ibid.).
2589 5381 2795 5447 Quibus
2874 5383 3065 5436 iterum
3141 5382 3320 5438 verbis
3390 5393 3497 5437 tota

1909 5476 2063 5530 tertia
2110 5475 2406 5543 septimana
2460 5472 2702 5542 ejusdem
2774 5474 2931 5542 primi
3016 5476 3218 5529 mensis
3300 5474 3492 5531 decer—

1910 5568 2055 5621 nitur
2111 5566 2368 5621 solemnis
2429 5580 2553 5622 esse
2608 5565 2831 5621 debere.
2893 5566 2999 5622 Sed
3062 5582 3131 5621 ne
3188 5576 3499 5633 putaremus

1910 5660 2123 5722 easdem
2177 5670 2383 5724 septem
2434 5658 2550 5713 dies
2594 5674 2623 5713 a
2677 5659 2884 5714 decima
2954 5670 3142 5730 quarta
3195 5674 3365 5729 usque
3439 5664 3503 5715 ad

211 5754 332 5823 phia
380 5754 537 5826 hujus
591 5755 795 5821 mundi,
855 5770 978 5811 vere
1022 5756 1320 5827 intelligere
1367 5756 1435 5811 de
1466 5765 1606 5811 Statu
1646 5756 1801 5825 hujus
1833 5740 1885 5802 ι)
1915 5753 2220 5823 vigesimam
2284 5769 2401 5807 esse
2454 5751 2885 5820 computandas,
2937 5751 3193 5807 coiitinuo
3239 5749 3502 5823 subjecit:

208 5847 417 5916 manili,
446 5848 636 5904 merito
662 5847 881 5918 diligere
910 5847 1082 5917 potuit
1114 5846 1275 5901 homo
1312 5847 1451 5904 hunc
1501 5847 1789 5916 mundum;

1918 5844 1977 5903 lu
2004 5847 2081 5900 dic
2103 5846 2266 5915 primo
2299 5861 2394 5901 non
2436 5847 2531 5899 crit
2558 5846 2858 5919 [crntcntunt
2907 5844 2954 5899 in
3013 5842 3248 5903 domibus
3290 5844 3498 5900 testris:
