4172 6540
719 429 821 482 551

1991 419 2348 472 CEOLFRIDI
2392 419 2676 471 ABBATIS

3863 398 3974 458 55"!

725 535 2290 606 uincunqucoiuederit['erntentntumindantibusrestris,pe-
2323 534 2360 586 Α
2402 546 2526 582 num
2564 541 2614 583 et
2668 531 3108 582 cauretuoniarum
3142 523 3465 594 paschalium
3494 526 3850 586 Sulemnitale,
3886 525 3972 576 ul-

728 631 840 679 ιιίιίι
864 629 1036 678 animo
1057 629 1143 678 illo
1163 627 1223 678 de
1245 624 1433 688 Israel,
1451 643 1480 675 (ι
1503 627 1584 676 die
1606 627 1764 694 primo
1789 641 1944 691 usque
1961 624 2026 674 ad
2040 625 2169 674 diem
2185 639 2298 690 sep-

726 723 898 772 timam
925 720 1114 789 (Exod.
1141 721 1259 783 xu),
1289 730 1416 779 etc.,
1440 735 1602 785 usque
1626 718 1746 768 dum
1768 717 1836 768 ait
1859 735 1868 766 :
1889 716 1951 767 In
1974 717 2144 767 eodem
2169 713 2299 766 enim

729 813 840 880 ipsa
882 813 962 861 die
1005 811 1215 861 educam
1245 813 1520 861 et‘et'cilum
1560 819 1772 859 vestrum
1811 807 1872 857 de
1913 815 2045 857 terra
2081 803 2296 875 :I'Igypti

733 903 942 970 (Ibid).
979 899 1212 953 l'rimum
1243 917 1369 968 ergo
1400 901 1536 952 dicm
1580 915 1887 967 azymorum
1925 898 2157 963 appellat
2181 911 2299 947 cum

734 995 782 1044 in
807 1009 912 1060 quo
939 993 1229 1044 exercitum
1263 1008 1441 1044 eorum
1475 1003 1619 1044 esset
1647 991 1932 1043 educturus
1961 991 2029 1042 dc
2051 988 2298 1055 Aflgypto.

732 1083 946 1137 Constat
977 1093 1152 1137 autem
1186 1085 1303 1152 quia
1336 1099 1438 1134 non
1487 1083 1693 1137 decima
1723 1092 1906 1150 quarta
1939 1081 2043 1141 die,
2078 1081 2128 1132 in
2156 1080 2303 1146 cujus

733 1191 955 1244 vespera
984 1190 1147 1240 agnus
1178 1185 1260 1228 est
1289 1175 1613 1238 immolatus,
1644 1185 1696 1226 et
1718 1189 1833 1241 qua:
1869 1173 2078 1241 proprie
2112 1172 2302 1236 pascha

734 1267 847 1319 sive
871 1265 1036 1334 phase
1060 1265 1274 1328 dicitur,
1309 1268 1401 1319 sed
1431 1267 1630 1318 decima
1664 1265 1847 1333 quinta
1891 1275 2014 1316 sunt
2036 1263 2208 1317 educti
2241 1277 2302 1314 es

735 1358 987 1426 Algyplo,
1018 1357 1150 1410 sicut
1182 1361 1230 1410 in
1266 1358 1399 1410 libro
1426 1358 1774 1410 Numerorum
1805 1358 2138 1424 apertissime
2170 1355 2304 1406 stri-

737 1447 876 1500 hitur
909 1465 921 1498 :
958 1445 1182 1516 Profecti
1232 1448 1386 1516 igitur
1410 1449 1472 1499 de
1531 1447 1766 1499 [iantessc
1805 1447 1981 1513 quinta
2009 1447 2200 1497 decium
2229 1444 2309 1494 d'e

735 1541 920 1593 mensis
945 1542 1092 1607 primi
1122 1581 1136 1602 ,
1169 1541 1329 1592 altera
1359 1541 1445 1592 die
1485 1543 1706 1607 fecerunt
1735 1538 1892 1605 phase
1922 1538 2018 1601 [itii
2048 1535 2206 1586 Israel
2259 1537 2309 1586 iu

735 1651 892 1687 ntanu
917 1637 1112 1687 excelsa
1136 1633 1320 1701 (Num.
1349 1636 1558 1695 xxxm).
1580 1631 1792 1698 Septem
1817 1645 1942 1697 ergo
1969 1630 2310 1697 dicsazymo-

737 1741 878 1788 rum,
913 1727 962 1777 in
994 1740 1212 1791 quarum
1249 1725 1416 1790 prima
1440 1724 1661 1776 eductus
1706 1731 1786 1774 est
1841 1721 2066 1787 populus
2108 1718 2311 1771 ῡυιιιίιιί

737 1833 804 1870 cx
826 1815 1079 1884 Egypto,
1104 1814 1173 1866 ab
1197 1815 1345 1867 initio
1379 1814 1453 1882 (ιιι
1484 1811 1743 1877 diximus)
1773 1812 1944 1862 tertia:
1975 1809 2307 1874 septimanm,

2402 621 2599 672 ferrent
2627 621 2738 674 hu'c
2769 620 2990 672 Domino
3027 621 3076 671 in
3107 632 3254 685 spcm
3288 619 3473 670 futurae
3503 631 3613 669 sua:
3640 617 3970 686 redempzio-

2402 711 2502 760 nis.
2537 708 2648 774 Ipsa
2681 721 2760 762 est
2787 710 2925 762 enim
2955 708 3138 760 eadem
3171 722 3273 758 nox
3303 709 3351 758 in
3383 722 3481 774 qua
3511 707 3578 758 dc
3609 705 3842 773 {Egypto
3876 721 3972 772 per

2402 799 2710 864 sanguinem
2739 797 2855 864 agni
2889 796 3175 848 Israelitica
3215 793 3360 860 plebs
3391 803 3566 862 erepta
3596 803 3696 859 est,
3732 797 3844 861 ipsa
3889 806 3972 847 est

2405 889 2455 940 in
2489 904 2586 954 qua
2639 903 2731 954 per
2777 889 3218 941 resurrectionem
3274 883 3467 936 Christi
3517 885 3768 938 liberatus
3799 901 3873 937 es.
3939 900 3973 935 τι

2405 994 2575 1034 morte
2605 990 2804 1035 (eterna
2845 983 3018 1034 omnis
3053 981 3141 1034 Dei
3176 979 3416 1048 populus.
3451 980 3599 1033 illane
3628 991 3805 1033 autem
3849 980 3973 1033 illo.

2405 1084 2649 1126 ccsccnte
2679 1074 2763 1127 die
2793 1074 3076 1136 dominica,
3110 1076 3330 1138 primam
3362 1072 3619 1139 past-Italis
3663 1071 3782 1126 festi
3829 1073 3973 1123 diem

2406 1167 2754 1219 euicto-arent.
2804 1167 2916 1235 Ipsa
2947 1177 3028 1220 est
3067 1165 3208 1220 enim
3239 1165 3352 1218 dies
3388 1169 3439 1216 in
3469 1178 3567 1232 qua
3617 1164 3976 1216 resurrectio-

2409 1259 2489 1311 nis
2513 1274 2621 1310 sua-
2659 1258 2876 1327 gloriam
2905 1258 3154 1311 Dominus
3203 1255 3486 1310 multifario
3536 1255 3631 1322 pitc
3685 1254 3974 1306 revelatio-

2411 1351 2490 1401 nis
2517 1350 2707 1415 gaudio
2732 1350 3004 1417 discipulis
3053 1348 3318 1416 patefecit.
3347 1345 3462 1412 Ipsa
3496 1347 3662 1413 prima
3701 1345 3817 1398 dies
3848 1360 3976 1412 azy-

2410 1453 2635 1499 morum,
2669 1439 2734 1493 de
2755 1455 2852 1508 qua
2880 1441 3099 1492 multum
3121 1439 3368 1492 distincte
3392 1437 3440 1488 in
3458 1436 3688 1489 Levitico
3710 1437 3972 1502 scriptum

2412 1540 2488 1580 est
2524 1547 2534 1581 :
2573 1529 2743 1581 Mense
2785 1533 2974 1608 primo,
3023 1544 3203 1591 quarta
3255 1532 3445 1582 decima
3495 1530 3574 1579 die
3604 1529 3789 1580 mensis
3819 1529 3976 1596 hujus

2413 1623 2476 1673 ad
2507 1638 2762 1685 vesperam
2792 1621 2950 1689 phase
2981 1621 3186 1673 Domini
3233 1630 3323 1682 est,
3357 1631 3402 1671 et
3431 1622 3607 1688 quinta
3652 1620 3848 1671 decima
3895 1619 3980 1669 die

2413 1712 2602 1761 mensis
2634 1711 2788 1777 hujus
2834 1710 3130 1762 solemnitus
3157 1725 3452 1777 azymorum
3485 1707 3690 1761 Domini
3720 1719 3812 1761 est.
3848 1708 3979 1775 Sep-

2414 1808 2510 1850 tem
2541 1799 2719 1850 diebus
2757 1815 2938 1867 azyma
2965 1800 3260 1862 comedetis,
3287 1799 3394 1850 dies
3424 1799 3614 1866 ptimus
3643 1799 3734 1850 erit
3759 1797 3982 1849 celeber-

739 1909 840 1960 hoc
865 1917 970 1970 est,
1001 1923 1029 1959 a
1061 1910 1243 1974 quinta
1275 1904 1477 1955 decima
1526 1902 1610 1954 die
1638 1901 1836 1954 mensis
1865 1898 2017 1966 primi
2048 1913 2215 1965 usque
2245 1898 2308 1949 ad
2345 1873 2388 1932 Β
2415 1889 2572 1939 rimus
2604 1899 2920 1954 sanctusque.
2966 1887 3018 1941 Si
3049 1902 3173 1955 ergo
3209 1887 3319 1940 ﬁeri
3368 1895 3547 1953 posset
3575 1895 3630 1938 ut
3676 1901 3895 1952 semper
3927 1886 3978 1938 in

739 1998 1046 2064 vigesimum
1078 1995 1301 2062 primam
1334 1993 1572 2061 ejusdem
1606 1993 1805 2045 mensis
1829 1991 1967 2043 diem
1997 1991 2311 2056 completam

736 2088 1029 2154 computari
1061 2094 1291 2154 oportet.
1321 2085 1486 2137 Porro
1509 2085 1620 2138 dies
1649 2091 1866 2151 quartus
1895 2081 2136 2133 decimus
2166 2087 2314 2132 extra

741 2180 879 2229 Imnc
904 2193 1181 2229 numerum
1216 2185 1540 2243 separatum,
1576 2174 1673 2226 sub
1703 2171 2082 2241 paschzetitnlo
2107 2185 2316 2238 przeno-

740 2276 900 2327 tatur,
933 2266 1069 2318 sicut
1093 2265 1258 2317 Exodi
1313 2267 1589 2330 sequentia
1641 2273 1882 2331 patenter
1929 2264 2180 2316 edocent.
2217 2261 2315 2315 Ubi

739 2372 858 2410 cum
884 2356 1082 2408 dictum
1112 2363 1255 2408 esset
1286 2373 1297 2408 :
1353 2354 1418 2406 lu
1447 2355 1621 2407 eadem
1650 2356 1785 2406 enim
1818 2356 1929 2421 ipsa
1981 2353 2063 2405 die
2103 2353 2316 2405 educam

741 2448 1017 2501 exercitum
1047 2455 1267 2498 vestrum
1286 2447 1492 2497 deterra
1522 2443 1759 2512 zifgypti,
1793 2444 2036 2510 protinus
2081 2443 2315 2494 additum

741 2549 822 2592 cst
848 2555 863 2592 :
897 2537 962 2589 Et
991 2537 1281 2589 custodietis
1339 2536 1470 2588 diem
1497 2537 1651 2586 istum
1681 2538 1730 2586 iu
1757 2535 2102 2602 generationes
2131 2541 2318 2583 vestros

740 2633 844 2683 ritu
876 2639 1137 2696 perpetuo.
1172 2627 1351 2680 Primo
1379 2643 1545 2679 mense
1573 2638 1753 2694 quarta
1809 2627 2005 2677 decima
2030 2626 2110 2676 die
2138 2623 2318 2676 mensis

741 2723 1010 2777 comedetis
1063 2736 1242 2790 azyma
1273 2737 1428 2788 usque
1468 2723 1535 2772 ad
1584 2721 1717 2770 diem
1766 2718 2053 2787 vigesimum
2107 2717 2320 2781 primum

743 2815 964 2884 ejusdem
997 2813 1176 2864 mensis
1199 2813 1266 2862 ad
1300 2827 1576 2879 vesperam.
1631 2808 1835 2876 Septem
1866 2809 2042 2859 diebus
2092 2807 2318 2872 [et-uten-

742 2917 906 2959 tatum
936 2921 1034 2958 non
1065 2905 1347 2956 invenietur
1398 2904 1450 2955 iu
1499 2902 1730 2954 domibus
1757 2901 1930 2952 vestris
1959 2897 2158 2964 (Exod.
2197 2895 2316 2963 XII).

743 2997 874 3062 Quis
904 2995 1044 3050 enim
1073 3008 1177 3047 non
1209 2993 1385 3046 videat
1409 3008 1434 3043 a
1481 3000 1665 3059 quarta
1699 2989 1907 3043 decima
1939 3002 2108 3055 usque
2140 2985 2205 3038 ad
2239 2988 2320 3037 vi-

742 3092 1001 3158 gesimum
1029 3090 1252 3157 primam
1283 3101 1388 3140 non
1434 3095 1638 3153 septem
1666 3081 2025 3145 solummodo,
2070 3079 2162 3132 sed
2200 3087 2322 3132 octo

747 3182 920 3246 potius
951 3194 1068 3232 esse
1100 3178 1235 3241 dies,
1261 3177 1304 3231 si
1335 3188 1385 3230 et
1410 3176 1521 3243 ipsa
1552 3184 1742 3244 quarta
1766 3172 1968 3226 decima
1996 3185 2318 3223 annumere-

745 3273 867 3325 tur?
890 3272 982 3326 Sin
1011 3281 1186 3324 antem
1209 3270 1290 3340 (ιιι
1310 3268 1613 3338 diligentius
1631 3267 1901 3333 explorata
1922 3263 2207 3330 Scriptura:
2230 3276 2320 3315 ve-

744 3363 874 3416 ritas
901 3361 1078 3431 docet.)
1108 3376 1136 3414 a
1168 3374 1389 3428 vespera
1418 3359 1520 3412 diei
1551 3365 1752 3426 quarta:
1778 3355 2000 3409 decima:
2053 3367 2224 3422 usque
2251 3351 2319 3405 ad

747 3469 1020 3520 veSpcram
1049 3452 1362 3519 vigesimam
1396 3453 1579 3519 prima:
1633 3446 2145 3517 computaverimus,
2178 3445 2320 3498 vide-

744 3545 920 3599 bimus
951 3544 1185 3612 profecto
1214 3542 1355 3612 quod
1386 3543 1454 3595 ita
1487 3542 1601 3594 dies
1633 3549 1872 3608 quartam
1901 3537 2168 3592 decimam
2199 3549 2318 3590 ves-

747 3651 928 3704 peram
960 3651 1106 3688 suam
1136 3636 1256 3688 festi
1281 3633 1543 3703 paschalis
1577 3633 1786 3688 initium
1815 3633 2049 3699 porrigat
2081 3668 2098 3695 ,
2129 3638 2185 3683 ut
2216 3642 2320 3682 non

742 3730 968 3796 amplius
995 3737 1101 3781 tota
1127 3742 1280 3782 sacra
1307 3726 1620 3780 solemnitas
1648 3738 1807 3793 quam
1839 3732 2044 3789 septem
2091 3729 2322 3773 tantum-

745 3823 904 3876 modo
922 3830 1107 3874 noctes
1121 3835 1240 3874 cum
1256 3819 1472 3873 totidem
1483 3818 1670 3872 diebus
1703 3810 2145 3883 comprehendat.
2173 3807 2324 3864 Unde

743 3927 870 3967 vera
893 3927 1014 3966 esse
1043 3911 1296 3980 probatur
1324 3921 1505 3966 nostra
1533 3906 1792 3969 deﬁnitio,
1834 3917 1937 3973 qua
1969 3909 2176 3968 tempus
2205 3913 2327 3967 pas-

738 4007 901 4062 Chale
934 4006 1104 4073 primo
1152 4017 1335 4057 mense
1365 4002 1489 4055 anni
1540 4010 1592 4055 et
1621 3997 1775 4052 tertia
1824 3995 1940 4065 ejus
1995 3989 2325 4046 hebdomada

745 4097 1123 4152 celebrardum
1149 4108 1269 4150 esse
1286 4094 1534 4148 diximus.
1557 4091 1827 4145 Veracitcr
1856 4088 1997 4142 enim
2026 4085 2180 4140 tertia
2204 4083 2321 4151 agi-

745 4200 834 4242 ιιιι·
860 4187 1212 4249 hebdomada,
1238 4185 1378 4254 quod
1405 4200 1435 4238 a
1463 4197 1684 4252 vespera
1716 4179 1936 4234 decium
1995 4185 2197 4244 quarta:
2219 4174 2324 4228 diei

745 4281 952 4347 incipit,
985 4288 1039 4333 et
1067 4279 1118 4332 in
1146 4292 1370 4346 vespera
1421 4276 1689 4343 vigesima:
1715 4271 1898 4339 prima:
1921 4268 2249 4335 completur.

819 4371 1102 4437 Postquam
1159 4383 1286 4421 vero
1345 4365 1540 4434 pascha
1592 4373 1829 4416 nostrum
1886 4361 2190 4412 immolatus
2242 4364 2327 4409 cst

745 4463 1008 4525 Christus,
1039 4461 1287 4529 diemque
1318 4459 1471 4511 nobis
1502 4455 1844 4520 dominicam,
1892 4467 2012 4519 qua:
2042 4449 2180 4518 apud
2225 4463 2324 4501 an-

747 4556 927 4621 tiquos
950 4568 1051 4606 una
1084 4551 1167 4605 vel
1201 4552 1370 4618 prima
1398 4548 1614 4603 Sabbati
1649 4547 1760 4600 sive
1789 4543 2141 4599 Sabbatorum
2173 4555 2321 4593 voca-
2356 4558 2407 4617 υ

751 4653 854 4703 tur.
889 4643 1084 4710 gaudio
1113 4657 1224 4694 sua:
1269 4636 1678 4694 resurrectionis
1710 4635 1834 4689 fecit
1861 4650 1979 4687 esse
2011 4634 2324 4692 solemnem,

752 4735 820 4786 ita
855 4735 989 4785 hanc
1021 4746 1162 4785 nunc
1211 4730 1503 4798 apostolica
1535 4728 1746 4780 tra‘litio
1792 4724 1941 4779 festis
1989 4722 2330 4792 paschalibus

752 4824 1079 4888 inscruit,nt
1129 4821 1260 4874 nihil
1317 4821 1538 4874 omnino
1593 4829 1830 4886 tempore
1884 4814 2094 4879 pascha:
2149 4813 2332 4881 legalis

756 4911 1257 4981 praeoccupandum,
1291 4910 1419 4963 nihil
1467 4908 1815 4963 minuendum
1845 4920 1964 4962 esse
1994 4905 2329 4970 decerneret,

751 5005 875 5073 quin
903 5005 1077 5072 potius
1103 5004 1286 5056 statuit
1316 5012 1370 5055 ut
1399 4998 1972 5069 exspectaretnrjuxta
1999 5006 2322 5066 puereptnm

755 5093 884 5159 legis
908 5092 1045 5146 idem
1075 5091 1277 5158 primus
1309 5091 1431 5144 anni
1462 5091 1684 5153 mensis,
1713 5096 2124 5156 exspectaretur
2146 5095 2331 5153 quarta

754 5182 957 5236 decima
987 5183 1100 5236 dies
1141 5183 1300 5246 illius,
1352 5190 1751 5250 exspectaretur
1793 5192 2017 5244 vespera
2065 5177 2332 5242 ejusdem.

759 5272 824 5323 Et
854 5286 972 5324 cum
1003 5272 1116 5326 lucc
1145 5271 1261 5324 dies
1293 5271 1344 5324 in
1376 5273 1668 5325 Sabhatum
1705 5269 1843 5324 forte
1887 5268 2167 5331 incideret,
2198 5267 2340 5319 tolle-

755 5372 830 5415 ret
857 5366 1202 5433 unusquisque
1228 5380 1414 5432 agnum
1442 5381 1530 5433 per
1564 5363 1790 5432 {muilias
1835 5370 1882 5414 et
1912 5364 2090 5412 domos
2118 5374 2259 5422 suos,
2291 5368 2337 5410 et

757 5455 1077 5506 immolarent
1107 5471 1219 5507 eum
1269 5457 1335 5507 ad
1382 5471 1637 5524 vesperam
1667 5451 1880 5523 (1ὑὲά.),
1912 5451 1962 5505 id
1993 5459 2098 5516 est,
2135 5465 2334 5518 praepa-

761 5552 943 5597 rarent
971 5558 1160 5598 omnes
1181 5546 1437 5598 Ecclesia:
1469 5559 1562 5612 per
1586 5545 1794 5608 orbem,
1825 5559 1940 5609 qua:
1971 5559 2128 5595 unam
2151 5541 2337 5596 catho-

759 5635 916 5689 licam
943 5634 1166 5702 t’aciunt,
1201 5651 1388 5704 panem
1417 5647 1471 5690 et
1497 5637 1678 5690 vinum
1712 5636 1760 5687 in
1811 5635 2119 5704 mysterium
2162 5631 2338 5685 carnis

755 5736 806 5780 et
837 5726 1108 5795 sanguinis
1151 5728 1271 5796 agni
1311 5726 1659 5791 immaculati,
1713 5726 1801 5795 qui
1857 5724 2073 5778 abstulit
2125 5732 2335 5792 peccata

759 5817 959 5885 mundi,
991 5827 1066 5882 ct,
1111 5821 1441 5886 praecedente
1490 5837 1718 5890 ccngtua
1771 5818 2076 5883 lectionum,
2136 5816 2330 5872 oratio-

2417 1979 2553 2032 dicm
2585 1982 2822 2046 quintmn
2850 1980 3110 2032 decimum
3141 1977 3296 2046 primi
3334 1980 3548 2036 mensis,
3575 1976 3625 2028 id
3654 1985 3755 2038 est,
3803 1976 3853 2026 in
3905 1977 3981 2027 lu-

2418 2084 2538 2121 nam
2580 2069 2816 2135 quintam
2856 2067 3137 2126 decimam,
3186 2065 3448 2118 dominica
3503 2065 3616 2117 dies
3665 2065 3981 2127 incurreret,

2419 2177 2524 2213 uno
2546 2175 2753 2227 semper
2781 2161 3071 2227 eodemque
3100 2168 3338 2226 tempore
3366 2172 3483 2209 cum
3507 2158 3722 2222 antiquo
3756 2156 3849 2209 Dei
3880 2172 3979 2221 po-

2419 2251 2562 2316 pulo,
2599 2259 2844 2318 tanquam
2900 2258 3349 2302 sacramentorum
3397 2262 3592 2314 genere
3621 2246 3880 2309 discreto,
3911 2245 3978 2297 si-

2417 2347 2510 2390 cut
2534 2353 2636 2390 una
2667 2339 2957 2406 eademque
2992 2339 3112 2399 tide,
3145 2336 3335 2404 pascha
3367 2337 3637 2390 celebrare
3680 2349 3978 2402 DDSSQIDUS.

2419 2431 2550 2492 Quia
2583 2443 2706 2482 vero
2755 2428 2868 2481 dies
2916 2428 3222 2495 septimana:
3281 2441 3386 2479 non
3443 2424 3630 2492 aequali
3687 2436 3807 2475 cum
3860 2422 3983 2475 luna

2421 2518 2628 2570 tramite
2656 2518 2936 2584 procurrit,
2985 2517 3219 2570 decrevit
3257 2515 3548 2584 apostolica
3578 2513 3816 2574 traditio,
3864 2527 3984 2579 qua:

2422 2627 2514 2680 per
2555 2612 2766 2665 beatum
2799 2611 3010 2665 Petrum
3045 2611 3227 2663 Roma:
3272 2608 3579 2678 praedicata,
3624 2620 3718 2671 per
3748 2604 3980 2658 Mart-um

2420 2701 2796 2770 evangelistam
2828 2709 2880 2754 et
2921 2701 3265 2767 interpretem
3295 2696 3462 2765 ipsius
3491 2694 3828 2749 Alexandria:
3857 2708 3985 2746 con-

2422 2792 2627 2846 ﬁrmata
2654 2800 2754 2857 est,
2789 2801 2866 2855 ut,
2898 2789 3212 2844 adveniente
3233 2788 3406 2858 primo
3432 2801 3636 2850 mense,
3665 2784 3985 2838 adveniente

2423 2886 2473 2937 in
2503 2898 2569 2938 eo
2592 2897 2809 2950 vespera
2836 2881 2939 2935 diei
2967 2889 3166 2950 quarta:
3196 2879 3436 2941 decimte,
3461 2885 3801 2943 exspectetur
3826 2875 3985 2928 etiam

2422 2979 2535 3032 dies
2563 2977 2832 3031 dominica
2869 2990 2898 3028 a
2930 2975 3112 3043 quinta
3140 2973 3346 3027 decima
3378 2985 3544 3040 usque
3573 2968 3639 3022 ad
3675 2969 3981 3022 vicesimam

2423 3077 2646 3143 primam
2677 3073 2818 3127 diem
2861 3070 3102 3139 ejusdem
3133 3067 3352 3123 mensis.
3384 3065 3440 3118 ιιι
3487 3076 3802 3134 quacunque
3841 3061 3984 3113 enim

2427 3165 2614 3218 harum
2655 3165 2864 3217 inventa
2894 3161 3074 3226 fuerit,
3122 3159 3311 3213 merito
3340 3156 3392 3210 in
3421 3170 3482 3210 ea
3515 3152 3710 3224 pascha
3737 3150 3986 3204 celebra-

2426 3257 2584 3320 bitur,
2617 3254 2738 3323 quia
2776 3253 3024 3306 nimirum
3071 3250 3185 3304 lucc
3212 3247 3278 3302 ad
3307 3259 3586 3301 numerum
3616 3241 3843 3310 pertinet
3873 3240 3989 3292 illa-

2421 3363 2538 3402 rum
2573 3359 2776 3416 septem
2806 3345 3014 3399 dierum
3039 3342 3231 3412 quibus
3251 3351 3436 3409 azyma
3462 3335 3719 3391 celebrari
3746 3333 3985 3402 iubetur.

2425 3439 2606 3508 Itaque
2636 3437 2694 3490 lit
2722 3446 2778 3490 ut
2807 3449 3074 3503 nunquam
3121 3430 3314 3501 pascha
3364 3435 3600 3482 nostrum
3631 3438 3661 3477 a
3694 3424 3988 3490 septimana

2425 3531 2623 3583 mensis
2651 3527 2807 3597 primi
2840 3527 2992 3579 tertia
3021 3524 3074 3575 in
3104 3519 3363 3576 utramvis
3395 3524 3595 3585 partem
3621 3513 3873 3575 declinet,
3896 3510 3990 3565 sed

2423 3619 2506 3672 vel
2539 3628 2701 3671 totam
2729 3631 2867 3678 eam,
2902 3614 2952 3667 id
2991 3621 3094 3678 est,
3137 3622 3324 3664 omnes
3367 3615 3571 3674 septem
3602 3600 3844 3670 legalium
3869 3613 3992 3666 azy-

2426 3723 2630 3763 morum
2662 3707 2798 3770 dies,
2826 3703 2910 3758 vel
2952 3709 3104 3756 certe
3133 3699 3341 3766 aliquos
3366 3695 3432 3749 de
3462 3693 3566 3747 illis
3615 3699 3811 3746 teneat.
3859 3687 3989 3740 Nam

2427 3797 2526 3853 etsi
2576 3797 2766 3850 saltem
2813 3808 2978 3848 unum
3010 3806 3076 3846 ex
3125 3790 3225 3852 eis,
3258 3788 3358 3840 hoc
3383 3795 3463 3840 est
3493 3782 3664 3848 ipsum
3708 3778 3990 3848 septimum

2427 3884 2872 3956 apprehenderit,
2938 3895 3096 3950 quem
3154 3887 3264 3931 tam
3331 3874 3654 3929 excellenter
3717 3868 3988 3934 Scriptura

2427 3975 2814 4032 commendat:
2871 3972 2995 4025 Dies
3043 3978 3235 4033 autem,
3292 3965 3556 4032 inquiens,
3607 3961 3848 4030 septimus
3900 3958 3990 4011 erit

2428 4066 2668 4121 celebrior
2690 4073 2735 4118 et
2761 4065 3006 4125 sanctior,
3035 4041 3337 4126 nullumque
3363 4053 3538 4108 servile
3563 4068 3688 4120 opus
3721 4051 3805 4112 [iet
3849 4050 3902 4100 in
3931 4062 3986 4098 eo

2431 4156 2643 4226 (lbid.),
2695 4153 2866 4208 nullus
2898 4164 3122 4219 arguere
3169 4163 3267 4202 nos
3300 4145 3489 4216 poterit
3515 4142 3652 4211 quod
3698 4156 3802 4193 non
3850 4147 3991 4190 recte

2428 4247 2752 4302 dominicum
2788 4243 2994 4313 pascha:
3025 4242 3188 4304 diem,
3218 4253 3376 4307 quem
3407 4235 3474 4289 de
3503 4230 3793 4300 Evangelia
3823 4242 3994 4281 susce-

2430 4342 2623 4406 pimus,
2649 4336 2698 4388 in
2729 4335 2841 4402 ipsa
2877 4347 3034 4400 quam
3078 4330 3162 4384 lex
3188 4326 3372 4382 statuit
3402 4323 3553 4378 tertia
3587 4320 3742 4390 primi
3787 4318 3988 4371 mensis

2431 4425 2766 4482 hebdomada
2793 4424 3152 4478 celebremus.

2502 4519 2667 4588 Cujus
2690 4515 3043 4571 observantia:
3069 4509 3326 4564 catholica
3355 4507 3561 4561 ratione
3587 4501 3867 4571 patefacta,
3905 4511 3988 4563 pa-

2437 4625 2570 4670 tete
2598 4611 2868 4668 contrario
2906 4621 3058 4662 error
3100 4599 3481 4658 irrationabilis
3525 4611 3707 4651 eorum
3736 4593 3823 4661 qui
3862 4607 3994 4659 pra:-

2437 4710 2569 4760 lixos
2601 4707 2652 4757 in
2685 4703 2800 4772 lege
2826 4698 3103 4758 terminos,
3135 4692 3279 4746 nulla
3307 4699 3527 4760 cogente
3557 4686 3894 4746 necessitate,
3921 4683 3994 4736 vel

2436 4799 2728 4865 anticipare
2777 4793 2860 4847 vel
2913 4785 3292 4845 transcendere
3349 4785 3696 4849 priesumunt.
3767 4773 3998 4839 Namque

2435 4894 2552 4948 sine
2579 4890 2788 4946 ratione
2822 4881 3158 4940 necessitatis
3179 4876 3401 4944 alicujus
3430 4871 3721 4939 anticipant
3750 4866 3822 4919 illi
3867 4873 3997 4918 tem-

2437 5001 2538 5055 pus
2571 4985 2624 5038 in
2671 4982 2786 5051 lege
2840 4977 3233 5050 praescriptum,
3281 4967 3370 5039 qui
3414 4963 3741 5021 Dominicum
3793 4957 3998 5028 pascha:

2438 5047 2579 5130 diem
2606 5089 2635 5127 a
2663 5047 2856 5141 quarta
2881 5067 3083 5122 decima
3117 5061 3315 5118 uieusis
3346 5057 3498 5127 primi
3539 5066 3703 5122 usque
3724 5050 3787 5102 ad
3812 5047 3998 5101 vicesi-

2440 5183 2580 5220 mam
2626 5140 2816 5232 putaut
2843 5161 3021 5215 lunam
3072 5169 3194 5210 esse
3224 5149 3565 5206 servandum.
3614 5143 3742 5198 Cum
3791 5140 3929 5194 enim
3969 5151 3996 5188 a

2441 5228 2662 5322 νεεδ-ιώ
2706 5252 2809 5306 dici
2850 5250 3016 5304 tertiae
3059 5242 3280 5300 decima:
3331 5236 3538 5308 vigilias
3585 5241 3781 5287 sancta:
3832 5228 3998 5282 noctis

2439 5317 2713 5403 celelirarc
2773 5341 3053 5408 incipiunt,
3105 5335 3272 5389 claret
3301 5328 3438 5399 quod
3491 5326 3634 5380 illum
3686 5322 3736 5375 in
3786 5317 3998 5374 exordio

2442 5441 2519 5494 sui
2562 5437 2770 5506 pas:.-ha:
2823 5433 2962 5485 diem
3019 5431 3274 5485 statuunt,
3329 5417 3478 5490 cujus
3529 5413 3724 5468 nullam
3781 5410 3996 5463 omnino

2442 5499 2768 5582 mentionem
2801 5523 2851 5576 in
2881 5521 3096 5574 decreto
3129 5515 3259 5582 legis
3287 5508 3584 5565 inveniunt.
3627 5505 3690 5556 Et
3715 5516 3835 5553 cum
3864 5499 3998 5551 vice-

2440 5623 2574 5677 sima
2604 5620 2767 5687 prima
2799 5615 2888 5670 die
2914 5610 3111 5666 mensis
3143 5603 3336 5675 pascha
3375 5596 3696 5654 dominicum
3733 5589 4000 5687 celebrare

2442 5677 2729 5781 refugiunt,
2764 5715 2907 5775 patet
2939 5698 3176 5772 profecto
3203 5692 3340 5764 quod
3373 5690 3511 5744 illam
3541 5700 3633 5756 per
3659 5681 3836 5781 omnia
3867 5677 3999 5732 diem

2442 5820 2471 5858 ει
2505 5772 2598 5857 sua
2630 5797 2965 5856 St'iCltlllilillc
2999 5796 3315 5852 secernunt,
3355 5795 3508 5857 quam
3542 5777 3625 5834 los
3659 5772 3866 5839 majore
3904 5782 4000 5838 pre
