4172 6600
224 507 328 563 355

1083 505 1414 562 ΕΡΙΞΤΟΙΑ
1458 506 1547 560 Αἰ)
1592 504 1948 561 NAITANUM
1992 504 2331 564 PICTORUM
2374 509 2631 564 RECEM.

3381 517 3484 572 554

224 623 435 677 caeteris
490 622 771 677 festivitate
818 621 1219 674 memorabilem
1258 634 1625 688 smpenumcro
1654 633 1798 672 com-
1829 624 1877 682 Α
1904 618 2153 685 Orientis,
2183 621 2251 672 ita
2283 618 2527 672 omnibus
2554 620 2705 672 annis
2733 618 2869 673 idem
2909 620 3112 689 primus
3144 622 3277 677 luna:
3319 642 3472 682 men-

226 714 460 765 tuendat.
508 712 701 779 Sicque
743 712 879 765 diem
918 711 1127 778 pascha:
1180 712 1367 763 ordine
1421 724 1693 778 perverso,
1746 718 1798 760 ct

221 803 507 870 aliquando
538 805 586 855 in
619 802 847 855 secunda
896 802 1227 855 hebdomada
1276 811 1436 853 totam
1468 802 1796 866 compleant,

222 902 276 943 et
307 907 575 959 nunquam
624 892 673 944 in
722 891 1073 947 hebdomade:
1124 894 1291 947 tertia!
1319 892 1406 945 die
1434 890 1663 959 septimo
1707 908 1797 959 pn-

222 989 377 1031 nant.

300 1070 644 1139 Rursumque
674 1072 762 1137 qui
793 1086 819 1125 a
852 1081 1007 1126 sexta
1036 1072 1241 1127 decima
1270 1071 1359 1125 die
1402 1072 1601 1125 mensis
1631 1088 1799 1139 saepe-

222 1161 353 1214 dicti
383 1176 547 1227 usime
592 1163 657 1216 ad
705 1164 1011 1216 vic‘esimam
1068 1163 1355 1217 secundam
1416 1164 1609 1229 pascha
1659 1163 1800 1216 cele-

222 1252 483 1306 brandum
517 1255 682 1323 magis
704 1264 1002 1320 autumant,
1026 1270 1128 1308 non
1160 1257 1367 1308 minore
1397 1255 1579 1323 utique
1612 1271 1797 1308 errore

224 1343 461 1408 (tanti-tsi
492 1344 659 1397 altero
708 1344 896 1411 latere)
948 1360 976 1397 a
1028 1354 1172 1398 recto
1204 1344 1443 1397 veritatis
1482 1343 1689 1398 tramite
1720 1344 1801 1396 di-

221 1444 462 1498 vertunt,
521 1446 571 1487 ι·ι
626 1435 783 1488 veluti
842 1435 1113 1505 naufragia
1172 1436 1363 1503 Scyllae
1409 1436 1692 1502 fugientes,
1746 1435 1796 1488 in

220 1523 518 1595 Charybdis
551 1529 859 1595 voraginem
900 1528 1274 1594 submergendi
1330 1526 1609 1582 decidunt.
1663 1526 1794 1579 Nam

222 1630 347 1668 eum
379 1632 409 1669 a
441 1618 560 1671 luna
588 1617 795 1670 decima
829 1627 978 1670 sexta
1026 1618 1179 1684 primi
1230 1617 1430 1669 mensis
1482 1618 1711 1678 oriente,
1746 1616 1795 1668 id

220 1716 330 1773 est,
376 1724 405 1761 a
439 1724 655 1777 vespera
687 1709 787 1762 diei
831 1710 1031 1777 quinta:
1060 1708 1281 1761 decima:
1313 1708 1511 1775 pascha
1540 1707 1797 1775 incipien-

218 1797 350 1848 dum
396 1797 644 1862 doceaut,
678 1799 922 1850 nimirum
966 1808 1178 1850 constat
1212 1798 1352 1864 quod
1381 1806 1622 1864 quartam
1656 1796 1798 1849 deci-

221 1900 359 1937 ntam
390 1887 524 1939 diem
556 1889 750 1939 mensis
788 1887 1051 1952 ejusdem,
1086 1901 1242 1951 quam
1295 1886 1380 1939 lex
1431 1887 1675 1954 primitus
1716 1896 1796 1941 est

1904 711 1973 761 sis
2002 711 2191 763 eodem
2222 725 2440 765 ncCCSsc
2478 720 2558 762 est
2599 711 2786 763 ordine
2830 714 3109 775 reservari,
3142 723 3197 764 ut
3223 730 3327 767 noo
3353 729 3481 770 ante

1903 800 2294 863 zequinoctium,
2329 799 2420 851 sed
2468 800 2547 851 vel
2597 800 2710 865 ipso
2742 800 3044 867 :t-quinuctii
3096 804 3179 855 die
3212 804 3375 871 (sicut
3427 810 3478 859 in

1906 890 2162 954 principio
2191 889 2379 941 factum
2411 890 2513 958 est)
2552 890 2633 942 vel
2684 906 2746 942 eo
2785 901 3094 945 transcenso
3137 896 3476 960 plenilunimn

1902 977 2101 1031 haltere
2132 978 2345 1031 debeat.
2405 982 2469 1031 At
2520 980 2563 1031 si
2619 996 2725 1031 uno
2771 980 2956 1033 saltem
3003 984 3089 1036 die
3136 985 3477 1049 plenilunium

1904 1064 2114 1133 (emptis
2167 1069 2470 1135 tequiuuctii
2525 1068 2901 1136 praecesserit,
2962 1087 3065 1124 non
3122 1073 3257 1126 hanc
3307 1078 3477 1143 primo

1903 1172 2085 1210 tuettsc
2115 1160 2237 1209 anui
2274 1160 2593 1226 incipientis,
2624 1160 2714 1212 sed
2748 1162 2931 1214 ultimo
2964 1164 3141 1228 potius
3185 1169 3468 1231 pra-teriti,

1903 1247 2079 1299 lunam
2111 1263 2230 1303 esse
2260 1250 2656 1314 ascribentiam,
2706 1262 2757 1303 et
2790 1253 2911 1304 ideo
2957 1254 3104 1306 festis
3138 1257 3475 1322 paschalibus

1900 1338 2209 1404 inhabilem,
2244 1351 2531 1393 memorata
2566 1341 2699 1393 ratio
2732 1341 2938 1408 probat.

1966 1427 2117 1493 Quod
2148 1428 2193 1481 si
2224 1431 2501 1500 mysticam
2534 1445 2743 1498 quoque
2768 1447 2862 1483 vos
2886 1432 2938 1484 in
2972 1432 3051 1485 his
3087 1436 3347 1490 rationem
3380 1451 3475 1491 au~

1899 1518 2012 1569 dire
2034 1518 2261 1571 deiectat
2285 1559 2298 1581 ,
2354 1521 2524 1585 primo
2573 1536 2753 1573 mense
2788 1525 2932 1589 anni,
2964 1523 3051 1590 qui
3082 1524 3242 1577 etiam
3274 1530 3472 1582 mensis

1900 1623 2168 1660 novorum
2218 1610 2391 1663 dictus
2423 1620 2523 1674 est,
2575 1611 2768 1679 pascha
2816 1612 2986 1668 facere
3031 1616 3297 1686 jubenmr,
3332 1622 3474 1687 quia.

1900 1710 2150 1751 renovato
2181 1701 2244 1752 ad
2276 1716 2510 1753 amorem
2558 1704 2853 1756 ccelestium
2887 1706 3075 1771 spiritu
3125 1713 3318 1763 mentis
3375 1728 3479 1765 no-

1898 1798 2043 1852 straz,
2073 1801 2401 1843 sacramenta
2437 1792 2712 1845 domiuiezc
2739 1797 3144 1849 resurrectionis
3168 1810 3215 1850 et
3245 1803 3475 1868 ereptio-

1900 1881 1981 1931 nis
2019 1891 2214 1932 uostrze
2248 1880 2517 1934 celebrare
2545 1881 2815 1936 debemus.
2850 1886 3027 1939 Tertia
3059 1889 3295 1955 ejusdem
3327 1906 3474 1945 mcu-

223 1976 486 2040 prtccipue
538 1979 925 2041 continendam,
976 1994 1005 2031 a
1064 1993 1157 2030 sua
1207 1993 1425 2046 prorsus
1457 1978 1788 2031 solemnitate

1901 1970 1973 2021 sis
2020 1970 2316 2038 septimana
2373 1971 2546 2025 facere
2592 1974 2951 2041 prarcipimur,
2982 1978 3103 2044 quia
3147 1992 3267 2033 ante
3303 1981 3471 2050 legem

216 2064 522 2124 secludunt,
579 2064 651 2116 ita
713 2074 766 2117 ut
819 2068 1019 2132 quinta:
1078 2067 1317 2129 decimte,
1354 2068 1539 2135 inqua
1571 2068 1794 2134 pepulus

222 2149 313 2202 Dei
340 2152 405 2203 ab
432 2149 743 2220 Aigyptiam
778 2153 1036 2207 servitute
1067 2155 1375 2222 redemptus
1397 2165 1498 2215 est,
1531 2164 1582 2207 et
1608 2156 1660 2208 in
1692 2171 1791 2223 qua

220 2243 475 2295 Dominus
512 2259 608 2297 suo
641 2245 893 2298 mundum
927 2249 1183 2315 sanguine
1213 2263 1239 2298 a
1276 2257 1611 2313 peccatorum
1644 2257 1792 2299 tene-

215 2331 327 2383 bris
357 2333 620 2398 liberavit,
654 2335 706 2387 ιιι
737 2349 836 2403 qua
869 2336 1028 2388 etiam
1052 2338 1298 2403 sepultus
1324 2350 1473 2402 spem
1504 2334 1655 2389 nobis
1678 2344 1794 2403 post

214 2432 443 2474 mortem
478 2423 645 2477 beata:
673 2426 863 2493 quietis
888 2426 1092 2493 tribuit,
1127 2427 1211 2480 vix
1245 2441 1519 2494 vesperam
1556 2436 1790 2493 tangant.

213 2512 468 2583 idemque
514 2530 725 2583 pinnam
757 2520 956 2571 erroris
984 2519 1064 2571 sui
1096 2518 1148 2571 iu
1179 2519 1496 2585 semetipsos
1525 2519 1790 2584 recipien-

214 2614 316 2669 tes,
352 2619 472 2657 cum
529 2607 580 2659 in
636 2608 885 2660 vicesima
940 2608 1174 2662 secunda
1204 2608 1287 2661 die
1338 2608 1534 2661 mensis
1584 2610 1792 2676 pascha:

211 2693 355 2745 diem
385 2702 626 2747 statuunt
660 2695 1005 2758 dominicum,
1036 2696 1303 2765 legitimos
1336 2698 1516 2763 utique
1541 2699 1791 2751 terminos

214 2782 430 2849 pascitre
458 2795 638 2851 aperta
669 2786 1094 2854 transgressione
1124 2787 1344 2849 violant,
1376 2796 1574 2855 utpote
1603 2788 1691 2854 qui
1722 2788 1790 2841 ab

208 2872 355 2926 illius
382 2872 489 2927 dici
521 2890 739 2942 vespera
789 2878 983 2943 pascha
1016 2878 1294 2944 incipiunt,
1330 2878 1380 2929 in
1427 2891 1527 2944 qua
1562 2876 1662 2931 hoc
1706 2879 1790 2933 lex

210 2963 572 3015 consummari
603 2973 654 3016 et
688 2964 867 3030 perlici
901 2963 1099 3018 debere
1128 2965 1384 3019 decrevit.
1428 2965 1575 3018 illam
1618 2965 1668 3018 in
1700 2982 1791 3033 pa-

217 3052 346 3105 scha
378 3054 519 3107 diem
549 3056 824 3122 assignent
876 3057 1121 3121 primani,
1155 3055 1306 3123 cujus
1354 3056 1405 3108 in
1448 3056 1564 3124 lege
1594 3058 1792 3111 mentio

214 3145 361 3197 nulla
393 3159 611 3213 usquam
632 3146 912 3212 reperitur,
946 3146 994 3198 id
1020 3156 1121 3210 ρει,
1147 3157 1351 3214 quarta:
1376 3146 1599 3212 primam
1620 3148 1788 3215 septi-

214 3246 406 3285 manrc.
441 3234 539 3295 Qui
573 3235 781 3297 utrique
813 3248 915 3285 non
948 3234 1119 3286 solum
1152 3236 1202 3285 in
1228 3234 1538 3288 delinitione
1564 3246 1613 3288 et
1641 3251 1789 3289 com-

212 3330 338 3385 puto
374 3322 571 3373 lunaris
612 3322 808 3385 inlatis,
841 3321 934 3374 sed
964 3330 1017 3375 et
1054 3322 1104 3375 in
1134 3323 1331 3375 mensis
1364 3324 1514 3389 primi
1545 3339 1788 3395 nonnun-

214 3426 375 3478 quam
403 3413 707 3467 inventione
736 3412 1005 3467 l'alluntur.
1042 3414 1171 3479 Quae
1202 3414 1485 3482 disputatio
1514 3416 1681 3484 major
1709 3427 1791 3472 est

216 3518 374 3572 quam
390 3504 611 3571 epistola
638 3505 735 3560 bac
756 3505 837 3558 vel
864 3508 1031 3560 valeat
1057 3506 1555 3574 comprehendi,vel
1578 3508 1787 3562 debeat.

277 3594 507 3648 Tantum
565 3596 664 3651 hoc
693 3597 886 3662 dicam,
938 3598 1078 3665 quod
1126 3614 1219 3666 per
1249 3599 1623 3667 a-quiuoctium
1670 3616 1789 3655 ver-

211 3685 334 3739 nale
362 3700 579 3754 semper
608 3688 1040 3744 inenarrabiliter
1069 3700 1245 3758 posset
1264 3690 1486 3744 inveniri
1515 3690 1601 3758 qui
1632 3707 1786 3746 men-

206 3776 282 3831 sis
308 3778 462 3844 juxta
491 3791 796 3845 computum
831 3781 971 3834 lunas
1014 3782 1218 3849 primus
1248 3780 1394 3843 anui,
1426 3782 1514 3848 qui
1547 3795 1666 3835 esse
1696 3781 1787 3836 dc-

204 3866 331 3921 beat
358 3868 596 3921 ultimus.
630 3868 1030 3938 )Equ‘inoctium
1059 3880 1237 3924 autem
1279 3872 1430 3937 juxta
1469 3871 1785 3925 sententiam

202 3956 447 4010 omnium
490 3957 868 4022 Orientalium,
912 3968 967 4013 et
996 3961 1225 4013 maxime
1254 3960 1651 4030 Egyptiorum,
1696 3960 1785 4029 qui

204 4062 315 4114 pra:
345 4048 559 4102 czeteris
600 4047 910 4105 doctoribus
938 4050 1237 4104 calculandi
1290 4051 1521 4119 palmam
1579 4059 1784 4117 tenent,

201 4137 526 4189 duodecimo
594 4137 953 4193 Kalendarum
1015 4140 1270 4207 Aprilium
1340 4140 1429 4194 die
1507 4142 1786 4207 provenire

201 4229 509 4289 consuevit,
547 4236 603 4282 et
629 4229 789 4281 etiam
816 4228 917 4295 ipsi
950 4228 1255 4298 horologica
1302 4231 1633 4297 inspectione
1666 4247 1787 4298 pro-

200 4318 471 4369 havimus.
509 4316 589 4380 Qu
607 4330 855 4385 rcunque
914 4332 1037 4387 ergo
1089 4318 1212 4370 luna
1244 4327 1372 4371 ante
1399 4321 1779 4383 :equinocdum

200 4407 358 4474 plena
389 4415 492 4472 est,
526 4418 714 4475 quarta
747 4409 954 4462 decima
980 4409 1225 4462 videlicet
1249 4410 1330 4463 vel
1362 4411 1544 4477 quinta
1568 4411 1777 4466 decima

197 4497 459 4556 existens,
495 4498 607 4550 iure
637 4497 699 4549 ad
732 4497 1077 4564 praecedentis
1107 4500 1233 4551 anui
1276 4501 1622 4555 novissimum
1662 4519 1781 4571 per-

199 4587 332 4639 tinet
362 4600 627 4649 mensem,
675 4587 902 4657 ideoque
954 4590 1163 4655 pascha:
1208 4590 1534 4645 celebrando
1591 4593 1778 4647 habilis
1810 4621 1861 4679 υ

197 4691 303 4730 non
336 4688 441 4730 est.
494 4677 621 4743 Quae
651 4692 776 4731 vero
806 4687 924 4746 post
966 4679 1363 4748 aequinoctium,
1418 4684 1501 4736 vel
1554 4684 1604 4737 in
1659 4687 1777 4753 ipso

195 4769 525 4835 a‘quinoctio
564 4784 716 4821 suum
753 4770 1097 4837 plenilunium
1141 4772 1319 4835 habet,
1352 4775 1401 4825 in
1432 4773 1533 4828 hac
1578 4775 1781 4845 absque

198 4859 304 4911 ulla
355 4860 651 4923 duhietate,
683 4862 803 4928 quia
854 4861 1013 4929 primi
1062 4863 1263 4917 mensis
1293 4873 1396 4925 est,
1427 4873 1481 4918 et
1531 4866 1778 4935 antiquos

196 4949 399 5014 pascha
432 4948 707 5003 celebrare
737 4951 947 5015 solitos,
980 4959 1036 5005 et
1076 4966 1195 5017 nos,
1225 4953 1311 5005 ubi
1359 4952 1633 5008 Dominica
1665 4955 1781 5011 dies

194 5037 499 5097 advenerit,
533 5037 806 5093 celebrare
844 5039 1041 5095 debere
1092 5042 1417 5096 noscendum
1469 5054 1572 5099 cst.
1624 5046 1778 5111 Quod

195 5125 267 5180 ita
310 5127 431 5181 lieri
476 5139 723 5192 oportere
756 5128 840 5182 illa
885 5130 1133 5184 nimirum
1179 5132 1314 5185 ratio
1362 5134 1525 5203 cogit.
1578 5138 1699 5203 quia
1732 5139 1781 5192 in

198 5218 397 5274 Genesi
441 5221 697 5286 scriptum
728 5232 809 5274 est
837 5222 977 5290 quod
1008 5221 1147 5276 Deus
1175 5225 1291 5291 fecit
1321 5224 1424 5278 duo
1466 5243 1651 5295 magna
1697 5230 1782 5281 lu-

198 5310 458 5374 minaria;
484 5309 734 5363 luminare
762 5311 928 5378 majus
956 5319 1011 5364 ut
1031 5323 1273 5383 praesul
1300 5315 1422 5381 diei,
1452 5328 1499 5369 et
1531 5318 1781 5373 luminare

198 5399 366 5452 minus
399 5409 453 5451 ut
479 5409 718 5468 praeesset
754 5401 891 5453 nocti
921 5399 1130 5471 (Cenes.
1156 5402 1217 5472 ι).
1245 5402 1362 5472 Vel,
1400 5406 1534 5460 sicut
1570 5408 1672 5459 alia
1702 5408 1781 5461 di-

198 5490 269 5540 cit
313 5487 506 5551 eilitio,
556 5488 811 5544 luminare
856 5490 1025 5561 majus
1052 5492 1106 5545 in
1135 5492 1510 5548 inchoationem
1552 5498 1689 5563 diei;
1735 5507 1783 5551 et

198 5580 454 5632 luminare
500 5580 664 5633 minus
710 5582 760 5634 in
808 5582 1181 5637 inchoationem
1231 5586 1407 5639 nostis.
1460 5586 1608 5641 Sicut
1654 5602 1783 5659 ergo

196 5670 343 5735 prius
373 5670 455 5723 sol
490 5684 519 5721 a
550 5671 727 5725 medio
768 5672 1078 5739 praecedens
1120 5672 1354 5729 Orientis
1400 5677 1776 5745 aequinoctium

194 5759 411 5815 vernale
441 5773 544 5814 suo
575 5760 799 5828 praeﬁxit
827 5770 1042 5826 exortu,
1074 5761 1271 5837 deinde
1294 5764 1415 5818 luna
1443 5767 1552 5819 sola
1581 5767 1645 5819 ad
1679 5783 1766 5823 ve-

192 5864 401 5919 speram
435 5850 734 5919 occidente,
763 5862 817 5908 et
844 5853 957 5923 ipsa
989 5852 1143 5925 plena
1193 5870 1222 5909 a
1273 5854 1447 5912 medio
1472 5866 1654 5912 secuta
1688 5868 1771 5913 est

1896 2067 1946 2113 et
1975 2060 2072 2112 sub
2122 2061 2237 2129 lege
2292 2064 2605 2129 promissus,
2658 2066 2810 2120 tertio
2860 2078 3097 2136 tempore
3138 2072 3321 2124 saeculi
3353 2088 3471 2127 cum

1893 2151 2060 2218 gratia
2090 2151 2234 2205 venit
2286 2153 2402 2219 ipse
2433 2154 2519 2220 qui
2572 2157 2764 2220 pascha
2818 2169 3057 2211 nostrum
3106 2161 3475 2218 immolaretur

1893 2240 2157 2303 Christus,
2198 2240 2323 2309 quia
2351 2243 2502 2294 tertia
2537 2254 2655 2310 post
2678 2244 3097 2300 immolationem
3128 2264 3239 2303 sua:
3271 2254 3473 2319 passio-

1894 2327 1977 2380 nis
2020 2326 2106 2382 die
2138 2331 2552 2384 resurrectionis
2595 2346 2624 2383 a
2679 2322 2926 2401 mortuis,
2966 2338 3099 2389 hanc
3147 2339 3471 2394 Dominicam

1895 2418 2093 2481 vocari,
2126 2429 2179 2471 et
2206 2419 2256 2471 in
2282 2434 2342 2474 ea
2383 2435 2479 2473 nos
2503 2424 2773 2476 annuatim
2816 2424 3078 2491 paschalia
3111 2429 3350 2495 ejusdem
3384 2449 3470 2484 re-

1892 2509 2237 2562 surtcctionis
2278 2510 2444 2563 voluit
2479 2512 2614 2564 lcsta
2642 2514 2936 2567 celebrare.
2968 2516 3098 2577 Quia
3135 2532 3233 2570 nos
3264 2535 3474 2587 quoque

1896 2598 1964 2651 ita
1994 2598 2161 2651 solunt
2193 2604 2458 2654 veraciter
2486 2602 2604 2670 ejus
2631 2604 2891 2658 solemnia
2915 2607 3272 2674 celelnxunus,
3312 2616 3352 2663 si
3380 2627 3474 2679 per

1893 2684 2047 2741 iidem
2077 2697 2129 2741 et
2157 2689 2471 2742 charitatem
2501 2691 2715 2757 pascha,
2750 2693 2799 2744 id
2832 2702 2933 2756 est,
2966 2695 3242 2748 transitum
3264 2697 3328 2751 de
3373 2700 3472 2751 hoc

1892 2777 2109 2841 mundo,
2141 2778 2204 2829 ad
2238 2778 2445 2831 l’atrem
2477 2793 2598 2832 cum
2644 2779 2735 2833 illo
2786 2781 2977 2837 facere
3016 2799 3283 2839 curamus.
3348 2788 3473 2842 i‘ost

1891 2866 2265 2932 aequinoctium
2311 2883 2399 2921 ver
2426 2882 2451 2922 δ
2507 2868 2853 2936 plenilunium
2897 2878 3097 2925 mensis
3141 2877 3473 2944 pra'cipimur

1892 2955 2176 3009 observare
2208 2956 2495 3024 paschalis,
2524 2967 2580 3011 ut
2608 2958 3039 3029 videlicetprimo
3070 2966 3147 3017 sol
3177 2966 3469 3034 longiorem

1893 3054 2048 3100 nocte
2080 3047 2237 3100 faciat
2266 3048 2428 3112 diem,
2460 3048 2652 3102 deinde
2682 3050 2802 3103 luna
2835 3053 3048 3119 plenum
3082 3069 3192 3107 sua:
3228 3058 3357 3109 lucis
3378 3074 3470 3110 or-

1893 3137 2008 3191 bem
2039 3139 2236 3192 mundo
2265 3149 2582 3207 praesentet,
2614 3141 2735 3209 quia
2761 3142 2932 3210 primo
2955 3146 3165 3211 quidem
3193 3149 3274 3200 sol
3301 3149 3469 3214 justi-

1894 3228 1999 3289 tite,
2027 3230 2076 3281 iu
2107 3231 2255 3297 eujus
2286 3231 2471 3297 pennis
2514 3239 2597 3285 est
2639 3235 2863 3297 sanitas,
2899 3234 2948 3286 id
2976 3246 3079 3300 est,
3110 3236 3361 3291 Dominus
3394 3238 3471 3294 Je-

1893 3330 2003 3381 sus,
2034 3332 2127 3385 per
2158 3320 2564 3374 resurrectionis
2586 3334 2695 3375 sua:
2720 3323 3043 3391 triumphum
3069 3337 3294 3379 cunctas
3322 3346 3469 3383 mor-

1895 3407 1958 3461 tis
1991 3409 2233 3463 tenebras
2278 3411 2567 3478 superavit,
2600 3425 2662 3465 ac
2707 3413 2785 3464 sic
2831 3414 3126 3468 ascendens
3176 3416 3223 3468 in
3277 3419 3464 3481 melos,

1890 3498 2053 3551 misso
2104 3498 2332 3566 desuper
2376 3500 2600 3568 Spiritu,
2643 3502 2931 3556 Ecclesiam
2963 3520 3134 3569 suam,
3176 3521 3293 3574 qua:
3325 3523 3470 3576 sarpe

1890 3587 2025 3641 luna:
2055 3589 2314 3642 vocabulo
2331 3589 2655 3657 designetur,
2690 3592 2911 3647 interna:
2934 3595 3121 3663 gratia:
3147 3596 3264 3650 luce
3291 3602 3470 3664 reple-

1889 3677 1981 3730 vit.
2007 3678 2173 3744 Quem
2204 3680 2446 3733 videlicet
2476 3682 2715 3735 ordinem
2759 3692 2954 3738 nostra:
2991 3686 3177 3739 salutis
3209 3691 3468 3755 propheta

1890 3770 2278 3838 contemplatus
2303 3772 2511 3825 aiebat:
2539 3771 2781 3826 Eleuatus
2806 3784 2879 3827 est
2900 3776 3000 3836 sal,
3028 3784 3078 3829 et
3108 3779 3228 3829 luna
3250 3780 3385 3831 steti!
3409 3780 3467 3833 in

1890 3860 2069 3913 ordine
2090 3877 2180 3913 suo
2203 3860 2359 3927 (Mal.
2386 3863 2477 3930 tv).
2512 3862 2608 3928 Qui
2632 3878 2759 3931 ergo
2791 3864 3171 3931 plenitudinem
3202 3868 3338 3921 lunae
3374 3885 3468 3938 pa-

1890 3950 2086 4002 schalis
2116 3963 2239 4003 ante
2258 3951 2633 4019 :cquinoctium
2668 3953 2949 4020 provenire
2987 3970 3143 4021 posse
3174 3960 3467 4015 eonzende-

1889 4039 1979 4102 rit,
2025 4040 2144 4092 talis
2185 4040 2236 4093 in
2290 4042 2667 4108 mysteriorum
2718 4042 3078 4097 celebratione
3116 4050 3467 4101 maximorum

1888 4143 1915 4182 a
1948 4141 2252 4184 sanctarum
2300 4132 2511 4200 quidem
2554 4132 2947 4200 Seripturarum
2993 4136 3235 4191 doctrina
3269 4141 3463 4194 discor-

1888 4224 2007 4287 dat;
2046 4222 2337 4277 concordat
2362 4234 2539 4277 autem
2567 4225 2644 4278 eis
2674 4225 2763 4292 qui
2793 4225 2911 4279 sine
2942 4228 3305 4295 przeveniente
3334 4245 3462 4298 gra—

1886 4316 1956 4369 tia
1982 4315 2180 4369 Christi
2209 4330 2268 4369 se
2297 4316 2495 4369 salvari
2540 4330 2694 4384 posse
2723 4318 3019 4373 conlidunt.
3048 4320 3171 4385 Qui,
3196 4324 3296 4375 etsi
3338 4339 3464 4378 vera

1888 4402 1974 4455 lux
2025 4405 2270 4457 tenebras
2300 4405 2481 4458 mundi
2514 4405 2792 4459 moriendo
2837 4421 2900 4460 ac
2950 4410 3278 4478 resurgendo
3329 4427 3463 4466 nuu-

1887 4510 2043 4563 quam
2078 4497 2315 4561 vicisset,
2351 4496 2636 4564 perlectam
2664 4514 2723 4552 se
2772 4498 2971 4555 habere
3012 4517 3171 4570 posse
3206 4504 3465 4571 justitiam

1888 4581 2249 4651 dogmatisare
2276 4595 2623 4652 prtesumunt.
2684 4585 2865 4656 itaque
2921 4604 3015 4656 per
3042 4592 3464 4659 (equinnctialem

1892 4674 2020 4726 solis
2050 4686 2299 4727 exortum
2351 4684 2469 4742 post
2497 4676 2845 4743 plenilunium
2902 4680 3051 4745 primi
3086 4682 3285 4735 mensis
3331 4684 3463 4740 hunc

1890 4777 1951 4815 ex
1984 4763 2172 4815 ordine
2202 4764 2553 4831 Subsequeus,
2588 4764 2639 4817 id
2678 4775 2777 4827 est,
2816 4777 2935 4834 pust
2964 4770 3282 4838 completam
3325 4772 3464 4826 diem

1889 4852 2128 4922 ejusdem
2160 4855 2357 4907 mensis
2387 4863 2625 4921 quartam
2670 4856 2953 4922 decimam,
2996 4875 3113 4926 quzo
3159 4870 3348 4914 cuncta
3396 4877 3461 4916 ex

1892 4942 2009 5012 iege
2028 4944 2354 4997 observanda
2374 4946 2699 5013 accepimus,
2726 4958 3099 5015 exspectamus
3125 4950 3323 5016 adhuc,
3348 4967 3463 5006 mo-

1892 5043 2051 5088 nente
2094 5036 2407 5102 Evangeiio,
2442 5035 2495 5089 in
2544 5036 2657 5105 ipsa
2700 5037 3032 5093 hcbdomada
3066 5039 3222 5094 tertia
3255 5050 3466 5110 tempus

1889 5125 1990 5179 diei
2027 5125 2335 5189 Dominicze,
2384 5135 2437 5181 et
2481 5128 2561 5181 sic
2591 5127 2806 5182 demum
2836 5130 3013 5182 votiva
3049 5131 3261 5198 pascha:
3293 5135 3464 5187 nostri

1891 5216 2021 5273 festa
2053 5219 2404 5273 celebramus.
2459 5218 2529 5273 Ut
2562 5221 2860 5275 indicemus
2901 5236 2999 5275 nos
3028 5238 3131 5274 non
3164 5238 3285 5276 cum
3330 5226 3459 5279 auti-

1888 5313 2005 5383 quis
2031 5326 2311 5366 excussum
2344 5310 2608 5380 Egyptian
2638 5311 2911 5365 servitutis
2958 5310 3142 5379 jugum
3174 5315 3458 5378 venerari,

1888 5406 1977 5459 sed
2009 5404 2428 5473 redemptionem
2462 5404 2624 5457 totius
2656 5403 2868 5469 mundi,
2899 5418 3019 5472 qua!
3049 5406 3101 5457 in
3132 5404 3333 5474 antiqui
3368 5406 3457 5463 Dei

1888 5496 2060 5566 pepuli
2094 5496 2401 5550 liberatione
2432 5497 2800 5564 praeﬁgurata,
2830 5494 2884 5549 in
2926 5494 3119 5549 Christi
3150 5505 3325 5551 autem
3373 5514 3460 5552 re-

1886 5586 2216 5642 surreclione
2261 5586 2525 5653 completa
2556 5595 2657 5647 est,
2692 5585 2883 5639 devota
2932 5584 3035 5640 llde
3083 5599 3146 5640 ac
3174 5586 3461 5641 dilectione

1886 5678 2083 5743 coiere,
2118 5686 2172 5730 ut
2200 5678 2266 5730 de
2297 5677 2707 5731 resurrectionis
2732 5676 2893 5731 etiam
2924 5683 3144 5744 nostra),
3181 5690 3341 5745 quam
3369 5691 3459 5729 ea-

1884 5767 2005 5823 dem
2048 5766 2134 5822 die
2170 5765 2442 5821 Dominiea
2475 5765 2709 5822 futuram
2736 5766 3029 5834 credimus,
3064 5779 3160 5835 spe
3205 5779 3308 5823 nos
3346 5780 3454 5822 εει-ς

1884 5858 2082 5914 tiasima
2108 5857 2343 5927 gaudere
2370 5855 2664 5927 signemus.
