  <div class='ocr_page' id='page_1' title='image "/cluster/home/n/w/nwhite01/storage/ocr_20150623/88-89/uc1.31175000868714/855.png"; bbox 0 0 4172 6582; ppageno 0'>
   <div class='ocr_carea' id='block_1_1' title="bbox 695 468 795 521">
    <p class='ocr_par' dir='ltr' id='par_1_1' title="bbox 695 468 795 521">
     <span class='ocr_line' id='line_1_1' title="bbox 695 468 795 521; baseline -0.03 -1"><span class='ocrx_word' id='word_1_1' title='bbox 695 468 795 521; x_wconf 67' lang='lat'><strong>35&quot;»</strong></span> 
     </span>
    </p>
   </div>
   <div class='ocr_carea' id='block_1_2' title="bbox 1190 458 3482 525">
    <p class='ocr_par' dir='ltr' id='par_1_2' title="bbox 1190 458 3482 525">
     <span class='ocr_line' id='line_1_2' title="bbox 1190 458 3482 525; baseline 0.002 -8"><span class='ocrx_word' id='word_1_2' title='bbox 1190 463 1550 517; x_wconf 70' lang='lat' dir='ltr'><strong>Cl~ZUl.Fl:lltl</strong></span> <span class='ocrx_word' id='word_1_3' title='bbox 1598 461 1883 513; x_wconf 70' lang='lat' dir='ltr'><strong>mums</strong></span> <span class='ocrx_word' id='word_1_4' title='bbox 1929 458 2256 512; x_wconf 68' lang='lat' dir='ltr'><strong>El’lS&#39;fOl..\</strong></span> <span class='ocrx_word' id='word_1_5' title='bbox 2305 459 2392 511; x_wconf 77' lang='lat' dir='ltr'><strong>Al)</strong></span> <span class='ocrx_word' id='word_1_6' title='bbox 2436 460 2783 515; x_wconf 71' lang='lat' dir='ltr'><strong>.\‘.\t&#39;r0.\&#39;t~:tt</strong></span> <span class='ocrx_word' id='word_1_7' title='bbox 2831 464 3178 520; x_wconf 76' lang='lat' dir='ltr'><strong>t-tC&#39;ronttu</strong></span> <span class='ocrx_word' id='word_1_8' title='bbox 3225 468 3482 525; x_wconf 56' lang='lat' dir='ltr'><strong>tusus-At.</strong></span> 
     </span>
    </p>
   </div>
   <div class='ocr_carea' id='block_1_3' title="bbox 3865 479 3962 530">
    <p class='ocr_par' dir='ltr' id='par_1_3' title="bbox 3865 479 3962 530">
     <span class='ocr_line' id='line_1_3' title="bbox 3865 479 3962 530; baseline -0.021 -2"><span class='ocrx_word' id='word_1_9' title='bbox 3865 479 3962 530; x_wconf 63' lang='lat'><strong>356</strong></span> 
     </span>
    </p>
   </div>
   <div class='ocr_carea' id='block_1_4' title="bbox 768 572 3960 654">
    <p class='ocr_par' dir='ltr' id='par_1_4' title="bbox 768 572 3960 654">
     <span class='ocr_line' id='line_1_4' title="bbox 768 572 3960 654; baseline 0.001 -24"><span class='ocrx_word' id='word_1_10' title='bbox 768 580 860 631; x_wconf 90' lang='lat' dir='ltr'><strong>llic</strong></span> <span class='ocrx_word' id='word_1_11' title='bbox 892 587 1091 643; x_wconf 78' lang='lat' dir='ltr'><strong>autem,</strong></span> <span class='ocrx_word' id='word_1_12' title='bbox 1141 591 1297 645; x_wconf 84' lang='lat' dir='ltr'><strong>quem</strong></span> <span class='ocrx_word' id='word_1_13' title='bbox 1334 578 1482 628; x_wconf 81' lang='lat' dir='ltr'><strong>vobis</strong></span> <span class='ocrx_word' id='word_1_14' title='bbox 1526 575 1854 641; x_wconf 83' lang='lat' dir='ltr'><strong>sequendum</strong></span> <span class='ocrx_word' id='word_1_15' title='bbox 1893 580 2274 633; x_wconf 80' lang='lat' dir='ltr'><strong>monstramus,</strong></span> <span class='ocrx_word' id='word_1_16' title='bbox 2310 575 2356 630; x_wconf 83' lang='grc' dir='ltr'><strong>Α</strong></span> <span class='ocrx_word' id='word_1_17' title='bbox 2390 572 2466 623; x_wconf 84' lang='lat' dir='ltr'><strong>vel</strong></span> <span class='ocrx_word' id='word_1_18' title='bbox 2500 574 2546 622; x_wconf 87' lang='lat' dir='ltr'><strong>in</strong></span> <span class='ocrx_word' id='word_1_19' title='bbox 2597 574 2852 627; x_wconf 83' lang='lat' dir='ltr'><strong>universo</strong></span> <span class='ocrx_word' id='word_1_20' title='bbox 2898 576 3172 632; x_wconf 88' lang='lat' dir='ltr'><strong>hominum</strong></span> <span class='ocrx_word' id='word_1_21' title='bbox 3207 596 3404 648; x_wconf 79' lang='lat' dir='ltr'><strong>genere</strong></span> <span class='ocrx_word' id='word_1_22' title='bbox 3451 587 3749 654; x_wconf 67' lang='lat' dir='ltr'><strong>reperimus</strong></span> <span class='ocrx_word' id='word_1_23' title='bbox 3783 599 3960 642; x_wconf 63' lang='grc' dir='ltr'>ιοιμιι-</span> 
     </span>
    </p>
   </div>
   <div class='ocr_carea' id='block_1_5' title="bbox 693 665 2280 737">
    <p class='ocr_par' dir='ltr' id='par_1_5' title="bbox 693 665 2280 737">
     <span class='ocr_line' id='line_1_5' title="bbox 693 665 2280 737; baseline -0.006 -15"><span class='ocrx_word' id='word_1_24' title='bbox 693 681 974 737; x_wconf 79' lang='lat' dir='ltr'><strong>cottiputns</strong></span> <span class='ocrx_word' id='word_1_25' title='bbox 1027 669 1233 734; x_wconf 81' lang='lat' dir='ltr'><strong>pascha:</strong></span> <span class='ocrx_word' id='word_1_26' title='bbox 1266 667 1722 719; x_wconf 76' lang='lat' dir='ltr'><strong>ilcreunuvenuali</strong></span> <span class='ocrx_word' id='word_1_27' title='bbox 1782 665 1981 716; x_wconf 79' lang='lat' dir='ltr'><strong>cireulo</strong></span> <span class='ocrx_word' id='word_1_28' title='bbox 2035 665 2280 715; x_wconf 79' lang='lat' dir='ltr'><strong>contine—</strong></span> 
     </span>
    </p>
   </div>
   <div class='ocr_carea' id='block_1_6' title="bbox 697 757 2276 828">
    <p class='ocr_par' dir='ltr' id='par_1_6' title="bbox 697 757 2276 828">
     <span class='ocr_line' id='line_1_6' title="bbox 697 757 2276 828; baseline -0.007 -15"><span class='ocrx_word' id='word_1_29' title='bbox 697 775 801 825; x_wconf 69' lang='lat' dir='ltr'><strong>tur,</strong></span> <span class='ocrx_word' id='word_1_30' title='bbox 841 762 927 828; x_wconf 84' lang='lat' dir='ltr'><strong>qui</strong></span> <span class='ocrx_word' id='word_1_31' title='bbox 958 760 1154 812; x_wconf 89' lang='lat' dir='ltr'><strong>dudum</strong></span> <span class='ocrx_word' id='word_1_32' title='bbox 1197 761 1432 826; x_wconf 83' lang='lat' dir='ltr'><strong>quidem,</strong></span> <span class='ocrx_word' id='word_1_33' title='bbox 1473 760 1574 808; x_wconf 86' lang='lat' dir='ltr'><strong>hoc</strong></span> <span class='ocrx_word' id='word_1_34' title='bbox 1618 769 1699 807; x_wconf 81' lang='lat' dir='ltr'><strong>est</strong></span> <span class='ocrx_word' id='word_1_35' title='bbox 1731 757 1860 821; x_wconf 87' lang='lat' dir='ltr'><strong>ipsis</strong></span> <span class='ocrx_word' id='word_1_36' title='bbox 1908 757 2276 819; x_wconf 84' lang='lat' dir='ltr'><strong>apostolorum</strong></span> 
     </span>
    </p>
   </div>
   <div class='ocr_carea' id='block_1_7' title="bbox 697 850 2280 920">
    <p class='ocr_par' dir='ltr' id='par_1_7' title="bbox 697 850 2280 920">
     <span class='ocr_line' id='line_1_7' title="bbox 697 850 2280 920; baseline -0.004 -15"><span class='ocrx_word' id='word_1_37' title='bbox 697 856 1045 918; x_wconf 77' lang='lat' dir='ltr'><strong>temporibus,</strong></span> <span class='ocrx_word' id='word_1_38' title='bbox 1074 853 1180 920; x_wconf 85' lang='lat' dir='ltr'><strong>jam</strong></span> <span class='ocrx_word' id='word_1_39' title='bbox 1214 853 1414 903; x_wconf 83' lang='lat' dir='ltr'><strong>servari</strong></span> <span class='ocrx_word' id='word_1_40' title='bbox 1450 854 1499 902; x_wconf 80' lang='grc' dir='ltr'><strong>ιιι</strong></span> <span class='ocrx_word' id='word_1_41' title='bbox 1536 853 1770 902; x_wconf 64' lang='lat' dir='ltr'><strong>fit-etesia</strong></span> <span class='ocrx_word' id='word_1_42' title='bbox 1819 850 2003 914; x_wconf 77' lang='lat' dir='ltr'><strong>ctcpit,</strong></span> <span class='ocrx_word' id='word_1_43' title='bbox 2051 850 2280 899; x_wconf 71' lang='lat' dir='ltr'><strong>maxime</strong></span> 
     </span>
    </p>
   </div>
   <div class='ocr_carea' id='block_1_8' title="bbox 697 940 2281 1009">
    <p class='ocr_par' dir='ltr' id='par_1_8' title="bbox 697 940 2281 1009">
     <span class='ocr_line' id='line_1_8' title="bbox 697 940 2281 1009; baseline -0.005 -12"><span class='ocrx_word' id='word_1_44' title='bbox 697 947 878 997; x_wconf 69' lang='lat' dir='ltr'><strong>ltomzr</strong></span> <span class='ocrx_word' id='word_1_45' title='bbox 908 954 960 995; x_wconf 89' lang='lat' dir='ltr'><strong>et</strong></span> <span class='ocrx_word' id='word_1_46' title='bbox 994 945 1231 1009; x_wconf 68' lang='lat' dir='ltr'><strong>Aigypti,</strong></span> <span class='ocrx_word' id='word_1_47' title='bbox 1269 951 1322 992; x_wconf 96' lang='grc' dir='ltr'><strong>ιιι</strong></span> <span class='ocrx_word' id='word_1_48' title='bbox 1370 957 1527 1008; x_wconf 76' lang='lat' dir='ltr'><strong>Supra</strong></span> <span class='ocrx_word' id='word_1_49' title='bbox 1569 941 1675 1006; x_wconf 85' lang='lat' dir='ltr'><strong>jam</strong></span> <span class='ocrx_word' id='word_1_50' title='bbox 1728 942 1974 992; x_wconf 81' lang='lat' dir='ltr'><strong>diximus.</strong></span> <span class='ocrx_word' id='word_1_51' title='bbox 2029 940 2132 992; x_wconf 83' lang='lat' dir='ltr'><strong>Sed</strong></span> <span class='ocrx_word' id='word_1_52' title='bbox 2190 954 2281 1005; x_wconf 83' lang='lat' dir='ltr'><strong>per</strong></span> 
     </span>
    </p>
   </div>
   <div class='ocr_carea' id='block_1_9' title="bbox 694 1033 2280 1102">
    <p class='ocr_par' dir='ltr' id='par_1_9' title="bbox 694 1033 2280 1102">
     <span class='ocr_line' id='line_1_9' title="bbox 694 1033 2280 1102; baseline -0.004 -11"><span class='ocrx_word' id='word_1_53' title='bbox 694 1039 1009 1092; x_wconf 85' lang='lat' dir='ltr'><strong>industriam</strong></span> <span class='ocrx_word' id='word_1_54' title='bbox 1045 1037 1278 1101; x_wconf 71' lang='lat' dir='ltr'><strong>Eusebii,</strong></span> <span class='ocrx_word' id='word_1_55' title='bbox 1315 1038 1399 1102; x_wconf 97' lang='lat' dir='ltr'><strong>qui</strong></span> <span class='ocrx_word' id='word_1_56' title='bbox 1434 1051 1461 1085; x_wconf 92' lang='lat' dir='ltr'><strong>a</strong></span> <span class='ocrx_word' id='word_1_57' title='bbox 1512 1036 1670 1086; x_wconf 63' lang='lat' dir='ltr'><strong>brato</strong></span> <span class='ocrx_word' id='word_1_58' title='bbox 1724 1045 1953 1100; x_wconf 89' lang='lat' dir='ltr'><strong>martyre</strong></span> <span class='ocrx_word' id='word_1_59' title='bbox 2005 1033 2280 1098; x_wconf 85' lang='lat' dir='ltr'><strong>l&#39;amphilo</strong></span> 
     </span>
    </p>
   </div>
   <div class='ocr_carea' id='block_1_10' title="bbox 692 1125 2278 1198">
    <p class='ocr_par' dir='ltr' id='par_1_10' title="bbox 692 1125 2278 1198">
     <span class='ocr_line' id='line_1_10' title="bbox 692 1125 2278 1198; baseline -0.006 -16"><span class='ocrx_word' id='word_1_60' title='bbox 692 1145 988 1198; x_wconf 72' lang='lat' dir='ltr'><strong>cognomen</strong></span> <span class='ocrx_word' id='word_1_61' title='bbox 1026 1130 1210 1191; x_wconf 84' lang='lat' dir='ltr'><strong>habet,</strong></span> <span class='ocrx_word' id='word_1_62' title='bbox 1243 1126 1548 1180; x_wconf 68' lang='lat' dir='ltr'><strong>distinctius</strong></span> <span class='ocrx_word' id='word_1_63' title='bbox 1581 1127 1631 1179; x_wconf 85' lang='lat' dir='ltr'><strong>in</strong></span> <span class='ocrx_word' id='word_1_64' title='bbox 1662 1126 1903 1178; x_wconf 88' lang='lat' dir='ltr'><strong>ordmem</strong></span> <span class='ocrx_word' id='word_1_65' title='bbox 1944 1125 2278 1192; x_wconf 72' lang='lat' dir='ltr'><strong>«:orripositus</strong></span> 
     </span>
    </p>
   </div>
   <div class='ocr_carea' id='block_1_11' title="bbox 694 1216 2278 1285">
    <p class='ocr_par' dir='ltr' id='par_1_11' title="bbox 694 1216 2278 1285">
     <span class='ocr_line' id='line_1_11' title="bbox 694 1216 2278 1285; baseline -0.005 -12"><span class='ocrx_word' id='word_1_66' title='bbox 694 1231 795 1284; x_wconf 78' lang='lat' dir='ltr'><strong>est,</strong></span> <span class='ocrx_word' id='word_1_67' title='bbox 849 1231 904 1273; x_wconf 91' lang='lat' dir='ltr'><strong>ut</strong></span> <span class='ocrx_word' id='word_1_68' title='bbox 957 1219 1094 1285; x_wconf 79' lang='lat' dir='ltr'><strong>qtunf</strong></span> <span class='ocrx_word' id='word_1_69' title='bbox 1153 1227 1376 1270; x_wconf 87' lang='lat' dir='ltr'><strong>eatenus</strong></span> <span class='ocrx_word' id='word_1_70' title='bbox 1443 1234 1536 1283; x_wconf 91' lang='lat' dir='ltr'><strong>per</strong></span> <span class='ocrx_word' id='word_1_71' title='bbox 1592 1217 1927 1268; x_wconf 59' lang='lat' dir='ltr'><strong>Alexandria:</strong></span> <span class='ocrx_word' id='word_1_72' title='bbox 1977 1216 2278 1282; x_wconf 68' lang='lat' dir='ltr'><strong>poutilicrm</strong></span> 
     </span>
    </p>
   </div>
   <div class='ocr_carea' id='block_1_12' title="bbox 694 1306 2278 1380">
    <p class='ocr_par' dir='ltr' id='par_1_12' title="bbox 694 1306 2278 1380">
     <span class='ocr_line' id='line_1_12' title="bbox 694 1306 2278 1380; baseline -0.004 -17"><span class='ocrx_word' id='word_1_73' title='bbox 694 1315 915 1380; x_wconf 72' lang='lat' dir='ltr'><strong>sirgulis</strong></span> <span class='ocrx_word' id='word_1_74' title='bbox 947 1313 1097 1362; x_wconf 88' lang='lat' dir='ltr'><strong>anuis</strong></span> <span class='ocrx_word' id='word_1_75' title='bbox 1129 1326 1219 1377; x_wconf 91' lang='lat' dir='ltr'><strong>per</strong></span> <span class='ocrx_word' id='word_1_76' title='bbox 1250 1324 1437 1360; x_wconf 87' lang='lat' dir='ltr'><strong>omnes</strong></span> <span class='ocrx_word' id='word_1_77' title='bbox 1473 1307 1740 1361; x_wconf 66' lang='lat' dir='ltr'><strong>I‘Ltzclcsias</strong></span> <span class='ocrx_word' id='word_1_78' title='bbox 1779 1306 2016 1358; x_wconf 90' lang='lat' dir='ltr'><strong>mandari</strong></span> <span class='ocrx_word' id='word_1_79' title='bbox 2051 1320 2278 1357; x_wconf 83' lang='lat' dir='ltr'><strong>consue—</strong></span> 
     </span>
    </p>
   </div>
   <div class='ocr_carea' id='block_1_13' title="bbox 696 1397 2278 1468">
    <p class='ocr_par' dir='ltr' id='par_1_13' title="bbox 696 1397 2278 1468">
     <span class='ocr_line' id='line_1_13' title="bbox 696 1397 2278 1468; baseline -0.005 -14"><span class='ocrx_word' id='word_1_80' title='bbox 696 1415 863 1462; x_wconf 71' lang='lat' dir='ltr'><strong>veiat,</strong></span> <span class='ocrx_word' id='word_1_81' title='bbox 893 1402 996 1468; x_wconf 69' lang='lat' dir='ltr'><strong>jam</strong></span> <span class='ocrx_word' id='word_1_82' title='bbox 1029 1399 1222 1452; x_wconf 81' lang='lat' dir='ltr'><strong>deinde</strong></span> <span class='ocrx_word' id='word_1_83' title='bbox 1253 1407 1502 1462; x_wconf 64' lang='lat' dir='ltr'><strong>congesta</strong></span> <span class='ocrx_word' id='word_1_84' title='bbox 1559 1397 1609 1448; x_wconf 92' lang='lat' dir='ltr'><strong>in</strong></span> <span class='ocrx_word' id='word_1_85' title='bbox 1640 1398 1885 1448; x_wconf 89' lang='lat' dir='ltr'><strong>ordinem</strong></span> <span class='ocrx_word' id='word_1_86' title='bbox 1944 1397 2082 1448; x_wconf 85' lang='lat' dir='ltr'><strong>serie</strong></span> <span class='ocrx_word' id='word_1_87' title='bbox 2140 1397 2278 1447; x_wconf 73' lang='lat' dir='ltr'><strong>luna:</strong></span> 
     </span>
    </p>
   </div>
   <div class='ocr_carea' id='block_1_14' title="bbox 695 1486 2275 1554">
    <p class='ocr_par' dir='ltr' id='par_1_14' title="bbox 695 1486 2275 1554">
     <span class='ocr_line' id='line_1_14' title="bbox 695 1486 2275 1554; baseline -0.001 -17"><span class='ocrx_word' id='word_1_88' title='bbox 695 1500 897 1554; x_wconf 71' lang='lat' dir='ltr'><strong>quarta:</strong></span> <span class='ocrx_word' id='word_1_89' title='bbox 931 1489 1174 1546; x_wconf 72' lang='lat' dir='ltr'><strong>dctiiinze,</strong></span> <span class='ocrx_word' id='word_1_90' title='bbox 1229 1486 1484 1537; x_wconf 86' lang='lat' dir='ltr'><strong>facillime</strong></span> <span class='ocrx_word' id='word_1_91' title='bbox 1536 1496 1718 1552; x_wconf 85' lang='lat' dir='ltr'><strong>posset</strong></span> <span class='ocrx_word' id='word_1_92' title='bbox 1746 1488 1812 1536; x_wconf 90' lang='lat' dir='ltr'><strong>ab</strong></span> <span class='ocrx_word' id='word_1_93' title='bbox 1844 1486 2094 1536; x_wconf 83' lang='lat' dir='ltr'><strong>omnibus</strong></span> <span class='ocrx_word' id='word_1_94' title='bbox 2128 1486 2275 1536; x_wconf 75' lang='lat' dir='ltr'><strong>sciri.</strong></span> 
     </span>
    </p>
   </div>
   <div class='ocr_carea' id='block_1_15' title="bbox 705 1575 2279 1644">
    <p class='ocr_par' dir='ltr' id='par_1_15' title="bbox 705 1575 2279 1644">
     <span class='ocr_line' id='line_1_15' title="bbox 705 1575 2279 1644; baseline -0.003 -14"><span class='ocrx_word' id='word_1_95' title='bbox 705 1579 873 1644; x_wconf 81' lang='lat' dir='ltr'><strong>Cujus</strong></span> <span class='ocrx_word' id='word_1_96' title='bbox 905 1588 1212 1643; x_wconf 89' lang='lat' dir='ltr'><strong>computum</strong></span> <span class='ocrx_word' id='word_1_97' title='bbox 1253 1577 1516 1644; x_wconf 83' lang='lat' dir='ltr'><strong>paschalis</strong></span> <span class='ocrx_word' id='word_1_98' title='bbox 1567 1575 1895 1642; x_wconf 71' lang='lat' dir='ltr'><strong>&#39;l&#39;hcophilus</strong></span> <span class='ocrx_word' id='word_1_99' title='bbox 1945 1577 2279 1626; x_wconf 63' lang='lat' dir='ltr'><strong>Alexandria:</strong></span> 
     </span>
    </p>
   </div>
   <div class='ocr_carea' id='block_1_16' title="bbox 697 1668 2277 1738">
    <p class='ocr_par' dir='ltr' id='par_1_16' title="bbox 697 1668 2277 1738">
     <span class='ocr_line' id='line_1_16' title="bbox 697 1668 2277 1738; baseline -0.001 -18"><span class='ocrx_word' id='word_1_100' title='bbox 697 1671 887 1738; x_wconf 73' lang='lat' dir='ltr'><strong>prazsul</strong></span> <span class='ocrx_word' id='word_1_101' title='bbox 935 1670 987 1721; x_wconf 87' lang='lat' dir='ltr'><strong>in</strong></span> <span class='ocrx_word' id='word_1_102' title='bbox 1039 1683 1248 1720; x_wconf 90' lang='lat' dir='ltr'><strong>centum</strong></span> <span class='ocrx_word' id='word_1_103' title='bbox 1301 1682 1558 1720; x_wconf 87' lang='lat' dir='ltr'><strong>annorum</strong></span> <span class='ocrx_word' id='word_1_104' title='bbox 1592 1678 1798 1732; x_wconf 84' lang='lat' dir='ltr'><strong>tempus</strong></span> <span class='ocrx_word' id='word_1_105' title='bbox 1832 1668 2134 1719; x_wconf 61' lang='lat' dir='ltr'><strong>Theodosio</strong></span> <span class='ocrx_word' id='word_1_106' title='bbox 2187 1670 2277 1718; x_wconf 83' lang='lat' dir='ltr'><strong>itii-</strong></span> 
     </span>
    </p>
   </div>
   <div class='ocr_carea' id='block_1_17' title="bbox 698 1758 2280 1826">
    <p class='ocr_par' dir='ltr' id='par_1_17' title="bbox 698 1758 2280 1826">
     <span class='ocr_line' id='line_1_17' title="bbox 698 1758 2280 1826; baseline 0.001 -18"><span class='ocrx_word' id='word_1_107' title='bbox 698 1760 927 1824; x_wconf 81' lang='lat' dir='ltr'><strong>pcratoii</strong></span> <span class='ocrx_word' id='word_1_108' title='bbox 983 1759 1304 1824; x_wconf 86' lang='lat' dir='ltr'><strong>composuit.</strong></span> <span class='ocrx_word' id='word_1_109' title='bbox 1367 1759 1493 1808; x_wconf 90' lang='lat' dir='ltr'><strong>Item</strong></span> <span class='ocrx_word' id='word_1_110' title='bbox 1551 1772 1831 1809; x_wconf 75' lang='lat' dir='ltr'><strong>successor</strong></span> <span class='ocrx_word' id='word_1_111' title='bbox 1882 1758 1998 1825; x_wconf 60' lang='lat' dir='ltr'><strong>ejus</strong></span> <span class='ocrx_word' id='word_1_112' title='bbox 2048 1758 2280 1826; x_wconf 74' lang='lat' dir='ltr'><strong>Cyrillus</strong></span> 
     </span>
    </p>
   </div>
   <div class='ocr_carea' id='block_1_18' title="bbox 696 1848 2276 1913">
    <p class='ocr_par' dir='ltr' id='par_1_18' title="bbox 696 1848 2276 1913">
     <span class='ocr_line' id='line_1_18' title="bbox 696 1848 2276 1913; baseline -0.003 -13"><span class='ocrx_word' id='word_1_113' title='bbox 696 1856 887 1901; x_wconf 72' lang='lat' dir='ltr'><strong>seriem</strong></span> <span class='ocrx_word' id='word_1_114' title='bbox 942 1848 1228 1912; x_wconf 72' lang='lat' dir='ltr'><strong>nonaginta</strong></span> <span class='ocrx_word' id='word_1_115' title='bbox 1279 1857 1334 1899; x_wconf 91' lang='lat' dir='ltr'><strong>et</strong></span> <span class='ocrx_word' id='word_1_116' title='bbox 1382 1849 1614 1913; x_wconf 90' lang='lat' dir='ltr'><strong>quinque</strong></span> <span class='ocrx_word' id='word_1_117' title='bbox 1645 1865 1906 1898; x_wconf 90' lang='lat' dir='ltr'><strong>annorum</strong></span> <span class='ocrx_word' id='word_1_118' title='bbox 1961 1849 2012 1898; x_wconf 90' lang='lat' dir='ltr'><strong>in</strong></span> <span class='ocrx_word' id='word_1_119' title='bbox 2042 1864 2276 1913; x_wconf 89' lang='lat' dir='ltr'><strong>quinque</strong></span> 
     </span>
    </p>
   </div>
   <div class='ocr_carea' id='block_1_19' title="bbox 2389 665 3958 743">
    <p class='ocr_par' dir='ltr' id='par_1_19' title="bbox 2389 665 3958 743">
     <span class='ocr_line' id='line_1_19' title="bbox 2389 665 3958 743; baseline 0.013 -31"><span class='ocrx_word' id='word_1_120' title='bbox 2389 676 2473 712; x_wconf 45' lang='lat' dir='ltr'><strong>ras</strong></span> <span class='ocrx_word' id='word_1_121' title='bbox 2493 703 2507 724; x_wconf 93' lang='lat'><strong>,</strong></span> <span class='ocrx_word' id='word_1_122' title='bbox 2551 665 2746 714; x_wconf 83' lang='lat' dir='ltr'><strong>nullam</strong></span> <span class='ocrx_word' id='word_1_123' title='bbox 2777 667 2943 725; x_wconf 59' lang='lat' dir='ltr'><strong>magis</strong></span> <span class='ocrx_word' id='word_1_124' title='bbox 2968 673 3297 731; x_wconf 74' lang='lat' dir='ltr'><strong>septendatn</strong></span> <span class='ocrx_word' id='word_1_125' title='bbox 3331 675 3484 726; x_wconf 84' lang='lat' dir='ltr'><strong>nobis</strong></span> <span class='ocrx_word' id='word_1_126' title='bbox 3513 679 3958 743; x_wconf 74' lang='lat' dir='ltr'><strong>amplectendam-</strong></span> 
     </span>
    </p>
   </div>
   <div class='ocr_carea' id='block_1_20' title="bbox 2387 751 3955 832">
    <p class='ocr_par' dir='ltr' id='par_1_20' title="bbox 2387 751 3955 832">
     <span class='ocr_line' id='line_1_20' title="bbox 2387 751 3955 832; baseline 0.016 -34"><span class='ocrx_word' id='word_1_127' title='bbox 2387 767 2484 816; x_wconf 91' lang='lat' dir='ltr'><strong>que</strong></span> <span class='ocrx_word' id='word_1_128' title='bbox 2511 751 2627 816; x_wconf 87' lang='lat' dir='ltr'><strong>jure</strong></span> <span class='ocrx_word' id='word_1_129' title='bbox 2654 754 2880 804; x_wconf 83' lang='lat' dir='ltr'><strong>dixerim</strong></span> <span class='ocrx_word' id='word_1_130' title='bbox 2911 771 2968 807; x_wconf 88' lang='lat' dir='ltr'><strong>ea</strong></span> <span class='ocrx_word' id='word_1_131' title='bbox 3002 773 3158 823; x_wconf 87' lang='lat' dir='ltr'><strong>quam</strong></span> <span class='ocrx_word' id='word_1_132' title='bbox 3190 762 3238 810; x_wconf 91' lang='lat' dir='ltr'><strong>in</strong></span> <span class='ocrx_word' id='word_1_133' title='bbox 3273 765 3447 827; x_wconf 83' lang='lat' dir='ltr'><strong>capite</strong></span> <span class='ocrx_word' id='word_1_134' title='bbox 3474 780 3569 816; x_wconf 85' lang='lat' dir='ltr'><strong>suo</strong></span> <span class='ocrx_word' id='word_1_135' title='bbox 3601 772 3839 832; x_wconf 68' lang='lat' dir='ltr'><strong>gestabat</strong></span> <span class='ocrx_word' id='word_1_136' title='bbox 3870 773 3955 823; x_wconf 81' lang='lat' dir='ltr'><strong>ille</strong></span> 
     </span>
    </p>
   </div>
   <div class='ocr_carea' id='block_1_21' title="bbox 2386 842 3955 919">
    <p class='ocr_par' dir='ltr' id='par_1_21' title="bbox 2386 842 3955 919">
     <span class='ocr_line' id='line_1_21' title="bbox 2386 842 3955 919; baseline 0.014 -28"><span class='ocrx_word' id='word_1_137' title='bbox 2386 842 2466 891; x_wconf 85' lang='lat' dir='ltr'><strong>cui</strong></span> <span class='ocrx_word' id='word_1_138' title='bbox 2501 857 2557 890; x_wconf 81' lang='lat' dir='ltr'><strong>se</strong></span> <span class='ocrx_word' id='word_1_139' title='bbox 2589 845 2860 895; x_wconf 85' lang='lat' dir='ltr'><strong>confitenti</strong></span> <span class='ocrx_word' id='word_1_140' title='bbox 2893 847 3153 900; x_wconf 78' lang='lat' dir='ltr'><strong>Dominus</strong></span> <span class='ocrx_word' id='word_1_141' title='bbox 3185 861 3255 901; x_wconf 78' lang='lat' dir='ltr'><strong>azt</strong></span> <span class='ocrx_word' id='word_1_142' title='bbox 3287 869 3299 902; x_wconf 86' lang='lat'>:</span> <span class='ocrx_word' id='word_1_143' title='bbox 3340 853 3412 904; x_wconf 79' lang='lat' dir='ltr'><strong>Tu</strong></span> <span class='ocrx_word' id='word_1_144' title='bbox 3445 871 3494 906; x_wconf 84' lang='lat' dir='ltr'><strong>es</strong></span> <span class='ocrx_word' id='word_1_145' title='bbox 3528 854 3746 919; x_wconf 58' lang='lat' dir='ltr'><strong>Petrus,</strong></span> <span class='ocrx_word' id='word_1_146' title='bbox 3802 871 3846 912; x_wconf 73' lang='lat' dir='ltr'><strong>et</strong></span> <span class='ocrx_word' id='word_1_147' title='bbox 3873 879 3955 912; x_wconf 81' lang='lat' dir='ltr'><strong>su-</strong></span> 
     </span>
    </p>
   </div>
   <div class='ocr_carea' id='block_1_22' title="bbox 2386 931 3956 1014">
    <p class='ocr_par' dir='ltr' id='par_1_22' title="bbox 2386 931 3956 1014">
     <span class='ocr_line' id='line_1_22' title="bbox 2386 931 3956 1014; baseline 0.015 -37"><span class='ocrx_word' id='word_1_148' title='bbox 2386 947 2473 995; x_wconf 53' lang='lat' dir='ltr'><strong>per</strong></span> <span class='ocrx_word' id='word_1_149' title='bbox 2502 931 2630 980; x_wconf 77' lang='lat' dir='ltr'><strong>hunc</strong></span> <span class='ocrx_word' id='word_1_150' title='bbox 2659 944 2854 997; x_wconf 83' lang='lat' dir='ltr'><strong>petram</strong></span> <span class='ocrx_word' id='word_1_151' title='bbox 2888 936 3157 1003; x_wconf 77' lang='lat' dir='ltr'><strong>(cdt/icuba</strong></span> <span class='ocrx_word' id='word_1_152' title='bbox 3193 941 3476 994; x_wconf 60' lang='lat' dir='ltr'><strong>Ecclus-iam</strong></span> <span class='ocrx_word' id='word_1_153' title='bbox 3511 963 3700 1008; x_wconf 79' lang='lat' dir='ltr'><strong>meum,</strong></span> <span class='ocrx_word' id='word_1_154' title='bbox 3731 960 3779 998; x_wconf 83' lang='lat' dir='ltr'><strong>et</strong></span> <span class='ocrx_word' id='word_1_155' title='bbox 3801 961 3956 1014; x_wconf 72' lang='grc' dir='ltr'>ριπιιε</span> 
     </span>
    </p>
   </div>
   <div class='ocr_carea' id='block_1_23' title="bbox 2385 1022 3956 1100">
    <p class='ocr_par' dir='ltr' id='par_1_23' title="bbox 2385 1022 3956 1100">
     <span class='ocr_line' id='line_1_23' title="bbox 2385 1022 3956 1100; baseline 0.014 -30"><span class='ocrx_word' id='word_1_156' title='bbox 2385 1022 2534 1083; x_wconf 62' lang='lat' dir='ltr'><strong>inferi</strong></span> <span class='ocrx_word' id='word_1_157' title='bbox 2568 1037 2666 1072; x_wconf 83' lang='lat' dir='ltr'><strong>non</strong></span> <span class='ocrx_word' id='word_1_158' title='bbox 2693 1024 3038 1090; x_wconf 78' lang='lat' dir='ltr'><strong>prmealcbunt</strong></span> <span class='ocrx_word' id='word_1_159' title='bbox 3067 1035 3310 1083; x_wconf 71' lang='lat' dir='ltr'><strong>adversus</strong></span> <span class='ocrx_word' id='word_1_160' title='bbox 3333 1050 3442 1084; x_wconf 79' lang='lat' dir='ltr'><strong>cum</strong></span> <span class='ocrx_word' id='word_1_161' title='bbox 3462 1079 3474 1100; x_wconf 88' lang='lat'><strong>,</strong></span> <span class='ocrx_word' id='word_1_162' title='bbox 3508 1045 3554 1087; x_wconf 80' lang='lat' dir='ltr'><strong>et</strong></span> <span class='ocrx_word' id='word_1_163' title='bbox 3582 1039 3669 1090; x_wconf 74' lang='lat' dir='ltr'><strong>tibi</strong></span> <span class='ocrx_word' id='word_1_164' title='bbox 3691 1039 3818 1090; x_wconf 81' lang='lat' dir='ltr'><strong>dabo</strong></span> <span class='ocrx_word' id='word_1_165' title='bbox 3849 1043 3956 1092; x_wconf 72' lang='lat' dir='ltr'><strong>cla-</strong></span> 
     </span>
    </p>
   </div>
   <div class='ocr_carea' id='block_1_24' title="bbox 2384 1114 3958 1197">
    <p class='ocr_par' dir='ltr' id='par_1_24' title="bbox 2384 1114 3958 1197">
     <span class='ocr_line' id='line_1_24' title="bbox 2384 1114 3958 1197; baseline 0.011 -33"><span class='ocrx_word' id='word_1_166' title='bbox 2384 1129 2462 1164; x_wconf 69' lang='lat' dir='ltr'><strong>ves</strong></span> <span class='ocrx_word' id='word_1_167' title='bbox 2491 1114 2631 1180; x_wconf 61' lang='lat' dir='ltr'><strong>regni</strong></span> <span class='ocrx_word' id='word_1_168' title='bbox 2663 1118 2902 1168; x_wconf 63' lang='lat' dir='ltr'><strong>Cvr/orum</strong></span> <span class='ocrx_word' id='word_1_169' title='bbox 2937 1117 3153 1184; x_wconf 82' lang='lat' dir='ltr'><strong>(.llauh.</strong></span> <span class='ocrx_word' id='word_1_170' title='bbox 3195 1125 3364 1190; x_wconf 79' lang='lat' dir='ltr'><strong>xxvi).</strong></span> <span class='ocrx_word' id='word_1_171' title='bbox 3399 1123 3605 1178; x_wconf 75' lang='lat' dir='ltr'><strong>Nullam</strong></span> <span class='ocrx_word' id='word_1_172' title='bbox 3641 1144 3764 1180; x_wconf 87' lang='lat' dir='ltr'><strong>vero</strong></span> <span class='ocrx_word' id='word_1_173' title='bbox 3793 1130 3958 1197; x_wconf 76' lang='lat' dir='ltr'><strong>magis</strong></span> 
     </span>
    </p>
   </div>
   <div class='ocr_carea' id='block_1_25' title="bbox 2384 1207 3953 1281">
    <p class='ocr_par' dir='ltr' id='par_1_25' title="bbox 2384 1207 3953 1281">
     <span class='ocr_line' id='line_1_25' title="bbox 2384 1207 3953 1281; baseline 0.011 -24"><span class='ocrx_word' id='word_1_174' title='bbox 2384 1207 2793 1260; x_wconf 81' lang='lat' dir='ltr'><strong>abominandam</strong></span> <span class='ocrx_word' id='word_1_175' title='bbox 2836 1211 3316 1281; x_wconf 83' lang='lat' dir='ltr'><strong>delcstaudaunpte</strong></span> <span class='ocrx_word' id='word_1_176' title='bbox 3359 1218 3551 1271; x_wconf 83' lang='lat' dir='ltr'><strong>merito</strong></span> <span class='ocrx_word' id='word_1_177' title='bbox 3590 1222 3795 1273; x_wconf 80' lang='lat' dir='ltr'><strong>coactis</strong></span> <span class='ocrx_word' id='word_1_178' title='bbox 3822 1223 3953 1274; x_wconf 83' lang='lat' dir='ltr'><strong>fide-</strong></span> 
     </span>
    </p>
   </div>
   <div class='ocr_carea' id='block_1_26' title="bbox 2387 1297 3956 1378">
    <p class='ocr_par' dir='ltr' id='par_1_26' title="bbox 2387 1297 3956 1378">
     <span class='ocr_line' id='line_1_26' title="bbox 2387 1297 3956 1378; baseline 0.011 -30"><span class='ocrx_word' id='word_1_179' title='bbox 2387 1297 2524 1349; x_wconf 90' lang='lat' dir='ltr'><strong>libus</strong></span> <span class='ocrx_word' id='word_1_180' title='bbox 2563 1299 2882 1354; x_wconf 89' lang='lat' dir='ltr'><strong>crediderim</strong></span> <span class='ocrx_word' id='word_1_181' title='bbox 2924 1319 2987 1354; x_wconf 90' lang='lat' dir='ltr'><strong>ea</strong></span> <span class='ocrx_word' id='word_1_182' title='bbox 3030 1320 3185 1371; x_wconf 87' lang='lat' dir='ltr'><strong>quam</strong></span> <span class='ocrx_word' id='word_1_183' title='bbox 3229 1306 3456 1361; x_wconf 88' lang='lat' dir='ltr'><strong>habebat</strong></span> <span class='ocrx_word' id='word_1_184' title='bbox 3498 1311 3588 1364; x_wconf 87' lang='lat' dir='ltr'><strong>ille</strong></span> <span class='ocrx_word' id='word_1_185' title='bbox 3623 1313 3705 1364; x_wconf 83' lang='lat' dir='ltr'><strong>eui</strong></span> <span class='ocrx_word' id='word_1_186' title='bbox 3739 1313 3956 1378; x_wconf 80' lang='lat' dir='ltr'><strong>gratiam</strong></span> 
     </span>
    </p>
   </div>
   <div class='ocr_carea' id='block_1_27' title="bbox 2385 1392 3953 1459">
    <p class='ocr_par' dir='ltr' id='par_1_27' title="bbox 2385 1392 3953 1459">
     <span class='ocr_line' id='line_1_27' title="bbox 2385 1392 3953 1459; baseline 0.011 -22"><span class='ocrx_word' id='word_1_187' title='bbox 2385 1392 2552 1438; x_wconf 71' lang='lat' dir='ltr'><strong>sant-ti</strong></span> <span class='ocrx_word' id='word_1_188' title='bbox 2580 1392 2809 1454; x_wconf 71' lang='lat' dir='ltr'><strong>Spiritus</strong></span> <span class='ocrx_word' id='word_1_189' title='bbox 2834 1407 3146 1459; x_wconf 87' lang='lat' dir='ltr'><strong>comparare</strong></span> <span class='ocrx_word' id='word_1_190' title='bbox 3175 1399 3375 1449; x_wconf 89' lang='lat' dir='ltr'><strong>volenti</strong></span> <span class='ocrx_word' id='word_1_191' title='bbox 3409 1399 3537 1451; x_wconf 90' lang='lat' dir='ltr'><strong>dicit</strong></span> <span class='ocrx_word' id='word_1_192' title='bbox 3566 1401 3703 1454; x_wconf 90' lang='lat' dir='ltr'><strong>idem</strong></span> <span class='ocrx_word' id='word_1_193' title='bbox 3727 1402 3914 1454; x_wconf 66' lang='lat' dir='ltr'><strong>l’ctrus</strong></span> <span class='ocrx_word' id='word_1_194' title='bbox 3940 1419 3953 1454; x_wconf 90' lang='lat'>:</span> 
     </span>
    </p>
   </div>
   <div class='ocr_carea' id='block_1_28' title="bbox 2388 1476 3957 1556">
    <p class='ocr_par' dir='ltr' id='par_1_28' title="bbox 2388 1476 3957 1556">
     <span class='ocr_line' id='line_1_28' title="bbox 2388 1476 3957 1556; baseline 0.013 -31"><span class='ocrx_word' id='word_1_195' title='bbox 2388 1476 2618 1528; x_wconf 78' lang='lat' dir='ltr'><strong>I‘ccurtta</strong></span> <span class='ocrx_word' id='word_1_196' title='bbox 2647 1491 2735 1530; x_wconf 81' lang='lat' dir='ltr'><strong>(un</strong></span> <span class='ocrx_word' id='word_1_197' title='bbox 2764 1491 2926 1533; x_wconf 80' lang='lat' dir='ltr'><strong>tecum</strong></span> <span class='ocrx_word' id='word_1_198' title='bbox 2957 1486 3018 1536; x_wconf 70' lang='lat' dir='ltr'><strong>sit</strong></span> <span class='ocrx_word' id='word_1_199' title='bbox 3043 1487 3094 1536; x_wconf 84' lang='lat' dir='ltr'><strong>in</strong></span> <span class='ocrx_word' id='word_1_200' title='bbox 3123 1489 3484 1556; x_wconf 59' lang='lat' dir='ltr'><strong>perditioni-m,</strong></span> <span class='ocrx_word' id='word_1_201' title='bbox 3509 1496 3748 1556; x_wconf 76' lang='lat' dir='ltr'><strong>quoniam</strong></span> <span class='ocrx_word' id='word_1_202' title='bbox 3771 1498 3957 1546; x_wconf 79' lang='lat' dir='ltr'><strong>donum</strong></span> 
     </span>
    </p>
   </div>
   <div class='ocr_carea' id='block_1_29' title="bbox 2387 1567 3957 1642">
    <p class='ocr_par' dir='ltr' id='par_1_29' title="bbox 2387 1567 3957 1642">
     <span class='ocr_line' id='line_1_29' title="bbox 2387 1567 3957 1642; baseline 0.013 -25"><span class='ocrx_word' id='word_1_203' title='bbox 2387 1567 2477 1619; x_wconf 82' lang='lat' dir='ltr'><strong>Dei</strong></span> <span class='ocrx_word' id='word_1_204' title='bbox 2516 1571 2814 1622; x_wconf 75' lang='lat' dir='ltr'><strong>existimasti</strong></span> <span class='ocrx_word' id='word_1_205' title='bbox 2857 1578 3069 1638; x_wconf 68' lang='lat' dir='ltr'><strong>pecimia</strong></span> <span class='ocrx_word' id='word_1_206' title='bbox 3112 1581 3396 1642; x_wconf 71' lang='lat' dir='ltr'><strong>possideri.</strong></span> <span class='ocrx_word' id='word_1_207' title='bbox 3447 1581 3566 1633; x_wconf 62' lang='lat' dir='ltr'><strong>Non</strong></span> <span class='ocrx_word' id='word_1_208' title='bbox 3597 1586 3728 1634; x_wconf 80' lang='lat' dir='ltr'><strong>enim</strong></span> <span class='ocrx_word' id='word_1_209' title='bbox 3771 1599 3841 1637; x_wconf 71' lang='lat' dir='ltr'><strong>est</strong></span> <span class='ocrx_word' id='word_1_210' title='bbox 3873 1590 3957 1636; x_wconf 62' lang='lat' dir='ltr'><strong>ubi</strong></span> 
     </span>
    </p>
   </div>
   <div class='ocr_carea' id='block_1_30' title="bbox 2384 1664 3954 1740">
    <p class='ocr_par' dir='ltr' id='par_1_30' title="bbox 2384 1664 3954 1740">
     <span class='ocr_line' id='line_1_30' title="bbox 2384 1664 3954 1740; baseline 0.013 -35"><span class='ocrx_word' id='word_1_211' title='bbox 2384 1675 2502 1726; x_wconf 74' lang='lat' dir='ltr'><strong>pars</strong></span> <span class='ocrx_word' id='word_1_212' title='bbox 2552 1677 2712 1726; x_wconf 85' lang='lat' dir='ltr'><strong>neque</strong></span> <span class='ocrx_word' id='word_1_213' title='bbox 2766 1679 2874 1713; x_wconf 77' lang='lat' dir='ltr'><strong>sors</strong></span> <span class='ocrx_word' id='word_1_214' title='bbox 2913 1664 2964 1714; x_wconf 82' lang='lat' dir='ltr'><strong>in</strong></span> <span class='ocrx_word' id='word_1_215' title='bbox 3008 1682 3238 1718; x_wconf 83' lang='lat' dir='ltr'><strong>sermone</strong></span> <span class='ocrx_word' id='word_1_216' title='bbox 3281 1671 3374 1720; x_wconf 86' lang='lat' dir='ltr'><strong>hoc</strong></span> <span class='ocrx_word' id='word_1_217' title='bbox 3426 1671 3559 1736; x_wconf 72' lang='lat' dir='ltr'><strong>(Act.</strong></span> <span class='ocrx_word' id='word_1_218' title='bbox 3590 1681 3722 1737; x_wconf 80' lang='lat' dir='ltr'><strong>vui).</strong></span> <span class='ocrx_word' id='word_1_219' title='bbox 3776 1674 3954 1740; x_wconf 77' lang='lat' dir='ltr'><strong>Neque</strong></span> 
     </span>
    </p>
   </div>
   <div class='ocr_carea' id='block_1_31' title="bbox 2393 1751 3959 1832">
    <p class='ocr_par' dir='ltr' id='par_1_31' title="bbox 2393 1751 3959 1832">
     <span class='ocr_line' id='line_1_31' title="bbox 2393 1751 3959 1832; baseline 0.013 -35"><span class='ocrx_word' id='word_1_220' title='bbox 2393 1763 2517 1798; x_wconf 81' lang='lat' dir='ltr'><strong>Vero</strong></span> <span class='ocrx_word' id='word_1_221' title='bbox 2566 1751 2634 1800; x_wconf 86' lang='lat' dir='ltr'><strong>ob</strong></span> <span class='ocrx_word' id='word_1_222' title='bbox 2668 1751 2717 1801; x_wconf 96' lang='lat' dir='ltr'><strong>id</strong></span> <span class='ocrx_word' id='word_1_223' title='bbox 2771 1761 2973 1804; x_wconf 87' lang='lat' dir='ltr'><strong>tantum</strong></span> <span class='ocrx_word' id='word_1_224' title='bbox 3031 1755 3082 1806; x_wconf 71' lang='grc' dir='ltr'><strong>ιιι</strong></span> <span class='ocrx_word' id='word_1_225' title='bbox 3132 1771 3386 1810; x_wconf 86' lang='lat' dir='ltr'><strong>coronam</strong></span> <span class='ocrx_word' id='word_1_226' title='bbox 3435 1763 3793 1826; x_wconf 67' lang='lat' dir='ltr'><strong>altondiiizur,</strong></span> <span class='ocrx_word' id='word_1_227' title='bbox 3839 1768 3959 1832; x_wconf 78' lang='lat' dir='ltr'><strong>qua</strong></span> 
     </span>
    </p>
   </div>
   <div class='ocr_carea' id='block_1_32' title="bbox 2385 1838 3960 1912">
    <p class='ocr_par' dir='ltr' id='par_1_32' title="bbox 2385 1838 3960 1912">
     <span class='ocr_line' id='line_1_32' title="bbox 2385 1838 3960 1912; baseline 0.011 -24"><span class='ocrx_word' id='word_1_228' title='bbox 2385 1838 2574 1889; x_wconf 69' lang='lat' dir='ltr'><strong>l’irtrus</strong></span> <span class='ocrx_word' id='word_1_229' title='bbox 2605 1842 2669 1889; x_wconf 90' lang='lat' dir='ltr'><strong>ita</strong></span> <span class='ocrx_word' id='word_1_230' title='bbox 2705 1850 2946 1895; x_wconf 88' lang='lat' dir='ltr'><strong>attonsus</strong></span> <span class='ocrx_word' id='word_1_231' title='bbox 2987 1855 3100 1908; x_wconf 88' lang='lat' dir='ltr'><strong>est,</strong></span> <span class='ocrx_word' id='word_1_232' title='bbox 3155 1848 3248 1900; x_wconf 75' lang='lat' dir='ltr'><strong>sed</strong></span> <span class='ocrx_word' id='word_1_233' title='bbox 3281 1850 3401 1912; x_wconf 89' lang='lat' dir='ltr'><strong>quia</strong></span> <span class='ocrx_word' id='word_1_234' title='bbox 3437 1851 3626 1904; x_wconf 79' lang='lat' dir='ltr'><strong>l’elrus</strong></span> <span class='ocrx_word' id='word_1_235' title='bbox 3669 1854 3717 1904; x_wconf 94' lang='lat' dir='ltr'><strong>in</strong></span> <span class='ocrx_word' id='word_1_236' title='bbox 3758 1870 3960 1905; x_wconf 84' lang='lat' dir='ltr'><strong>tnctno-</strong></span> 
     </span>
    </p>
   </div>
   <div class='ocr_carea' id='block_1_33' title="bbox 699 1929 3962 2005">
    <p class='ocr_par' dir='ltr' id='par_1_33' title="bbox 699 1929 3962 2005">
     <span class='ocr_line' id='line_1_33' title="bbox 699 1929 3962 2005; baseline -0 -16"><span class='ocrx_word' id='word_1_237' title='bbox 699 1940 1216 1992; x_wconf 65' lang='lat' dir='ltr'><strong>diemznnorcnalibus</strong></span> <span class='ocrx_word' id='word_1_238' title='bbox 1260 1940 1474 1990; x_wconf 91' lang='lat' dir='ltr'><strong>circulis</strong></span> <span class='ocrx_word' id='word_1_239' title='bbox 1505 1939 1928 2003; x_wconf 84' lang='lat' dir='ltr'><strong>comprehendit.</strong></span> <span class='ocrx_word' id='word_1_240' title='bbox 1966 1939 2090 1989; x_wconf 82' lang='lat' dir='ltr'><strong>l’ost</strong></span> <span class='ocrx_word' id='word_1_241' title='bbox 2121 1955 2275 2004; x_wconf 92' lang='lat' dir='ltr'><strong>quem</strong></span> <span class='ocrx_word' id='word_1_242' title='bbox 2318 1935 2355 1990; x_wconf 80' lang='lat' dir='ltr'><strong>ll</strong></span> <span class='ocrx_word' id='word_1_243' title='bbox 2388 1929 2516 1980; x_wconf 68' lang='lat' dir='ltr'><strong>ri-LIIII</strong></span> <span class='ocrx_word' id='word_1_244' title='bbox 2549 1930 2831 1984; x_wconf 75' lang='lat' dir='ltr'><strong>dtttttittica:</strong></span> <span class='ocrx_word' id='word_1_245' title='bbox 2867 1935 3131 1999; x_wconf 75' lang='lat' dir='ltr'><strong>passionis</strong></span> <span class='ocrx_word' id='word_1_246' title='bbox 3165 1938 3234 1989; x_wconf 84' lang='lat' dir='ltr'><strong>ita</strong></span> <span class='ocrx_word' id='word_1_247' title='bbox 3264 1948 3506 1992; x_wconf 85' lang='lat' dir='ltr'><strong>attonsus</strong></span> <span class='ocrx_word' id='word_1_248' title='bbox 3536 1952 3616 1993; x_wconf 63' lang='lat' dir='ltr'><strong>est</strong></span> <span class='ocrx_word' id='word_1_249' title='bbox 3641 1985 3654 2005; x_wconf 66' lang='lat'><strong>,</strong></span> <span class='ocrx_word' id='word_1_250' title='bbox 3691 1943 3882 1996; x_wconf 64' lang='lat' dir='ltr'><strong>idcirco</strong></span> <span class='ocrx_word' id='word_1_251' title='bbox 3909 1956 3962 1998; x_wconf 69' lang='grc' dir='ltr'>οι</span> 
     </span>
    </p>
   </div>
   <div class='ocr_carea' id='block_1_34' title="bbox 697 2030 2279 2100">
    <p class='ocr_par' dir='ltr' id='par_1_34' title="bbox 697 2030 2279 2100">
     <span class='ocr_line' id='line_1_34' title="bbox 697 2030 2279 2100; baseline -0.002 -17"><span class='ocrx_word' id='word_1_252' title='bbox 697 2032 981 2100; x_wconf 75' lang='lat' dir='ltr'><strong>Dionysius</strong></span> <span class='ocrx_word' id='word_1_253' title='bbox 1037 2031 1268 2096; x_wconf 74' lang='lat' dir='ltr'><strong>Exiguus</strong></span> <span class='ocrx_word' id='word_1_254' title='bbox 1318 2030 1537 2082; x_wconf 91' lang='lat' dir='ltr'><strong>totidem</strong></span> <span class='ocrx_word' id='word_1_255' title='bbox 1601 2035 1736 2080; x_wconf 77' lang='lat' dir='ltr'><strong>alios</strong></span> <span class='ocrx_word' id='word_1_256' title='bbox 1807 2047 1866 2080; x_wconf 83' lang='lat' dir='ltr'><strong>ex</strong></span> <span class='ocrx_word' id='word_1_257' title='bbox 1920 2031 2108 2081; x_wconf 83' lang='lat' dir='ltr'><strong>ordine</strong></span> <span class='ocrx_word' id='word_1_258' title='bbox 2170 2031 2279 2095; x_wconf 88' lang='lat' dir='ltr'><strong>pari</strong></span> 
     </span>
    </p>
   </div>
   <div class='ocr_carea' id='block_1_35' title="bbox 697 2126 2280 2193">
    <p class='ocr_par' dir='ltr' id='par_1_35' title="bbox 697 2126 2280 2193">
     <span class='ocr_line' id='line_1_35' title="bbox 697 2126 2280 2193; baseline -0.001 -15"><span class='ocrx_word' id='word_1_259' title='bbox 697 2129 969 2180; x_wconf 81' lang='lat' dir='ltr'><strong>schemate</strong></span> <span class='ocrx_word' id='word_1_260' title='bbox 1002 2130 1305 2189; x_wconf 81' lang='lat' dir='ltr'><strong>subnexuit,</strong></span> <span class='ocrx_word' id='word_1_261' title='bbox 1341 2127 1427 2192; x_wconf 93' lang='lat' dir='ltr'><strong>qui</strong></span> <span class='ocrx_word' id='word_1_262' title='bbox 1475 2126 1540 2178; x_wconf 89' lang='lat' dir='ltr'><strong>ad</strong></span> <span class='ocrx_word' id='word_1_263' title='bbox 1581 2137 1762 2178; x_wconf 87' lang='lat' dir='ltr'><strong>nostra</strong></span> <span class='ocrx_word' id='word_1_264' title='bbox 1819 2141 1985 2192; x_wconf 83' lang='lat' dir='ltr'><strong>usque</strong></span> <span class='ocrx_word' id='word_1_265' title='bbox 2042 2135 2280 2193; x_wconf 87' lang='lat' dir='ltr'><strong>tempora</strong></span> 
     </span>
    </p>
   </div>
   <div class='ocr_carea' id='block_1_36' title="bbox 707 2215 2282 2282">
    <p class='ocr_par' dir='ltr' id='par_1_36' title="bbox 707 2215 2282 2282">
     <span class='ocr_line' id='line_1_36' title="bbox 707 2215 2282 2282; baseline -0.001 -18"><span class='ocrx_word' id='word_1_266' title='bbox 707 2219 1096 2282; x_wconf 69' lang='lat' dir='ltr'><strong>pertingebant.</strong></span> <span class='ocrx_word' id='word_1_267' title='bbox 1168 2217 1369 2278; x_wconf 71' lang='lat' dir='ltr'><strong>Quibus</strong></span> <span class='ocrx_word' id='word_1_268' title='bbox 1440 2215 1670 2266; x_wconf 89' lang='lat' dir='ltr'><strong>termino</strong></span> <span class='ocrx_word' id='word_1_269' title='bbox 1733 2215 2282 2280; x_wconf 72' lang='lat' dir='ltr'><strong>appropinquat:tibus</strong></span> 
     </span>
    </p>
   </div>
   <div class='ocr_carea' id='block_1_37' title="bbox 706 2305 2280 2369">
    <p class='ocr_par' dir='ltr' id='par_1_37' title="bbox 706 2305 2280 2369">
     <span class='ocr_line' id='line_1_37' title="bbox 706 2305 2280 2369; baseline -0.002 -12"><span class='ocrx_word' id='word_1_270' title='bbox 706 2315 848 2359; x_wconf 83' lang='lat' dir='ltr'><strong>tanta</strong></span> <span class='ocrx_word' id='word_1_271' title='bbox 903 2305 1058 2356; x_wconf 87' lang='lat' dir='ltr'><strong>hodie</strong></span> <span class='ocrx_word' id='word_1_272' title='bbox 1105 2307 1480 2355; x_wconf 84' lang='lat' dir='ltr'><strong>calculatorum</strong></span> <span class='ocrx_word' id='word_1_273' title='bbox 1529 2308 1785 2356; x_wconf 79' lang='lat' dir='ltr'><strong>exuberat</strong></span> <span class='ocrx_word' id='word_1_274' title='bbox 1821 2308 1991 2369; x_wconf 78' lang='lat' dir='ltr'><strong>rupta,</strong></span> <span class='ocrx_word' id='word_1_275' title='bbox 2026 2314 2080 2354; x_wconf 88' lang='grc' dir='ltr'><strong>ιιι</strong></span> <span class='ocrx_word' id='word_1_276' title='bbox 2124 2305 2280 2356; x_wconf 90' lang='lat' dir='ltr'><strong>etiam</strong></span> 
     </span>
    </p>
   </div>
   <div class='ocr_carea' id='block_1_38' title="bbox 711 2393 2285 2462">
    <p class='ocr_par' dir='ltr' id='par_1_38' title="bbox 711 2393 2285 2462">
     <span class='ocr_line' id='line_1_38' title="bbox 711 2393 2285 2462; baseline -0.003 -14"><span class='ocrx_word' id='word_1_277' title='bbox 711 2399 763 2449; x_wconf 87' lang='lat' dir='ltr'><strong>in</strong></span> <span class='ocrx_word' id='word_1_278' title='bbox 827 2396 1023 2448; x_wconf 82' lang='lat' dir='ltr'><strong>nostris</strong></span> <span class='ocrx_word' id='word_1_279' title='bbox 1085 2411 1175 2462; x_wconf 90' lang='lat' dir='ltr'><strong>per</strong></span> <span class='ocrx_word' id='word_1_280' title='bbox 1243 2395 1566 2446; x_wconf 74' lang='lat' dir='ltr'><strong>Britanniam</strong></span> <span class='ocrx_word' id='word_1_281' title='bbox 1635 2393 1888 2446; x_wconf 69' lang='lat' dir='ltr'><strong>licclcsiis</strong></span> <span class='ocrx_word' id='word_1_282' title='bbox 1945 2394 2120 2459; x_wconf 85' lang='lat' dir='ltr'><strong>plures</strong></span> <span class='ocrx_word' id='word_1_283' title='bbox 2180 2393 2285 2443; x_wconf 89' lang='lat' dir='ltr'><strong>sint</strong></span> 
     </span>
    </p>
   </div>
   <div class='ocr_carea' id='block_1_39' title="bbox 707 2483 2285 2556">
    <p class='ocr_par' dir='ltr' id='par_1_39' title="bbox 707 2483 2285 2556">
     <span class='ocr_line' id='line_1_39' title="bbox 707 2483 2285 2556; baseline -0.003 -18"><span class='ocrx_word' id='word_1_284' title='bbox 707 2491 831 2556; x_wconf 86' lang='lat' dir='ltr'><strong>qui,</strong></span> <span class='ocrx_word' id='word_1_285' title='bbox 885 2489 1146 2539; x_wconf 75' lang='lat' dir='ltr'><strong>mandatis</strong></span> <span class='ocrx_word' id='word_1_286' title='bbox 1201 2488 1472 2539; x_wconf 79' lang='lat' dir='ltr'><strong>memoria.-</strong></span> <span class='ocrx_word' id='word_1_287' title='bbox 1536 2487 1798 2537; x_wconf 75' lang='lat' dir='ltr'><strong>veteribus</strong></span> <span class='ocrx_word' id='word_1_288' title='bbox 1849 2485 1949 2536; x_wconf 89' lang='lat' dir='ltr'><strong>illis</strong></span> <span class='ocrx_word' id='word_1_289' title='bbox 2008 2483 2285 2552; x_wconf 70' lang='lat' dir='ltr'><strong>Aigyptio-</strong></span> 
     </span>
    </p>
   </div>
   <div class='ocr_carea' id='block_1_40' title="bbox 707 2576 2286 2646">
    <p class='ocr_par' dir='ltr' id='par_1_40' title="bbox 707 2576 2286 2646">
     <span class='ocr_line' id='line_1_40' title="bbox 707 2576 2286 2646; baseline -0.004 -16"><span class='ocrx_word' id='word_1_290' title='bbox 707 2597 824 2632; x_wconf 87' lang='lat' dir='ltr'><strong>rum</strong></span> <span class='ocrx_word' id='word_1_291' title='bbox 892 2579 1250 2646; x_wconf 68' lang='lat' dir='ltr'><strong>argumentis,</strong></span> <span class='ocrx_word' id='word_1_292' title='bbox 1322 2577 1566 2629; x_wconf 76' lang='lat' dir='ltr'><strong>facillime</strong></span> <span class='ocrx_word' id='word_1_293' title='bbox 1639 2577 1842 2639; x_wconf 80' lang='lat' dir='ltr'><strong>possint</strong></span> <span class='ocrx_word' id='word_1_294' title='bbox 1907 2577 1956 2626; x_wconf 89' lang='lat' dir='ltr'><strong>in</strong></span> <span class='ocrx_word' id='word_1_295' title='bbox 2026 2576 2286 2639; x_wconf 79' lang='lat' dir='ltr'><strong>quotlibet</strong></span> 
     </span>
    </p>
   </div>
   <div class='ocr_carea' id='block_1_41' title="bbox 705 2664 2280 2736">
    <p class='ocr_par' dir='ltr' id='par_1_41' title="bbox 705 2664 2280 2736">
     <span class='ocr_line' id='line_1_41' title="bbox 705 2664 2280 2736; baseline -0.004 -15"><span class='ocrx_word' id='word_1_296' title='bbox 705 2673 871 2736; x_wconf 81' lang='lat' dir='ltr'><strong>spatia</strong></span> <span class='ocrx_word' id='word_1_297' title='bbox 933 2679 1225 2734; x_wconf 87' lang='lat' dir='ltr'><strong>temporum</strong></span> <span class='ocrx_word' id='word_1_298' title='bbox 1296 2667 1569 2734; x_wconf 79' lang='lat' dir='ltr'><strong>paschales</strong></span> <span class='ocrx_word' id='word_1_299' title='bbox 1632 2666 1947 2732; x_wconf 87' lang='lat' dir='ltr'><strong>protendere</strong></span> <span class='ocrx_word' id='word_1_300' title='bbox 2011 2664 2280 2724; x_wconf 89' lang='lat' dir='ltr'><strong>circulos,</strong></span> 
     </span>
    </p>
   </div>
   <div class='ocr_carea' id='block_1_42' title="bbox 707 2754 2282 2824">
    <p class='ocr_par' dir='ltr' id='par_1_42' title="bbox 707 2754 2282 2824">
     <span class='ocr_line' id='line_1_42' title="bbox 707 2754 2282 2824; baseline -0.003 -14"><span class='ocrx_word' id='word_1_301' title='bbox 707 2769 761 2810; x_wconf 84' lang='lat' dir='ltr'><strong>ct</strong></span> <span class='ocrx_word' id='word_1_302' title='bbox 785 2760 916 2810; x_wconf 79' lang='lat' dir='ltr'><strong>anisi</strong></span> <span class='ocrx_word' id='word_1_303' title='bbox 946 2760 1009 2809; x_wconf 80' lang='lat' dir='ltr'><strong>ad</strong></span> <span class='ocrx_word' id='word_1_304' title='bbox 1051 2757 1367 2824; x_wconf 87' lang='lat' dir='ltr'><strong>quingentos</strong></span> <span class='ocrx_word' id='word_1_305' title='bbox 1401 2769 1566 2819; x_wconf 89' lang='lat' dir='ltr'><strong>usque</strong></span> <span class='ocrx_word' id='word_1_306' title='bbox 1594 2765 1646 2806; x_wconf 91' lang='lat' dir='ltr'><strong>et</strong></span> <span class='ocrx_word' id='word_1_307' title='bbox 1681 2756 1891 2821; x_wconf 83' lang='lat' dir='ltr'><strong>triginta</strong></span> <span class='ocrx_word' id='word_1_308' title='bbox 1934 2754 2067 2806; x_wconf 82' lang='lat' dir='ltr'><strong>duos</strong></span> <span class='ocrx_word' id='word_1_309' title='bbox 2100 2755 2282 2806; x_wconf 83' lang='lat' dir='ltr'><strong>voluc-</strong></span> 
     </span>
    </p>
   </div>
   <div class='ocr_carea' id='block_1_43' title="bbox 707 2845 2286 2912">
    <p class='ocr_par' dir='ltr' id='par_1_43' title="bbox 707 2845 2286 2912">
     <span class='ocr_line' id='line_1_43' title="bbox 707 2845 2286 2912; baseline -0.005 -10"><span class='ocrx_word' id='word_1_310' title='bbox 707 2849 813 2902; x_wconf 90' lang='lat' dir='ltr'><strong>tint</strong></span> <span class='ocrx_word' id='word_1_311' title='bbox 851 2864 1040 2900; x_wconf 62' lang='lat' dir='ltr'><strong>armis.</strong></span> <span class='ocrx_word' id='word_1_312' title='bbox 1098 2849 1296 2911; x_wconf 76' lang='lat' dir='ltr'><strong>Quibus</strong></span> <span class='ocrx_word' id='word_1_313' title='bbox 1329 2845 1574 2912; x_wconf 80' lang='lat' dir='ltr'><strong>expletis,</strong></span> <span class='ocrx_word' id='word_1_314' title='bbox 1609 2845 1787 2895; x_wconf 89' lang='lat' dir='ltr'><strong>omnia</strong></span> <span class='ocrx_word' id='word_1_315' title='bbox 1822 2859 1938 2911; x_wconf 79' lang='lat' dir='ltr'><strong>qua:</strong></span> <span class='ocrx_word' id='word_1_316' title='bbox 1985 2845 2047 2894; x_wconf 86' lang='lat' dir='ltr'><strong>ad</strong></span> <span class='ocrx_word' id='word_1_317' title='bbox 2079 2845 2206 2895; x_wconf 88' lang='lat' dir='ltr'><strong>solis</strong></span> <span class='ocrx_word' id='word_1_318' title='bbox 2233 2851 2286 2895; x_wconf 87' lang='lat' dir='ltr'><strong>et</strong></span> 
     </span>
    </p>
   </div>
   <div class='ocr_carea' id='block_1_44' title="bbox 702 2935 2282 3003">
    <p class='ocr_par' dir='ltr' id='par_1_44' title="bbox 702 2935 2282 3003">
     <span class='ocr_line' id='line_1_44' title="bbox 702 2935 2282 3003; baseline -0.004 -14"><span class='ocrx_word' id='word_1_319' title='bbox 702 2936 861 3003; x_wconf 75' lang='lat' dir='ltr'><strong>lunaz,</strong></span> <span class='ocrx_word' id='word_1_320' title='bbox 895 2937 1092 2988; x_wconf 85' lang='lat' dir='ltr'><strong>mensis</strong></span> <span class='ocrx_word' id='word_1_321' title='bbox 1116 2945 1168 2987; x_wconf 90' lang='lat' dir='ltr'><strong>et</strong></span> <span class='ocrx_word' id='word_1_322' title='bbox 1189 2936 1523 3001; x_wconf 68' lang='lat' dir='ltr'><strong>septimaua-,</strong></span> <span class='ocrx_word' id='word_1_323' title='bbox 1547 2935 1987 3000; x_wconf 82' lang='lat' dir='ltr'><strong>censetpientiam</strong></span> <span class='ocrx_word' id='word_1_324' title='bbox 2023 2941 2282 2999; x_wconf 76' lang='lat' dir='ltr'><strong>spectant,</strong></span> 
     </span>
    </p>
   </div>
   <div class='ocr_carea' id='block_1_45' title="bbox 704 3026 2284 3093">
    <p class='ocr_par' dir='ltr' id='par_1_45' title="bbox 704 3026 2284 3093">
     <span class='ocr_line' id='line_1_45' title="bbox 704 3026 2284 3093; baseline -0.003 -12"><span class='ocrx_word' id='word_1_325' title='bbox 704 3029 894 3082; x_wconf 85' lang='lat' dir='ltr'><strong>eodem</strong></span> <span class='ocrx_word' id='word_1_326' title='bbox 927 3043 1031 3093; x_wconf 84' lang='lat' dir='ltr'><strong>quo</strong></span> <span class='ocrx_word' id='word_1_327' title='bbox 1066 3028 1212 3092; x_wconf 86' lang='lat' dir='ltr'><strong>prius</strong></span> <span class='ocrx_word' id='word_1_328' title='bbox 1249 3029 1433 3079; x_wconf 80' lang='lat' dir='ltr'><strong>ordine</strong></span> <span class='ocrx_word' id='word_1_329' title='bbox 1467 3037 1768 3078; x_wconf 89' lang='lat' dir='ltr'><strong>recurrunt.</strong></span> <span class='ocrx_word' id='word_1_330' title='bbox 1823 3026 1944 3078; x_wconf 87' lang='lat' dir='ltr'><strong>Ideo</strong></span> <span class='ocrx_word' id='word_1_331' title='bbox 1974 3035 2149 3078; x_wconf 89' lang='lat' dir='ltr'><strong>autem</strong></span> <span class='ocrx_word' id='word_1_332' title='bbox 2181 3026 2284 3078; x_wconf 87' lang='lat' dir='ltr'><strong>cir-</strong></span> 
     </span>
    </p>
   </div>
   <div class='ocr_carea' id='block_1_46' title="bbox 699 3117 2283 3186">
    <p class='ocr_par' dir='ltr' id='par_1_46' title="bbox 699 3117 2283 3186">
     <span class='ocr_line' id='line_1_46' title="bbox 699 3117 2283 3186; baseline 0.001 -17"><span class='ocrx_word' id='word_1_333' title='bbox 699 3120 849 3169; x_wconf 89' lang='lat' dir='ltr'><strong>culos</strong></span> <span class='ocrx_word' id='word_1_334' title='bbox 897 3118 1111 3169; x_wconf 74' lang='lat' dir='ltr'><strong>emdcm</strong></span> <span class='ocrx_word' id='word_1_335' title='bbox 1161 3127 1457 3186; x_wconf 82' lang='lat' dir='ltr'><strong>teinporum</strong></span> <span class='ocrx_word' id='word_1_336' title='bbox 1513 3117 1822 3170; x_wconf 86' lang='lat' dir='ltr'><strong>instantium</strong></span> <span class='ocrx_word' id='word_1_337' title='bbox 1877 3118 2024 3170; x_wconf 77' lang='lat' dir='ltr'><strong>Vobis</strong></span> <span class='ocrx_word' id='word_1_338' title='bbox 2073 3119 2283 3170; x_wconf 85' lang='lat' dir='ltr'><strong>mittere</strong></span> 
     </span>
    </p>
   </div>
   <div class='ocr_carea' id='block_1_47' title="bbox 697 3209 2282 3274">
    <p class='ocr_par' dir='ltr' id='par_1_47' title="bbox 697 3209 2282 3274">
     <span class='ocr_line' id='line_1_47' title="bbox 697 3209 2282 3274; baseline -0.001 -16"><span class='ocrx_word' id='word_1_339' title='bbox 697 3211 1115 3272; x_wconf 68' lang='lat' dir='ltr'><strong>supersedimus,</strong></span> <span class='ocrx_word' id='word_1_340' title='bbox 1147 3209 1266 3274; x_wconf 89' lang='lat' dir='ltr'><strong>quia</strong></span> <span class='ocrx_word' id='word_1_341' title='bbox 1320 3209 1385 3261; x_wconf 87' lang='lat' dir='ltr'><strong>dc</strong></span> <span class='ocrx_word' id='word_1_342' title='bbox 1435 3209 1638 3260; x_wconf 80' lang='lat' dir='ltr'><strong>ratione</strong></span> <span class='ocrx_word' id='word_1_343' title='bbox 1673 3219 1874 3260; x_wconf 91' lang='lat' dir='ltr'><strong>tantum</strong></span> <span class='ocrx_word' id='word_1_344' title='bbox 1903 3209 2156 3274; x_wconf 85' lang='lat' dir='ltr'><strong>temporis</strong></span> <span class='ocrx_word' id='word_1_345' title='bbox 2191 3223 2282 3274; x_wconf 89' lang='lat' dir='ltr'><strong>pa-</strong></span> 
     </span>
    </p>
   </div>
   <div class='ocr_carea' id='block_1_48' title="bbox 2387 2026 3957 2096">
    <p class='ocr_par' dir='ltr' id='par_1_48' title="bbox 2387 2026 3957 2096">
     <span class='ocr_line' id='line_1_48' title="bbox 2387 2026 3957 2096; baseline 0.008 -24"><span class='ocrx_word' id='word_1_346' title='bbox 2387 2039 2504 2086; x_wconf 84' lang='lat' dir='ltr'><strong>nos,</strong></span> <span class='ocrx_word' id='word_1_347' title='bbox 2526 2026 2612 2090; x_wconf 90' lang='lat' dir='ltr'><strong>qui</strong></span> <span class='ocrx_word' id='word_1_348' title='bbox 2643 2043 2736 2091; x_wconf 76' lang='lat' dir='ltr'><strong>per</strong></span> <span class='ocrx_word' id='word_1_349' title='bbox 2759 2027 3001 2078; x_wconf 89' lang='lat' dir='ltr'><strong>eamdem</strong></span> <span class='ocrx_word' id='word_1_350' title='bbox 3031 2032 3334 2094; x_wconf 88' lang='lat' dir='ltr'><strong>passionem</strong></span> <span class='ocrx_word' id='word_1_351' title='bbox 3358 2035 3550 2085; x_wconf 84' lang='lat' dir='ltr'><strong>salvari</strong></span> <span class='ocrx_word' id='word_1_352' title='bbox 3575 2033 3957 2096; x_wconf 67' lang='lat' dir='ltr'><strong>desideramus,</strong></span> 
     </span>
    </p>
   </div>
   <div class='ocr_carea' id='block_1_49' title="bbox 2386 2116 3958 2188">
    <p class='ocr_par' dir='ltr' id='par_1_49' title="bbox 2386 2116 3958 2188">
     <span class='ocr_line' id='line_1_49' title="bbox 2386 2116 3958 2188; baseline 0.007 -21"><span class='ocrx_word' id='word_1_353' title='bbox 2386 2116 2550 2181; x_wconf 81' lang='lat' dir='ltr'><strong>ipsius</strong></span> <span class='ocrx_word' id='word_1_354' title='bbox 2584 2117 2850 2182; x_wconf 76' lang='lat' dir='ltr'><strong>paSsionis</strong></span> <span class='ocrx_word' id='word_1_355' title='bbox 2878 2121 3088 2185; x_wconf 83' lang='lat' dir='ltr'><strong>signum</strong></span> <span class='ocrx_word' id='word_1_356' title='bbox 3124 2135 3246 2173; x_wconf 92' lang='lat' dir='ltr'><strong>cum</strong></span> <span class='ocrx_word' id='word_1_357' title='bbox 3283 2123 3372 2176; x_wconf 90' lang='lat' dir='ltr'><strong>illo</strong></span> <span class='ocrx_word' id='word_1_358' title='bbox 3406 2124 3456 2175; x_wconf 92' lang='lat' dir='ltr'><strong>in</strong></span> <span class='ocrx_word' id='word_1_359' title='bbox 3491 2126 3687 2177; x_wconf 77' lang='lat' dir='ltr'><strong>vertice</strong></span> <span class='ocrx_word' id='word_1_360' title='bbox 3715 2167 3728 2188; x_wconf 91' lang='lat'><strong>,</strong></span> <span class='ocrx_word' id='word_1_361' title='bbox 3755 2142 3958 2178; x_wconf 84' lang='lat' dir='ltr'><strong>summa</strong></span> 
     </span>
    </p>
   </div>
   <div class='ocr_carea' id='block_1_50' title="bbox 2388 2207 3961 2281">
    <p class='ocr_par' dir='ltr' id='par_1_50' title="bbox 2388 2207 3961 2281">
     <span class='ocr_line' id='line_1_50' title="bbox 2388 2207 3961 2281; baseline 0.008 -25"><span class='ocrx_word' id='word_1_362' title='bbox 2388 2207 2634 2258; x_wconf 81' lang='lat' dir='ltr'><strong>videlicet</strong></span> <span class='ocrx_word' id='word_1_363' title='bbox 2687 2210 2926 2274; x_wconf 90' lang='lat' dir='ltr'><strong>corporis</strong></span> <span class='ocrx_word' id='word_1_364' title='bbox 2979 2213 3144 2263; x_wconf 82' lang='lat' dir='ltr'><strong>nostri</strong></span> <span class='ocrx_word' id='word_1_365' title='bbox 3205 2221 3395 2279; x_wconf 88' lang='lat' dir='ltr'><strong>parte,</strong></span> <span class='ocrx_word' id='word_1_366' title='bbox 3467 2223 3754 2281; x_wconf 78' lang='lat' dir='ltr'><strong>gestamus.</strong></span> <span class='ocrx_word' id='word_1_367' title='bbox 3813 2216 3961 2268; x_wconf 78' lang='lat' dir='ltr'><strong>Szcut</strong></span> 
     </span>
    </p>
   </div>
   <div class='ocr_carea' id='block_1_51' title="bbox 2384 2298 3960 2368">
    <p class='ocr_par' dir='ltr' id='par_1_51' title="bbox 2384 2298 3960 2368">
     <span class='ocr_line' id='line_1_51' title="bbox 2384 2298 3960 2368; baseline 0.004 -20"><span class='ocrx_word' id='word_1_368' title='bbox 2384 2299 2525 2348; x_wconf 91' lang='lat' dir='ltr'><strong>enim</strong></span> <span class='ocrx_word' id='word_1_369' title='bbox 2571 2298 2744 2348; x_wconf 91' lang='lat' dir='ltr'><strong>omnis</strong></span> <span class='ocrx_word' id='word_1_370' title='bbox 2782 2298 3057 2364; x_wconf 61' lang='lat' dir='ltr'><strong>licclesia,</strong></span> <span class='ocrx_word' id='word_1_371' title='bbox 3090 2317 3207 2368; x_wconf 75' lang='lat' dir='ltr'><strong>qua:</strong></span> <span class='ocrx_word' id='word_1_372' title='bbox 3237 2318 3329 2368; x_wconf 90' lang='lat' dir='ltr'><strong>per</strong></span> <span class='ocrx_word' id='word_1_373' title='bbox 3363 2313 3587 2358; x_wconf 90' lang='lat' dir='ltr'><strong>mortem</strong></span> <span class='ocrx_word' id='word_1_374' title='bbox 3616 2307 3693 2357; x_wconf 87' lang='lat' dir='ltr'><strong>sui</strong></span> <span class='ocrx_word' id='word_1_375' title='bbox 3727 2307 3960 2359; x_wconf 81' lang='lat' dir='ltr'><strong>viviﬁca-</strong></span> 
     </span>
    </p>
   </div>
   <div class='ocr_carea' id='block_1_52' title="bbox 2387 2386 3959 2460">
    <p class='ocr_par' dir='ltr' id='par_1_52' title="bbox 2387 2386 3959 2460">
     <span class='ocr_line' id='line_1_52' title="bbox 2387 2386 3959 2460; baseline 0.004 -22"><span class='ocrx_word' id='word_1_376' title='bbox 2387 2387 2513 2438; x_wconf 89' lang='lat' dir='ltr'><strong>toris</strong></span> <span class='ocrx_word' id='word_1_377' title='bbox 2557 2386 2795 2438; x_wconf 76' lang='lat' dir='ltr'><strong>Ecclesia</strong></span> <span class='ocrx_word' id='word_1_378' title='bbox 2840 2386 2974 2439; x_wconf 86' lang='lat' dir='ltr'><strong>facta</strong></span> <span class='ocrx_word' id='word_1_379' title='bbox 3009 2401 3118 2453; x_wconf 56' lang='lat' dir='ltr'><strong>est,</strong></span> <span class='ocrx_word' id='word_1_380' title='bbox 3173 2394 3267 2458; x_wconf 74' lang='lat' dir='ltr'><strong>sig-</strong></span> <span class='ocrx_word' id='word_1_381' title='bbox 3295 2407 3379 2445; x_wconf 92' lang='lat' dir='ltr'><strong>um</strong></span> <span class='ocrx_word' id='word_1_382' title='bbox 3414 2403 3609 2446; x_wconf 82' lang='lat' dir='ltr'><strong>sancta:</strong></span> <span class='ocrx_word' id='word_1_383' title='bbox 3639 2397 3810 2447; x_wconf 82' lang='lat' dir='ltr'><strong>crucis</strong></span> <span class='ocrx_word' id='word_1_384' title='bbox 3841 2395 3959 2460; x_wconf 79' lang='lat' dir='ltr'><strong>ejus</strong></span> 
     </span>
    </p>
   </div>
   <div class='ocr_carea' id='block_1_53' title="bbox 2389 2479 3960 2550">
    <p class='ocr_par' dir='ltr' id='par_1_53' title="bbox 2389 2479 3960 2550">
     <span class='ocr_line' id='line_1_53' title="bbox 2389 2479 3960 2550; baseline 0.005 -22"><span class='ocrx_word' id='word_1_385' title='bbox 2389 2480 2440 2528; x_wconf 93' lang='lat' dir='ltr'><strong>in</strong></span> <span class='ocrx_word' id='word_1_386' title='bbox 2474 2479 2647 2529; x_wconf 88' lang='lat' dir='ltr'><strong>fronte</strong></span> <span class='ocrx_word' id='word_1_387' title='bbox 2679 2488 2892 2543; x_wconf 82' lang='lat' dir='ltr'><strong>portare</strong></span> <span class='ocrx_word' id='word_1_388' title='bbox 2923 2482 3236 2545; x_wconf 87' lang='lat' dir='ltr'><strong>consuevit,</strong></span> <span class='ocrx_word' id='word_1_389' title='bbox 3287 2493 3341 2534; x_wconf 80' lang='lat' dir='ltr'><strong>ut</strong></span> <span class='ocrx_word' id='word_1_390' title='bbox 3372 2485 3566 2536; x_wconf 79' lang='lat' dir='ltr'><strong>crebro</strong></span> <span class='ocrx_word' id='word_1_391' title='bbox 3594 2485 3771 2536; x_wconf 79' lang='lat' dir='ltr'><strong>vexilli</strong></span> <span class='ocrx_word' id='word_1_392' title='bbox 3805 2485 3960 2550; x_wconf 62' lang='lat' dir='ltr'><strong>hujus</strong></span> 
     </span>
    </p>
   </div>
   <div class='ocr_carea' id='block_1_54' title="bbox 2386 2568 3964 2639">
    <p class='ocr_par' dir='ltr' id='par_1_54' title="bbox 2386 2568 3964 2639">
     <span class='ocr_line' id='line_1_54' title="bbox 2386 2568 3964 2639; baseline 0.005 -21"><span class='ocrx_word' id='word_1_393' title='bbox 2386 2568 2682 2620; x_wconf 87' lang='lat' dir='ltr'><strong>munimine</strong></span> <span class='ocrx_word' id='word_1_394' title='bbox 2729 2584 2756 2619; x_wconf 91' lang='lat' dir='ltr'><strong>a</strong></span> <span class='ocrx_word' id='word_1_395' title='bbox 2798 2571 3150 2635; x_wconf 81' lang='lat' dir='ltr'><strong>malignorum</strong></span> <span class='ocrx_word' id='word_1_396' title='bbox 3198 2573 3480 2639; x_wconf 75' lang='lat' dir='ltr'><strong>Spirituum</strong></span> <span class='ocrx_word' id='word_1_397' title='bbox 3529 2572 3847 2626; x_wconf 78' lang='lat' dir='ltr'><strong>defendatur</strong></span> <span class='ocrx_word' id='word_1_398' title='bbox 3885 2576 3964 2626; x_wconf 85' lang='lat' dir='ltr'><strong>iii-</strong></span> 
     </span>
    </p>
   </div>
   <div class='ocr_carea' id='block_1_55' title="bbox 2385 2655 3960 2727">
    <p class='ocr_par' dir='ltr' id='par_1_55' title="bbox 2385 2655 3960 2727">
     <span class='ocr_line' id='line_1_55' title="bbox 2385 2655 3960 2727; baseline 0.008 -21"><span class='ocrx_word' id='word_1_399' title='bbox 2385 2655 2672 2718; x_wconf 76' lang='lat' dir='ltr'><strong>c&#39;ursibus,</strong></span> <span class='ocrx_word' id='word_1_400' title='bbox 2726 2661 2912 2708; x_wconf 80' lang='lat' dir='ltr'><strong>crebra</strong></span> <span class='ocrx_word' id='word_1_401' title='bbox 2953 2659 3112 2727; x_wconf 87' lang='lat' dir='ltr'><strong>hujus</strong></span> <span class='ocrx_word' id='word_1_402' title='bbox 3165 2662 3528 2716; x_wconf 88' lang='lat' dir='ltr'><strong>admonitione</strong></span> <span class='ocrx_word' id='word_1_403' title='bbox 3571 2663 3850 2720; x_wconf 81' lang='lat' dir='ltr'><strong>doceatur.</strong></span> <span class='ocrx_word' id='word_1_404' title='bbox 3901 2681 3960 2718; x_wconf 87' lang='lat' dir='ltr'><strong>se</strong></span> 
     </span>
    </p>
   </div>
   <div class='ocr_carea' id='block_1_56' title="bbox 2385 2753 3960 2818">
    <p class='ocr_par' dir='ltr' id='par_1_56' title="bbox 2385 2753 3960 2818">
     <span class='ocr_line' id='line_1_56' title="bbox 2385 2753 3960 2818; baseline 0.008 -23"><span class='ocrx_word' id='word_1_405' title='bbox 2385 2760 2597 2814; x_wconf 85' lang='lat' dir='ltr'><strong>quoque</strong></span> <span class='ocrx_word' id='word_1_406' title='bbox 2641 2761 2858 2800; x_wconf 89' lang='lat' dir='ltr'><strong>carnem</strong></span> <span class='ocrx_word' id='word_1_407' title='bbox 2903 2765 3054 2802; x_wconf 87' lang='lat' dir='ltr'><strong>suam</strong></span> <span class='ocrx_word' id='word_1_408' title='bbox 3095 2766 3216 2804; x_wconf 90' lang='lat' dir='ltr'><strong>cum</strong></span> <span class='ocrx_word' id='word_1_409' title='bbox 3245 2753 3389 2806; x_wconf 80' lang='lat' dir='ltr'><strong>vitiis</strong></span> <span class='ocrx_word' id='word_1_410' title='bbox 3432 2761 3484 2806; x_wconf 89' lang='lat' dir='ltr'><strong>et</strong></span> <span class='ocrx_word' id='word_1_411' title='bbox 3516 2754 3960 2818; x_wconf 46' lang='lat' dir='ltr'><strong>Concupiscentiis</strong></span> 
     </span>
    </p>
   </div>
   <div class='ocr_carea' id='block_1_57' title="bbox 2388 2839 3958 2912">
    <p class='ocr_par' dir='ltr' id='par_1_57' title="bbox 2388 2839 3958 2912">
     <span class='ocr_line' id='line_1_57' title="bbox 2388 2839 3958 2912; baseline 0.006 -24"><span class='ocrx_word' id='word_1_412' title='bbox 2388 2839 2704 2905; x_wconf 86' lang='lat' dir='ltr'><strong>crucifigere</strong></span> <span class='ocrx_word' id='word_1_413' title='bbox 2730 2839 2947 2904; x_wconf 74' lang='lat' dir='ltr'><strong>debcze;</strong></span> <span class='ocrx_word' id='word_1_414' title='bbox 2979 2840 3046 2892; x_wconf 91' lang='lat' dir='ltr'><strong>ita</strong></span> <span class='ocrx_word' id='word_1_415' title='bbox 3071 2844 3231 2894; x_wconf 84' lang='lat' dir='ltr'><strong>etiam</strong></span> <span class='ocrx_word' id='word_1_416' title='bbox 3257 2855 3467 2910; x_wconf 84' lang='lat' dir='ltr'><strong>oportet</strong></span> <span class='ocrx_word' id='word_1_417' title='bbox 3497 2860 3587 2897; x_wconf 86' lang='lat' dir='ltr'><strong>eos</strong></span> <span class='ocrx_word' id='word_1_418' title='bbox 3611 2845 3696 2912; x_wconf 90' lang='lat' dir='ltr'><strong>qui</strong></span> <span class='ocrx_word' id='word_1_419' title='bbox 3730 2845 3807 2898; x_wconf 88' lang='lat' dir='ltr'><strong>vel</strong></span> <span class='ocrx_word' id='word_1_420' title='bbox 3843 2861 3958 2897; x_wconf 89' lang='lat' dir='ltr'><strong>mo-</strong></span> 
     </span>
    </p>
   </div>
   <div class='ocr_carea' id='block_1_58' title="bbox 2389 2929 3962 3000">
    <p class='ocr_par' dir='ltr' id='par_1_58' title="bbox 2389 2929 3962 3000">
     <span class='ocr_line' id='line_1_58' title="bbox 2389 2929 3962 3000; baseline 0.008 -23"><span class='ocrx_word' id='word_1_421' title='bbox 2389 2929 2544 2979; x_wconf 87' lang='lat' dir='ltr'><strong>nachi</strong></span> <span class='ocrx_word' id='word_1_422' title='bbox 2577 2938 2754 2981; x_wconf 89' lang='lat' dir='ltr'><strong>votum</strong></span> <span class='ocrx_word' id='word_1_423' title='bbox 2776 2973 2787 2992; x_wconf 93' lang='lat'><strong>,</strong></span> <span class='ocrx_word' id='word_1_424' title='bbox 2823 2932 2904 2983; x_wconf 82' lang='lat' dir='ltr'><strong>vel</strong></span> <span class='ocrx_word' id='word_1_425' title='bbox 2934 2934 3152 2996; x_wconf 81' lang='lat' dir='ltr'><strong>gradum</strong></span> <span class='ocrx_word' id='word_1_426' title='bbox 3185 2934 3466 2988; x_wconf 87' lang='lat' dir='ltr'><strong>clericatus</strong></span> <span class='ocrx_word' id='word_1_427' title='bbox 3501 2935 3756 2988; x_wconf 89' lang='lat' dir='ltr'><strong>habentes</strong></span> <span class='ocrx_word' id='word_1_428' title='bbox 3779 2975 3794 3000; x_wconf 91' lang='lat'><strong>,</strong></span> <span class='ocrx_word' id='word_1_429' title='bbox 3847 2952 3962 2988; x_wconf 79' lang='lat' dir='ltr'><strong>are-</strong></span> 
     </span>
    </p>
   </div>
   <div class='ocr_carea' id='block_1_59' title="bbox 2391 3018 3962 3088">
    <p class='ocr_par' dir='ltr' id='par_1_59' title="bbox 2391 3018 3962 3088">
     <span class='ocr_line' id='line_1_59' title="bbox 2391 3018 3962 3088; baseline 0.006 -21"><span class='ocrx_word' id='word_1_430' title='bbox 2391 3018 2615 3070; x_wconf 86' lang='lat' dir='ltr'><strong>tioribus</strong></span> <span class='ocrx_word' id='word_1_431' title='bbox 2652 3032 2711 3071; x_wconf 90' lang='lat' dir='ltr'><strong>se</strong></span> <span class='ocrx_word' id='word_1_432' title='bbox 2762 3034 2983 3073; x_wconf 83' lang='lat' dir='ltr'><strong>necesse</strong></span> <span class='ocrx_word' id='word_1_433' title='bbox 3007 3019 3208 3075; x_wconf 88' lang='lat' dir='ltr'><strong>habent</strong></span> <span class='ocrx_word' id='word_1_434' title='bbox 3242 3038 3336 3088; x_wconf 87' lang='lat' dir='ltr'><strong>pro</strong></span> <span class='ocrx_word' id='word_1_435' title='bbox 3367 3023 3592 3078; x_wconf 86' lang='lat' dir='ltr'><strong>Domino</strong></span> <span class='ocrx_word' id='word_1_436' title='bbox 3622 3026 3962 3078; x_wconf 77' lang='lat' dir='ltr'><strong>continentia:</strong></span> 
     </span>
    </p>
   </div>
   <div class='ocr_carea' id='block_1_60' title="bbox 2389 3106 2886 3175">
    <p class='ocr_par' dir='ltr' id='par_1_60' title="bbox 2389 3106 2886 3175">
     <span class='ocr_line' id='line_1_60' title="bbox 2389 3106 2886 3175; baseline 0.008 -19"><span class='ocrx_word' id='word_1_437' title='bbox 2389 3106 2551 3157; x_wconf 78' lang='lat' dir='ltr'><strong>frenis</strong></span> <span class='ocrx_word' id='word_1_438' title='bbox 2576 3108 2886 3175; x_wconf 67' lang='lat' dir='ltr'><strong>astringere.</strong></span> 
     </span>
    </p>
   </div>
   <div class='ocr_carea' id='block_1_61' title="bbox 2463 3197 3965 3272">
    <p class='ocr_par' dir='ltr' id='par_1_61' title="bbox 2463 3197 3965 3272">
     <span class='ocr_line' id='line_1_61' title="bbox 2463 3197 3965 3272; baseline 0.006 -23"><span class='ocrx_word' id='word_1_439' title='bbox 2463 3197 2710 3249; x_wconf 84' lang='lat' dir='ltr'><strong>Formam</strong></span> <span class='ocrx_word' id='word_1_440' title='bbox 2743 3215 2956 3266; x_wconf 88' lang='lat' dir='ltr'><strong>quoque</strong></span> <span class='ocrx_word' id='word_1_441' title='bbox 2994 3215 3239 3267; x_wconf 69' lang='lat' dir='ltr'><strong>coronae,</strong></span> <span class='ocrx_word' id='word_1_442' title='bbox 3286 3217 3444 3271; x_wconf 82' lang='lat' dir='ltr'><strong>quam</strong></span> <span class='ocrx_word' id='word_1_443' title='bbox 3494 3203 3608 3271; x_wconf 86' lang='lat' dir='ltr'><strong>ipse</strong></span> <span class='ocrx_word' id='word_1_444' title='bbox 3637 3205 3687 3256; x_wconf 94' lang='lat' dir='ltr'><strong>in</strong></span> <span class='ocrx_word' id='word_1_445' title='bbox 3719 3205 3965 3272; x_wconf 81' lang='lat' dir='ltr'><strong>passione</strong></span> 
     </span>
    </p>
   </div>
   <div class='ocr_carea' id='block_1_62' title="bbox 700 3279 2279 3366">
    <p class='ocr_par' dir='ltr' id='par_1_62' title="bbox 700 3297 2279 3366">
     <span class='ocr_line' id='line_1_62' title="bbox 700 3297 2279 3366; baseline 0.002 -18"><span class='ocrx_word' id='word_1_446' title='bbox 700 3297 897 3348; x_wconf 67' lang='lat' dir='ltr'><strong>SCltails</strong></span> <span class='ocrx_word' id='word_1_447' title='bbox 919 3298 1108 3350; x_wconf 76' lang='lat' dir='ltr'><strong>instrui</strong></span> <span class='ocrx_word' id='word_1_448' title='bbox 1133 3308 1451 3360; x_wconf 78' lang='lat' dir='ltr'><strong>qmcrentes,</strong></span> <span class='ocrx_word' id='word_1_449' title='bbox 1479 3298 1624 3365; x_wconf 84' lang='lat' dir='ltr'><strong>ipsos</strong></span> <span class='ocrx_word' id='word_1_450' title='bbox 1648 3298 1799 3351; x_wconf 84' lang='lat' dir='ltr'><strong>vobis</strong></span> <span class='ocrx_word' id='word_1_451' title='bbox 1823 3300 2051 3351; x_wconf 89' lang='lat' dir='ltr'><strong>circulos</strong></span> <span class='ocrx_word' id='word_1_452' title='bbox 2072 3299 2279 3366; x_wconf 83' lang='lat' dir='ltr'><strong>paseha:</strong></span> 
     </span>
    </p>
   </div>
   <div class='ocr_carea' id='block_1_63' title="bbox 2386 3279 3963 3366">
    <p class='ocr_par' dir='ltr' id='par_1_63' title="bbox 2388 3291 3963 3362">
     <span class='ocr_line' id='line_1_63' title="bbox 2388 3291 3963 3362; baseline 0.005 -21"><span class='ocrx_word' id='word_1_453' title='bbox 2388 3305 2483 3341; x_wconf 84' lang='lat' dir='ltr'><strong>sua</strong></span> <span class='ocrx_word' id='word_1_454' title='bbox 2519 3291 2756 3355; x_wconf 79' lang='lat' dir='ltr'><strong>Spiucam</strong></span> <span class='ocrx_word' id='word_1_455' title='bbox 2801 3295 3030 3357; x_wconf 82' lang='lat' dir='ltr'><strong>portavit</strong></span> <span class='ocrx_word' id='word_1_456' title='bbox 3053 3294 3104 3345; x_wconf 89' lang='lat' dir='ltr'><strong>in</strong></span> <span class='ocrx_word' id='word_1_457' title='bbox 3133 3295 3330 3362; x_wconf 84' lang='lat' dir='ltr'><strong>capite,</strong></span> <span class='ocrx_word' id='word_1_458' title='bbox 3376 3305 3430 3348; x_wconf 91' lang='lat' dir='ltr'><strong>ut</strong></span> <span class='ocrx_word' id='word_1_459' title='bbox 3453 3297 3631 3362; x_wconf 78' lang='lat' dir='ltr'><strong>spinas</strong></span> <span class='ocrx_word' id='word_1_460' title='bbox 3655 3296 3963 3349; x_wconf 82' lang='lat' dir='ltr'><strong>actribulos</strong></span> 
     </span>
    </p>
   </div>
   <div class='ocr_carea' id='block_1_64' title="bbox 697 3388 1618 3455">
    <p class='ocr_par' dir='ltr' id='par_1_64' title="bbox 697 3388 1618 3455">
     <span class='ocr_line' id='line_1_64' title="bbox 697 3388 1618 3455; baseline 0.004 -16"><span class='ocrx_word' id='word_1_461' title='bbox 697 3388 992 3439; x_wconf 79' lang='lat' dir='ltr'><strong>catholicos</strong></span> <span class='ocrx_word' id='word_1_462' title='bbox 1022 3389 1294 3440; x_wconf 88' lang='lat' dir='ltr'><strong>abundare</strong></span> <span class='ocrx_word' id='word_1_463' title='bbox 1328 3406 1418 3455; x_wconf 88' lang='lat' dir='ltr'><strong>pro</strong></span> <span class='ocrx_word' id='word_1_464' title='bbox 1431 3389 1618 3443; x_wconf 87' lang='lat' dir='ltr'><strong>bastis.</strong></span> 
     </span>
    </p>
   </div>
   <div class='ocr_carea' id='block_1_65' title="bbox 781 3477 2286 3545">
    <p class='ocr_par' dir='ltr' id='par_1_65' title="bbox 781 3477 2286 3545">
     <span class='ocr_line' id='line_1_65' title="bbox 781 3477 2286 3545; baseline 0.001 -17"><span class='ocrx_word' id='word_1_465' title='bbox 781 3477 970 3530; x_wconf 73' lang='lat' dir='ltr'><strong>Verum</strong></span> <span class='ocrx_word' id='word_1_466' title='bbox 999 3481 1076 3529; x_wconf 85' lang='lat' dir='ltr'><strong>bis</strong></span> <span class='ocrx_word' id='word_1_467' title='bbox 1121 3479 1186 3530; x_wconf 89' lang='lat' dir='ltr'><strong>de</strong></span> <span class='ocrx_word' id='word_1_468' title='bbox 1218 3479 1409 3544; x_wconf 79' lang='lat' dir='ltr'><strong>pascha</strong></span> <span class='ocrx_word' id='word_1_469' title='bbox 1443 3481 1732 3542; x_wconf 86' lang='lat' dir='ltr'><strong>succincte,</strong></span> <span class='ocrx_word' id='word_1_470' title='bbox 1779 3489 1834 3530; x_wconf 89' lang='lat' dir='ltr'><strong>ut</strong></span> <span class='ocrx_word' id='word_1_471' title='bbox 1881 3480 2084 3544; x_wconf 83' lang='lat' dir='ltr'><strong>petistis</strong></span> <span class='ocrx_word' id='word_1_472' title='bbox 2107 3524 2120 3545; x_wconf 86' lang='lat'><strong>,</strong></span> <span class='ocrx_word' id='word_1_473' title='bbox 2152 3479 2286 3531; x_wconf 88' lang='lat' dir='ltr'><strong>stri-</strong></span> 
     </span>
    </p>
   </div>
   <div class='ocr_carea' id='block_1_66' title="bbox 698 3570 2282 3636">
    <p class='ocr_par' dir='ltr' id='par_1_66' title="bbox 698 3570 2282 3636">
     <span class='ocr_line' id='line_1_66' title="bbox 698 3570 2282 3636; baseline 0.002 -19"><span class='ocrx_word' id='word_1_474' title='bbox 698 3571 932 3634; x_wconf 68' lang='lat' dir='ltr'><strong>ctimque</strong></span> <span class='ocrx_word' id='word_1_475' title='bbox 981 3570 1448 3629; x_wconf 84' lang='lat' dir='ltr'><strong>commemoratis,</strong></span> <span class='ocrx_word' id='word_1_476' title='bbox 1486 3577 1755 3620; x_wconf 88' lang='lat' dir='ltr'><strong>tonsuram</strong></span> <span class='ocrx_word' id='word_1_477' title='bbox 1803 3586 2010 3634; x_wconf 89' lang='lat' dir='ltr'><strong>quoque</strong></span> <span class='ocrx_word' id='word_1_478' title='bbox 2051 3570 2140 3636; x_wconf 86' lang='lat' dir='ltr'><strong>(de</strong></span> <span class='ocrx_word' id='word_1_479' title='bbox 2183 3585 2282 3635; x_wconf 85' lang='lat' dir='ltr'><strong>qua</strong></span> 
     </span>
    </p>
   </div>
   <div class='ocr_carea' id='block_1_67' title="bbox 707 3659 2282 3727">
    <p class='ocr_par' dir='ltr' id='par_1_67' title="bbox 707 3659 2282 3727">
     <span class='ocr_line' id='line_1_67' title="bbox 707 3659 2282 3727; baseline 0.003 -20"><span class='ocrx_word' id='word_1_480' title='bbox 707 3659 900 3723; x_wconf 70' lang='lat' dir='ltr'><strong>pariter</strong></span> <span class='ocrx_word' id='word_1_481' title='bbox 926 3659 1075 3710; x_wconf 84' lang='lat' dir='ltr'><strong>vobis</strong></span> <span class='ocrx_word' id='word_1_482' title='bbox 1110 3661 1313 3711; x_wconf 77' lang='lat' dir='ltr'><strong>litteras</strong></span> <span class='ocrx_word' id='word_1_483' title='bbox 1345 3661 1455 3711; x_wconf 87' lang='lat' dir='ltr'><strong>fieri</strong></span> <span class='ocrx_word' id='word_1_484' title='bbox 1489 3660 1768 3727; x_wconf 75' lang='lat' dir='ltr'><strong>voluistis)</strong></span> <span class='ocrx_word' id='word_1_485' title='bbox 1812 3660 1996 3710; x_wconf 88' lang='lat' dir='ltr'><strong>hortor</strong></span> <span class='ocrx_word' id='word_1_486' title='bbox 2029 3672 2081 3709; x_wconf 90' lang='lat' dir='ltr'><strong>nt</strong></span> <span class='ocrx_word' id='word_1_487' title='bbox 2105 3662 2282 3711; x_wconf 81' lang='lat' dir='ltr'><strong>cecle-</strong></span> 
     </span>
    </p>
   </div>
   <div class='ocr_carea' id='block_1_68' title="bbox 707 3748 2284 3816">
    <p class='ocr_par' dir='ltr' id='par_1_68' title="bbox 707 3748 2284 3816">
     <span class='ocr_line' id='line_1_68' title="bbox 707 3748 2284 3816; baseline -0.001 -16"><span class='ocrx_word' id='word_1_488' title='bbox 707 3749 976 3800; x_wconf 69' lang='lat' dir='ltr'><strong>siastiCatn</strong></span> <span class='ocrx_word' id='word_1_489' title='bbox 1018 3758 1071 3801; x_wconf 93' lang='lat' dir='ltr'><strong>et</strong></span> <span class='ocrx_word' id='word_1_490' title='bbox 1096 3748 1414 3800; x_wconf 77' lang='lat' dir='ltr'><strong>Christiauzc-</strong></span> <span class='ocrx_word' id='word_1_491' title='bbox 1456 3748 1577 3800; x_wconf 90' lang='lat' dir='ltr'><strong>fidei</strong></span> <span class='ocrx_word' id='word_1_492' title='bbox 1621 3764 1910 3816; x_wconf 75' lang='lat' dir='ltr'><strong>congruam</strong></span> <span class='ocrx_word' id='word_1_493' title='bbox 1955 3749 2150 3800; x_wconf 90' lang='lat' dir='ltr'><strong>habere</strong></span> <span class='ocrx_word' id='word_1_494' title='bbox 2190 3765 2284 3800; x_wconf 82' lang='lat' dir='ltr'><strong>cu-</strong></span> 
     </span>
    </p>
   </div>
   <div class='ocr_carea' id='block_1_69' title="bbox 698 3840 2284 3908">
    <p class='ocr_par' dir='ltr' id='par_1_69' title="bbox 698 3840 2284 3908">
     <span class='ocr_line' id='line_1_69' title="bbox 698 3840 2284 3908; baseline 0 -16"><span class='ocrx_word' id='word_1_495' title='bbox 698 3840 846 3892; x_wconf 85' lang='lat' dir='ltr'><strong>retis.</strong></span> <span class='ocrx_word' id='word_1_496' title='bbox 900 3840 964 3892; x_wconf 77' lang='lat' dir='ltr'><strong>Et</strong></span> <span class='ocrx_word' id='word_1_497' title='bbox 1003 3841 1213 3906; x_wconf 88' lang='lat' dir='ltr'><strong>quidem</strong></span> <span class='ocrx_word' id='word_1_498' title='bbox 1247 3842 1448 3892; x_wconf 77' lang='lat' dir='ltr'><strong>Scimus</strong></span> <span class='ocrx_word' id='word_1_499' title='bbox 1477 3841 1597 3907; x_wconf 90' lang='lat' dir='ltr'><strong>quia</strong></span> <span class='ocrx_word' id='word_1_500' title='bbox 1633 3857 1806 3908; x_wconf 85' lang='lat' dir='ltr'><strong>neque</strong></span> <span class='ocrx_word' id='word_1_501' title='bbox 1837 3841 2065 3907; x_wconf 82' lang='lat' dir='ltr'><strong>apostoli</strong></span> <span class='ocrx_word' id='word_1_502' title='bbox 2098 3855 2284 3893; x_wconf 90' lang='lat' dir='ltr'><strong>omnes</strong></span> 
     </span>
    </p>
   </div>
   <div class='ocr_carea' id='block_1_70' title="bbox 702 3931 2278 3998">
    <p class='ocr_par' dir='ltr' id='par_1_70' title="bbox 702 3931 2278 3998">
     <span class='ocr_line' id='line_1_70' title="bbox 702 3931 2278 3998; baseline 0.001 -16"><span class='ocrx_word' id='word_1_503' title='bbox 702 3946 808 3984; x_wconf 81' lang='lat' dir='ltr'><strong>uno</strong></span> <span class='ocrx_word' id='word_1_504' title='bbox 831 3932 1124 3998; x_wconf 84' lang='lat' dir='ltr'><strong>codemque</strong></span> <span class='ocrx_word' id='word_1_505' title='bbox 1147 3941 1267 3983; x_wconf 84' lang='lat' dir='ltr'><strong>sunt</strong></span> <span class='ocrx_word' id='word_1_506' title='bbox 1297 3931 1452 3982; x_wconf 90' lang='lat' dir='ltr'><strong>modo</strong></span> <span class='ocrx_word' id='word_1_507' title='bbox 1478 3933 1697 3993; x_wconf 87' lang='lat' dir='ltr'><strong>attonsi,</strong></span> <span class='ocrx_word' id='word_1_508' title='bbox 1726 3949 1896 3998; x_wconf 89' lang='lat' dir='ltr'><strong>neque</strong></span> <span class='ocrx_word' id='word_1_509' title='bbox 1928 3949 2061 3983; x_wconf 83' lang='lat' dir='ltr'><strong>nunc</strong></span> <span class='ocrx_word' id='word_1_510' title='bbox 2094 3933 2278 3984; x_wconf 69' lang='lat' dir='ltr'><strong>Eccle-</strong></span> 
     </span>
    </p>
   </div>
   <div class='ocr_carea' id='block_1_71' title="bbox 707 4020 2281 4085">
    <p class='ocr_par' dir='ltr' id='par_1_71' title="bbox 707 4020 2281 4085">
     <span class='ocr_line' id='line_1_71' title="bbox 707 4020 2281 4085; baseline 0 -12"><span class='ocrx_word' id='word_1_511' title='bbox 707 4023 786 4074; x_wconf 86' lang='lat' dir='ltr'><strong>sia</strong></span> <span class='ocrx_word' id='word_1_512' title='bbox 818 4023 1098 4081; x_wconf 88' lang='lat' dir='ltr'><strong>catholica,</strong></span> <span class='ocrx_word' id='word_1_513' title='bbox 1124 4021 1259 4073; x_wconf 85' lang='lat' dir='ltr'><strong>sicut</strong></span> <span class='ocrx_word' id='word_1_514' title='bbox 1280 4036 1377 4072; x_wconf 90' lang='lat' dir='ltr'><strong>una</strong></span> <span class='ocrx_word' id='word_1_515' title='bbox 1409 4020 1530 4082; x_wconf 88' lang='lat' dir='ltr'><strong>fide,</strong></span> <span class='ocrx_word' id='word_1_516' title='bbox 1564 4035 1658 4085; x_wconf 82' lang='lat' dir='ltr'><strong>spe</strong></span> <span class='ocrx_word' id='word_1_517' title='bbox 1681 4031 1734 4075; x_wconf 89' lang='lat' dir='ltr'><strong>et</strong></span> <span class='ocrx_word' id='word_1_518' title='bbox 1755 4022 2014 4074; x_wconf 83' lang='lat' dir='ltr'><strong>cliaritate</strong></span> <span class='ocrx_word' id='word_1_519' title='bbox 2041 4022 2090 4073; x_wconf 92' lang='lat' dir='ltr'><strong>in</strong></span> <span class='ocrx_word' id='word_1_520' title='bbox 2118 4021 2281 4074; x_wconf 65' lang='lat' dir='ltr'><strong>Dvum</strong></span> 
     </span>
    </p>
   </div>
   <div class='ocr_carea' id='block_1_72' title="bbox 705 4108 2285 4178">
    <p class='ocr_par' dir='ltr' id='par_1_72' title="bbox 705 4108 2285 4178">
     <span class='ocr_line' id='line_1_72' title="bbox 705 4108 2285 4178; baseline 0.001 -17"><span class='ocrx_word' id='word_1_521' title='bbox 705 4113 993 4173; x_wconf 84' lang='lat' dir='ltr'><strong>consentit,</strong></span> <span class='ocrx_word' id='word_1_522' title='bbox 1028 4122 1097 4160; x_wconf 87' lang='lat' dir='ltr'><strong>ita</strong></span> <span class='ocrx_word' id='word_1_523' title='bbox 1127 4108 1305 4178; x_wconf 80' lang='lat' dir='ltr'><strong>etjaui</strong></span> <span class='ocrx_word' id='word_1_524' title='bbox 1341 4126 1440 4160; x_wconf 89' lang='lat' dir='ltr'><strong>una</strong></span> <span class='ocrx_word' id='word_1_525' title='bbox 1471 4119 1630 4174; x_wconf 88' lang='lat' dir='ltr'><strong>atque</strong></span> <span class='ocrx_word' id='word_1_526' title='bbox 1662 4111 1964 4161; x_wconf 73' lang='lat' dir='ltr'><strong>indissimili</strong></span> <span class='ocrx_word' id='word_1_527' title='bbox 2001 4121 2164 4162; x_wconf 93' lang='lat' dir='ltr'><strong>totum</strong></span> <span class='ocrx_word' id='word_1_528' title='bbox 2193 4126 2285 4177; x_wconf 87' lang='lat' dir='ltr'><strong>per</strong></span> 
     </span>
    </p>
   </div>
   <div class='ocr_carea' id='block_1_73' title="bbox 705 4201 2285 4269">
    <p class='ocr_par' dir='ltr' id='par_1_73' title="bbox 705 4201 2285 4269">
     <span class='ocr_line' id='line_1_73' title="bbox 705 4201 2285 4269; baseline -0.001 -15"><span class='ocrx_word' id='word_1_529' title='bbox 705 4204 888 4254; x_wconf 88' lang='lat' dir='ltr'><strong>orbem</strong></span> <span class='ocrx_word' id='word_1_530' title='bbox 923 4213 1155 4252; x_wconf 79' lang='lat' dir='ltr'><strong>tonSura:</strong></span> <span class='ocrx_word' id='word_1_531' title='bbox 1187 4201 1285 4252; x_wconf 86' lang='lat' dir='ltr'><strong>sibi</strong></span> <span class='ocrx_word' id='word_1_532' title='bbox 1321 4202 1485 4252; x_wconf 86' lang='lat' dir='ltr'><strong>forma</strong></span> <span class='ocrx_word' id='word_1_533' title='bbox 1517 4211 1786 4269; x_wconf 77' lang='lat' dir='ltr'><strong>congruit.</strong></span> <span class='ocrx_word' id='word_1_534' title='bbox 1841 4203 2078 4267; x_wconf 79' lang='lat' dir='ltr'><strong>Denique</strong></span> <span class='ocrx_word' id='word_1_535' title='bbox 2112 4212 2160 4253; x_wconf 93' lang='lat' dir='ltr'><strong>nt</strong></span> <span class='ocrx_word' id='word_1_536' title='bbox 2195 4217 2285 4252; x_wconf 89' lang='lat' dir='ltr'><strong>su-</strong></span> 
     </span>
    </p>
   </div>
   <div class='ocr_carea' id='block_1_74' title="bbox 713 4289 2280 4358">
    <p class='ocr_par' dir='ltr' id='par_1_74' title="bbox 713 4289 2280 4358">
     <span class='ocr_line' id='line_1_74' title="bbox 713 4289 2280 4358; baseline -0.001 -16"><span class='ocrx_word' id='word_1_537' title='bbox 713 4293 946 4357; x_wconf 90' lang='lat' dir='ltr'><strong>periora,</strong></span> <span class='ocrx_word' id='word_1_538' title='bbox 984 4290 1031 4340; x_wconf 93' lang='lat' dir='ltr'><strong>id</strong></span> <span class='ocrx_word' id='word_1_539' title='bbox 1059 4297 1162 4351; x_wconf 85' lang='lat' dir='ltr'><strong>est,</strong></span> <span class='ocrx_word' id='word_1_540' title='bbox 1198 4289 1618 4354; x_wconf 85' lang='lat' dir='ltr'><strong>patriarcharum</strong></span> <span class='ocrx_word' id='word_1_541' title='bbox 1643 4299 1881 4356; x_wconf 69' lang='lat' dir='ltr'><strong>tempora</strong></span> <span class='ocrx_word' id='word_1_542' title='bbox 1911 4292 2280 4358; x_wconf 86' lang='lat' dir='ltr'><strong>respiciamus,</strong></span> 
     </span>
    </p>
   </div>
   <div class='ocr_carea' id='block_1_75' title="bbox 698 4378 2282 4446">
    <p class='ocr_par' dir='ltr' id='par_1_75' title="bbox 698 4378 2282 4446">
     <span class='ocr_line' id='line_1_75' title="bbox 698 4378 2282 4446; baseline 0.001 -15"><span class='ocrx_word' id='word_1_543' title='bbox 698 4379 818 4444; x_wconf 80' lang='lat' dir='ltr'><strong>Job,</strong></span> <span class='ocrx_word' id='word_1_544' title='bbox 845 4380 1116 4446; x_wconf 64' lang='lat' dir='ltr'><strong>exemplar</strong></span> <span class='ocrx_word' id='word_1_545' title='bbox 1145 4378 1436 4445; x_wconf 75' lang='lat' dir='ltr'><strong>patientiaz,</strong></span> <span class='ocrx_word' id='word_1_546' title='bbox 1463 4380 1740 4446; x_wconf 88' lang='lat' dir='ltr'><strong>ingruente</strong></span> <span class='ocrx_word' id='word_1_547' title='bbox 1770 4381 2169 4433; x_wconf 86' lang='lat' dir='ltr'><strong>tribulationum</strong></span> <span class='ocrx_word' id='word_1_548' title='bbox 2197 4398 2282 4434; x_wconf 87' lang='lat' dir='ltr'><strong>ar-</strong></span> 
     </span>
    </p>
   </div>
   <div class='ocr_carea' id='block_1_76' title="bbox 701 4467 2284 4538">
    <p class='ocr_par' dir='ltr' id='par_1_76' title="bbox 701 4467 2284 4538">
     <span class='ocr_line' id='line_1_76' title="bbox 701 4467 2284 4538; baseline 0.004 -20"><span class='ocrx_word' id='word_1_549' title='bbox 701 4468 888 4525; x_wconf 78' lang='lat' dir='ltr'><strong>ticido.</strong></span> <span class='ocrx_word' id='word_1_550' title='bbox 924 4475 1082 4534; x_wconf 89' lang='lat' dir='ltr'><strong>caput</strong></span> <span class='ocrx_word' id='word_1_551' title='bbox 1112 4467 1371 4530; x_wconf 85' lang='lat' dir='ltr'><strong>totondit;</strong></span> <span class='ocrx_word' id='word_1_552' title='bbox 1405 4468 1645 4534; x_wconf 87' lang='lat' dir='ltr'><strong>probavit</strong></span> <span class='ocrx_word' id='word_1_553' title='bbox 1668 4471 1849 4536; x_wconf 91' lang='lat' dir='ltr'><strong>utique</strong></span> <span class='ocrx_word' id='word_1_554' title='bbox 1887 4471 2008 4536; x_wconf 90' lang='lat' dir='ltr'><strong>quia</strong></span> <span class='ocrx_word' id='word_1_555' title='bbox 2043 4480 2284 4538; x_wconf 89' lang='lat' dir='ltr'><strong>tempore</strong></span> 
     </span>
    </p>
   </div>
   <div class='ocr_carea' id='block_1_77' title="bbox 701 4559 2283 4628">
    <p class='ocr_par' dir='ltr' id='par_1_77' title="bbox 701 4559 2283 4628">
     <span class='ocr_line' id='line_1_77' title="bbox 701 4559 2283 4628; baseline 0.001 -18"><span class='ocrx_word' id='word_1_556' title='bbox 701 4559 973 4611; x_wconf 86' lang='lat' dir='ltr'><strong>fclicitatis</strong></span> <span class='ocrx_word' id='word_1_557' title='bbox 1004 4559 1228 4624; x_wconf 76' lang='lat' dir='ltr'><strong>capillos</strong></span> <span class='ocrx_word' id='word_1_558' title='bbox 1253 4560 1459 4611; x_wconf 90' lang='lat' dir='ltr'><strong>nutrire</strong></span> <span class='ocrx_word' id='word_1_559' title='bbox 1487 4571 1863 4612; x_wconf 80' lang='lat' dir='ltr'><strong>coiisueverat.</strong></span> <span class='ocrx_word' id='word_1_560' title='bbox 1903 4563 1968 4614; x_wconf 78' lang='lat' dir='ltr'><strong>At</strong></span> <span class='ocrx_word' id='word_1_561' title='bbox 2001 4562 2201 4628; x_wconf 83' lang='lat' dir='ltr'><strong>Joseph</strong></span> <span class='ocrx_word' id='word_1_562' title='bbox 2230 4570 2283 4614; x_wconf 91' lang='lat' dir='ltr'><strong>et</strong></span> 
     </span>
    </p>
   </div>
   <div class='ocr_carea' id='block_1_78' title="bbox 2390 3383 3965 3452">
    <p class='ocr_par' dir='ltr' id='par_1_78' title="bbox 2390 3383 3965 3452">
     <span class='ocr_line' id='line_1_78' title="bbox 2390 3383 3965 3452; baseline 0.003 -20"><span class='ocrx_word' id='word_1_563' title='bbox 2390 3389 2727 3446; x_wconf 87' lang='lat' dir='ltr'><strong>peccatorum</strong></span> <span class='ocrx_word' id='word_1_564' title='bbox 2761 3395 3066 3435; x_wconf 83' lang='lat' dir='ltr'><strong>nostrorum</strong></span> <span class='ocrx_word' id='word_1_565' title='bbox 3088 3394 3346 3451; x_wconf 84' lang='lat' dir='ltr'><strong>portaret,</strong></span> <span class='ocrx_word' id='word_1_566' title='bbox 3373 3383 3422 3437; x_wconf 88' lang='lat' dir='ltr'><strong>id</strong></span> <span class='ocrx_word' id='word_1_567' title='bbox 3453 3394 3558 3448; x_wconf 84' lang='lat' dir='ltr'><strong>est,</strong></span> <span class='ocrx_word' id='word_1_568' title='bbox 3585 3395 3888 3452; x_wconf 81' lang='lat' dir='ltr'><strong>exportaret</strong></span> <span class='ocrx_word' id='word_1_569' title='bbox 3909 3395 3965 3438; x_wconf 80' lang='lat' dir='ltr'><strong>et</strong></span> 
     </span>
    </p>
   </div>
   <div class='ocr_carea' id='block_1_79' title="bbox 2388 3470 3955 3542">
    <p class='ocr_par' dir='ltr' id='par_1_79' title="bbox 2388 3470 3955 3542">
     <span class='ocr_line' id='line_1_79' title="bbox 2388 3470 3955 3542; baseline 0.005 -22"><span class='ocrx_word' id='word_1_570' title='bbox 2388 3470 2620 3521; x_wconf 87' lang='lat' dir='ltr'><strong>auferret</strong></span> <span class='ocrx_word' id='word_1_571' title='bbox 2650 3487 2676 3520; x_wconf 74' lang='grc' dir='ltr'><strong>ιι</strong></span> <span class='ocrx_word' id='word_1_572' title='bbox 2709 3470 2891 3533; x_wconf 86' lang='lat' dir='ltr'><strong>nobis,</strong></span> <span class='ocrx_word' id='word_1_573' title='bbox 2930 3489 3027 3524; x_wconf 87' lang='lat' dir='ltr'><strong>suo</strong></span> <span class='ocrx_word' id='word_1_574' title='bbox 3056 3489 3322 3542; x_wconf 87' lang='lat' dir='ltr'><strong>quemque</strong></span> <span class='ocrx_word' id='word_1_575' title='bbox 3357 3475 3408 3527; x_wconf 91' lang='lat' dir='ltr'><strong>in</strong></span> <span class='ocrx_word' id='word_1_576' title='bbox 3448 3478 3620 3530; x_wconf 78' lang='lat' dir='ltr'><strong>capite</strong></span> <span class='ocrx_word' id='word_1_577' title='bbox 3649 3490 3741 3542; x_wconf 89' lang='lat' dir='ltr'><strong>per</strong></span> <span class='ocrx_word' id='word_1_578' title='bbox 3765 3485 3955 3528; x_wconf 90' lang='lat' dir='ltr'><strong>tonsu-</strong></span> 
     </span>
    </p>
   </div>
   <div class='ocr_carea' id='block_1_80' title="bbox 2389 3564 3960 3633">
    <p class='ocr_par' dir='ltr' id='par_1_80' title="bbox 2389 3564 3960 3633">
     <span class='ocr_line' id='line_1_80' title="bbox 2389 3564 3960 3633; baseline 0.004 -22"><span class='ocrx_word' id='word_1_579' title='bbox 2389 3575 2499 3611; x_wconf 86' lang='lat' dir='ltr'><strong>ram</strong></span> <span class='ocrx_word' id='word_1_580' title='bbox 2545 3564 2831 3625; x_wconf 82' lang='lat' dir='ltr'><strong>pra:lcrre,</strong></span> <span class='ocrx_word' id='word_1_581' title='bbox 2869 3572 2923 3613; x_wconf 92' lang='lat' dir='ltr'><strong>ut</strong></span> <span class='ocrx_word' id='word_1_582' title='bbox 2965 3578 3025 3616; x_wconf 87' lang='lat' dir='ltr'><strong>se</strong></span> <span class='ocrx_word' id='word_1_583' title='bbox 3074 3565 3236 3617; x_wconf 88' lang='lat' dir='ltr'><strong>etiam</strong></span> <span class='ocrx_word' id='word_1_584' title='bbox 3280 3566 3550 3619; x_wconf 89' lang='lat' dir='ltr'><strong>irrisiones</strong></span> <span class='ocrx_word' id='word_1_585' title='bbox 3587 3576 3639 3619; x_wconf 89' lang='lat' dir='ltr'><strong>et</strong></span> <span class='ocrx_word' id='word_1_586' title='bbox 3677 3567 3960 3633; x_wconf 81' lang='lat' dir='ltr'><strong>opprobria</strong></span> 
     </span>
    </p>
   </div>
   <div class='ocr_carea' id='block_1_81' title="bbox 2387 3651 3962 3724">
    <p class='ocr_par' dir='ltr' id='par_1_81' title="bbox 2387 3651 3962 3724">
     <span class='ocr_line' id='line_1_81' title="bbox 2387 3651 3962 3724; baseline 0.005 -24"><span class='ocrx_word' id='word_1_587' title='bbox 2387 3666 2482 3718; x_wconf 91' lang='lat' dir='ltr'><strong>pro</strong></span> <span class='ocrx_word' id='word_1_588' title='bbox 2533 3651 2625 3702; x_wconf 92' lang='lat' dir='ltr'><strong>illo</strong></span> <span class='ocrx_word' id='word_1_589' title='bbox 2675 3653 2904 3706; x_wconf 64' lang='lat' dir='ltr'><strong>librnter</strong></span> <span class='ocrx_word' id='word_1_590' title='bbox 2935 3669 2997 3704; x_wconf 85' lang='lat' dir='ltr'><strong>ac</strong></span> <span class='ocrx_word' id='word_1_591' title='bbox 3061 3664 3313 3722; x_wconf 89' lang='lat' dir='ltr'><strong>prompto</strong></span> <span class='ocrx_word' id='word_1_592' title='bbox 3355 3657 3532 3709; x_wconf 85' lang='lat' dir='ltr'><strong>animo</strong></span> <span class='ocrx_word' id='word_1_593' title='bbox 3582 3656 3807 3710; x_wconf 74' lang='lat' dir='ltr'><strong>sufferre</strong></span> <span class='ocrx_word' id='word_1_594' title='bbox 3851 3658 3962 3724; x_wconf 87' lang='lat' dir='ltr'><strong>ipso</strong></span> 
     </span>
    </p>
   </div>
   <div class='ocr_carea' id='block_1_82' title="bbox 2386 3741 3959 3806">
    <p class='ocr_par' dir='ltr' id='par_1_82' title="bbox 2386 3741 3959 3806">
     <span class='ocr_line' id='line_1_82' title="bbox 2386 3741 3959 3806; baseline 0.003 -13"><span class='ocrx_word' id='word_1_595' title='bbox 2386 3743 2544 3793; x_wconf 89' lang='lat' dir='ltr'><strong>etiant</strong></span> <span class='ocrx_word' id='word_1_596' title='bbox 2580 3741 2918 3806; x_wconf 82' lang='lat' dir='ltr'><strong>frontispicio</strong></span> <span class='ocrx_word' id='word_1_597' title='bbox 2941 3743 3196 3806; x_wconf 85' lang='lat' dir='ltr'><strong>doceant,</strong></span> <span class='ocrx_word' id='word_1_598' title='bbox 3223 3753 3280 3796; x_wconf 88' lang='lat' dir='ltr'><strong>ut</strong></span> <span class='ocrx_word' id='word_1_599' title='bbox 3302 3760 3556 3798; x_wconf 86' lang='lat' dir='ltr'><strong>coronam</strong></span> <span class='ocrx_word' id='word_1_600' title='bbox 3582 3747 3699 3798; x_wconf 80' lang='lat' dir='ltr'><strong>vita:</strong></span> <span class='ocrx_word' id='word_1_601' title='bbox 3723 3760 3959 3806; x_wconf 65' lang='grc' dir='ltr'><strong>ωσι-ηδε,</strong></span> 
     </span>
    </p>
   </div>
   <div class='ocr_carea' id='block_1_83' title="bbox 2387 3834 3964 3903">
    <p class='ocr_par' dir='ltr' id='par_1_83' title="bbox 2387 3834 3964 3903">
     <span class='ocr_line' id='line_1_83' title="bbox 2387 3834 3964 3903; baseline 0.003 -20"><span class='ocrx_word' id='word_1_602' title='bbox 2387 3847 2545 3898; x_wconf 85' lang='lat' dir='ltr'><strong>quam</strong></span> <span class='ocrx_word' id='word_1_603' title='bbox 2579 3834 2889 3900; x_wconf 81' lang='lat' dir='ltr'><strong>repromisit</strong></span> <span class='ocrx_word' id='word_1_604' title='bbox 2933 3834 3072 3887; x_wconf 85' lang='lat' dir='ltr'><strong>Deus</strong></span> <span class='ocrx_word' id='word_1_605' title='bbox 3121 3835 3465 3903; x_wconf 88' lang='lat' dir='ltr'><strong>diligentibus</strong></span> <span class='ocrx_word' id='word_1_606' title='bbox 3493 3851 3572 3902; x_wconf 88' lang='lat' dir='ltr'><strong>se,</strong></span> <span class='ocrx_word' id='word_1_607' title='bbox 3630 3851 3842 3902; x_wconf 86' lang='lat' dir='ltr'><strong>semper</strong></span> <span class='ocrx_word' id='word_1_608' title='bbox 3870 3853 3964 3888; x_wconf 81' lang='lat' dir='ltr'><strong>ex-</strong></span> 
     </span>
    </p>
   </div>
   <div class='ocr_carea' id='block_1_84' title="bbox 2388 3925 3962 3992">
    <p class='ocr_par' dir='ltr' id='par_1_84' title="bbox 2388 3925 3962 3992">
     <span class='ocr_line' id='line_1_84' title="bbox 2388 3925 3962 3992; baseline 0.004 -20"><span class='ocrx_word' id='word_1_609' title='bbox 2388 3933 2635 3987; x_wconf 83' lang='lat' dir='ltr'><strong>spectare</strong></span> <span class='ocrx_word' id='word_1_610' title='bbox 2660 3963 2674 3985; x_wconf 93' lang='lat'><strong>,</strong></span> <span class='ocrx_word' id='word_1_611' title='bbox 2725 3938 2928 3990; x_wconf 90' lang='lat' dir='ltr'><strong>proque</strong></span> <span class='ocrx_word' id='word_1_612' title='bbox 2972 3925 3130 3991; x_wconf 81' lang='lat' dir='ltr'><strong>hujus</strong></span> <span class='ocrx_word' id='word_1_613' title='bbox 3172 3928 3517 3992; x_wconf 64' lang='lat' dir='ltr'><strong>perceptione</strong></span> <span class='ocrx_word' id='word_1_614' title='bbox 3557 3935 3609 3977; x_wconf 91' lang='lat' dir='ltr'><strong>et</strong></span> <span class='ocrx_word' id='word_1_615' title='bbox 3649 3928 3864 3978; x_wconf 87' lang='lat' dir='ltr'><strong>adversa</strong></span> <span class='ocrx_word' id='word_1_616' title='bbox 3903 3941 3962 3980; x_wconf 80' lang='lat' dir='ltr'><strong>se</strong></span> 
     </span>
    </p>
   </div>
   <div class='ocr_carea' id='block_1_85' title="bbox 2387 4013 3959 4080">
    <p class='ocr_par' dir='ltr' id='par_1_85' title="bbox 2387 4013 3959 4080">
     <span class='ocr_line' id='line_1_85' title="bbox 2387 4013 3959 4080; baseline 0.004 -19"><span class='ocrx_word' id='word_1_617' title='bbox 2387 4013 2566 4061; x_wconf 89' lang='lat' dir='ltr'><strong>mundi</strong></span> <span class='ocrx_word' id='word_1_618' title='bbox 2601 4021 2654 4063; x_wconf 90' lang='lat' dir='ltr'><strong>et</strong></span> <span class='ocrx_word' id='word_1_619' title='bbox 2685 4026 2941 4078; x_wconf 86' lang='lat' dir='ltr'><strong>prospera</strong></span> <span class='ocrx_word' id='word_1_620' title='bbox 2974 4023 3320 4066; x_wconf 82' lang='lat' dir='ltr'><strong>contemnere</strong></span> <span class='ocrx_word' id='word_1_621' title='bbox 3355 4015 3654 4080; x_wconf 75' lang='lat' dir='ltr'><strong>designent.</strong></span> <span class='ocrx_word' id='word_1_622' title='bbox 3697 4015 3959 4067; x_wconf 70' lang='lat' dir='ltr'><strong>(Steterunt</strong></span> 
     </span>
    </p>
   </div>
   <div class='ocr_carea' id='block_1_86' title="bbox 2389 4106 3960 4172">
    <p class='ocr_par' dir='ltr' id='par_1_86' title="bbox 2389 4106 3960 4172">
     <span class='ocr_line' id='line_1_86' title="bbox 2389 4106 3960 4172; baseline 0.004 -21"><span class='ocrx_word' id='word_1_623' title='bbox 2389 4112 2667 4154; x_wconf 84' lang='lat' dir='ltr'><strong>tonsuram</strong></span> <span class='ocrx_word' id='word_1_624' title='bbox 2693 4118 2810 4156; x_wconf 88' lang='lat' dir='ltr'><strong>eam</strong></span> <span class='ocrx_word' id='word_1_625' title='bbox 2838 4119 2994 4170; x_wconf 89' lang='lat' dir='ltr'><strong>quam</strong></span> <span class='ocrx_word' id='word_1_626' title='bbox 3026 4119 3238 4172; x_wconf 84' lang='lat' dir='ltr'><strong>magum</strong></span> <span class='ocrx_word' id='word_1_627' title='bbox 3307 4106 3484 4158; x_wconf 90' lang='lat' dir='ltr'><strong>ferunt</strong></span> <span class='ocrx_word' id='word_1_628' title='bbox 3508 4108 3754 4159; x_wconf 88' lang='lat' dir='ltr'><strong>habuisse</strong></span> <span class='ocrx_word' id='word_1_629' title='bbox 3783 4107 3960 4160; x_wconf 83' lang='lat' dir='ltr'><strong>Simo-</strong></span> 
     </span>
    </p>
   </div>
   <div class='ocr_carea' id='block_1_87' title="bbox 2391 4194 3959 4265">
    <p class='ocr_par' dir='ltr' id='par_1_87' title="bbox 2391 4194 3959 4265">
     <span class='ocr_line' id='line_1_87' title="bbox 2391 4194 3959 4265; baseline 0.003 -23"><span class='ocrx_word' id='word_1_630' title='bbox 2391 4208 2536 4253; x_wconf 85' lang='lat' dir='ltr'><strong>nem,</strong></span> <span class='ocrx_word' id='word_1_631' title='bbox 2572 4194 2695 4258; x_wconf 89' lang='lat' dir='ltr'><strong>quis</strong></span> <span class='ocrx_word' id='word_1_632' title='bbox 2729 4208 2857 4260; x_wconf 83' lang='lat' dir='ltr'><strong>rogo</strong></span> <span class='ocrx_word' id='word_1_633' title='bbox 2889 4194 3128 4246; x_wconf 91' lang='lat' dir='ltr'><strong>fidelium</strong></span> <span class='ocrx_word' id='word_1_634' title='bbox 3153 4211 3258 4246; x_wconf 88' lang='lat' dir='ltr'><strong>non</strong></span> <span class='ocrx_word' id='word_1_635' title='bbox 3288 4197 3466 4248; x_wconf 81' lang='lat' dir='ltr'><strong>statim</strong></span> <span class='ocrx_word' id='word_1_636' title='bbox 3497 4210 3613 4247; x_wconf 86' lang='lat' dir='ltr'><strong>cum</strong></span> <span class='ocrx_word' id='word_1_637' title='bbox 3646 4197 3757 4262; x_wconf 83' lang='lat' dir='ltr'><strong>ipsa</strong></span> <span class='ocrx_word' id='word_1_638' title='bbox 3789 4197 3959 4265; x_wconf 79' lang='lat' dir='ltr'><strong>magia</strong></span> 
     </span>
    </p>
   </div>
   <div class='ocr_carea' id='block_1_88' title="bbox 2388 4285 3961 4356">
    <p class='ocr_par' dir='ltr' id='par_1_88' title="bbox 2388 4285 3961 4356">
     <span class='ocr_line' id='line_1_88' title="bbox 2388 4285 3961 4356; baseline 0.005 -24"><span class='ocrx_word' id='word_1_639' title='bbox 2388 4285 2559 4350; x_wconf 89' lang='lat' dir='ltr'><strong>primo</strong></span> <span class='ocrx_word' id='word_1_640' title='bbox 2596 4285 2892 4338; x_wconf 78' lang='lat' dir='ltr'><strong>detestetur</strong></span> <span class='ocrx_word' id='word_1_641' title='bbox 2919 4295 2972 4338; x_wconf 89' lang='lat' dir='ltr'><strong>et</strong></span> <span class='ocrx_word' id='word_1_642' title='bbox 3011 4287 3201 4340; x_wconf 89' lang='lat' dir='ltr'><strong>merito</strong></span> <span class='ocrx_word' id='word_1_643' title='bbox 3239 4288 3516 4342; x_wconf 76' lang='lat' dir='ltr'><strong>exsufﬂet?</strong></span> <span class='ocrx_word' id='word_1_644' title='bbox 3569 4291 3697 4353; x_wconf 82' lang='lat' dir='ltr'><strong>Qua:</strong></span> <span class='ocrx_word' id='word_1_645' title='bbox 3744 4299 3961 4356; x_wconf 68' lang='lat' dir='ltr'><strong>aspectu</strong></span> 
     </span>
    </p>
   </div>
   <div class='ocr_carea' id='block_1_89' title="bbox 2389 4377 3958 4447">
    <p class='ocr_par' dir='ltr' id='par_1_89' title="bbox 2389 4377 3958 4447">
     <span class='ocr_line' id='line_1_89' title="bbox 2389 4377 3958 4447; baseline 0.002 -20"><span class='ocrx_word' id='word_1_646' title='bbox 2389 4377 2439 4428; x_wconf 93' lang='lat' dir='ltr'><strong>iu</strong></span> <span class='ocrx_word' id='word_1_647' title='bbox 2475 4377 2664 4429; x_wconf 85' lang='lat' dir='ltr'><strong>frontis</strong></span> <span class='ocrx_word' id='word_1_648' title='bbox 2691 4378 2904 4443; x_wconf 87' lang='lat' dir='ltr'><strong>quidem</strong></span> <span class='ocrx_word' id='word_1_649' title='bbox 2937 4379 3222 4445; x_wconf 87' lang='lat' dir='ltr'><strong>superficie</strong></span> <span class='ocrx_word' id='word_1_650' title='bbox 3251 4393 3466 4433; x_wconf 76' lang='lat' dir='ltr'><strong>corona:</strong></span> <span class='ocrx_word' id='word_1_651' title='bbox 3493 4379 3700 4433; x_wconf 87' lang='lat' dir='ltr'><strong>videtur</strong></span> <span class='ocrx_word' id='word_1_652' title='bbox 3724 4382 3958 4447; x_wconf 84' lang='lat' dir='ltr'><strong>speciem</strong></span> 
     </span>
    </p>
   </div>
   <div class='ocr_carea' id='block_1_90' title="bbox 2387 4468 3962 4538">
    <p class='ocr_par' dir='ltr' id='par_1_90' title="bbox 2387 4468 3962 4538">
     <span class='ocr_line' id='line_1_90' title="bbox 2387 4468 3962 4538; baseline 0.004 -20"><span class='ocrx_word' id='word_1_653' title='bbox 2387 4468 2674 4535; x_wconf 70' lang='lat' dir='ltr'><strong>przeferre,</strong></span> <span class='ocrx_word' id='word_1_654' title='bbox 2709 4469 2801 4521; x_wconf 84' lang='lat' dir='ltr'><strong>sed</strong></span> <span class='ocrx_word' id='word_1_655' title='bbox 2833 4468 2918 4521; x_wconf 90' lang='lat' dir='ltr'><strong>ubi</strong></span> <span class='ocrx_word' id='word_1_656' title='bbox 2951 4469 3016 4522; x_wconf 87' lang='lat' dir='ltr'><strong>ad</strong></span> <span class='ocrx_word' id='word_1_657' title='bbox 3046 4471 3312 4523; x_wconf 80' lang='lat' dir='ltr'><strong>cervieem</strong></span> <span class='ocrx_word' id='word_1_658' title='bbox 3352 4471 3742 4523; x_wconf 87' lang='lat' dir='ltr'><strong>considerando</strong></span> <span class='ocrx_word' id='word_1_659' title='bbox 3773 4487 3962 4538; x_wconf 82' lang='lat' dir='ltr'><strong>perve-</strong></span> 
     </span>
    </p>
   </div>
   <div class='ocr_carea' id='block_1_91' title="bbox 2389 4560 3960 4628">
    <p class='ocr_par' dir='ltr' id='par_1_91' title="bbox 2389 4560 3960 4628">
     <span class='ocr_line' id='line_1_91' title="bbox 2389 4560 3960 4628; baseline 0.002 -20"><span class='ocrx_word' id='word_1_660' title='bbox 2389 4560 2562 4621; x_wconf 70' lang='lat' dir='ltr'><strong>neris,</strong></span> <span class='ocrx_word' id='word_1_661' title='bbox 2618 4561 2947 4611; x_wconf 82' lang='lat' dir='ltr'><strong>decurtatam</strong></span> <span class='ocrx_word' id='word_1_662' title='bbox 2979 4574 3096 4612; x_wconf 72' lang='lat' dir='ltr'><strong>eam</strong></span> <span class='ocrx_word' id='word_1_663' title='bbox 3141 4576 3299 4626; x_wconf 81' lang='lat' dir='ltr'><strong>quant</strong></span> <span class='ocrx_word' id='word_1_664' title='bbox 3337 4571 3385 4613; x_wconf 93' lang='lat' dir='ltr'><strong>te</strong></span> <span class='ocrx_word' id='word_1_665' title='bbox 3415 4561 3598 4614; x_wconf 88' lang='lat' dir='ltr'><strong>videre</strong></span> <span class='ocrx_word' id='word_1_666' title='bbox 3629 4561 3852 4628; x_wconf 78' lang='lat' dir='ltr'><strong>putabas</strong></span> <span class='ocrx_word' id='word_1_667' title='bbox 3883 4563 3960 4612; x_wconf 79' lang='lat' dir='ltr'><strong>in-</strong></span> 
     </span>
    </p>
   </div>
   <div class='ocr_carea' id='block_1_92' title="bbox 700 4628 3958 4718">
    <p class='ocr_par' dir='ltr' id='par_1_92' title="bbox 700 4628 3958 4718">
     <span class='ocr_line' id='line_1_92' title="bbox 700 4628 3958 4718; baseline 0.001 -18"><span class='ocrx_word' id='word_1_668' title='bbox 700 4648 816 4715; x_wconf 88' lang='lat' dir='ltr'><strong>ipse</strong></span> <span class='ocrx_word' id='word_1_669' title='bbox 856 4647 1151 4709; x_wconf 84' lang='lat' dir='ltr'><strong>castitatis,</strong></span> <span class='ocrx_word' id='word_1_670' title='bbox 1183 4648 1494 4700; x_wconf 84' lang='lat' dir='ltr'><strong>humilitatis</strong></span> <span class='ocrx_word' id='word_1_671' title='bbox 1515 4685 1531 4710; x_wconf 86' lang='lat'><strong>,</strong></span> <span class='ocrx_word' id='word_1_672' title='bbox 1567 4647 1800 4714; x_wconf 86' lang='lat' dir='ltr'><strong>pietatis,</strong></span> <span class='ocrx_word' id='word_1_673' title='bbox 1850 4659 2280 4718; x_wconf 68' lang='lat' dir='ltr'><strong>creterarumque</strong></span> <span class='ocrx_word' id='word_1_674' title='bbox 2309 4628 2361 4687; x_wconf 80' lang='lat' dir='ltr'><strong>D</strong></span> <span class='ocrx_word' id='word_1_675' title='bbox 2391 4652 2572 4702; x_wconf 83' lang='lat' dir='ltr'><strong>venies</strong></span> <span class='ocrx_word' id='word_1_676' title='bbox 2600 4665 2880 4702; x_wconf 84' lang='lat' dir='ltr'><strong>coronam.</strong></span> <span class='ocrx_word' id='word_1_677' title='bbox 2929 4643 2998 4703; x_wconf 83' lang='lat' dir='ltr'><strong>Ut</strong></span> <span class='ocrx_word' id='word_1_678' title='bbox 3028 4651 3220 4703; x_wconf 89' lang='lat' dir='ltr'><strong>merito</strong></span> <span class='ocrx_word' id='word_1_679' title='bbox 3248 4653 3405 4705; x_wconf 78' lang='lat' dir='ltr'><strong>talem</strong></span> <span class='ocrx_word' id='word_1_680' title='bbox 3439 4651 3743 4703; x_wconf 84' lang='lat' dir='ltr'><strong>simoniacis</strong></span> <span class='ocrx_word' id='word_1_681' title='bbox 3771 4661 3824 4703; x_wconf 86' lang='lat' dir='ltr'><strong>et</strong></span> <span class='ocrx_word' id='word_1_682' title='bbox 3855 4667 3958 4702; x_wconf 76' lang='lat' dir='ltr'><strong>non</strong></span> 
     </span>
    </p>
   </div>
   <div class='ocr_carea' id='block_1_93' title="bbox 700 4739 2282 4802">
    <p class='ocr_par' dir='ltr' id='par_1_93' title="bbox 700 4739 2282 4802">
     <span class='ocr_line' id='line_1_93' title="bbox 700 4739 2282 4802; baseline 0.005 -12"><span class='ocrx_word' id='word_1_683' title='bbox 700 4739 986 4800; x_wconf 82' lang='lat' dir='ltr'><strong>virtutum,</strong></span> <span class='ocrx_word' id='word_1_684' title='bbox 1038 4751 1322 4792; x_wconf 71' lang='lat' dir='ltr'><strong>exsecutor</strong></span> <span class='ocrx_word' id='word_1_685' title='bbox 1364 4755 1426 4792; x_wconf 88' lang='lat' dir='ltr'><strong>ac</strong></span> <span class='ocrx_word' id='word_1_686' title='bbox 1456 4740 1646 4794; x_wconf 89' lang='lat' dir='ltr'><strong>doctor</strong></span> <span class='ocrx_word' id='word_1_687' title='bbox 1681 4742 1939 4802; x_wconf 75' lang='lat' dir='ltr'><strong>eximius,</strong></span> <span class='ocrx_word' id='word_1_688' title='bbox 1986 4761 2106 4796; x_wconf 88' lang='lat' dir='ltr'><strong>cutn</strong></span> <span class='ocrx_word' id='word_1_689' title='bbox 2139 4755 2282 4800; x_wconf 87' lang='lat' dir='ltr'><strong>esset</strong></span> 
     </span>
    </p>
   </div>
   <div class='ocr_carea' id='block_1_94' title="bbox 702 4829 2277 4903">
    <p class='ocr_par' dir='ltr' id='par_1_94' title="bbox 702 4829 2277 4903">
     <span class='ocr_line' id='line_1_94' title="bbox 702 4829 2277 4903; baseline 0.006 -21"><span class='ocrx_word' id='word_1_690' title='bbox 702 4830 920 4882; x_wconf 82' lang='lat' dir='ltr'><strong>servitio</strong></span> <span class='ocrx_word' id='word_1_691' title='bbox 962 4829 1356 4890; x_wconf 82' lang='lat' dir='ltr'><strong>absolvendus.</strong></span> <span class='ocrx_word' id='word_1_692' title='bbox 1402 4841 1644 4884; x_wconf 88' lang='lat' dir='ltr'><strong>attonsus</strong></span> <span class='ocrx_word' id='word_1_693' title='bbox 1690 4848 1811 4886; x_wconf 86' lang='lat' dir='ltr'><strong>esse</strong></span> <span class='ocrx_word' id='word_1_694' title='bbox 1858 4834 2080 4902; x_wconf 76' lang='lat' dir='ltr'><strong>legitur;</strong></span> <span class='ocrx_word' id='word_1_695' title='bbox 2131 4849 2277 4903; x_wconf 89' lang='lat' dir='ltr'><strong>patet</strong></span> 
     </span>
    </p>
   </div>
   <div class='ocr_carea' id='block_1_95' title="bbox 703 4921 2278 4988">
    <p class='ocr_par' dir='ltr' id='par_1_95' title="bbox 703 4921 2278 4988">
     <span class='ocr_line' id='line_1_95' title="bbox 703 4921 2278 4988; baseline 0.004 -15"><span class='ocrx_word' id='word_1_696' title='bbox 703 4922 937 4988; x_wconf 88' lang='lat' dir='ltr'><strong>profecto</strong></span> <span class='ocrx_word' id='word_1_697' title='bbox 970 4921 1088 4987; x_wconf 89' lang='lat' dir='ltr'><strong>quia</strong></span> <span class='ocrx_word' id='word_1_698' title='bbox 1119 4932 1359 4988; x_wconf 85' lang='lat' dir='ltr'><strong>tempore</strong></span> <span class='ocrx_word' id='word_1_699' title='bbox 1403 4921 1675 4975; x_wconf 86' lang='lat' dir='ltr'><strong>servitutis</strong></span> <span class='ocrx_word' id='word_1_700' title='bbox 1707 4923 1933 4976; x_wconf 79' lang='lat' dir='ltr'><strong>intonsis</strong></span> <span class='ocrx_word' id='word_1_701' title='bbox 1968 4927 2016 4976; x_wconf 87' lang='lat' dir='ltr'><strong>iii</strong></span> <span class='ocrx_word' id='word_1_702' title='bbox 2060 4940 2278 4980; x_wconf 87' lang='lat' dir='ltr'><strong>carcere</strong></span> 
     </span>
    </p>
   </div>
   <div class='ocr_carea' id='block_1_96' title="bbox 699 5013 2275 5084">
    <p class='ocr_par' dir='ltr' id='par_1_96' title="bbox 699 5013 2275 5084">
     <span class='ocr_line' id='line_1_96' title="bbox 699 5013 2275 5084; baseline 0.003 -19"><span class='ocrx_word' id='word_1_703' title='bbox 699 5014 937 5066; x_wconf 88' lang='lat' dir='ltr'><strong>crinibus</strong></span> <span class='ocrx_word' id='word_1_704' title='bbox 978 5028 1197 5065; x_wconf 88' lang='lat' dir='ltr'><strong>manere</strong></span> <span class='ocrx_word' id='word_1_705' title='bbox 1239 5013 1466 5067; x_wconf 81' lang='lat' dir='ltr'><strong>solebat.</strong></span> <span class='ocrx_word' id='word_1_706' title='bbox 1515 5015 1653 5068; x_wconf 86' lang='lat' dir='ltr'><strong>Ecce</strong></span> <span class='ocrx_word' id='word_1_707' title='bbox 1691 5025 1912 5084; x_wconf 87' lang='lat' dir='ltr'><strong>uterque</strong></span> <span class='ocrx_word' id='word_1_708' title='bbox 1941 5021 2016 5070; x_wconf 67' lang='lat' dir='ltr'><strong>vir</strong></span> <span class='ocrx_word' id='word_1_709' title='bbox 2053 5017 2142 5072; x_wconf 81' lang='lat' dir='ltr'><strong>Dei</strong></span> <span class='ocrx_word' id='word_1_710' title='bbox 2193 5019 2275 5072; x_wconf 85' lang='lat' dir='ltr'><strong>di-</strong></span> 
     </span>
    </p>
   </div>
   <div class='ocr_carea' id='block_1_97' title="bbox 700 5106 2279 5179">
    <p class='ocr_par' dir='ltr' id='par_1_97' title="bbox 700 5106 2279 5179">
     <span class='ocr_line' id='line_1_97' title="bbox 700 5106 2279 5179; baseline 0.006 -23"><span class='ocrx_word' id='word_1_711' title='bbox 700 5121 912 5161; x_wconf 81' lang='lat' dir='ltr'><strong>versum</strong></span> <span class='ocrx_word' id='word_1_712' title='bbox 939 5107 1006 5159; x_wconf 85' lang='lat' dir='ltr'><strong>ab</strong></span> <span class='ocrx_word' id='word_1_713' title='bbox 1028 5106 1196 5159; x_wconf 88' lang='lat' dir='ltr'><strong>altero</strong></span> <span class='ocrx_word' id='word_1_714' title='bbox 1233 5107 1410 5159; x_wconf 84' lang='lat' dir='ltr'><strong>vultus</strong></span> <span class='ocrx_word' id='word_1_715' title='bbox 1447 5107 1686 5162; x_wconf 88' lang='lat' dir='ltr'><strong>habitum</strong></span> <span class='ocrx_word' id='word_1_716' title='bbox 1723 5111 1854 5163; x_wconf 88' lang='lat' dir='ltr'><strong>foris</strong></span> <span class='ocrx_word' id='word_1_717' title='bbox 1900 5126 2279 5179; x_wconf 76' lang='lat' dir='ltr'><strong>prwmonstra-</strong></span> 
     </span>
    </p>
   </div>
   <div class='ocr_carea' id='block_1_98' title="bbox 700 5199 2275 5274">
    <p class='ocr_par' dir='ltr' id='par_1_98' title="bbox 700 5199 2275 5274">
     <span class='ocr_line' id='line_1_98' title="bbox 700 5199 2275 5274; baseline 0.008 -24"><span class='ocrx_word' id='word_1_718' title='bbox 700 5199 807 5262; x_wconf 83' lang='lat' dir='ltr'><strong>bat,</strong></span> <span class='ocrx_word' id='word_1_719' title='bbox 841 5215 1065 5267; x_wconf 91' lang='lat' dir='ltr'><strong>quorum</strong></span> <span class='ocrx_word' id='word_1_720' title='bbox 1097 5211 1271 5254; x_wconf 85' lang='lat' dir='ltr'><strong>tamen</strong></span> <span class='ocrx_word' id='word_1_721' title='bbox 1305 5203 1446 5255; x_wconf 87' lang='lat' dir='ltr'><strong>intus</strong></span> <span class='ocrx_word' id='word_1_722' title='bbox 1471 5205 1802 5258; x_wconf 76' lang='lat' dir='ltr'><strong>conscientia</strong></span> <span class='ocrx_word' id='word_1_723' title='bbox 1836 5206 1888 5258; x_wconf 93' lang='lat' dir='ltr'><strong>in</strong></span> <span class='ocrx_word' id='word_1_724' title='bbox 1923 5209 2074 5274; x_wconf 89' lang='lat' dir='ltr'><strong>parili</strong></span> <span class='ocrx_word' id='word_1_725' title='bbox 2107 5209 2275 5261; x_wconf 89' lang='lat' dir='ltr'><strong>virtu-</strong></span> 
     </span>
    </p>
   </div>
   <div class='ocr_carea' id='block_1_99' title="bbox 701 5290 2277 5363">
    <p class='ocr_par' dir='ltr' id='par_1_99' title="bbox 701 5290 2277 5363">
     <span class='ocr_line' id='line_1_99' title="bbox 701 5290 2277 5363; baseline 0.008 -25"><span class='ocrx_word' id='word_1_726' title='bbox 701 5297 808 5339; x_wconf 91' lang='lat' dir='ltr'><strong>tum</strong></span> <span class='ocrx_word' id='word_1_727' title='bbox 843 5291 942 5342; x_wconf 88' lang='lat' dir='ltr'><strong>sibi</strong></span> <span class='ocrx_word' id='word_1_728' title='bbox 976 5290 1145 5357; x_wconf 86' lang='lat' dir='ltr'><strong>gratia</strong></span> <span class='ocrx_word' id='word_1_729' title='bbox 1179 5293 1562 5345; x_wconf 81' lang='lat' dir='ltr'><strong>concordabat.</strong></span> <span class='ocrx_word' id='word_1_730' title='bbox 1601 5293 1798 5347; x_wconf 82' lang='lat' dir='ltr'><strong>Verum</strong></span> <span class='ocrx_word' id='word_1_731' title='bbox 1842 5296 1884 5347; x_wconf 88' lang='lat' dir='ltr'><strong>si</strong></span> <span class='ocrx_word' id='word_1_732' title='bbox 1913 5298 2148 5363; x_wconf 88' lang='lat' dir='ltr'><strong>profiteri</strong></span> <span class='ocrx_word' id='word_1_733' title='bbox 2182 5315 2277 5351; x_wconf 81' lang='lat' dir='ltr'><strong>uo-</strong></span> 
     </span>
    </p>
   </div>
   <div class='ocr_carea' id='block_1_100' title="bbox 700 5378 2276 5449">
    <p class='ocr_par' dir='ltr' id='par_1_100' title="bbox 700 5378 2276 5449">
     <span class='ocr_line' id='line_1_100' title="bbox 700 5378 2276 5449; baseline 0.008 -19"><span class='ocrx_word' id='word_1_734' title='bbox 700 5378 781 5430; x_wconf 89' lang='lat' dir='ltr'><strong>his</strong></span> <span class='ocrx_word' id='word_1_735' title='bbox 811 5378 1034 5432; x_wconf 87' lang='lat' dir='ltr'><strong>liberum</strong></span> <span class='ocrx_word' id='word_1_736' title='bbox 1064 5393 1168 5446; x_wconf 73' lang='grc' dir='ltr'><strong>ρει,</strong></span> <span class='ocrx_word' id='word_1_737' title='bbox 1193 5381 1316 5449; x_wconf 87' lang='lat' dir='ltr'><strong>quia</strong></span> <span class='ocrx_word' id='word_1_738' title='bbox 1350 5389 1586 5436; x_wconf 71' lang='lat' dir='ltr'><strong>tonsura:</strong></span> <span class='ocrx_word' id='word_1_739' title='bbox 1628 5385 1920 5438; x_wconf 88' lang='lat' dir='ltr'><strong>discrimen</strong></span> <span class='ocrx_word' id='word_1_740' title='bbox 1951 5405 2055 5440; x_wconf 92' lang='lat' dir='ltr'><strong>non</strong></span> <span class='ocrx_word' id='word_1_741' title='bbox 2087 5400 2276 5442; x_wconf 80' lang='lat' dir='ltr'><strong>uocent</strong></span> 
     </span>
    </p>
   </div>
   <div class='ocr_carea' id='block_1_101' title="bbox 696 5470 2270 5539">
    <p class='ocr_par' dir='ltr' id='par_1_101' title="bbox 696 5470 2270 5539">
     <span class='ocr_line' id='line_1_101' title="bbox 696 5470 2270 5539; baseline 0.009 -22"><span class='ocrx_word' id='word_1_742' title='bbox 696 5470 889 5535; x_wconf 89' lang='lat' dir='ltr'><strong>quibus</strong></span> <span class='ocrx_word' id='word_1_743' title='bbox 916 5486 1042 5537; x_wconf 90' lang='lat' dir='ltr'><strong>pura</strong></span> <span class='ocrx_word' id='word_1_744' title='bbox 1074 5471 1123 5522; x_wconf 92' lang='lat' dir='ltr'><strong>in</strong></span> <span class='ocrx_word' id='word_1_745' title='bbox 1157 5471 1321 5524; x_wconf 81' lang='lat' dir='ltr'><strong>Deum</strong></span> <span class='ocrx_word' id='word_1_746' title='bbox 1369 5471 1499 5525; x_wconf 87' lang='lat' dir='ltr'><strong>fides</strong></span> <span class='ocrx_word' id='word_1_747' title='bbox 1528 5482 1581 5525; x_wconf 92' lang='lat' dir='ltr'><strong>et</strong></span> <span class='ocrx_word' id='word_1_748' title='bbox 1608 5475 1842 5527; x_wconf 82' lang='lat' dir='ltr'><strong>Charitas</strong></span> <span class='ocrx_word' id='word_1_749' title='bbox 1878 5476 1927 5528; x_wconf 84' lang='lat' dir='ltr'><strong>iii</strong></span> <span class='ocrx_word' id='word_1_750' title='bbox 1975 5484 2270 5539; x_wconf 80' lang='lat' dir='ltr'><strong>proximum</strong></span> 
     </span>
    </p>
   </div>
   <div class='ocr_carea' id='block_1_102' title="bbox 697 5557 2275 5632">
    <p class='ocr_par' dir='ltr' id='par_1_102' title="bbox 697 5557 2275 5632">
     <span class='ocr_line' id='line_1_102' title="bbox 697 5557 2275 5632; baseline 0.009 -24"><span class='ocrx_word' id='word_1_751' title='bbox 697 5557 902 5611; x_wconf 84' lang='lat' dir='ltr'><strong>sincera</strong></span> <span class='ocrx_word' id='word_1_752' title='bbox 936 5570 1047 5624; x_wconf 75' lang='lat' dir='ltr'><strong>est,</strong></span> <span class='ocrx_word' id='word_1_753' title='bbox 1099 5562 1327 5614; x_wconf 80' lang='lat' dir='ltr'><strong>maxime</strong></span> <span class='ocrx_word' id='word_1_754' title='bbox 1357 5577 1479 5613; x_wconf 88' lang='lat' dir='ltr'><strong>cmn</strong></span> <span class='ocrx_word' id='word_1_755' title='bbox 1513 5579 1780 5628; x_wconf 84' lang='lat' dir='ltr'><strong>nunquam</strong></span> <span class='ocrx_word' id='word_1_756' title='bbox 1821 5567 2062 5632; x_wconf 78' lang='lat' dir='ltr'><strong>patribus</strong></span> <span class='ocrx_word' id='word_1_757' title='bbox 2091 5569 2275 5622; x_wconf 86' lang='lat' dir='ltr'><strong>catho-</strong></span> 
     </span>
    </p>
   </div>
   <div class='ocr_carea' id='block_1_103' title="bbox 700 5648 2270 5727">
    <p class='ocr_par' dir='ltr' id='par_1_103' title="bbox 700 5648 2270 5727">
     <span class='ocr_line' id='line_1_103' title="bbox 700 5648 2270 5727; baseline 0.009 -28"><span class='ocrx_word' id='word_1_758' title='bbox 700 5648 817 5701; x_wconf 88' lang='lat' dir='ltr'><strong>licis</strong></span> <span class='ocrx_word' id='word_1_759' title='bbox 847 5651 984 5703; x_wconf 88' lang='lat' dir='ltr'><strong>sicut</strong></span> <span class='ocrx_word' id='word_1_760' title='bbox 1012 5652 1078 5704; x_wconf 87' lang='lat' dir='ltr'><strong>de</strong></span> <span class='ocrx_word' id='word_1_761' title='bbox 1111 5655 1320 5719; x_wconf 56' lang='lat' dir='ltr'><strong>pascha:</strong></span> <span class='ocrx_word' id='word_1_762' title='bbox 1351 5655 1432 5705; x_wconf 87' lang='lat' dir='ltr'><strong>vel</strong></span> <span class='ocrx_word' id='word_1_763' title='bbox 1471 5652 1589 5706; x_wconf 80' lang='lat' dir='ltr'><strong>fid-i</strong></span> <span class='ocrx_word' id='word_1_764' title='bbox 1622 5655 1942 5711; x_wconf 78' lang='lat' dir='ltr'><strong>diversitate</strong></span> <span class='ocrx_word' id='word_1_765' title='bbox 1964 5661 2270 5727; x_wconf 87' lang='lat' dir='ltr'><strong>conflictus,</strong></span> 
     </span>
    </p>
   </div>
   <div class='ocr_carea' id='block_1_104' title="bbox 698 5739 2274 5818">
    <p class='ocr_par' dir='ltr' id='par_1_104' title="bbox 698 5739 2274 5818">
     <span class='ocr_line' id='line_1_104' title="bbox 698 5739 2274 5818; baseline 0.01 -28"><span class='ocrx_word' id='word_1_766' title='bbox 698 5739 770 5790; x_wconf 88' lang='lat' dir='ltr'><strong>ita</strong></span> <span class='ocrx_word' id='word_1_767' title='bbox 797 5742 954 5793; x_wconf 85' lang='lat' dir='ltr'><strong>etiam</strong></span> <span class='ocrx_word' id='word_1_768' title='bbox 979 5743 1045 5794; x_wconf 90' lang='lat' dir='ltr'><strong>de</strong></span> <span class='ocrx_word' id='word_1_769' title='bbox 1069 5752 1302 5796; x_wconf 66' lang='lat' dir='ltr'><strong>tonsura:</strong></span> <span class='ocrx_word' id='word_1_770' title='bbox 1329 5743 1632 5798; x_wconf 78' lang='lat' dir='ltr'><strong>differentia</strong></span> <span class='ocrx_word' id='word_1_771' title='bbox 1660 5746 1869 5814; x_wconf 81' lang='lat' dir='ltr'><strong>legatur</strong></span> <span class='ocrx_word' id='word_1_772' title='bbox 1892 5749 2070 5818; x_wconf 87' lang='lat' dir='ltr'><strong>aliqua</strong></span> <span class='ocrx_word' id='word_1_773' title='bbox 2113 5749 2274 5806; x_wconf 84' lang='lat' dir='ltr'><strong>fuisse</strong></span> 
     </span>
    </p>
   </div>
   <div class='ocr_carea' id='block_1_105' title="bbox 695 5834 2272 5908">
    <p class='ocr_par' dir='ltr' id='par_1_105' title="bbox 695 5834 2272 5908">
     <span class='ocr_line' id='line_1_105' title="bbox 695 5834 2272 5908; baseline 0.011 -28"><span class='ocrx_word' id='word_1_774' title='bbox 695 5834 1095 5897; x_wconf 79' lang='lat' dir='ltr'><strong>controversia,</strong></span> <span class='ocrx_word' id='word_1_775' title='bbox 1143 5838 1283 5889; x_wconf 87' lang='lat' dir='ltr'><strong>inter</strong></span> <span class='ocrx_word' id='word_1_776' title='bbox 1322 5849 1510 5892; x_wconf 88' lang='lat' dir='ltr'><strong>omnes</strong></span> <span class='ocrx_word' id='word_1_777' title='bbox 1550 5846 1730 5894; x_wconf 86' lang='lat' dir='ltr'><strong>tamen</strong></span> <span class='ocrx_word' id='word_1_778' title='bbox 1763 5853 1899 5908; x_wconf 87' lang='lat' dir='ltr'><strong>quas</strong></span> <span class='ocrx_word' id='word_1_779' title='bbox 1934 5842 1984 5896; x_wconf 91' lang='lat' dir='ltr'><strong>in</strong></span> <span class='ocrx_word' id='word_1_780' title='bbox 2032 5843 2272 5898; x_wconf 79' lang='lat' dir='ltr'><strong>Ecclesia</strong></span> 
     </span>
    </p>
   </div>
   <div class='ocr_carea' id='block_1_106' title="bbox 2383 4739 3958 4807">
    <p class='ocr_par' dir='ltr' id='par_1_106' title="bbox 2383 4739 3958 4807">
     <span class='ocr_line' id='line_1_106' title="bbox 2383 4739 3958 4807; baseline -0.001 -15"><span class='ocrx_word' id='word_1_781' title='bbox 2383 4739 2709 4792; x_wconf 82' lang='lat' dir='ltr'><strong>Christianis</strong></span> <span class='ocrx_word' id='word_1_782' title='bbox 2767 4740 3008 4792; x_wconf 87' lang='lat' dir='ltr'><strong>habitum</strong></span> <span class='ocrx_word' id='word_1_783' title='bbox 3057 4741 3344 4793; x_wconf 88' lang='lat' dir='ltr'><strong>convenire</strong></span> <span class='ocrx_word' id='word_1_784' title='bbox 3389 4755 3708 4807; x_wconf 77' lang='lat' dir='ltr'><strong>cognoscas,</strong></span> <span class='ocrx_word' id='word_1_785' title='bbox 3764 4740 3852 4806; x_wconf 90' lang='lat' dir='ltr'><strong>qui</strong></span> <span class='ocrx_word' id='word_1_786' title='bbox 3907 4740 3958 4790; x_wconf 90' lang='lat' dir='ltr'><strong>in</strong></span> 
     </span>
    </p>
   </div>
   <div class='ocr_carea' id='block_1_107' title="bbox 2385 4829 3958 4898">
    <p class='ocr_par' dir='ltr' id='par_1_107' title="bbox 2385 4829 3958 4898">
     <span class='ocr_line' id='line_1_107' title="bbox 2385 4829 3958 4898; baseline -0.001 -16"><span class='ocrx_word' id='word_1_787' title='bbox 2385 4830 2638 4898; x_wconf 71' lang='lat' dir='ltr'><strong>priesenti</strong></span> <span class='ocrx_word' id='word_1_788' title='bbox 2686 4829 2904 4896; x_wconf 81' lang='lat' dir='ltr'><strong>quidem</strong></span> <span class='ocrx_word' id='word_1_789' title='bbox 2951 4830 3060 4881; x_wconf 85' lang='lat' dir='ltr'><strong>vita</strong></span> <span class='ocrx_word' id='word_1_790' title='bbox 3105 4843 3136 4881; x_wconf 85' lang='lat' dir='ltr'><strong>a</strong></span> <span class='ocrx_word' id='word_1_791' title='bbox 3174 4830 3412 4897; x_wconf 88' lang='lat' dir='ltr'><strong>deceptis</strong></span> <span class='ocrx_word' id='word_1_792' title='bbox 3457 4830 3760 4883; x_wconf 80' lang='lat' dir='ltr'><strong>hominibus</strong></span> <span class='ocrx_word' id='word_1_793' title='bbox 3811 4841 3958 4898; x_wconf 84' lang='lat' dir='ltr'><strong>puta-</strong></span> 
     </span>
    </p>
   </div>
   <div class='ocr_carea' id='block_1_108' title="bbox 2383 4921 3959 4992">
    <p class='ocr_par' dir='ltr' id='par_1_108' title="bbox 2383 4921 3959 4992">
     <span class='ocr_line' id='line_1_108' title="bbox 2383 4921 3959 4992; baseline -0.001 -16"><span class='ocrx_word' id='word_1_794' title='bbox 2383 4923 2577 4976; x_wconf 86' lang='lat' dir='ltr'><strong>bantur</strong></span> <span class='ocrx_word' id='word_1_795' title='bbox 2596 4921 2737 4989; x_wconf 78' lang='lat' dir='ltr'><strong>digni</strong></span> <span class='ocrx_word' id='word_1_796' title='bbox 2765 4935 3034 4990; x_wconf 77' lang='lat' dir='ltr'><strong>perpetua:</strong></span> <span class='ocrx_word' id='word_1_797' title='bbox 3061 4922 3246 4992; x_wconf 63' lang='lat' dir='ltr'><strong>gloria:</strong></span> <span class='ocrx_word' id='word_1_798' title='bbox 3270 4939 3507 4988; x_wconf 67' lang='lat' dir='ltr'><strong>coronai,</strong></span> <span class='ocrx_word' id='word_1_799' title='bbox 3537 4922 3629 4977; x_wconf 66' lang='lat' dir='ltr'><strong>sed</strong></span> <span class='ocrx_word' id='word_1_800' title='bbox 3670 4925 3720 4975; x_wconf 89' lang='lat' dir='ltr'><strong>in</strong></span> <span class='ocrx_word' id='word_1_801' title='bbox 3751 4937 3810 4975; x_wconf 84' lang='lat' dir='ltr'><strong>ea</strong></span> <span class='ocrx_word' id='word_1_802' title='bbox 3841 4937 3959 4990; x_wconf 66' lang='lat' dir='ltr'><strong>quae</strong></span> 
     </span>
    </p>
   </div>
   <div class='ocr_carea' id='block_1_109' title="bbox 2385 5014 3960 5084">
    <p class='ocr_par' dir='ltr' id='par_1_109' title="bbox 2385 5014 3960 5084">
     <span class='ocr_line' id='line_1_109' title="bbox 2385 5014 3960 5084; baseline -0.001 -18"><span class='ocrx_word' id='word_1_803' title='bbox 2385 5014 2523 5067; x_wconf 86' lang='lat' dir='ltr'><strong>hanc</strong></span> <span class='ocrx_word' id='word_1_804' title='bbox 2559 5016 2803 5084; x_wconf 87' lang='lat' dir='ltr'><strong>sequitur</strong></span> <span class='ocrx_word' id='word_1_805' title='bbox 2832 5016 2992 5068; x_wconf 80' lang='lat' dir='ltr'><strong>vitam</strong></span> <span class='ocrx_word' id='word_1_806' title='bbox 3017 5055 3032 5078; x_wconf 90' lang='lat'><strong>,</strong></span> <span class='ocrx_word' id='word_1_807' title='bbox 3083 5030 3187 5069; x_wconf 91' lang='lat' dir='ltr'><strong>non</strong></span> <span class='ocrx_word' id='word_1_808' title='bbox 3231 5015 3404 5068; x_wconf 85' lang='lat' dir='ltr'><strong>solum</strong></span> <span class='ocrx_word' id='word_1_809' title='bbox 3453 5017 3596 5068; x_wconf 84' lang='lat' dir='ltr'><strong>Oiuui</strong></span> <span class='ocrx_word' id='word_1_810' title='bbox 3627 5030 3721 5082; x_wconf 77' lang='lat' dir='ltr'><strong>Spe</strong></span> <span class='ocrx_word' id='word_1_811' title='bbox 3746 5029 3960 5068; x_wconf 75' lang='lat' dir='ltr'><strong>corona:</strong></span> 
     </span>
    </p>
   </div>
   <div class='ocr_carea' id='block_1_110' title="bbox 2387 5105 3956 5174">
    <p class='ocr_par' dir='ltr' id='par_1_110' title="bbox 2387 5105 3956 5174">
     <span class='ocr_line' id='line_1_110' title="bbox 2387 5105 3956 5174; baseline 0 -16"><span class='ocrx_word' id='word_1_812' title='bbox 2387 5105 2600 5173; x_wconf 88' lang='lat' dir='ltr'><strong>privati,</strong></span> <span class='ocrx_word' id='word_1_813' title='bbox 2649 5107 2742 5159; x_wconf 83' lang='lat' dir='ltr'><strong>sed</strong></span> <span class='ocrx_word' id='word_1_814' title='bbox 2792 5115 2990 5159; x_wconf 72' lang='lat' dir='ltr'><strong>azterua</strong></span> <span class='ocrx_word' id='word_1_815' title='bbox 3041 5107 3262 5174; x_wconf 88' lang='lat' dir='ltr'><strong>insuper</strong></span> <span class='ocrx_word' id='word_1_816' title='bbox 3307 5118 3432 5160; x_wconf 90' lang='lat' dir='ltr'><strong>sunt</strong></span> <span class='ocrx_word' id='word_1_817' title='bbox 3484 5122 3638 5173; x_wconf 70' lang='lat' dir='ltr'><strong>pinna</strong></span> <span class='ocrx_word' id='word_1_818' title='bbox 3692 5107 3956 5159; x_wconf 77' lang='lat' dir='ltr'><strong>damnati.</strong></span> 
     </span>
    </p>
   </div>
   <div class='ocr_carea' id='block_1_111' title="bbox 2383 5194 3962 5264">
    <p class='ocr_par' dir='ltr' id='par_1_111' title="bbox 2383 5194 3962 5264">
     <span class='ocr_line' id='line_1_111' title="bbox 2383 5194 3962 5264; baseline 0.001 -17"><span class='ocrx_word' id='word_1_819' title='bbox 2383 5194 2565 5262; x_wconf 83' lang='lat' dir='ltr'><strong>Neque</strong></span> <span class='ocrx_word' id='word_1_820' title='bbox 2595 5210 2722 5248; x_wconf 89' lang='lat' dir='ltr'><strong>vero</strong></span> <span class='ocrx_word' id='word_1_821' title='bbox 2753 5210 2837 5249; x_wconf 91' lang='lat' dir='ltr'><strong>me</strong></span> <span class='ocrx_word' id='word_1_822' title='bbox 2870 5197 2986 5249; x_wconf 64' lang='lat' dir='ltr'><strong>hinc</strong></span> <span class='ocrx_word' id='word_1_823' title='bbox 3019 5197 3091 5248; x_wconf 76' lang='lat' dir='ltr'><strong>ita</strong></span> <span class='ocrx_word' id='word_1_824' title='bbox 3135 5206 3480 5264; x_wconf 84' lang='lat' dir='ltr'><strong>prosecutum</strong></span> <span class='ocrx_word' id='word_1_825' title='bbox 3509 5200 3774 5261; x_wconf 61' lang='lat' dir='ltr'><strong>astiutes,</strong></span> <span class='ocrx_word' id='word_1_826' title='bbox 3809 5199 3962 5261; x_wconf 84' lang='lat' dir='ltr'><strong>quasi</strong></span> 
     </span>
    </p>
   </div>
   <div class='ocr_carea' id='block_1_112' title="bbox 2381 5286 3961 5354">
    <p class='ocr_par' dir='ltr' id='par_1_112' title="bbox 2381 5286 3961 5354">
     <span class='ocr_line' id='line_1_112' title="bbox 2381 5286 3961 5354; baseline 0.001 -16"><span class='ocrx_word' id='word_1_827' title='bbox 2381 5299 2475 5338; x_wconf 85' lang='lat' dir='ltr'><strong>eos</strong></span> <span class='ocrx_word' id='word_1_828' title='bbox 2505 5286 2593 5354; x_wconf 88' lang='lat' dir='ltr'><strong>qui</strong></span> <span class='ocrx_word' id='word_1_829' title='bbox 2627 5286 2762 5339; x_wconf 89' lang='lat' dir='ltr'><strong>hanc</strong></span> <span class='ocrx_word' id='word_1_830' title='bbox 2793 5295 3068 5341; x_wconf 71' lang='lat' dir='ltr'><strong>tottsuiatn</strong></span> <span class='ocrx_word' id='word_1_831' title='bbox 3113 5287 3315 5342; x_wconf 88' lang='lat' dir='ltr'><strong>habent</strong></span> <span class='ocrx_word' id='word_1_832' title='bbox 3343 5287 3779 5342; x_wconf 85' lang='lat' dir='ltr'><strong>condemnandos</strong></span> <span class='ocrx_word' id='word_1_833' title='bbox 3820 5289 3961 5354; x_wconf 83' lang='lat' dir='ltr'><strong>judi-</strong></span> 
     </span>
    </p>
   </div>
   <div class='ocr_carea' id='block_1_113' title="bbox 2380 5379 3955 5453">
    <p class='ocr_par' dir='ltr' id='par_1_113' title="bbox 2380 5379 3955 5453">
     <span class='ocr_line' id='line_1_113' title="bbox 2380 5379 3955 5453; baseline 0 -21"><span class='ocrx_word' id='word_1_834' title='bbox 2380 5394 2499 5453; x_wconf 82' lang='lat' dir='ltr'><strong>ccm</strong></span> <span class='ocrx_word' id='word_1_835' title='bbox 2521 5420 2536 5445; x_wconf 93' lang='lat'><strong>,</strong></span> <span class='ocrx_word' id='word_1_836' title='bbox 2589 5381 2631 5433; x_wconf 88' lang='lat' dir='ltr'><strong>si</strong></span> <span class='ocrx_word' id='word_1_837' title='bbox 2671 5380 2774 5433; x_wconf 88' lang='lat' dir='ltr'><strong>fide</strong></span> <span class='ocrx_word' id='word_1_838' title='bbox 2805 5389 2858 5433; x_wconf 91' lang='lat' dir='ltr'><strong>et</strong></span> <span class='ocrx_word' id='word_1_839' title='bbox 2886 5382 3141 5447; x_wconf 83' lang='lat' dir='ltr'><strong>operibus</strong></span> <span class='ocrx_word' id='word_1_840' title='bbox 3164 5382 3353 5434; x_wconf 83' lang='lat' dir='ltr'><strong>unitati</strong></span> <span class='ocrx_word' id='word_1_841' title='bbox 3382 5380 3662 5434; x_wconf 83' lang='lat' dir='ltr'><strong>catholica:</strong></span> <span class='ocrx_word' id='word_1_842' title='bbox 3694 5379 3955 5443; x_wconf 75' lang='lat' dir='ltr'><strong>laverint,</strong></span> 
     </span>
    </p>
   </div>
   <div class='ocr_carea' id='block_1_114' title="bbox 2382 5473 3960 5541">
    <p class='ocr_par' dir='ltr' id='par_1_114' title="bbox 2382 5473 3960 5541">
     <span class='ocr_line' id='line_1_114' title="bbox 2382 5473 3960 5541; baseline -0.001 -16"><span class='ocrx_word' id='word_1_843' title='bbox 2382 5474 2492 5526; x_wconf 87' lang='lat' dir='ltr'><strong>imo</strong></span> <span class='ocrx_word' id='word_1_844' title='bbox 2523 5474 2855 5527; x_wconf 84' lang='lat' dir='ltr'><strong>confidenter</strong></span> <span class='ocrx_word' id='word_1_845' title='bbox 2887 5475 3143 5540; x_wconf 88' lang='lat' dir='ltr'><strong>profiteor</strong></span> <span class='ocrx_word' id='word_1_846' title='bbox 3176 5475 3432 5541; x_wconf 88' lang='lat' dir='ltr'><strong>plurimos</strong></span> <span class='ocrx_word' id='word_1_847' title='bbox 3462 5489 3529 5526; x_wconf 82' lang='lat' dir='ltr'><strong>ex</strong></span> <span class='ocrx_word' id='word_1_848' title='bbox 3557 5473 3633 5527; x_wconf 81' lang='lat' dir='ltr'><strong>eis</strong></span> <span class='ocrx_word' id='word_1_849' title='bbox 3661 5482 3877 5527; x_wconf 76' lang='lat' dir='ltr'><strong>sanctos</strong></span> <span class='ocrx_word' id='word_1_850' title='bbox 3898 5479 3960 5525; x_wconf 76' lang='lat' dir='ltr'><strong>ac</strong></span> 
     </span>
    </p>
   </div>
   <div class='ocr_carea' id='block_1_115' title="bbox 2382 5562 3957 5632">
    <p class='ocr_par' dir='ltr' id='par_1_115' title="bbox 2382 5562 3957 5632">
     <span class='ocr_line' id='line_1_115' title="bbox 2382 5562 3957 5632; baseline 0.001 -18"><span class='ocrx_word' id='word_1_851' title='bbox 2382 5562 2491 5615; x_wconf 86' lang='lat' dir='ltr'><strong>Deo</strong></span> <span class='ocrx_word' id='word_1_852' title='bbox 2509 5563 2697 5632; x_wconf 75' lang='lat' dir='ltr'><strong>dignos</strong></span> <span class='ocrx_word' id='word_1_853' title='bbox 2725 5566 3016 5618; x_wconf 80' lang='lat' dir='ltr'><strong>exstitisse.</strong></span> <span class='ocrx_word' id='word_1_854' title='bbox 3053 5563 3131 5617; x_wconf 83' lang='lat' dir='ltr'><strong>Ex</strong></span> <span class='ocrx_word' id='word_1_855' title='bbox 3163 5564 3358 5632; x_wconf 88' lang='lat' dir='ltr'><strong>quibus</strong></span> <span class='ocrx_word' id='word_1_856' title='bbox 3383 5575 3464 5617; x_wconf 88' lang='lat' dir='ltr'><strong>est</strong></span> <span class='ocrx_word' id='word_1_857' title='bbox 3493 5564 3839 5617; x_wconf 78' lang='lat' dir='ltr'><strong>Adamnanus</strong></span> <span class='ocrx_word' id='word_1_858' title='bbox 3860 5562 3957 5616; x_wconf 85' lang='lat' dir='ltr'><strong>ab-</strong></span> 
     </span>
    </p>
   </div>
   <div class='ocr_carea' id='block_1_116' title="bbox 2381 5653 3958 5723">
    <p class='ocr_par' dir='ltr' id='par_1_116' title="bbox 2381 5653 3958 5723">
     <span class='ocr_line' id='line_1_116' title="bbox 2381 5653 3958 5723; baseline -0.003 -15"><span class='ocrx_word' id='word_1_859' title='bbox 2381 5656 2478 5708; x_wconf 88' lang='lat' dir='ltr'><strong>bas</strong></span> <span class='ocrx_word' id='word_1_860' title='bbox 2516 5665 2572 5709; x_wconf 88' lang='lat' dir='ltr'><strong>et</strong></span> <span class='ocrx_word' id='word_1_861' title='bbox 2605 5656 2855 5708; x_wconf 85' lang='lat' dir='ltr'><strong>sacerdos</strong></span> <span class='ocrx_word' id='word_1_862' title='bbox 2895 5653 3350 5710; x_wconf 87' lang='lat' dir='ltr'><strong>Columbiensium</strong></span> <span class='ocrx_word' id='word_1_863' title='bbox 3382 5655 3646 5723; x_wconf 76' lang='lat' dir='ltr'><strong>egregius;</strong></span> <span class='ocrx_word' id='word_1_864' title='bbox 3676 5653 3767 5722; x_wconf 84' lang='lat' dir='ltr'><strong>qui</strong></span> <span class='ocrx_word' id='word_1_865' title='bbox 3798 5669 3917 5708; x_wconf 90' lang='lat' dir='ltr'><strong>cum</strong></span> <span class='ocrx_word' id='word_1_866' title='bbox 3944 5696 3958 5716; x_wconf 87' lang='lat'><strong>,</strong></span> 
     </span>
    </p>
   </div>
   <div class='ocr_carea' id='block_1_117' title="bbox 2385 5747 3965 5816">
    <p class='ocr_par' dir='ltr' id='par_1_117' title="bbox 2385 5747 3965 5816">
     <span class='ocr_line' id='line_1_117' title="bbox 2385 5747 3965 5816; baseline -0.002 -16"><span class='ocrx_word' id='word_1_867' title='bbox 2385 5747 2590 5816; x_wconf 86' lang='lat' dir='ltr'><strong>legatus</strong></span> <span class='ocrx_word' id='word_1_868' title='bbox 2621 5762 2731 5800; x_wconf 90' lang='lat' dir='ltr'><strong>su:c</strong></span> <span class='ocrx_word' id='word_1_869' title='bbox 2762 5747 2937 5816; x_wconf 85' lang='lat' dir='ltr'><strong>gentis</strong></span> <span class='ocrx_word' id='word_1_870' title='bbox 2969 5747 3033 5800; x_wconf 86' lang='lat' dir='ltr'><strong>ad</strong></span> <span class='ocrx_word' id='word_1_871' title='bbox 3072 5747 3337 5802; x_wconf 77' lang='lat' dir='ltr'><strong>Alfridum</strong></span> <span class='ocrx_word' id='word_1_872' title='bbox 3371 5763 3546 5815; x_wconf 76' lang='lat' dir='ltr'><strong>regem</strong></span> <span class='ocrx_word' id='word_1_873' title='bbox 3587 5747 3783 5801; x_wconf 88' lang='lat' dir='ltr'><strong>missus</strong></span> <span class='ocrx_word' id='word_1_874' title='bbox 3811 5789 3824 5812; x_wconf 95' lang='lat'><strong>,</strong></span> <span class='ocrx_word' id='word_1_875' title='bbox 3867 5761 3965 5798; x_wconf 87' lang='lat' dir='ltr'><strong>uo-</strong></span> 
     </span>
    </p>
   </div>
   <div class='ocr_carea' id='block_1_118' title="bbox 2381 5837 3964 5909">
    <p class='ocr_par' dir='ltr' id='par_1_118' title="bbox 2381 5837 3964 5909">
     <span class='ocr_line' id='line_1_118' title="bbox 2381 5837 3964 5909; baseline -0.003 -15"><span class='ocrx_word' id='word_1_876' title='bbox 2381 5851 2550 5894; x_wconf 80' lang='lat' dir='ltr'><strong>Strum</strong></span> <span class='ocrx_word' id='word_1_877' title='bbox 2583 5853 2796 5909; x_wconf 85' lang='lat' dir='ltr'><strong>quoque</strong></span> <span class='ocrx_word' id='word_1_878' title='bbox 2821 5839 3204 5895; x_wconf 83' lang='lat' dir='ltr'><strong>monasterium</strong></span> <span class='ocrx_word' id='word_1_879' title='bbox 3227 5838 3407 5893; x_wconf 87' lang='lat' dir='ltr'><strong>videre</strong></span> <span class='ocrx_word' id='word_1_880' title='bbox 3437 5837 3712 5900; x_wconf 79' lang='lat' dir='ltr'><strong>voluisset,</strong></span> <span class='ocrx_word' id='word_1_881' title='bbox 3748 5852 3964 5891; x_wconf 82' lang='lat' dir='ltr'><strong>miratu-</strong></span> 
     </span>
    </p>
   </div>
  </div>
