4172 6566
256 442 362 495 557

1170 442 1438 496 SOHTIA
1482 443 1544 496 IN
1589 441 1879 496 FELICEM
1923 442 2170 498 IUVEN.
2217 444 2616 506 EPISCOPUM.

3422 465 3525 518 558

256 574 363 626 que
395 560 444 609 in
476 556 712 609 moribus
741 569 801 607 ac
832 554 1009 608 verbis
1040 555 1397 621 prudentiain,
1434 554 1790 609 humilitatem
1817 598 1831 622 ,
1867 557 1916 615 Λ
1944 557 2162 621 cinunt,
2193 574 2292 612 una
2325 575 2446 614 cmn
2476 572 2665 631 gente,
2708 565 2791 617 cui
2822 574 2872 620 te
2903 565 3013 621 Rex
3047 583 3230 638 regum
3256 582 3309 625 et
3341 576 3519 629 Domi-

255 646 597 717 religionem,
623 647 953 712 05tenderet,
981 646 1084 699 dixi
1107 646 1181 699 illi
1207 649 1345 701 inter
1364 647 1464 700 alia
1488 647 1832 715 colloquens:

253 741 518 801 Obsecro.
550 749 734 792 Sancte
766 738 961 803 frater,
1006 738 1097 806 qui
1122 739 1185 791 ad
1218 754 1470 792 coronam
1496 747 1545 792 te
1575 741 1695 791 vita:
1719 754 1836 805 qua:

254 832 546 885 terminum
595 831 797 883 nesciat
852 830 1069 884 tendere
1111 832 1320 893 credis,
1388 832 1511 899 quid
1566 833 1835 885 contrario

250 933 360 976 tua:
392 922 512 976 lidei
540 923 721 974 habitu
741 922 1095 974 .terniin‘atam
1127 922 1179 975 in
1207 924 1385 990 capite
1411 938 1626 976 corona:
1650 922 1835 990 imagi-

251 1027 375 1065 nem
410 1012 631 1080 portas?
679 1010 743 1063 Et
788 1011 831 1066 si
872 1015 1201 1066 consortium
1249 1014 1386 1066 beati
1424 1013 1563 1069 Petri
1598 1014 1831 1083 qnmris,

247 1122 346 1159 cur
390 1104 505 1173 ejus
528 1120 684 1172 quem
733 1104 824 1157 ille
868 1105 1343 1160 anathematizavit
1376 1115 1609 1159 tonsura:
1650 1106 1833 1171 imagio

246 1214 374 1251 netu
406 1196 653 1261 imitaris,
677 1204 732 1250 et
761 1210 865 1249 non
899 1198 1075 1264 potius
1104 1196 1221 1265 ejus
1255 1212 1374 1251 cum
1402 1213 1509 1266 quo
1563 1198 1617 1251 in
1676 1206 1833 1251 teter-

246 1306 378 1343 num
420 1288 605 1341 beatus
642 1285 822 1341 vivere
861 1289 1049 1355 cupis,
1101 1287 1259 1341 etiam
1301 1304 1439 1341 nunc
1470 1289 1707 1341 habitmn
1742 1298 1825 1353 te,

243 1387 504 1447 quantum
537 1388 711 1446 poles,
764 1378 986 1447 diligere
1017 1389 1284 1432 tuenstras
1316 1381 1336 1432 ?
1372 1379 1668 1445 llcspondit
1698 1379 1825 1433 ille:

248 1471 401 1523 Scias
427 1483 525 1539 pro
547 1477 697 1521 certo
724 1510 737 1533 ,
775 1468 938 1520 frater
965 1470 1035 1522 mi
1067 1470 1283 1532 dilecte,
1315 1472 1438 1535 quia
1467 1469 1567 1522 etsi
1597 1470 1829 1522 Simonis

245 1572 524 1616 tonsuram
557 1574 619 1613 ex
648 1555 1039 1612 censuetudiae
1065 1560 1254 1627 patria:
1284 1560 1506 1611 Italicam
1531 1602 1543 1622 ,
1577 1560 1830 1612 simonia-

247 1667 367 1705 cam
395 1663 571 1703 tamen
597 1650 876 1717 perlidiam
909 1658 1018 1703 tota
1050 1660 1227 1704 mente
1258 1651 1498 1703 detestor
1523 1666 1585 1702 ac
1608 1665 1822 1717 respuo,

243 1741 542 1794 liratis‘sinri
584 1751 759 1793 autem
808 1740 1173 1807 aposwlorum
1220 1740 1513 1807 prinripis,
1567 1751 1825 1807 quantum

241 1851 357 1891 mea
423 1835 655 1901 parvitas
697 1832 935 1896 snflicit,
984 1833 1203 1900 vestigia
1250 1836 1397 1902 sequi
1440 1834 1710 1888 desidero.
1753 1838 1821 1887 At

1945 663 2043 701 nus
2087 648 2425 704 dominorum
2468 654 2704 717 prmfecit
2729 696 2743 718 ,
2792 656 2842 708 in
2868 660 3115 712 omnibus
3149 675 3364 715 servare
3391 680 3523 716 (ou-

1945 738 2152 790 lendas.
2186 738 2273 792 Sic
2299 739 2439 793 enim
2473 743 2526 794 lit
2560 754 2613 795 ut
2639 754 2759 811 post
2789 760 3060 813 acceptam
3098 753 3408 818 temporalis
3440 770 3527 805 re-

1938 828 2027 895 gni
2085 830 2372 895 potentiam
2413 831 2524 898 ipse
2573 832 2912 889 lieatissimus
2956 840 3325 902 apostolorum
3372 841 3517 908 prin-

1938 933 2065 985 ceps
2094 919 2328 973 caelestis
2355 938 2564 989 quoque
2596 926 2741 992 regni
2772 927 2862 978 tibi
2893 929 3100 993 tuisque
3129 943 3248 981 cum
3299 933 3514 986 caeteris

1938 1008 2122 1062 electis
2148 1008 2319 1063 libens
2343 1014 2540 1079 pandat
2572 1015 3067 1070 introitum.Gratia
3099 1028 3150 1072 te
3179 1022 3519 1088 regisacterni

1937 1099 2165 1169 langiori
2208 1109 2449 1170 tempore
2505 1115 2822 1173 regnantem
2870 1105 2937 1159 ad
2989 1116 3226 1160 nostram
3282 1111 3519 1163 omnium

1936 1206 2122 1259 pacem
2169 1192 2441 1247 custodiat
2492 1194 2849 1262 ineolninem,
2880 1197 3231 1251 dilectissime
3271 1202 3323 1254 in
3367 1200 3522 1258 Chri-

1934 1292 2017 1338 sto
2046 1283 2143 1338 ﬁli.

2267 1376 2636 1431 DECRETUM
2678 1377 2882 1434 REGIS
2923 1380 3197 1437 NAITANI

2079 1466 2184 1522 Pro
2216 1470 2466 1522 catholico
2499 1470 2727 1535 I’asche,
2779 1482 2825 1524 et
2862 1472 3095 1525 llommm
3128 1484 3362 1528 tonsura.

2007 1557 2131 1612 "me
2187 1560 2412 1627 epistola
2446 1575 2566 1613 cum
2600 1574 2850 1629 presente
2893 1578 3017 1631 rege
3049 1563 3274 1617 Naitano
3304 1565 3511 1619 multis-

1933 1666 2036 1719 que
2066 1651 2191 1704 viris
2211 1652 2544 1706 doetioribus
2570 1662 2713 1707 esset
2744 1655 2901 1716 lecta,
2932 1670 2993 1708 ac
3015 1654 3302 1724 diligenter
3333 1657 3400 1707 ab
3427 1656 3510 1710 his

1937 1743 2025 1809 qui
2061 1742 2364 1810 intelligere
2408 1753 2655 1808 poterant
2702 1745 2755 1797 in
2799 1745 3036 1813 linguam
3080 1748 3197 1813 ejus
3244 1747 3512 1814 prnpriatn

1935 1832 2324 1899 interpretata,
2364 1832 2593 1886 multum
2627 1834 2694 1886 de
2738 1836 2857 1901 ejus
2889 1837 3266 1889 exhortatione
3305 1837 3519 1904 gavisus

240 1942 344 1993 ego
370 1942 381 1975 :
410 1926 602 1991 Credo,
638 1925 885 1992 inquam,
921 1940 1044 1978 vere
1072 1925 1209 1993 quod
1241 1926 1308 1978 ira
1342 1928 1412 1979 sit
1436 1967 1449 1989 ,
1499 1928 1591 1978 sed
1648 1937 1823 1979 tamen
1858 1915 1903 1971 Β
1933 1939 2048 1977 esse
2082 1924 2413 1992 perhibetur,
2449 1925 2520 1977 ita
2554 1933 2610 1977 ut
2633 1939 2867 1992 surgens
2895 1926 2961 1979 de
2987 1926 3161 1979 medio
3193 1927 3513 1993 eptimatunt

239 2017 442 2071 indicio
478 2018 546 2069 sit
575 2016 713 2082 quod
739 2032 802 2069 ea
830 2032 947 2084 qua:
981 2018 1211 2085 apostoli
1243 2026 1367 2069 sunt
1393 2018 1534 2070 Petri
1567 2018 1616 2069 in
1642 2018 1824 2071 abdito

234 2105 423 2158 cordis
452 2104 858 2171 amplecdmini,
886 2106 930 2159 si
955 2122 1075 2175 qua:
1107 2107 1225 2175 ejus
1245 2123 1362 2161 esse
1392 2109 1560 2161 nostis
1583 2110 1739 2161 etiam
1771 2108 1823 2162 in

239 2197 376 2249 facie
428 2197 641 2249 tenetis.
691 2196 931 2266 Namque
981 2201 1318 2265 prudentiain
1365 2212 1507 2253 tuam
1570 2201 1823 2255 facillime

236 2284 541 2352 dijudicare
571 2302 692 2338 reor
718 2293 856 2347 quod
881 2288 1060 2353 aptius
1093 2289 1260 2341 multo
1284 2289 1349 2342 sit
1382 2289 1501 2357 ejus
1528 2305 1687 2358 quem
1715 2300 1825 2344 toto

242 2375 411 2429 corde
449 2375 811 2437 abominaris,
855 2376 1115 2445 hujusque
1158 2378 1480 2432 horrendam
1523 2379 1711 2432 faciem
1746 2378 1819 2432 ri-

233 2470 366 2521 dere
414 2467 650 2535 refugis,
711 2467 949 2520 habitum
978 2470 1152 2522 vultus
1188 2485 1217 2521 a
1256 2480 1346 2523 tuo
1381 2470 1532 2523 vultu
1578 2472 1685 2523 Deo
1712 2471 1820 2537 jam

237 2559 424 2611 dicato
454 2573 705 2627 separare
725 2602 740 2625 ,
783 2567 837 2613 et
864 2574 895 2612 e
922 2569 1108 2612 contra
1136 2559 1273 2628 ejus,
1303 2575 1460 2628 quem
1483 2561 1621 2628 apud
1652 2558 1821 2614 Deum

237 2659 447 2719 patrem
483 2650 681 2704 habere
708 2658 991 2718 patronum
1017 2653 1239 2718 quaeris,
1270 2652 1410 2705 sicut
1440 2652 1578 2705 facta
1605 2652 1685 2705 vel
1710 2668 1823 2706 mo-

236 2742 348 2794 nita
379 2741 534 2808 cupis
561 2742 741 2809 sequi,
771 2743 849 2795 sic
878 2743 1040 2795 etiam
1071 2758 1279 2796 morem
1305 2742 1519 2796 habitus
1551 2752 1603 2797 te
1624 2743 1821 2797 imitari

233 2830 549 2883 condeceat.
600 2828 728 2883 Haec
767 2838 895 2882 tunc
941 2832 1256 2884 Adamnano
1288 2831 1398 2884 dixi
1428 2849 1439 2883 :
1469 2832 1558 2898 qui
1602 2832 1819 2900 quidem

239 2931 507 2987 quantum
539 2920 842 2988 conspectis
876 2918 1237 2973 Ecclesiarum
1274 2930 1578 2973 nostrarum
1608 2919 1823 2974 statutis

234 3012 557 3078 profecisset
587 3010 850 3078 probavit,
890 3026 1015 3065 cum
1044 3026 1293 3065 reversus
1324 3012 1390 3064 ad
1424 3013 1656 3067 Scotiam
1684 3013 1821 3066 mul-

234 3113 319 3155 tas
350 3111 531 3168 postea
554 3103 731 3171 gentis
757 3100 1001 3170 ejusdem
1028 3102 1211 3156 turbas
1236 3102 1303 3155 ad
1335 3102 1656 3157 catholicam
1684 3113 1818 3156 tem-

234 3197 387 3267 poris
418 3198 684 3267 paschalis
713 3197 1117 3251 observantiam
1154 3213 1248 3251 sua
1283 3197 1660 3266 praadicatione
1696 3214 1818 3251 cor-

1928 2029 2145 2067 suorum
2197 2029 2453 2069 consessu
2502 2030 2672 2083 genua
2727 2016 2976 2069 ﬂecteret
3021 2018 3075 2069 in
3124 2027 3353 2082 terram,
3408 2016 3517 2071 Deo

1928 2104 2127 2172 gratias
2149 2118 2334 2171 agens,
2360 2106 2501 2170 quod
2528 2104 2634 2158 tale
2658 2106 3034 2158 munusculum
3055 2106 3121 2158 de
3146 2095 3284 2159 terra
3312 2106 3510 2174 Anglo-

1926 2207 2045 2246 rum
2089 2201 2394 2247 mereretur
2418 2193 2690 2261 accipere.
2740 2194 2807 2250 Et
2835 2194 3051 2263 quidem
3083 2208 3135 2247 et
3165 2205 3321 2249 antea
3355 2198 3506 2257 novi,

1926 2286 2116 2353 inquit,
2171 2287 2293 2354 quia
2325 2286 2440 2340 haec
2475 2296 2591 2340 erat
2618 2302 2746 2341 vera
2779 2286 2994 2356 pascha:
3021 2286 3314 2339 celebratio
3340 2324 3355 2349 ,
3412 2288 3509 2340 sed

1932 2377 2197 2430 intantum
2234 2378 2396 2431 modo
2429 2378 2696 2431 rationem
2729 2377 2893 2445 hujus
2926 2378 3177 2446 temporis
3210 2378 3515 2430 observan-v

1927 2466 2050 2518 dam
2086 2482 2380 2535 cognosco,
2414 2479 2469 2521 ut
2498 2485 2685 2535 parum
2712 2470 2842 2521 mihi
2872 2470 3092 2520 omnino
3123 2468 3305 2521 videar
3334 2468 3399 2520 de
3430 2468 3514 2521 his

1926 2567 2081 2609 antea
2116 2557 2470 2611 intellexisse.
2522 2557 2678 2614 Unde
2713 2560 2890 2628 palam
2920 2559 3202 2626 profiteor,
3247 2558 3511 2626 vobisque

1925 2646 2280 2715 quiassidetis
2301 2648 2716 2715 presidentibus
2744 2658 3036 2715 protestor,
3056 2650 3176 2717 quia
3200 2649 3300 2703 hoc
3324 2651 3513 2704 obser-

1927 2753 2051 2792 vare
2093 2746 2305 2807 tempus
2336 2740 2555 2807 pascha:
2598 2754 2720 2793 cum
2755 2738 3006 2792 universa
3053 2753 3172 2792 mea
3203 2749 3360 2807 gente
3392 2756 3512 2806 per-

1926 2842 2087 2901 petuo
2111 2832 2253 2896 volo,
2284 2839 2339 2886 et
2361 2831 2501 2885 hanc
2522 2832 2770 2899 accipere
2786 2832 2990 2886 debere
3016 2843 3317 2899 tonsuram,
3350 2849 3509 2902 quam

1924 2923 2139 2991 plenam
2164 2936 2286 2976 esse
2317 2922 2543 2975 rationis
2566 2922 2895 2987 audivimus,
2924 2937 3115 2975 omnes
3137 2922 3229 2991 qui
3260 2924 3311 2975 iu
3346 2937 3513 2991 regno

1924 3029 2045 3067 meo
2074 3023 2197 3067 sunt
2224 3013 2453 3067 clericos
2484 3014 2739 3068 decerno.
2789 3013 2901 3067 Nec
2932 3026 3105 3077 mora,
3136 3029 3258 3082 qua:
3290 3014 3508 3068 dixerat

1922 3103 2067 3173 regia
2100 3104 2421 3158 auctoritate
2445 3103 2697 3171 perfecit.
2743 3103 2935 3158 Statim
2970 3117 3204 3171 namque
3226 3105 3381 3172 jussu
3415 3120 3512 3174 pu-

1930 3196 2072 3249 blico
2113 3195 2464 3248 mittebantur
2514 3196 2582 3247 ad
2621 3195 3084 3249 transcribendum
3108 3234 3121 3258 ,
3168 3195 3508 3264 discendum,

238 3291 418 3353 rexit,
453 3290 664 3343 tametsi
693 3304 787 3345 eos
811 3290 901 3359 qui
938 3290 989 3344 in
1025 3290 1105 3343 llii
1131 3290 1300 3345 insula
1330 3292 1676 3347 morabantur
1699 3307 1815 3346 mo-
1848 3256 1894 3318 δ
1936 3288 2331 3343 observandum
2404 3302 2497 3355 per
2545 3287 2827 3341 universas
2870 3287 3141 3340 Pictorum
3206 3287 3514 3357 provincias

237 3381 476 3445 nachos,
527 3382 830 3448 quibusque
862 3381 1081 3449 speciali
1127 3383 1349 3436 rectoris
1383 3381 1507 3451 jure
1545 3393 1772 3452 praeerat
1800 3407 1816 3433 ν

232 3470 464 3524 necdum
502 3470 566 3522 ad
602 3470 740 3523 viam
789 3470 975 3523 statuti
1010 3471 1248 3524 melioris
1283 3473 1542 3527 reducere
1586 3475 1814 3527 valebat.

228 3562 534 3617 Tonsuram
567 3577 799 3631 quoque.
836 3564 880 3616 si
908 3573 1115 3617 tantum
1150 3563 1257 3619 sibi
1281 3566 1612 3620 auctoritatis
1632 3567 1818 3621 subes-

224 3668 336 3719 set,
365 3656 654 3709 emendare
675 3657 1026 3710 meminisset.

304 3745 409 3801 Sed
447 3755 498 3799 et
526 3759 669 3799 nunc
695 3755 834 3799 tuam
871 3746 1202 3813 prudentiam
1229 3789 1244 3812 ,
1279 3763 1396 3809 rex.
1425 3747 1689 3802 admoneo
1711 3788 1726 3813 ,
1757 3757 1814 3802 ut

227 3852 295 3891 ea
327 3851 447 3907 qua:
473 3836 659 3891 unitati
690 3836 967 3892 catholicae
991 3846 1043 3891 et
1064 3840 1372 3906 apostolica:
1404 3837 1660 3892 Ecclesia:
1690 3853 1819 3892 con-

280 4010 479 4022 ’β’-’κ

1932 3377 2115 3432 circuli
2153 3378 2366 3445 pascha:
2403 3378 2796 3432 decennovales
2819 3419 2833 3442 ,
2883 3380 3207 3433 oblitteratis
3238 3394 3333 3449 per
3381 3393 3505 3432 om-

1933 3470 2019 3521 nia
2074 3468 2321 3523 erroneis
2370 3470 2644 3539 octoginta
2702 3476 2757 3522 et
2809 3480 3040 3538 quatuor
3082 3485 3345 3523 annorum
3397 3469 3510 3524 cir—

1928 3559 2086 3613 culis.
2116 3558 2555 3613 Attondebaotur
2578 3574 2767 3613 omnes
2794 3560 2847 3614 in
2880 3574 3136 3614 coronam
3168 3560 3401 3614 ministri
3430 3558 3509 3613 al-

1928 3654 2058 3706 taris
2085 3668 2147 3706 ac
2178 3652 2458 3719 monachi,
2486 3662 2540 3707 et
2562 3652 2709 3722 quasi
2744 3668 2885 3708 novo
2911 3668 2971 3706 se
2994 3654 3339 3721 discipulatui
3366 3654 3497 3706 bea-

1928 3746 2119 3799 tissimi
2144 3745 2510 3811 apostolorum
2536 3746 2794 3813 principis
2819 3746 2961 3801 Petri
2992 3748 3261 3802 subditam
3287 3787 3303 3812 ,
3352 3748 3508 3816 ejus-

1927 3850 2028 3903 que
2054 3835 2683 3905 tutandampatrocinio,
2714 3851 2845 3908 gens
2872 3849 3115 3893 correcta
3148 3838 3436 3907 gaudebat.

280 4010 479 4022 .br——‘
3074 4006 3209 4013 ——r.
3289 4007 3345 4013 ..-
3361 4006 3435 4012 —-—-
3447 4006 3501 4017 ,ν-

3320 4020 3408 4051 --.5-
3434 4018 3502 4051 -“

1468 4204 1635 4245 ANNO
1680 4204 1912 4247 DOMINI
1958 4203 2238 4246 DCCXVI].

1281 4372 2445 4632 FELIX,

1300 4712 1401 4769 tu
1418 4710 1961 4769 \‘ENNA'I‘ENSIS
1998 4711 2435 4771 El’lSCOPUS.

987 4980 1430 5062 NOTITIA
1486 4979 2037 5056 IIISTORICA
2094 4979 2201 5055 IN
2262 4977 2732 5056 FELICEM.

1468 5191 1714 5255 (Ugltelli,
1741 5188 1849 5240 Ital.
1872 5190 2008 5238 Sacr.
2035 5194 2149 5237 toni.
2178 5187 2268 5251 Il.)

1824 5308 1895 5318 .—

297 5404 445 5461 r‘elix
479 5401 553 5473 (α)
587 5400 972 5456 Ravennatium
1001 5400 1435 5469 archiepiscopus
1479 5406 1693 5453 creatus
1724 5404 1809 5451 est
1842 5414 1889 5474 ο
1918 5395 2003 5449 dei
2034 5410 2218 5463 parum
2252 5410 2457 5449 memor
2484 5409 2643 5465 quam
2668 5394 2719 5449 in
2751 5395 3152 5451 consecratione
3181 5394 3353 5449 fuerat
3376 5413 3501 5463 pro.

222 5511 368 5555 anno
397 5496 497 5550 707
531 5494 607 5565 (ὁ)
629 5535 645 5560 ,
680 5492 968 5563 Romaeque
995 5501 1366 5548 consecratus.
1400 5492 1669 5546 Czeterum
1694 5530 1710 5556 ,
1742 5490 1807 5543 ll-

300 5627 377 5698 (a)
419 5627 495 5698 De
531 5641 596 5679 eo
635 5625 783 5695 plura
821 5624 1133 5679 Ciacconius
1173 5625 1300 5678 edit.
1344 5624 1547 5678 noviss.
1592 5631 1723 5675 tom.
1770 5621 1809 5688 l,

224 5696 818 5839 Wilbﬁalhnastasio
856 5764 1115 5818 habemus
1156 5764 1389 5839 Felicem
1430 5771 1807 5839 consecratum

227 5833 394 5898 fuisse
433 5854 465 5893 a
503 5836 854 5892 Constantino
893 5849 1102 5891 summo
1142 5836 1429 5907 pontifice,
1462 5835 1549 5906 qui
1592 5833 1804 5890 nonnisi

1920 5488 2123 5551 fessus,
2154 5503 2403 5543 reversus
2437 5488 2744 5545 Ravennam
2766 5530 2780 5554 ,
2813 5490 2957 5544 cives
2987 5490 3249 5559 compulit
3282 5500 3339 5544 ut
3370 5490 3493 5545 Ca:-

1916 5636 2055 5673 anuo
2077 5620 2181 5675 708
2206 5620 2407 5673 electus
2429 5618 2554 5684 fuit,
2580 5622 2665 5673 die
2689 5620 2720 5671 4
2745 5621 2822 5673 vel
2847 5621 2877 5672 7
2903 5618 3101 5672 mensis
3130 5621 3317 5674 Martii.
3345 5619 3498 5676 Unde

1918 5706 2021 5744 non
2055 5691 2224 5758 potuit
2256 5690 2401 5744 Felix
2431 5691 2735 5745 consecrari
2768 5701 2892 5744 ante
2922 5690 3235 5757 prardictum
3264 5706 3491 5745 annum.

1918 5761 2047 5813 Cum
2090 5776 2216 5815 vero
2256 5761 2510 5815 Aenellus
2550 5762 2602 5815 iu
2644 5776 2741 5815 suo
2782 5762 3078 5814 Pontilicali
3121 5759 3262 5813 dicat
3293 5764 3497 5815 sedisse

1915 5830 2147 5888 Felicem
2179 5846 2263 5885 an.
2299 5829 2362 5893 8,
2398 5845 2569 5887 mens.
2606 5833 2658 5895 7,
2702 5830 2893 5888 diebus
2936 5830 3036 5897 l9,
3079 5838 3133 5885 et
3173 5829 3371 5888 obiisse
3412 5831 3503 5887 die
