4172 6596
1080 518 1136 571 S.
1181 516 1535 571 BENEDICTI
1578 517 1798 573 CRISPI
1842 515 2262 582 QUERIMONIA
2310 515 2371 569 IN
2412 516 2701 569 SYNOBO.

3426 517 3530 570 569.

2724 600 2981 607 τῇς-’-
2997 600 3293 607 ρ-..α-μ-μ-Λᾘ
3314 600 3387 605 γ-...ν
3404 601 3417 605 -

1280 608 1323 609 ,,
1372 608 1621 611 ᾐηέήν
1694 608 1719 611 ν

264 639 627 650 Pw

2140 642 2499 647 «».,-.__._v.-—-
2514 644 2517 645 ν
2532 642 3021 649 ~__._-H.———~o——-—_-~-—
3044 642 3135 647 -.μ-,η
3156 644 3177 647 -ν
3204 642 3233 649 ..-
3268 642 3289 646 ,ν

1522 734 1687 775 ANNO
1734 732 1963 775 DONIINI
2011 734 2283 774 DCCXXV.

1762 843 2038 855 ._—_—

363 964 541 1125 S.
680 960 2217 1123 BENEDICTUS
2350 961 3408 1149 CRISPUS,

1330 1233 1979 1297 MEDIOLANENSIS
2024 1231 2460 1295 EPISCOPUS.

586 1469 1017 1545 ΝΟΤΙΤΙΛ
1080 1467 1621 1543 IIISTORICA
1680 1464 1785 1541 IN
1849 1463 1897 1536 S

1868 1620 1923 1629 .—

1908 1521 1924 1537 .
1988 1462 2651 1538 BENEDICTUM
2710 1464 3179 1539 CRISPUM.

1483 1678 1727 1740 (l'ghelli,
1766 1675 1870 1724 Ital.
1903 1680 2038 1723 Sacr.
2065 1682 2180 1723 tom.
2218 1674 2323 1733 ιγ.)

1870 1783 1928 1791 ..ο-ο

329 1846 558 1902 Sanetus
586 1844 907 1900 Benedictus
939 1843 1015 1913 (α)
1043 1842 1259 1912 Crispus
1290 1842 1701 1896 Mediolanensis
1732 1851 1840 1894 tum
1872 1844 1919 1902 Α
1952 1846 2057 1892 tate
2087 1838 2316 1891 celebris
2354 1837 2662 1904 haberetur,
2698 1851 2751 1893 ut
2782 1841 2976 1894 Paulus
3020 1840 3286 1895 Diaconus
3324 1857 3525 1901 narrat.

254 1937 498 1991 doctrina
521 1976 537 1999 ,
581 1945 689 1989 tum
718 1936 1066 1989 sanctimonia
1097 1934 1301 1998 clarus,
1334 1932 1397 1987 ad
1428 1933 1608 1987 sedem
1652 1932 1837 1998 patria:

256 2037 378 2096 post
420 2027 749 2080 Mansuetum
792 2034 1066 2092 promotus
1109 2035 1210 2078 est.
1265 2024 1416 2076 llunc
1464 2037 1573 2075 sua":
1618 2021 1835 2089 iurisdi-

252 2120 454 2171 ctionts
524 2116 844 2170 acerrimum
902 2115 1242 2168 defensorem
1297 2112 1476 2182 gravis
1533 2110 1597 2163 lis
1650 2126 1829 2164 coram

255 2210 511 2277 pontifice
542 2209 784 2262 Romano
815 2209 1073 2261 exercuit.
1117 2208 1251 2260 Cum
1292 2206 1434 2260 enim
1480 2205 1835 2259 contenderet

247 2299 593 2353 'I‘icinensem
625 2300 935 2366 episcopum
965 2297 1342 2351 Mediolanensi
1374 2296 1565 2350 throno
1594 2297 1834 2359 subesse,

251 2390 345 2444 ille
377 2404 510 2443 vero
538 2400 725 2445 contra
756 2391 1019 2445 niteretur
1064 2406 1123 2444 se
1170 2390 1235 2443 ad
1284 2389 1565 2443 arbitrium
1614 2388 1836 2442 llomani

244 2481 519 2549 pontificis
552 2496 617 2535 ex
648 2481 868 2550 antiquo
897 2482 1017 2549 jure
1045 2481 1353 2535 immediate
1391 2489 1671 2548 spectare,
1717 2478 1836 2531 teli-

242 2572 365 2625 cior
397 2572 501 2626 litis
530 2581 752 2625 eventus
782 2587 810 2623 a
844 2570 1113 2629 Ticiuensi
1144 2572 1309 2624 stetit.
1358 2568 1679 2623 Benedictus
1706 2581 1836 2620 vero

250 2676 381 2717 cum
421 2676 578 2716 causa
626 2663 942 2727 cecidisset,
990 2662 1274 2715 revertitur
1312 2660 1698 2722 Mediolanum,
1742 2658 1833 2711 tibi

244 2756 425 2809 sancti
485 2754 757 2808 Benedicti
813 2754 1115 2809 etettohium
1170 2753 1485 2815 aediﬁcavit,
1540 2750 1681 2819 quod
1732 2750 1833 2803 hoc

237 2859 487 2917 tempore
536 2850 916 2919 pmnitentibus
954 2850 1285 2903 mulierculis
1315 2858 1400 2903 est
1431 2863 1529 2915 pro
1558 2846 1835 2900 domicilio

237 2956 308 2993 ac
338 2942 634 3010 sepitnento
675 2939 915 3007 pudoris.
946 2938 1135 2993 Totam
1160 2938 1363 2991 Italiam
1394 2937 1665 2991 Benedicti
1698 2938 1835 2989 fama

237 3033 505 3102 pervasit,
538 3047 657 3087 cum
692 3047 796 3087 non
828 3031 988 3086 modo
1016 3030 1257 3086 doctrina
1300 3030 1396 3084 sed
1439 3029 1599 3083 etiam
1641 3028 1839 3083 sancti-

1946 1930 2201 1985 Cadoaldi
2254 1930 2775 1998 Anglo-Saxonnm
2824 1933 2967 2001 regis
3023 1934 3353 2002 epitaphium
3408 1940 3523 2007 ipse

1942 2027 2274 2092 composuit,
2310 2028 2397 2093 qui
2423 2071 2434 2091 ,
2479 2027 2718 2095 ahjurata
2769 2028 3100 2093 idololatria,
3140 2032 3206 2083 ad
3250 2032 3524 2087 Christum

1941 2131 1999 2169 se
2046 2123 2423 2181 converterat,
2470 2130 2693 2171 sacrove
2744 2117 2891 2170 fonte
2947 2134 2976 2170 a
3028 2120 3217 2187 Sergio
3272 2125 3523 2189 pootitice

1942 2209 2154 2262 ablutus
2184 2210 2387 2275 fuerat,
2417 2208 2804 2277 defuncutsque
2840 2210 2995 2278 paulo
3028 2223 3183 2278 post,
3217 2213 3356 2280 apud
3401 2229 3527 2267 san-

1940 2312 2083 2354 ctutn
2118 2301 2331 2354 Petrum
2364 2316 2485 2355 cum
2528 2303 3097 2371 ejusrnodiepitaphio
3138 2304 3307 2358 fuerat
3350 2317 3526 2359 tumu-

1949 2395 2102 2449 latus.
2148 2395 2413 2449 Caeterum
2483 2394 2803 2449 Benedictus
2848 2410 2878 2448 e
2927 2396 3061 2448 vivis
3109 2408 3393 2462 exemptus
3441 2409 3527 2451 est

1938 2499 2081 2537 anno
2110 2484 2180 2535 43
2211 2486 2290 2536 sui
2325 2485 2662 2551 pontificatus
2694 2485 2792 2553 (ὁ),
2824 2484 2941 2545 vel,
2975 2494 3033 2536 ut
3062 2485 3150 2537 alii
3183 2486 3403 2549 volunt,
3432 2487 3523 2549 47,

1940 2588 1973 2623 v
2006 2572 2127 2625 ldus
2157 2571 2362 2633 Martii,
2400 2586 2541 2624 anno
2581 2572 2684 2627 755
2715 2572 2909 2640 (79.3);
2957 2572 3305 2641 sepultusque
3342 2582 3425 2627 est
3470 2574 3521 2627 iu

1941 2663 2155 2715 basilica
2184 2662 2533 2715 Ambrosiam
2563 2663 2615 2716 in
2641 2677 2922 2716 numerum
2954 2674 3263 2717 sanctorum
3298 2666 3520 2720 relatus.

1941 2753 2015 2806 De
2055 2767 2120 2805 eo
2161 2751 2595 2821 Martyrologium
2644 2753 2972 2817 Romanum,
3016 2754 3273 2807 Barooius
3310 2765 3365 2808 et
3408 2757 3519 2810 alii.

1942 2844 2069 2910 Ejus
2100 2844 2233 2895 fama
2261 2844 2492 2897 maxime
2520 2843 2751 2897 celebris
2782 2844 3078 2897 habebatur
3104 2844 3383 2898 JuSIiniani
3417 2846 3517 2900 im-

1940 2935 2203 3002 peratoris
2229 2932 2577 3001 temporibus,
2606 2940 2661 2986 et
2689 2933 2916 3001 Ariperti
2950 2934 3184 2990 Junioris
3213 2938 3353 3006 regis
3381 2937 3523 2992 Lon-

1939 3026 2297 3097 gobardorum
2332 3025 2428 3098 (c).

315 3163 395 3230 (a)
426 3162 499 3217 De
528 3177 595 3217 eo
638 3165 767 3217 Acta
808 3161 1131 3217 Sanctorum
1174 3162 1386 3229 Martii,
1422 3169 1554 3216 tom.
1590 3159 1633 3213 ll
1654 3200 1667 3222 ,
1700 3175 1820 3229 pag.
1856 3164 1903 3223 Β
1932 3162 2299 3225 Mansuetum,
2329 3172 2386 3213 ut
2413 3160 2668 3224 vidimus,
2694 3175 2780 3215 an.
2818 3161 2923 3216 680
2954 3162 3140 3216 Romae
3171 3173 3514 3231 praesentem.

239 3234 349 3354 Sil,
384 3249 538 3354 q‘uem
568 3233 637 3288 ab
666 3232 855 3302 Aquila
889 3236 940 3288 in
971 3235 1301 3288 Samnitibus
1330 3231 1617 3288 oriundum
1660 3232 1825 3301 aliqui

239 3319 313 3354 νο
342 3320 407 3354 ειη
442 3344 455 3354 .

239 3315 455 3356 votunt.

318 3373 394 3443 (ὁ)
438 3372 586 3428 Sedit
624 3372 977 3437 Benedictus,
1021 3388 1086 3429 ex
1126 3373 1415 3443 Catalogo,
1457 3391 1547 3427 an.
1580 3374 1670 3437 47,
1707 3372 1830 3424 obiit

239 3458 277 3493 ν
311 3424 396 3496 1άί
430 3424 655 3506 ἱιᾶἠὶίξ
678 3424 1003 3511 summa
1025 3424 1638 3497 Ξᾶηεῖἆὲιῖᾌῗιίιῖνυὲἰιὶηὶξ
1658 3424 1828 3497 ’Νυηο

236 3515 434 3567 colitur
483 3517 515 3568 6
560 3516 874 3582 Septemb.,
926 3516 1049 3583 quia
1105 3516 1358 3569 Ecclesiae
1410 3515 1825 3569 Mediolauensis

238 3583 379 3638 ritus
412 3584 551 3637 nulla
584 3595 891 3638 sanctorum
924 3586 1058 3638 festa
1098 3587 1293 3652 recipit
1336 3586 1471 3639 intra
1516 3584 1826 3651 Quadrage-

239 3652 434 3707 simam
487 3654 830 3707 celebranda.
887 3655 1106 3708 Mortem
1155 3670 1283 3710 vero
1335 3656 1450 3722 ejus
1504 3670 1609 3707 nou
1663 3668 1821 3717 posse

236 3723 448 3779 dilferri
477 3726 610 3777 ultra
640 3738 729 3776 an.
763 3723 868 3775 725
895 3740 962 3778 ex
993 3735 1114 3791 apta
1146 3725 1581 3793 subsequentium
1614 3726 1821 3790 episco-

240 3808 434 3863 porum
467 3796 605 3849 sirrie
633 3796 709 3847 sic
735 3804 992 3863 apparet,
1026 3806 1081 3848 ut
1112 3795 1210 3848 nisi
1242 3798 1375 3863 ipsis
1401 3794 1672 3848 abundent
1699 3793 1822 3845 anni

239 3861 279 3913 4
308 3866 387 3918 vel
420 3868 491 3927 3,
537 3861 843 3918 necessario
883 3866 1160 3918 abundent
1202 3861 1524 3925 Benedicto,
1570 3865 1659 3931 qui
1701 3874 1825 3915 ante

241 3950 441 3990 annum
469 3934 566 3989 68l
599 3949 704 3989 non
733 3943 910 4004 potest
936 3936 989 3988 in
1011 3936 1381 4005 episcOpatum
1408 3935 1584 3988 induci
1610 3943 1828 4003 promer

1933 3232 2114 3295 Itaque
2161 3231 2451 3285 Benedicto
2492 3247 2665 3285 annos
2705 3234 2851 3285 sedis
2891 3233 3146 3284 duntaxat
3186 3232 3253 3283 44
3297 3236 3513 3289 tribuo:

1933 3302 2090 3355 facile
2122 3304 2264 3355 enim
2297 3301 2398 3354 fuit
2430 3317 2523 3368 pro
2554 3317 2607 3353 tv
2638 3303 2742 3370 legi
2773 3317 2835 3355 ac
2875 3302 3036 3356 scribi
3078 3317 3181 3369 vn,
3225 3311 3281 3358 et
3319 3305 3398 3359 sic
3440 3307 3520 3360 vi-

1932 3374 2071 3425 xerit
2098 3375 2162 3425 ad
2194 3388 2283 3424 an.
2314 3372 2438 3424 7‘25.
2478 3372 2897 3426 PAPEBROCHIUS.

2007 3444 2080 3511 (ε)
2115 3442 2462 3496 Benedictum
2494 3443 2561 3497 ab
2584 3446 2771 3510 Aquila
2801 3444 2851 3496 in
2877 3444 3208 3498 Samnitibus
3234 3446 3517 3500 oriundum

1931 3513 2092 3579 aliqui
2126 3514 2307 3566 volunt
2329 3552 2343 3576 ,
2370 3511 2607 3578 Toppius
2637 3528 2764 3567 vero
2795 3516 2845 3566 in
2878 3514 3012 3568 Bibl.
3046 3515 3215 3581 Neap.
3246 3518 3514 3571 Amiterni

1933 3594 2115 3635 natum
2161 3582 2309 3636 dicit.
2354 3581 2434 3635 Ob
2482 3584 2625 3635 litem
2658 3598 2786 3636 vero
2815 3600 2916 3651 qua
2948 3585 3039 3637 diu
3071 3585 3246 3637 fuerat
3274 3598 3516 3649 vexatus,

1930 3664 1989 3705 ut
2034 3668 2194 3719 supra
2247 3652 2495 3706 meminit
2543 3651 2836 3722 Ughellus,
2886 3655 3077 3707 colitur
3118 3666 3176 3707 ut
3217 3659 3519 3722 praecipuus

1933 3734 2200 3788 protector
2227 3734 2282 3777 et
2311 3724 2603 3777 advocatus
2635 3739 2818 3776 eorum
2864 3726 2950 3791 qui
2984 3724 3290 3779 forensibus
3330 3726 3517 3780 litibus

1931 3795 2155 3864 aliisque
2198 3793 2901 3864 angustiisiquomodolibet
2945 3796 3302 3864 exagitantur.
3347 3806 3402 3849 ut
3449 3814 3516 3851 ex

1932 3864 2048 3928 ejus
2092 3863 2230 3925 Vita,
2264 3864 2403 3930 typis
2449 3863 2569 3915 data
2615 3864 2837 3927 Neapoli
2880 3879 2907 3915 a
2954 3863 3243 3919 Benedicto
3290 3865 3519 3920 Lentino

1934 3936 2073 4001 apud
2104 3933 2447 3987 Franciscum
2478 3933 2659 3987 Mollo.
2693 3936 3131 3989 SGAMBATELLUS.

926 4193 1057 4307 ε.
1136 4190 2125 4307 BENEDICTI
2202 4185 2807 4302 CRISPI

1356 4384 1869 4438 MEDIOLANENSIS
1899 4380 2383 4433 ARCIIIEPISCOPI

1047 4524 1879 4653 QUERIMONIA
1955 4526 2087 4630 IN
2168 4521 2726 4658 SYNODO,

1238 4728 1371 4805 DE
1425 4723 2155 4806 CONSTANTINO
2212 4722 2493 4797 PAPA.

1440 4922 1637 4984 (Mansi,
1662 4920 1808 4972 Cone.
1835 4918 2038 4970 Collect.
2063 4926 2179 4969 tom.
2206 4915 2336 4979 ΧΠ.)

351 5119 413 5173 Β.
448 5112 809 5171 BENEDICTI
849 5110 1281 5180 QUEBIMONIA
1322 5108 1388 5166 IN
1427 5108 1720 5174 SYNODO,

241 5230 323 5284 Eo
376 5229 498 5295 quia
547 5243 681 5297 papa
731 5224 1095 5279 Constantinus
1127 5219 1819 5297 Δἱρδιιζη-ιινςιιίεερὶεεορυηι

314 5290 1020 5371 privaverut'consecratione
1055 5290 1282 5363 episcopi
1321 5290 1593 5361 Papiensis
1639 5300 1819 5343 contra

315 5366 579 5438 nntiquam
607 5366 1046 5422 consuetudinem.

313 5570 537 5626 Summo
567 5568 827 5623 ctelorum
857 5566 1126 5622 conditori
1151 5606 1164 5627 .
1197 5573 1572 5635 terrarumque
1601 5564 1817 5618 univer‘

239 5676 422 5717 sarum
454 5659 670 5725 factori,
704 5659 1047 5727 gentiumque
1070 5666 1382 5712 cunctarum
1413 5656 1639 5720 auctori,
1668 5668 1821 5707 crea-

241 5765 484 5808 turarum
516 5754 892 5808 universarum
922 5752 1175 5813 creatori,
1205 5749 1327 5806 coeli
1358 5759 1623 5816 terraeque
1656 5747 1823 5801 stabi-

241 5849 522 5902 limentum
548 5886 563 5908 ,
606 5843 920 5916 angelorum
949 5852 1003 5899 et
1031 5843 1310 5897 hominum
1333 5883 1347 5903 ,
1394 5842 1457 5894 ad
1488 5841 1606 5894 fidei
1637 5840 1821 5893 catho-

245 5940 365 5995 licae
393 5946 448 5994 et
477 5935 628 5993 sedis
672 5934 980 6005 apostolica:
1013 5934 1224 5989 unicum
1274 5935 1681 5996 monimentum,
1734 5944 1824 5986 or-

608 6026 878 6088 ΡΑτιιοι..
930 6026 1034 6086 LX
1050 6028 1097 6086 Χ
1114 6026 1193 6086 XI
1210 6026 1285 6087 Χ.

1854 5107 1900 5169 C
1932 5105 2229 5175 phanorum
2268 5111 2324 5157 et
2366 5102 2645 5157 viduarum
2672 5142 2687 5168 ,
2731 5101 3191 5172 eeclesiarumque
3233 5106 3506 5165 universa-

1932 5212 2049 5251 rum
2098 5194 2330 5250 solidum
2385 5194 2824 5261 stabilimentum,
2880 5193 3057 5259 Patri,
3104 5210 3168 5251 ac
3216 5196 3387 5263 Filio,
3439 5218 3503 5257 ac

1930 5296 2118 5342 sancto
2142 5283 2381 5353 Spiritui,
2413 5286 2614 5354 gratias
2643 5285 2819 5340 refero
2850 5289 3161 5353 immensas,
3195 5291 3502 5356 pontiﬁcem

1929 5375 2069 5444 quod
2099 5376 2258 5430 talem
2288 5386 2483 5431 sancta:
2514 5376 2628 5429 sedi
2679 5377 2987 5443 apostolica
3008 5377 3176 5429 virum
3207 5378 3507 5436 clementer

1930 5468 2149 5535 eligere,
2204 5483 2267 5522 ac
2311 5467 2735 5523 misericorditer
2785 5468 3054 5531 ordinare,
3107 5483 3200 5521 sua
3247 5469 3505 5528 ineffabili

1928 5562 2129 5630 pietate
2153 5559 2442 5626 disposuit.
2487 5557 2644 5612 Unde
2678 5561 2876 5610 chorus
2916 5556 3196 5611 universus
3222 5559 3507 5629 episcopo-

1930 5668 2047 5708 rum
2074 5652 2417 5707 sacerdotum
2454 5651 2736 5717 collegium
2768 5648 2957 5701 sedule
2986 5649 3291 5702 reminiseat
3321 5653 3507 5718 generi

1932 5747 2165 5801 humano
2193 5746 2420 5813 benigne
2466 5757 2526 5796 ac
2560 5742 2979 5797 misericorditer
3024 5742 3337 5808 providere,
3384 5757 3503 5796 cum

1932 5839 2056 5893 huic
2078 5848 2277 5892 sancta;
2305 5837 2416 5891 sedi
2446 5835 2615 5889 virum
2650 5834 2952 5898 huju~modi
2995 5832 3288 5886 discretum
3314 5876 3327 5898 ,
3386 5834 3505 5886 illu-

1932 5939 2121 5997 strem,
2151 5928 2510 5985 orthodoxum
2538 5934 2593 5981 et
2626 5939 2858 5996 praeesse
2888 5935 2940 5979 et
2971 5922 3335 5989 rraeoulinarc
3363 5938 3505 5977 sum-

3085 6014 3149 6071 12
