4172 6532
692 423 799 479 363

1976 422 2032 475 S.
2079 419 2432 475 BENEDICTI
2475 421 2691 478 CRISPI

3857 428 3961 485 56$

693 556 781 595 nia
812 551 932 593 cum
962 533 1157 604 pietate
1186 533 1454 601 disposuit
1477 576 1489 596 ,
1523 534 1608 602 qui
1650 534 1903 602 operibus
1950 534 2105 587 bonis
2130 574 2144 597 ,
2184 532 2276 585 :nl-
2306 540 2353 596 Α
2385 537 2473 589 ltus
2513 540 2706 592 vestris.
2761 539 2818 592 Et
2858 539 3019 594 David
3047 559 3060 595 :
3100 540 3172 598 De
3201 545 3339 597 vultu
3372 554 3456 597 tuo
3498 545 3754 613 judicium
3795 564 3961 600 meum

698 629 1082 685 "munitionibus
1113 627 1311 681 sanctis
1343 626 1532 679 orbem
1559 627 1658 679 sibi
1690 628 2036 681 eummissum
2066 624 2279 680 confor-

705 736 834 787 tare,
872 730 925 774 et
946 728 1184 773 errantes
1211 717 1431 781 docere,
1468 734 1573 771 non
1598 720 1814 772 desinit.
1844 718 1917 771 Ile
1948 734 2050 784 quo
2076 718 2280 771 Υρῑὶιειε

700 814 773 865 ait
805 828 821 866 ε
860 810 969 879 Ego
1002 824 1096 877 pro
1130 818 1176 860 te
1203 808 1420 879 rogari,
1474 808 1647 873 Petra,
1698 818 1751 861 ut
1783 826 1882 862 non
1910 811 2116 877 deficiat
2153 809 2279 876 ﬁdes

697 916 784 956 tua
804 945 817 968 ,
868 909 913 956 et
937 909 989 954 tu
1017 899 1301 970 aliquando
1331 915 1599 953 convcrsus
1628 902 1878 967 conﬁrma
1906 904 2095 969 fratres
2146 912 2276 954 tuos.

696 994 1058 1059 Quamobrem
1083 1036 1096 1060 ,
1129 993 1223 1047 Ilci
1248 1001 1298 1046 ct
1327 993 1518 1056 vestri,
1548 1003 1701 1060 pater
1733 994 2039 1047 vmcrande
2065 1038 2077 1060 ,
2120 1004 2279 1060 atqtte

698 1086 862 1154 hujus
896 1084 1064 1139 sancti
1094 1083 1326 1146 concilii,
1360 1080 1641 1150 coadjutus
1670 1084 1950 1151 prmsentia
1986 1093 2039 1138 et
2069 1083 2279 1137 confor-

701 1189 846 1234 tatus
880 1176 1179 1239 clementia,
1206 1189 1305 1242 ego
1334 1173 1649 1230 Benedictus
1668 1175 2076 1230 Mediolanensis
2103 1178 2280 1230 archi-

702 1271 993 1339 episcopus
1044 1282 1261 1321 causam
1312 1276 1507 1320 nosmc
1548 1266 1807 1332 ccclesim,
1865 1282 1984 1334 qua:
2031 1267 2121 1321 Dei
2172 1268 2281 1321 dis-

702 1361 1054 1430 positionibus
1075 1399 1092 1425 ,
1126 1368 1181 1413 et
1209 1357 1348 1411 beati
1385 1358 1637 1412 Barnaba:
1668 1358 1895 1427 apostoli
1930 1358 2191 1413 doctrinis
2221 1376 2283 1415 ac

699 1454 975 1509 miraculis
1007 1495 1023 1520 ,
1080 1450 1346 1515 reﬂoruit,
1379 1467 1624 1520 nureque
1651 1452 2032 1521 gloriosissimi
2075 1450 2285 1505 confes-

704 1545 844 1599 soris
878 1544 1147 1600 Ambrosii
1184 1554 1371 1599 ornata
1402 1540 1699 1610 disciplinis
1720 1581 1735 1603 ,
1770 1539 2082 1592 honoranda
2112 1540 2280 1593 virtu-

705 1639 865 1702 tLbus,
896 1634 1196 1704 perfulget,
1220 1636 1371 1705 cujus
1402 1634 1698 1688 reverentia
1725 1641 1778 1686 et
1804 1631 2067 1685 charltate
2107 1630 2283 1685 debita

712 1737 893 1781 vestro
924 1726 1115 1781 ductus
1139 1727 1471 1796 conspectui,
1501 1735 1554 1779 et
1584 1725 1706 1779 huic
1738 1734 1927 1777 sancto
1957 1723 2241 1777 conventui
2267 1763 2281 1786 ,

708 1834 795 1873 me
824 1832 888 1873 ex
921 1820 1081 1888 longo
1113 1827 1500 1888 reprazsuilare
1523 1814 1793 1885 disposui,
1824 1830 1954 1868 voce
1978 1856 1993 1879 ,
2024 1830 2125 1883 qua
2163 1830 2284 1883 pus-

2382 628 2612 694 prodcat,
2658 633 2794 682 oculi
2847 633 2941 683 mei
2990 633 3191 684 rideant
3220 634 3528 702 a'quitatem.
3566 636 3650 698 At,
3684 646 3738 689 ut
3767 646 3962 688 nostra:

2385 718 2638 771 Ecclesiae
2686 732 2989 791 llObll'mqtlc
3017 723 3366 790 querimonia:
3410 727 3683 778 veritatem
3713 726 3960 779 enuclea-

2384 814 2486 865 tius
2526 827 2585 865 ac
2620 815 2895 868 verissime
2925 818 3180 885 aperiam,
3226 817 3409 871 decem
3442 818 3803 874 Itomanorum
3831 833 3959 888 pono

2384 908 2583 962 tiﬁeum
2633 908 2930 979 privilegia,
2975 927 3096 981 qua:
3143 912 3209 967 de
3234 915 3638 968 consecratione
3663 912 3960 969 'I‘icinensis

2384 999 2639 1056 Ecclesia:
2689 1001 2834 1067 dico,
2888 1006 3198 1070 asserentia,
3245 1014 3404 1073 atque
3456 1005 3557 1059 sub
3610 1007 3961 1061 anathematis

2392 1108 2648 1148 mucrone
2679 1094 2847 1163 rigide
2875 1096 2942 1148 ab
2974 1096 3238 1151 universis
3268 1096 3535 1166 episcopis
3572 1095 3957 1153 interdicentia.

2384 1186 2541 1239 solita
2574 1187 2769 1256 pietate
2815 1188 3143 1257 cognoscite.
3194 1186 3330 1256 Quin
3386 1188 3544 1241 etiam
3575 1196 3752 1241 nostra
3776 1188 3961 1240 civitas;

2384 1276 2610 1346 qualiter
2631 1279 2696 1333 ab
2746 1278 2875 1342 ipsis
2909 1278 3215 1345 primordiis
3262 1279 3462 1332 inculta
3503 1288 3555 1331 et
3583 1277 3726 1332 estalt
3761 1287 3810 1330 ta
3835 1292 3958 1331 cura

2385 1370 2624 1436 diligenti
2680 1371 2945 1439 majorum
2980 1369 3271 1439 permansit
3300 1384 3395 1438 per
3443 1368 3710 1423 ltotnanos
3737 1370 3960 1437 impera-

2387 1472 2551 1525 tores,
2596 1476 2655 1512 ac
2689 1462 2936 1516 Consules
2980 1462 3236 1530 patricios
3264 1461 3503 1528 ejusdem
3535 1460 3681 1513 urbis
3726 1463 3960 1523 accolas,

2386 1569 2505 1608 cum
2525 1553 2669 1608 orbis
2702 1570 2807 1608 uno
2838 1564 3116 1622 regeretur
3141 1555 3381 1619 imperio,
3415 1563 3614 1607 attente
3634 1554 3959 1623 cognoscizc.

2387 1646 2554 1711 Quam
2597 1654 2796 1710 tamen,
2824 1656 2881 1698 ut
2923 1645 2973 1697 iri
3005 1646 3108 1698 situ
3150 1644 3521 1715 descriptionis
3553 1644 3791 1713 ejusdem
3817 1658 3965 1699 com-

2391 1739 2527 1805 pt-ri,
2569 1754 2825 1793 annosam
2855 1739 3194 1807 postmodum
3244 1738 3467 1793 Itomani
3511 1753 3662 1807 reges
3684 1749 3738 1793 et
3768 1738 3962 1806 priuet-

2389 1842 2509 1896 pes,
2541 1827 2778 1895 expulsis
2811 1829 3073 1882 Seuerum
3116 1829 3340 1896 populis,
3397 1830 3555 1894 Iouge
3581 1827 3771 1881 melius
3795 1827 3965 1881 subli-

707 1923 865 1973 sum,
914 1908 1072 1975 longo
1112 1906 1386 1960 confectus
1431 1906 1625 1969 senio,
1679 1904 1910 1972 pandere
1940 1911 1994 1957 ct
2044 1918 2283 1957 reserate

2391 1929 2598 1973 mantes
2626 1936 2787 1988 opere
2810 1921 3036 1975 miritico
3066 1927 3349 1984 auxerunt,
3384 1921 3618 1975 Iocantes
3646 1919 3698 1973 in
3725 1932 3785 1973 ea
3816 1934 3963 1974 more

702 1999 922 2052 curabo.
972 1998 1130 2066 Igitur
1157 2013 1278 2052 cum
1310 1997 1729 2052 Mediolanensis
1760 1996 2007 2051 Ecclesia
2054 1996 2181 2062 Dei,
2231 2007 2285 2051 et

704 2089 844 2143 beati
878 2089 1146 2143 Ambrosii
1175 2090 1329 2143 factis
1358 2098 1410 2142 et
1435 2089 1717 2143 virtutibus
1746 2089 1976 2142 exaltata
2001 2129 2016 2153 ,
2058 2104 2123 2143 ac
2148 2091 2285 2143 inul-

704 2183 771 2236 tis
815 2181 1085 2251 cpiscOpis
1134 2198 1230 2252 per
1268 2184 1433 2237 multa
1477 2184 1587 2252 jam
1638 2193 1879 2252 tempora
1911 2183 2281 2237 antecedentia

704 2272 1013 2335 sublimata.
1044 2288 1185 2327 nunc
1210 2275 1615 2330 eonsecratiooe
1638 2276 1881 2329 ecclesiae
1904 2275 2180 2343 Papiensis
2211 2273 2284 2325 in-

698 2363 845 2431 juste
874 2364 1189 2431 exspoliata,
1248 2364 1399 2418 vobis
1430 2364 1701 2419 humiliter
1729 2378 1792 2418 ac
1821 2365 2015 2419 devote
2041 2377 2280 2433 conque-

711 2451 868 2504 ritur.
902 2451 1034 2519 Qua:
1078 2452 1219 2506 inter
1244 2466 1468 2508 caeteros
1501 2465 1697 2509 nostra:
1741 2454 1987 2508 ecclesia:
2022 2453 2284 2522 suffraga-

704 2556 836 2597 ueos
860 2580 876 2607 ,
904 2551 960 2597 ct
999 2542 1137 2597 beati
1164 2544 1281 2614 Syri
1324 2544 1562 2607 meritis,
1614 2544 1906 2614 primicerii
1943 2544 2282 2612 privilegium

704 2648 847 2688 nunc
876 2647 1042 2704 usque
1072 2647 1268 2688 nostra:
1323 2648 1499 2689 causa:
1541 2635 1794 2688 iudicium
1837 2647 2049 2688 summo
2100 2635 2284 2703 vigore

708 2737 900 2789 tenuit.
925 2737 993 2788 At
1022 2748 1161 2789 nunc
1191 2734 1444 2789 Romana:
1471 2736 1615 2790 sedis
1648 2734 1998 2805 dignitatibus
2035 2744 2090 2789 et
2115 2737 2283 2801 majo-

714 2839 833 2878 rum
867 2822 1163 2879 honoribus
1192 2825 1510 2890 ambitiosa,
1537 2841 1631 2880 sua
1657 2835 1711 2880 et
1750 2826 1961 2895 propria
1999 2824 2281 2893 metropoli

710 2916 898 2971 illicite
933 2916 1211 2981 derelicta,
1260 2925 1314 2970 et
1338 2917 1533 2986 injuste
1575 2919 1865 2984 destituta,
1912 2928 1969 2972 ut
1998 2932 2285 2973 consecra-

705 3010 907 3062 tionem
949 3006 1138 3062 furtive
1177 3008 1478 3075 acciperet,
1532 3009 1829 3063 Romanum
1889 3009 2019 3062 adiit
2065 3008 2281 3077 pontiti-

708 3111 867 3161 cem,
942 3111 1100 3166 quam
1173 3106 1355 3151 nostra
1434 3097 1673 3153 Ecclesia
1722 3113 1819 3168 per
1875 3108 2112 3169 tempora
2172 3098 2281 3167 jam

715 3186 879 3241 inulta
929 3201 1193 3241 annorum
1246 3186 1405 3255 longo
1459 3189 1727 3243 curriculo
1778 3188 2185 3254 antecedentia,
2255 3202 2282 3241 a

714 3290 955 3350 tempore
1003 3279 1140 3332 beati
1188 3277 1445 3333 Barnaba:
1495 3280 1722 3347 apostoli
1782 3294 1949 3348 usque
2000 3279 2105 3332 mei
2149 3292 2283 3347 pra:-
2312 3262 2355 3323 (ἶ

712 3372 978 3435 sentiam,
1040 3369 1129 3440 qui
1171 3383 1266 3438 per
1310 3383 1482 3423 annos
1526 3370 1874 3439 quadraginta
1921 3369 2103 3424 sedem
2154 3368 2287 3423 resi-

714 3465 815 3519 deo
843 3461 1295 3517 Mediolanensem
1318 3502 1333 3529 ,
1384 3472 1545 3531 atque
1570 3462 1700 3515 inibi
1732 3463 2049 3528 episcopum
2084 3459 2287 3528 Grego-

710 3556 875 3621 rium,
904 3554 1176 3607 humiliter
1227 3556 1580 3619 cousecravit,
1618 3554 1821 3618 habuit,
1851 3564 1902 3607 et
1947 3551 2285 3617 charitative,

710 3645 821 3699 Deo
846 3644 1161 3715 opitulante,
1217 3645 1403 3699 tenuit.
1440 3643 1589 3698 lIunc
1636 3646 1836 3713 itaque,
1864 3653 2039 3697 vestra
2072 3656 2289 3697 succur-

711 3747 862 3792 rente
917 3736 1223 3800 clementia,
1268 3736 1575 3805 sanctisque
1603 3734 2034 3791 collaudantibus
2064 3736 2287 3790 canoni-

712 3830 833 3892 bus,
882 3827 1023 3897 quod
1077 3829 1272 3897 injuste
1318 3841 1501 3883 nostra
1540 3829 1770 3884 ecclesia
1810 3829 2009 3897 amisit,
2067 3828 2288 3898 adipisci

709 3920 906 3987 valeat,
954 3918 1184 3975 ﬁdeliter
1230 3933 1293 3974 ac
1346 3922 1537 3975 devote
1573 3935 1874 3977 exoramus.
1915 3920 2090 3975 Prosit
2137 3922 2289 3975 nobis

711 4019 885 4066 vestra
942 4011 1243 4077 sapientia,
1294 4010 1543 4065 onmibus
1591 4010 1922 4081 praeferenda
1969 4011 2286 4079 disciplinis.

710 4103 817 4168 Qui
840 4102 982 4156 enim
1031 4103 1279 4155 omnibus
1311 4111 1523 4171 prrcest,
1553 4102 1803 4157 omnibus
1833 4100 2091 4172 prodesse
2110 4101 2288 4157 debita

713 4193 1029 4262 paternitate
1057 4192 1337 4259 condecet,
1392 4194 1521 4248 nulli
1580 4209 1793 4259 nocere,
1828 4193 2289 4263 neminiqueinvi-

710 4285 864 4350 dere,
896 4284 1025 4337 nulli
1056 4284 1301 4339 ecclesia:
1344 4283 1600 4341 honorem
1632 4299 1693 4339 ac
1716 4286 1988 4356 dignitatis
2019 4299 2286 4356 praeroga-

709 4374 871 4428 tivam
920 4387 1202 4441 usurpare,
1234 4373 1496 4430 discretus
1518 4385 1566 4430 et
1589 4375 1752 4445 judex
1800 4391 2023 4433 summa:
2068 4377 2286 4447 iustitia:

713 4467 866 4520 lance
898 4465 1155 4535 ponderat
1198 4464 1466 4532 universa,
1520 4468 1813 4523 inferentes
1858 4468 2080 4538 injurias
2128 4469 2284 4524 alicui

711 4561 910 4633 injuste
955 4562 1339 4629 condemnans,
1393 4578 1455 4619 ac
1485 4564 1667 4621 illicite
1708 4565 2025 4622 suﬂereutes
2071 4580 2099 4620 a
2132 4568 2289 4641 malis

711 4655 1100 4722 misericordia,
1160 4655 1379 4711 dextera
1429 4657 1665 4726 legisque
1720 4658 2053 4713 cazremoniis
2101 4658 2286 4713 defen-

713 4746 910 4812 dendo,
938 4746 1162 4817 benigne
1183 4755 1464 4802 su5tcntat.
1495 4749 1562 4802 At
1589 4748 1884 4818 iniquitatis
1920 4748 2077 4817 judcx
2096 4759 2284 4804 cuncta

713 4840 882 4908 pretio
927 4838 1241 4894 subvertens
1272 4839 1499 4909 negotia,
1531 4853 1649 4909 quae
1701 4837 1832 4907 legis
1861 4848 1984 4892 sunt
2014 4838 2283 4905 obscurat,

709 4942 774 4983 ac
820 4944 939 4997 qua:
993 4929 1357 4998 temporaliter
1396 4928 1634 4985 arrident
1662 4928 1950 4983 criminose
1991 4929 2210 4993 exaltat,
2256 4943 2286 4982 a

707 5021 897 5090 quibus
936 5020 1155 5091 iustitia:
1200 5028 1407 5074 amator
1432 5034 1493 5075 se
1540 5018 1800 5089 quotidie,
1842 5018 1939 5074 Dei
1972 5028 2286 5089 protegente

710 5112 956 5175 dextera,
1008 5110 1260 5166 custodit.
1301 5109 1569 5165 Justitiam
1618 5111 1904 5165 discamus.
1938 5110 2117 5180 Itaque
2147 5111 2288 5166 unde

710 5203 874 5257 Isaias
905 5202 1160 5272 propheta
1186 5203 1384 5271 Spiritu
1415 5213 1601 5257 sancto
1634 5204 1872 5273 repletus
1899 5201 2027 5255 dicit
2060 5219 2075 5257 :
2121 5202 2287 5256 Justi-

706 5294 831 5346 tiam
870 5293 1046 5347 discite
1083 5292 1173 5363 qui
1219 5293 1454 5345 habitatis
1500 5303 1703 5347 terram.
1764 5291 2077 5347 Veneranda
2105 5292 2282 5358 Pater,

708 5389 1029 5452 potestatem
1080 5383 1329 5438 culminis
1383 5384 1609 5438 Romani
1662 5384 1797 5439 ratio
1860 5385 2038 5437 vincat
2083 5384 2277 5439 divina.

709 5474 862 5530 Unde
908 5475 1096 5530 beatus
1129 5476 1441 5532 Ambrosius
1466 5479 1581 5531 ait:
1643 5477 1797 5533 Decet
1855 5486 1910 5531 ut
1959 5480 2089 5533 ratio
2120 5481 2281 5533 vincat

707 5578 1025 5638 potestatem.
1082 5566 1346 5622 Iudicium
1393 5584 1673 5625 causarum
1713 5568 2058 5639 querimonia:
2089 5580 2285 5625 nostra:

706 5657 902 5723 justum
944 5658 1205 5728 judicate,
1257 5658 1397 5713 unde
1444 5661 1698 5714 Itotninus
1743 5676 1835 5728 per
1869 5658 2182 5715 Zachariam
2209 5662 2289 5714 Ioo

712 5747 906 5810 quitur,
930 5747 1110 5800 dicens
1143 5765 1154 5798 :
1185 5746 1394 5800 Juslum
1441 5750 1698 5817 judicium
1729 5760 1773 5802 et
1823 5750 2093 5819 pacificum
2135 5752 2284 5821 judi-

712 5849 839 5907 care,
869 5849 913 5894 et
944 5842 1097 5895 nolite
1137 5845 1351 5896 retinere
1379 5842 1622 5897 malitiam
1663 5844 1837 5913 fratris
1865 5845 2013 5897 vestri
2034 5845 2086 5896 iu
2118 5846 2280 5899 ccidi-

2392 2010 2562 2077 patrio
2587 2010 2840 2064 eximium
2888 2012 3245 2077 Augustorum
3290 2009 3529 2077 dignitati
3584 2010 3835 2078 palatium
3867 2011 3966 2063 itu-

2392 2101 2615 2167 perialc,
2652 2102 2942 2166 theatrum,
2987 2103 3341 2165 autnantium,
3372 2101 3625 2165 thermas,
3658 2103 3964 2156 viridariunt

2389 2206 2661 2247 amomum
2696 2193 2916 2248 floribus
2943 2192 3169 2248 diversis
3192 2204 3244 2248 ct
3264 2193 3516 2249 odoribus
3562 2196 3723 2250 variis
3741 2195 3966 2251 delecta-

2388 2278 2513 2345 bile,
2547 2294 2764 2335 arenam
2805 2282 3070 2350 lapidibus
3119 2293 3173 2338 et
3218 2282 3536 2352 magisteriis
3577 2284 3964 2347 admirandam,

2391 2370 2443 2423 in
2491 2386 2591 2439 qua
2642 2371 2808 2426 Italia:
2848 2372 2995 2427 cives
3042 2372 3275 2427 universi
3305 2373 3699 2440 conscdere,‘ct
3745 2375 3815 2427 ab
3858 2390 3966 2430 uno

2388 2471 2604 2515 oratore
2632 2461 2984 2516 concionante
3011 2462 3197 2517 audire
3230 2472 3445 2529 possent
3470 2474 3853 2533 competenter.
3885 2466 3967 2519 Ub

2386 2564 2546 2618 quam
2595 2550 2735 2604 enim
2765 2564 2978 2605 causam
3001 2553 3293 2619 saipissitne
3318 2553 3387 2608 ab
3412 2553 3599 2609 iisdem
3630 2555 3964 2623 postmodum

2389 2648 2640 2714 Augustis
2686 2646 3032 2716 frequentari,
3085 2658 3138 2703 et
3185 2648 3367 2712 incoli,
3417 2659 3473 2703 et
3524 2649 3772 2704 honorari
3802 2663 3966 2718 super

2387 2745 2607 2792 cunctas
2652 2738 2814 2792 Italia:
2862 2739 3103 2794 civitates
3142 2738 3327 2794 adorta
3373 2749 3476 2806 est,
3526 2740 3777 2805 maxime,
3823 2743 3963 2810 quod

2387 2838 2530 2883 esset
2572 2829 2701 2884 inibi
2760 2830 3099 2885 saluberrimi
3151 2832 3294 2885 aeris
3338 2831 3608 2902 aptissima
3658 2830 3962 2901 temperies,

2391 2918 2644 2986 locusque
2676 2919 2741 2971 ad
2776 2934 2904 2972 usus
2947 2920 3270 2974 domesticos
3323 2920 3757 2990 irrefragabiliter
3810 2936 3966 2990 para-

2390 3009 2646 3061 tissimus.
2675 3007 2903 3075 Exinde,
2935 3008 3090 3064 Pater
3132 3012 3456 3075 venerande,
3487 3021 3666 3067 sancta
3696 3011 3968 3067 Christia-

2389 3097 2553 3152 nitate
2599 3099 2717 3152 orbi
2769 3108 3060 3170 apparente
3089 3100 3355 3166 universo,
3406 3101 3542 3157 sicut
3579 3102 3797 3169 audivit,
3826 3102 3967 3159 illico

2393 3187 2503 3242 Deo
2531 3189 2783 3255 credidit,
2814 3201 3000 3246 sancto
3033 3190 3271 3245 Darnaba
3292 3193 3533 3261 apostolo
3562 3208 3588 3244 a
3614 3192 3814 3262 Spiritu
3844 3207 3969 3248 san-

2391 3289 2478 3333 cto
2512 3280 2640 3334 inibi
2695 3282 2985 3351 destinato,
3038 3293 3090 3338 et
3123 3283 3281 3339 tidem
3330 3282 3683 3339 orthodoxam
3739 3284 3969 3340 fideliter

2389 3369 2743 3439 pra-dicante;
2794 3387 2822 3426 a
2874 3388 2979 3442 quo
3028 3373 3170 3426 enim
3226 3383 3405 3428 nostra
3466 3374 3698 3429 Ecclesia
3745 3375 3814 3428 ab
3841 3375 3971 3445 ipsis

2390 3461 2695 3529 primordiis
2740 3473 2898 3532 caput
2943 3463 3105 3517 italia:
3153 3479 3246 3534 per
3270 3465 3451 3520 sedem
3482 3466 3965 3533 metropolitanam,

2388 3554 2481 3610 Dei
2505 3554 2848 3623 dispensante
2868 3555 3176 3618 clementia,
3202 3555 3390 3618 tenuit,
3413 3564 3467 3610 et
3493 3554 3604 3610 Deo
3627 3555 3882 3625 largiente
3912 3557 3967 3610 in

2388 3654 2648 3699 retentum
2676 3643 2897 3698 tenebit.
2930 3643 3284 3710 Quamobrem
3310 3642 3559 3698 cathedra
3608 3642 3969 3700 Mediolaneu-

2387 3735 2463 3789 sis
2496 3735 2562 3789 ab
2592 3732 2708 3803 ipso
2736 3735 2985 3803 apostolo
3015 3734 3245 3788 exaltata
3273 3732 3543 3799 ilecenter,
3576 3743 3630 3789 et
3681 3735 3965 3791 sublimata

2388 3836 2770 3895 competenter,
2828 3826 2921 3882 Dei
2970 3825 3218 3895 dextera,
3249 3838 3303 3884 et
3346 3826 3485 3883 beati
3542 3828 3686 3884 Petri
3738 3829 3965 3900 remigio

2388 3917 2649 3972 refloruit.
2682 3916 2832 3983 Quod
2864 3920 3007 3973 enim
3057 3920 3334 3975 verissime
3363 3922 3658 3990 reperimus
3687 3923 3740 3976 in
3770 3924 3966 3978 nostris

2389 4008 2687 4074 annalibus,
2736 4017 2792 4064 et
2841 4008 2955 4078 ejus
2987 4010 3347 4079 descriptione
3401 4010 3677 4077 adventus,
3710 4023 3765 4068 et
3793 4014 3963 4068 sancti

2389 4099 2650 4153 Anatalon
2683 4099 2828 4162 Vita,
2854 4101 2920 4154 de
2948 4099 3225 4169 discipulis
3252 4100 3487 4167 Donnni,
3518 4117 3652 4157 unus
3672 4102 3968 4175 discipulus

2392 4190 2732 4246 fidelissimus
2765 4193 3072 4248 fidelissime
3101 4202 3155 4248 et
3205 4194 3498 4249 certissime
3544 4196 3727 4252 dicens
3773 4213 3791 4250 :
3842 4197 3968 4263 Qua

2391 4292 2504 4350 post
2538 4283 2821 4338 Romanam
2852 4301 3020 4339 arcem
3043 4287 3433 4356 fainosissimant
3460 4288 3577 4356 jam
3606 4297 3727 4341 tunc
3748 4289 3966 4344 habeba-

2391 4384 2475 4428 tur
2505 4377 2680 4431 civitas
2731 4378 3003 4447 swpedicta
3058 4375 3431 4445 Mediolanum,
3487 4378 3672 4449 quippe
3702 4395 3817 4447 qua
3853 4383 3966 4451 pari

2392 4466 2585 4519 ditione
2637 4465 2887 4532 subliotis,
2939 4466 3164 4520 secunda
3219 4475 3330 4534 post
3385 4466 3571 4536 ipsam,
3609 4475 3664 4519 ut
3720 4467 3965 4536 pra-{atus

2390 4571 2525 4622 sum,
2553 4556 2863 4625 Augustales
2898 4554 3113 4609 Occidui
3156 4554 3352 4625 imperii
3400 4555 3591 4624 infulas
3620 4557 3836 4611 tenebat.
3869 4559 3967 4612 Ita-

2393 4661 2497 4717 que
2518 4658 2757 4714 sanctus,
2794 4647 2888 4702 Dei
2933 4647 3272 4715 dispensante
3300 4645 3600 4712 clementia,
3632 4650 3813 4704 sanxit
3841 4649 3967 4705 Bar-

2395 4736 2562 4789 nabas
2585 4738 2861 4807 apostolus
2885 4748 2943 4793 ut
2971 4735 3403 4803 Mediolanensis,
3432 4752 3588 4808 quam
3618 4740 3965 4809 imperatores

2393 4838 2613 4883 noverat
2663 4844 2824 4898 super
2868 4840 3087 4884 cunctas
3138 4829 3301 4884 ltzilite
3348 4829 3595 4885 civitates
3623 4830 3962 4895 suldimssse.

2394 4934 2476 4986 ea,
2504 4920 2618 4989 ipse
2644 4936 2802 4992 quam
2844 4921 3044 4976 sanctis
3070 4919 3529 4990 praadicationibus
3558 4920 3802 4990 primitus
3841 4921 3962 4977 fon-

2394 5012 2650 5079 daverat,
2715 5012 3025 5082 principalis
3079 5010 3424 5067 ecclesiastici
3476 5011 3724 5068 culminis
3765 5013 3962 5081 sedes,

2396 5104 2730 5175 aliarumque
2782 5106 2835 5159 in
2862 5120 2924 5158 ca
2971 5104 3240 5173 provincia
3271 5102 3615 5159 ecclesiarum
3653 5106 3962 5172 metropolis

2395 5194 2776 5265 perpetualiter
2802 5192 3078 5248 habeatur.
3128 5192 3224 5248 Cui
3253 5190 3489 5262 profecto
3518 5192 3655 5259 urbi,
3685 5202 3742 5247 ut
3762 5193 3818 5249 in
3845 5193 3961 5249 Vita

2392 5288 2561 5341 sancti
2588 5287 2873 5353 Anatalon,
2902 5302 3058 5357 quem
3102 5286 3230 5340 inibi
3261 5294 3684 5349 consecraverat,
3714 5283 3961 5342 Hieroso-

2393 5380 2549 5450 Iymis
2583 5395 2950 5448 processuram,
2984 5379 3187 5445 inveni,
3244 5386 3444 5433 tantum
3486 5378 3741 5447 privilegii
3771 5394 3961 5436 munus

2393 5481 2609 5529 sanctos
2638 5474 2901 5529 Anatalon
2928 5487 2956 5528 a
2979 5488 3076 5529 suo
3103 5485 3323 5529 noverat
3350 5473 3602 5543 magistro
3624 5488 3959 5546 concessum,

2389 5576 2445 5621 ut
2467 5568 2603 5621 sicut
2625 5569 2763 5621 inter
2784 5567 3019 5633 reliquas
3050 5566 3347 5621 Italicarum
3370 5567 3757 5635 provinciarum
3776 5569 3957 5635 urbes,

2389 5671 2568 5710 earnm
2610 5658 2866 5712 duntaxat
2895 5674 3012 5727 qua:
3051 5658 3431 5715 occidentalem
3471 5674 3637 5728 usque
3665 5659 3959 5728 marginem

2390 5748 2456 5803 ab
2485 5749 2646 5803 Italia:
2694 5749 2884 5804 finibus
2917 5751 3324 5820 protenduntur,
3373 5761 3493 5823 post
3531 5751 3826 5809 Romanam
3873 5770 3959 5810 sr-

2392 5861 2507 5902 cem
2559 5848 2745 5905 intenti
2793 5850 2889 5906 sub
2947 5851 3083 5907 solio
3131 5852 3385 5908 eminenti
3434 5862 3592 5923 atque
3642 5851 3958 5924 populorum
