4172 6616
199 81 3923 145 W

241 570 347 624 3i~Z9

1496 562 1893 617 ΡΟΕΜΑΤΙΙῘΜ
1939 564 2268 620 MEDlCllM.

3417 578 3523 637 εγω

240 681 409 735 oratio
430 682 612 732 lionue
633 678 830 742 h’abita,
860 688 913 731 et
942 676 1199 745 scriptum
1222 673 1571 741 epitaphium.
1604 673 1821 728 Verum-
1856 684 1903 736 Α
1941 678 2152 745 tif/tells,
2184 688 2239 730 ut
2269 679 2344 731 ait
2369 678 2433 732 de
2466 680 2611 746 Deis,
2640 683 2862 750 έητίεμιιε
2897 684 3165 753 clm-usque
3194 696 3341 749 esset,
3366 698 3522 755 atque

243 786 420 828 tamen
476 771 764 839 prmdictus
811 768 1044 822 Joannes
1078 767 1143 821 de
1177 766 1302 821 Deis
1360 765 1703 819 Benedictum
1755 765 1830 819 ait

242 863 488 916 nonnulla
516 861 882 912 contmcntaria
912 860 1067 911 laude
1102 859 1256 925 digna
1273 859 1635 924 composuisse.
1658 856 1828 923 lleap-

244 968 303 1007 se
337 952 649 1020 epusculutn
682 950 970 1012 medicum,
1001 950 1141 1017 quod
1166 964 1265 1016 ego
1292 948 1345 1001 in
1376 949 1585 1001 duobus
1617 948 1826 1001 Vatica-

247 1061 329 1098 uce
364 1044 699 1098 bibliutliecm
726 1042 1017 1095 Cudieibus
1046 1043 1387 1095 observatum
1422 1053 1565 1093 nunc
1588 1040 1823 1107 divulge,

246 1139 297 1189 in
332 1152 435 1188 uno
458 1134 678 1204 quidem
709 1132 907 1187 Codice
936 1132 1133 1185 dicitur
1175 1130 1617 1191 commentarium,
1666 1130 1719 1181 in
1752 1131 1831 1181 al-

248 1241 365 1283 tero
393 1229 589 1279 libellus
619 1226 959 1279 medicinalis.
989 1223 1063 1277 De
1088 1238 1192 1292 quo
1224 1224 1351 1275 nihil
1373 1223 1479 1289 jam
1507 1221 1706 1284 dicam,
1726 1222 1826 1273 nisi

245 1320 296 1373 id
331 1333 465 1387 epus
510 1318 745 1386 juvenile
792 1318 975 1380 fuisse,
1024 1330 1144 1368 eum
1188 1312 1360 1367 adhuc
1411 1312 1732 1367 Benedictus
1778 1310 1830 1363 in

243 1415 529 1468 diaconatu
559 1419 881 1473 versaretur,
911 1418 965 1464 el
1011 1410 1061 1461 in
1096 1409 1434 1461 humanarum
1485 1404 1832 1459 eruditionum

253 1597 520 1613 -

1938 768 2075 820 iuter
2116 783 2240 820 suos
2281 767 2571 834 diseipulus
2615 770 2854 825 Maurum
2908 785 3233 837 numeraret,
3268 775 3333 829 ad
3363 791 3521 844 quem

1936 856 1985 908 id
2036 859 2364 922 poematium
2416 858 2648 925 scripsit.
2698 862 3040 931 (Laiteroquin
3085 862 3220 917 haue
3260 866 3522 919 medicam

1936 946 2391 1013 lucubrationum,
2430 964 2605 1015 neque
2635 964 2661 1000 a
2695 950 3005 1017 Muratorio,
3042 969 3216 1021 neque
3256 955 3322 1007 ab
3353 960 3521 1023 Arge-

1930 1039 2062 1102 lato,
2096 1053 2269 1105 neque
2303 1054 2331 1091 a
2364 1041 2547 1103 Saxio,
2583 1044 2672 1108 qui
2719 1043 2977 1098 triumviri
3010 1046 3076 1098 de
3110 1045 3400 1101 Benedicto
3428 1064 3519 1100 ac-

1934 1131 2169 1182 curatius
2196 1131 2545 1197 scripserunt,
2580 1136 2985 1190 memorandum
3009 1137 3146 1199 vidi;
3180 1138 3302 1206 quia
3330 1153 3521 1207 reapse

1936 1220 2302 1299 ianaticauis
2351 1227 2716 1279 tantummodo
2755 1227 3035 1284 Codicibus
3072 1228 3400 1297 superfuisse
3448 1231 3521 1283 vi-

1934 1308 2112 1364 detur.

527 1583 3513 1614 ww

910 1713 1052 1827 S.
1128 1702 2129 1823 BENEDICTI
2207 1708 2812 1824 CRISPI

1384 1893 1862 1949 AliCillEPlSCOl‘l
1905 1893 2410 1949 MEDIULANENSIS

860 2034 1989 2174 POEMATIUM
2086 2040 2915 2176 MEDICUM

1395 2262 1454 2303 IN
1493 2255 1849 2300 DHCONATU
1893 2255 2007 2296 suo
2040 2257 2377 2305 είῖιιιιντυλι,

1306 2437 1438 2497 (Mai.
1467 2436 1709 2484 Auctores
1734 2428 1882 2479 Class.
1912 2433 2029 2476 tom.
2056 2440 2107 2488 ν,
2134 2445 2193 2481 ex
2216 2434 2327 2485 (Iod.
2364 2437 2493 2497 Vat.)

453 2653 668 2713 ClitSPl
714 2644 1263 2706 MEUIOLANENSIS
1309 2638 1577 2695 DIACONI
1612 2646 1632 2671 ⁸

292 2752 383 2807 AD
418 2744 707 2801 MAURUM
754 2736 1223 2796 MANTUENSEM
1272 2725 1736 2787 PRIEPOSITUM
1769 2723 1795 2761 δ

417 2838 482 2891 iN
514 2831 863 2890 ΜΕΠῘΕΙΝΛΕ
898 2827 1237 2884 LIBELLUM
1271 2820 1660 2879 PREFATIO.

344 2930 474 2998 Quia
501 2943 574 2992 t0,
605 2926 677 2979 fili
702 2922 1019 2978 charissime
1049 2920 1248 2977 lilaure,
1276 2930 1410 2986 pene
1440 2915 1505 2986 ab
1534 2912 1662 2981 ipsis
1679 2924 1841 2965 cuna-

258 3026 400 3081 bulis
445 3019 687 3084 educavi,
734 3025 789 3070 et
838 3012 1165 3082 septiformis
1213 3010 1473 3064 facundia:
1524 3006 1842 3060 liberalitate

256 3115 445 3172 ditavi.
479 3125 644 3166 unum
674 3108 771 3162 tibi
802 3105 955 3161 deest
980 3102 1121 3173 quod
1150 3100 1325 3155 adhuc
1355 3100 1406 3154 in
1437 3097 1591 3152 annis
1620 3095 1842 3150 virenti-

257 3210 360 3262 bus
409 3206 731 3259 constitutus
786 3198 1052 3267 ingratum
1103 3208 1316 3263 semper
1361 3191 1563 3246 habere
1606 3190 1839 3253 voluisti,

264 3302 370 3354 hoc
413 3305 495 3351 est
525 3302 689 3365 graue
721 3292 969 3361 peritiam
1017 3286 1296 3341 medicinae
1329 3299 1422 3353 per
1452 3280 1629 3337 omnia
1660 3284 1840 3350 parvi-

256 3390 525 3461 pendens,
579 3385 782 3440 nullam
838 3382 891 3436 in
946 3378 1260 3434 liberalibus
1309 3374 1603 3443 disciplinis
1636 3384 1839 3441 partem

259 3480 804 3542 communionemque
828 3470 1065 3528 retinere
1095 3469 1310 3532 dixisti;
1344 3480 1485 3522 nunc
1515 3472 1690 3518 autem
1722 3464 1843 3531 quia

257 3572 632 3627 valetudinum
664 3567 932 3633 variarum
964 3563 1163 3632 smpius
1190 3563 1243 3615 in
1274 3569 1327 3614 te
1353 3558 1660 3613 dominatur
1681 3570 1843 3611 enor-

258 3668 442 3732 mitas,
474 3662 620 3732 cogis
651 3662 817 3726 ipsam
851 3656 1094 3713 eamdem
1125 3654 1319 3709 artium
1366 3650 1695 3720 amplificare
1746 3664 1843 3715 pe-

256 3758 419 3821 ritiae,
450 3768 609 3823 quam
640 3751 785 3821 prius
814 3764 919 3803 non
941 3745 1199 3802 erubuisti
1227 3743 1485 3798 nefariam
1508 3754 1561 3798 et
1592 3740 1839 3809 turpissi-

252 3862 404 3901 niam
438 3855 766 3910 nuncupare.
802 3837 985 3908 Exigis
1012 3852 1142 3906 ergo
1182 3851 1211 3890 a
1238 3850 1325 3890 me
1354 3842 1411 3887 ut
1461 3844 1511 3887 te
1552 3832 1841 3887 ruricolam

254 3936 477 3997 faciam,
526 3930 815 3986 herbarum
849 3928 1247 3983 medicinalium
1293 3925 1520 3978 virtutes
1562 3924 1839 3985 edoceam,

1869 2629 1911 2687 Β
1944 2631 2074 2687 Pars
2108 2645 2284 2693 tamen
2316 2655 2381 2695 ex
2413 2645 2529 2711 ipso
2557 2648 2792 2714 quatitur
2822 2650 2867 2702 si
2899 2655 3105 2706 concita
3142 2659 3348 2719 m0rhn,

1948 2728 2114 2797 Talpa
2145 2733 2326 2801 vigens
2358 2738 2585 2805 capitur,
2618 2742 2793 2795 oleum
2827 2759 2982 2812 quam
3015 2761 3313 2817 concoquat
3340 2767 3521 2817 omne,

1946 2822 2011 2875 Et
2041 2834 2197 2893 caput
2224 2837 2275 2881 et
2302 2828 2463 2885 facies
2490 2833 2709 2887 linietur
2738 2838 2971 2904 unguine
3000 2840 3067 2893 de
3094 2856 3202 2907 quo
3226 2852 3274 2895 ⁸.

2376 2917 2438 2970 ll.
2483 2936 2549 2973 ne
2590 2938 2825 2977 neuneu
2866 2940 3095 2981 nocontz.

1946 3002 2016 3055 At
2042 3002 2090 3057 si
2118 3004 2431 3077 multiphagi
2461 3012 2770 3077 quatiuntur
2796 3016 3005 3071 turbine
3031 3017 3241 3083 dentes,

1947 3091 2337 3161 Symphoniaca
2370 3099 2550 3155 valens
2581 3104 2837 3169 premitur
2867 3120 2987 3160 cum
3018 3108 3207 3174 pollice
3238 3109 3384 3165 denti
3420 3131 3432 3166 :

1948 3182 2199 3240 Protinus
2227 3203 2291 3242 ex
2324 3193 2437 3258 ipso
2464 3193 2682 3248 rabidus
2714 3195 2866 3250 dolor
2898 3201 3075 3253 omnis
3104 3202 3293 3257 abibit.

1946 3272 2022 3328 Ne
2053 3276 2248 3343 glutias
2275 3286 2453 3335 tamen
2480 3282 2772 3352 admoneo,
2802 3287 2927 3355 quia
2959 3290 3161 3358 perfida
3192 3296 3357 3360 pestis

1945 3364 2166 3431 Sumpta
2200 3370 2338 3438 rapit
2366 3386 2609 3439 sensum,
2644 3378 2850 3444 capitur
2873 3380 3025 3447 quasi
3058 3384 3244 3437 mortis
3269 3385 3464 3455 imago.

1945 3458 2000 3511 Si
2032 3473 2160 3513 vero
2192 3462 2410 3518 insanus
2456 3472 2635 3533 guttur
2661 3469 2800 3538 rapit
2829 3479 2885 3524 et
2931 3472 3100 3540 quatit
3136 3472 3357 3545 [Codd.,
3388 3493 3523 3545 qua-

1990 3642 1999 3649 .
2206 3645 2215 3649 ῃ
3163 3567 3263 3639 ter]
3294 3568 3520 3641 [διδους.

1946 3640 2113 3698 Sister
2142 3645 2243 3699 erit
2273 3658 2449 3717 potus,
2480 3665 2687 3719 unguen
2724 3654 2986 3711 medicina
3020 3658 3271 3714 salubris.

2472 3743 2557 3797 ΙΙΙ.
2600 3762 2664 3799 nr:
2713 3764 2989 3805 PIIRENESI.

1946 3827 2013 3881 At
2043 3828 2198 3883 dolor
2228 3832 2524 3887 immensus
2554 3846 2799 3902 penetrat
2827 3840 2872 3893 si
2905 3841 3042 3895 forte
3071 3844 3344 3913 meningas
3363 3888 3377 3907 ,

1948 3918 2012 3971 Et
2035 3921 2184 3974 vitiat
2214 3922 2493 3977 cerebrum
2522 3940 2773 3993 grassans
2801 3929 3084 3984 maledicta
3112 3934 3412 4000 phrenesis,

254 4031 516 4097 ipsasque
547 4021 878 4093 temporibus
904 4020 1068 4076 certis
1090 4018 1397 4089 singillatim
1426 4014 1732 4081 ostendam,
1765 4023 1839 4080 et,
1873 4005 1917 4067 C
1950 4012 2142 4067 Gratus
2174 4016 2276 4069 erit
2306 4016 2485 4083 pulmo
2514 4029 2760 4087 sumptus
2787 4021 2856 4076 de
2888 4023 3093 4078 viscere
3123 4029 3264 4079 cervi

254 4127 413 4189 Juxta
471 4113 833 4170 valetudinum
893 4111 1221 4180 multiplices
1274 4109 1585 4178 qualitates,
1635 4106 1842 4175 species

253 4208 604 4267 curaticnum
654 4203 1016 4258 indubitanter
1057 4202 1361 4256 exhibeam.
1404 4200 1557 4264 Quod
1601 4208 1704 4251 ture
1750 4210 1845 4249 an-

254 4316 437 4359 nuens
468 4298 724 4354 voluntati
772 4297 1001 4352 libenter
1049 4296 1267 4363 excepi;
1302 4302 1378 4356 et,
1411 4291 1749 4359 breviloquio
1789 4290 1842 4343 in

259 4390 522 4462 praesenti
552 4387 811 4457 opusculo
844 4385 1087 4451 studens,
1118 4385 1337 4439 heroico
1363 4390 1414 4439 te
1440 4383 1600 4438 melle
1627 4397 1846 4452 pascere

252 4486 446 4553 cupio,
476 4490 530 4535 ut
565 4478 818 4549 paulatim
848 4477 914 4530 ad
949 4477 1079 4530 artis
1109 4490 1348 4528 amorem
1377 4474 1636 4528 adducam
1666 4492 1679 4538 ;
1706 4490 1771 4528 ne
1801 4476 1845 4527 si

248 4577 413 4645 plura
462 4571 705 4639 primitus
748 4569 799 4622 in
848 4566 1213 4621 ostendendo
1240 4575 1511 4631 retexere,
1559 4564 1842 4632 pluralitas

252 4665 539 4720 fastidium
588 4663 771 4726 faciat,
822 4660 1089 4714 fastidium
1136 4658 1468 4713 desiderium
1503 4657 1671 4711 tollat.
1705 4656 1845 4726 Ergo

247 4757 407 4828 quod
442 4754 878 4823 probatissimum
929 4751 1103 4806 habeo
1145 4750 1419 4805 succincta
1467 4751 1844 4818 supputatione

250 4847 594 4919 perstrinxi;
624 4854 684 4899 ut
713 4845 838 4898 dum
871 4844 971 4898 ista
1002 4857 1163 4912 opere
1187 4840 1543 4913 liquidissimo
1573 4857 1695 4896 vera
1722 4856 1843 4913 esse

248 4941 598 5013 probaveris,
656 4937 888 5007 plurima
943 4950 1060 5006 qua:
1107 4942 1313 4989 restant
1361 4932 1639 4989 ardentius
1684 4944 1845 5005 atque

244 5033 579 5101 diligentius
608 5027 936 5098 assequaris.

854 5119 893 5171 Ι.
936 5133 1003 5171 nr;
1040 5132 1250 5172 ωριτε.
1676 5186 1679 5193 _

242 5218 320 5276 Si
354 5225 516 5284 caput
545 5213 840 5270 innumeris
871 5211 1102 5281 agitatur
1131 5210 1371 5280 pulsibus
1402 5224 1624 5280 egrum,

247 5316 339 5367 Ae
374 5309 718 5363 circumflexo
748 5304 993 5358 turbatur
1023 5303 1259 5371 pondere
1287 5303 1539 5370 quodam,

248 5399 520 5457 l’iotinus
547 5396 627 5452 ex'
647 5395 859 5450 hederae
890 5393 1107 5448 studeas
1136 5394 1391 5449 redimire
1418 5405 1636 5447 corona.

243 5494 415 5551 Thus
438 5505 648 5561 quoque
676 5504 795 5543 cum
828 5490 945 5543 diro
976 5488 1235 5542 Libanum
1265 5488 1547 5552 copulatur
1576 5495 1755 5543 aceto.

248 5585 485 5655 Myrrha
515 5584 675 5637 etiam
708 5580 908 5649 liquido
940 5579 1143 5646 pariter
1176 5578 1413 5632 sociatur
1441 5578 1603 5644 olivo,

242 5678 332 5734 Et
360 5674 639 5745 cephalota
672 5672 828 5728 simul
857 5670 1082 5728 celebris
1106 5685 1225 5725 cum
1257 5669 1367 5724 sale
1394 5670 1599 5724 savina.

346 5813 375 5842 ιι
404 5804 479 5857 De
506 5803 722 5857 homine
744 5802 865 5857 vide
892 5816 1009 5871 qua:
1039 5801 1272 5855 diximus
1298 5798 1348 5853 in
1381 5799 1711 5869 praefatione.

341 5873 368 5910 δ
405 5874 619 5929 Saecqu
642 5873 840 5926 Christi
869 5873 1119 5939 septimo,
1151 5872 1258 5925 imo
1290 5879 1345 5924 et
1368 5882 1578 5924 octavo.
1612 5871 1844 5925 nondum

245 5946 448 6004 sedum
480 5945 842 6012 episcopalem
876 5944 1099 5997 Mantua:
1129 5940 1386 6009 positam;
1422 5956 1645 6008 eamque
1672 5944 1847 6012 eccle-

250 6022 401 6077 siam
429 6011 589 6073 modo
621 6013 999 6071 Mcdiolaueusi
1023 6012 1311 6083 cathedrae,
1335 6013 1491 6068 modo
1515 6012 1650 6079 aliis,
1682 6011 1842 6066 fuisse

1945 4103 2281 4172 Compositus
2308 4109 2552 4176 cephalo,
2588 4126 2681 4164 seu
2715 4111 2794 4166 vis
2819 4123 2975 4180 epota
3005 4117 3254 4171 corandri
3278 4163 3291 4185 ,

1945 4196 2050 4250 Aut
2079 4199 2297 4265 rapliani
2326 4210 2509 4254 cortex
2538 4218 2679 4256 smvo
2708 4206 2945 4257 mollitus
2972 4217 3125 4261 aceto
3160 4225 3173 4260 :

1946 4288 2199 4360 Sumptus
2230 4305 2354 4347 acer
2382 4294 2603 4347 nimium
2634 4308 2738 4361 est,
2764 4297 2858 4350 sed
2887 4308 3017 4352 certe
3047 4314 3171 4354 cura
3204 4314 3433 4355 vetusta.

2510 4386 2601 4441 IV.
2641 4403 2708 4441 ne
2747 4402 2951 4442 ocnus.

1947 4471 2094 4528 [laud
2125 4473 2342 4527 dubium
2370 4478 2573 4529 celeres
2601 4476 2752 4531 vitiat
2785 4477 3003 4547 languor
3031 4481 3171 4535 citus
3196 4483 3382 4545 orbes,

1946 4562 2012 4615 Et
2042 4565 2203 4618 variis
2239 4565 2447 4620 turbata
2478 4568 2651 4620 modis
2684 4568 2895 4622 fortuna
2927 4580 3176 4640 perurget
3204 4590 3219 4626 :

1947 4660 2112 4713 laedit
2141 4660 2306 4727 enim,
2338 4662 2432 4715 sed
2463 4672 2613 4716 curat
2637 4677 2823 4718 amans
2855 4680 2976 4718 cum
3009 4674 3250 4735 tempore
3279 4678 3451 4723 certe.

1951 4757 2087 4823 Ergo
2115 4769 2209 4823 age
2241 4755 2571 4809 marrubium
2599 4757 2777 4810 statim
2807 4758 3117 4824 componito
3141 4771 3377 4823 coctum.

1949 4848 2249 4900 Bctonicam
2282 4847 2452 4901 nectis
2480 4856 2680 4913 certus,
2712 4847 2947 4901 sucidam
2970 4862 3182 4917 quoque
3206 4851 3379 4903 lanam
3416 4894 3427 4903 .

1946 4936 2116 4989 Omne
2142 4936 2339 4989 malum
2370 4936 2508 4989 tollit
2537 4937 2719 5003 citius,
2754 4937 2836 5005 pia
2866 4938 3066 4992 lumina
3094 4939 3287 4993 reddit.

1949 5026 2002 5079 Si
2033 5026 2184 5081 dolor
2211 5036 2294 5080 est
2322 5026 2492 5081 oculis
2522 5026 2719 5081 rubens
2750 5041 2909 5095 quem
2938 5028 3171 5082 concitat
3202 5028 3417 5097 humor,

1948 5117 2079 5171 Tum
2114 5118 2344 5173 verbena
2374 5126 2561 5185 potens
2593 5117 2698 5170 leni
2731 5118 2999 5185 potabitur
3030 5119 3189 5172 unda.

2417 5211 2481 5265 V.
2524 5227 2590 5265 ne
2630 5226 2837 5265 uacum
2876 5226 3052 5265 ocuu.

1949 5305 2002 5358 Si
2034 5304 2291 5359 maculam
2323 5301 2523 5357 retines
2552 5300 2741 5367 oculis,
2765 5301 2890 5353 dum
2924 5299 3154 5353 volvitur
3191 5300 3357 5364 intro,

1876 5365 1928 5424 Β
1956 5396 2217 5463 Conspice
2238 5395 2362 5448 dum
2395 5392 2570 5461 pergis
2594 5392 2817 5444 rubeum
2848 5405 2943 5459 per
2972 5406 3094 5445 rura
3126 5392 3392 5457 limacem,

1956 5490 2121 5553 Quem
2154 5486 2380 5541 fundens
2409 5482 2433 5520 ἀ
2459 5483 2617 5536 oculo
2646 5483 2879 5536 modium
2907 5484 3213 5549 componito
3241 5494 3439 5538 certus.

2366 5575 2452 5630 Vl.
2493 5592 2559 5629 ne
2599 5591 2786 5629 ANGINA
2825 5589 3102 5629 currums.

1957 5672 2010 5726 Si
2042 5686 2169 5725 vero
2207 5670 2397 5738 angina
2427 5676 2607 5735 guttur
2635 5668 2931 5733 pervaserit
2955 5665 3215 5734 amplum,

1956 5802 2241 5863 subditam,
2278 5806 2485 5853 constat
2514 5812 2576 5850 ex
2612 5794 2875 5864 Ugtiellio,
2915 5795 2951 5847 Ι.
2984 5794 3041 5847 S.
3074 5802 3203 5847 tom.
3240 5793 3279 5859 Ι,
3312 5808 3363 5861 η.
3396 5796 3523 5854 853.

2028 5883 2049 5910 ⁸
2083 5875 2167 5926 Sic
2198 5871 2351 5929 infra,
2390 5886 2508 5927 can.
2536 5866 2626 5928 Ἡ,
2661 5865 2747 5928 15,
2778 5876 2955 5919 cessat
2984 5878 3167 5917 versus
3191 5865 3242 5917 in
3271 5882 3387 5935 quo.

2028 5942 2051 5980 ά
2088 5946 2161 5997 ita
2197 5953 2414 6010 uterque
2445 5938 2573 5991 Cod.
2611 5936 2713 5992 Sed
2748 5936 2923 5990 malim
2954 5936 3171 6003 ﬁndens.
