4172 6536
682 417 779 472 371
1947 416 2003 468 S.
2053 408 2408 465 IlENEIlIC'II
2451 409 2668 465 CItISI’I
3860 417 3961 471 37‘.’

685 536 763 588 Ac
790 531 932 585 Iuliis
964 529 1177 585 tumidis
1205 546 1398 584 arcens
1425 529 1784 596 compleverit
1810 529 1963 592 illud,

683 625 977 677 Arsenicon
1009 617 1197 676 teritur
1219 623 1406 690 juncto
1441 624 1621 690 pipere
1657 623 1704 675 b;
1729 622 1742 675 I
1769 639 1908 688 ique,

681 718 771 771 Sic
804 715 1032 784 positum
1061 730 1247 783 penna:
1281 715 1532 782 perﬂatur
1563 724 1780 783 gutture
1812 730 1996 767 rauco.

1137 806 1244 860 VII.
1289 823 1352 860 nt;
1394 823 1494 860 t:v.t
1535 820 1814 859 cts'r'rmzts.

682 899 796 954 Uva
830 900 1047 953 madens
1081 912 1201 952 cum
1233 897 1372 952 forte
1405 900 1618 952 modum
1663 912 1766 950 non
1796 897 2036 949 COItliuct
2069 899 2263 962 ipsum,

682 991 1003 1059 I'thillatque
1035 1005 1221 1060 graves
1253 991 1596 1060 putridasqnc
1631 990 1680 1042 in
1711 1004 1936 1058 corpore
1966 999 2165 1057 guttas,

681 1083 1060 1152 Pnlmonisquc
1091 1085 1236 1139 leves
1267 1085 1496 1138 terebrat
1524 1083 1661 1136 male
1690 1083 1905 1136 sordida
1941 1097 2166 1148 pennas,

679 1175 924 1230 Siccatur
951 1177 1111 1231 simili
1137 1177 1295 1230 citius
1325 1175 1389 1228 de
1419 1175 1638 1246 pulvere
1669 1190 1940 1244 grassans.

1055 1271 1186 1325 γη..
1226 1288 1292 1326 ne
1333 1287 1579 1325 comosa
1620 1284 1882 1325 curuum.

683 1361 844 1432 Smpe
877 1362 1057 1431 vigens
1087 1362 1321 1416 hominis
1349 1365 1584 1431 quatitur
1614 1361 1692 1415 vis
1723 1361 1836 1428 ipsa
1867 1358 2121 1419 thoracis,

683 1457 932 1508 Cernitur
964 1463 1018 1509 et
1046 1454 1219 1509 diram
1250 1455 1428 1508 multis
1458 1453 1738 1507 intendere
1772 1461 2024 1505 mortem.

678 1549 734 1603 Si
769 1551 916 1616 cupis
943 1564 1072 1620 ergo
1116 1564 1313 1618 :cgrnm
1346 1548 1488 1602 curis
1517 1547 1746 1616 repolire
1776 1545 2046 1598 thoracem
2074 1583 2088 1605 ,

682 1643 794 1695 Non
824 1642 1001 1711 pigeat
1027 1644 1200 1695 varias
1232 1641 1517 1694 herbarum
1547 1653 1768 1693 eernere
1795 1651 1980 1689 curas.

683 1735 826 1788 Lana
854 1736 1076 1788 madens
1106 1735 1245 1798 oleo,
1276 1747 1374 1786 nec
1404 1747 1507 1784 non
1537 1745 1728 1785 succus
1759 1729 1866 1781 feni
1899 1728 2096 1788 Graeci,

682 1827 805 1879 llaec
839 1832 1085 1892 reparant
1128 1823 1489 1886 stomachum,
1523 1822 1679 1874 datus
1712 1830 1975 1888 potusque
2024 1815 2262 1883 nivi-ica),

679 1917 966 1971 Bettonica:
993 1917 1189 1970 celebri
1218 1917 1448 1968 sociatur
1475 1913 1709 1968 bl‘ﬂSsICﬂ
1740 1909 1954 1976 grandis
1977 1947 1990 1970 ,

681 2008 969 2076 Itapltanus
1013 2023 1076 2061 ex
1125 2006 1315 2066 Illtlira,
1349 2004 1558 2056 dandus
1590 2003 1751 2070 prasii
1803 2014 2018 2068 quoque
2050 2013 2258 2053 succus.

680 2100 918 2152 Sumitur
947 2109 997 2150 ct
1021 2097 1246 2149 celebris
1275 2096 1432 2163 digne
1467 2095 1794 2160 lelispltagus
1822 2090 2024 2155 herba,

681 2190 879 2247 Ultima
908 2189 986 2243 sic
1015 2189 1229 2242 dabitur
1257 2203 1464 2256 magna:
1497 2187 1705 2240 curatio
1734 2184 1879 2239 cedri
1915 2193 1963 2238 ο.

1124 2279 1211 2332 l.\'.
1257 2294 1322 2332 ms
1361 2293 1544 2332 contus
1587 2292 1818 2330 oncouc.

676 2363 810 2417 Cum
842 2364 995 2419 dolor
1026 2363 1242 2416 insanus
1269 2363 1420 2417 lateri
1450 2362 1742 2430 praecordia
1777 2359 1974 2428 pulsat,

682 2459 744 2511 lit
767 2459 941 2511 cordis
974 2457 1137 2510 libras
1167 2456 1391 2509 multum
1427 2455 1582 2508 dolor
1610 2454 1759 2522 angit
1787 2453 2013 2505 acerbus
2035 2491 2049 2515 ,

679 2549 799 2602 Dira
821 2548 1016 2602 ﬂuenta
1041 2549 1229 2616 juvant
1251 2547 1431 2614 juncta
1464 2548 1658 2600 virtute
1685 2546 1899 2599 coralli.

675 2639 808 2696 Dein
841 2641 1093 2711 pipiueila
1125 2639 1256 2695 levis
1281 2638 1518 2693 sociatur
1543 2638 1665 2705 jure
1694 2635 1973 2691 maratltri.

674 2732 937 2786 Sizaduar
963 2734 1191 2800 capitur,
1225 2746 1325 2786 nec
1355 2746 1460 2786 non
1503 2739 1748 2784 tanaceta
1781 2730 1974 2793 virilis,

671 2828 800 2892 Quae
830 2835 886 2880 et
915 2824 1066 2880 sedat
1097 2825 1271 2878 t'ebres
1299 2822 1586 2890 cordisque
1617 2836 1822 2875 venena
1857 2820 2110 2888 repulsat.

1096 2914 1161 2967 Χ.
1206 2930 1272 2967 ωε
1314 2928 1648 2967 PLEUIIESCCS
1678 2928 1836 2966 cum.

677 3007 746 3058 At
769 3005 812 3059 si
845 3003 982 3060 forte
1011 3005 1155 3074 pium
1187 3004 1324 3056 latus
1359 3003 1648 3070 pulsaverit
1676 3003 1862 3070 ingens

679 3097 916 3158 Morbus,
950 3107 999 3149 et
1027 3092 1242 3163 ancipiti
1276 3095 1518 3148 turbatur
1551 3093 1654 3146 vita
1683 3092 1906 3161 periclo,

675 3187 996 3242 Accelerare
1039 3186 1146 3255 lupi
1180 3185 1370 3254 pellem
1401 3186 1616 3240 studeas
1639 3225 1652 3250 ,
1690 3195 1744 3238 et
1788 3200 1987 3253 ponere
2028 3185 2257 3249 caldam,

673 3280 829 3334 Cervi
859 3289 911 3334 et
941 3279 1226 3334 medullam
1259 3281 1454 3346 poteris
1484 3293 1603 3332 cum
1651 3278 1886 3348 unguine
1912 3278 2080 3346 eapri.

673 3373 926 3427 Protinus
959 3372 1011 3426 in
1043 3371 1242 3426 cacabo
1273 3372 1571 3436 mittantur,
1614 3371 1840 3439 igueque
1871 3370 2034 3435 lento,

674 3464 771 3517 Pix
805 3464 1003 3532 pariter
1032 3462 1188 3517 britia
1218 3463 1456 3518 societur
1484 3463 1941 3529 decoquaturque,

673 3552 858 3608 Farris
887 3562 941 3606 et
971 3552 1084 3620 ipsa
1113 3553 1288 3620 lupina
1319 3553 1497 3617 simul,
1530 3561 1585 3606 et
1610 3566 1714 3605 non
1747 3556 1864 3604 sine
1889 3566 2073 3604 croco.

672 3645 867 3711 Sicque
899 3644 1159 3713 malagma
1190 3646 1332 3712 pium
1361 3645 1547 3700 morbo
1574 3644 1830 3713 jungatur
1860 3641 2082 3704 acerbo,

672 3740 791 3802 Quo
815 3737 1026 3804 requies
1056 3736 1214 3790 detur
1244 3738 1442 3791 misero
1471 3739 1690 3791 nimimn
1721 3739 2001 3792 laboranti.

673 3829 742 3883 lit
772 3827 958 3882 vitium
989 3827 1136 3885 pellit
1160 3827 1385 3882 celebris
1415 3829 1678 3883 medicina
1711 3831 1967 3886 Tonantis
1999 3833 2048 3885 ι’.

1137 3916 1228 3970 XI.
1270 3933 1336 3970 υε
1368 3933 1578 3972 srLssts
1617 3934 1778 3975 cum.

676 4005 842 4077 Splen
893 4005 1123 4061 tumidus
1155 4006 1424 4061 hominem
1464 4009 1728 4077 plaustum
1762 4019 1783 4048 ε
1815 4025 1936 4066 cum
1980 4010 2115 4065 forte
2144 4030 2256 4066 mo-

1982 4103 2185 4173 μεθίει,

673 4187 1005 4244 Bettonicam
1027 4189 1234 4256 eoquis,
1268 4197 1320 4241 et
1353 4186 1525 4242 socias
1562 4198 1780 4257 purgata
1811 4191 2074 4244 eolumbm
2098 4233 2112 4255 ,

671 4286 804 4350 Qua:
833 4282 936 4336 duo
958 4281 1141 4352 juncta
1175 4281 1331 4336 simul
1362 4293 1588 4350 poscunt
1613 4283 1762 4352 jungi
1787 4284 2146 4352 cephalotam,

673 4375 1081 4442 Itosaccumque
1111 4372 1319 4436 oleum;
1353 4384 1532 4427 certus
1562 4376 1639 4428 sic
1678 4375 1888 4430 madida
1920 4381 2111 4432 nectis.

671 4464 942 4533 Thymbra
975 4463 1156 4518 brevis
1187 4464 1409 4529 rapitur,
1438 4465 1716 4518 sociantur
1741 4475 1904 4535 atque
1938 4468 2126 4535 lupini,

673 4555 886 4622 Saapius
915 4562 970 4608 et
996 4554 1213 4620 dantur,
1247 4555 1446 4609 bibitur
1474 4569 1686 4624 quoque
1721 4557 1955 4627 lingnula
1978 4561 2144 4625 cervi,

672 4648 788 4711 Qua
819 4646 1015 4700 virtute
1041 4647 1181 4714 perit
1213 4646 1394 4711 facies,
1418 4648 1511 4702 sed
1543 4649 1738 4704 blanda
1770 4663 2009 4720 rogatur.

672 4736 916 4789 Nascitur
942 4735 995 4790 in
1027 4737 1192 4804 petris
1224 4737 1466 4802 humilis,
1500 4739 1595 4792 sed
1624 4754 1812 4810 magna
1841 4743 1969 4796 lieni

675 4827 774 4880 list
801 4837 854 4881 et
881 4830 1048 4881 amica
1083 4827 1309 4898 homini,
1342 4844 1528 4885 verum
1562 4834 1700 4885 haud
1745 4834 1939 4889 risibus
1967 4847 2110 4906 apta.

675 4919 954 4982 Quotsnnt
977 4920 1212 4972 membra
1235 4920 1483 4984 hominis,
1511 4933 1586 4975 t0t
1602 4935 1725 4977 sunt
1744 4924 1796 4978 in
1815 4940 2038 4996 corpore
2053 4941 2248 4998 pestes.

673 5007 782 5061 Sed
813 5007 1076 5062 medicina
1107 5019 1294 5078 potens
1319 5015 1609 5080 compescit
1637 5029 1858 5072 munere
1897 5020 2114 5075 multas.

675 5097 812 5151 Dum
842 5098 1056 5153 vitiatur
1087 5100 1253 5167 hcpar
1280 5103 1562 5172 gliscitque
1587 5119 1654 5158 ex
1685 5122 1834 5162 more
1861 5113 2117 5178 scyrosis,

672 5187 863 5242 Costus
889 5203 1013 5244 acer
1036 5190 1260 5259 bibitur,
1291 5209 1498 5250 necnon
1530 5197 1886 5255 reubarbarus
1911 5203 2118 5272 ingens.

675 5277 807 5341 Qua:
846 5279 1069 5331 contrita
1097 5280 1255 5334 sintut
1285 5285 1580 5351 reprimunt
1609 5301 1728 5342 cum
1771 5291 1884 5346 sale
1931 5305 2243 5352 tumentem.

678 5370 834 5426 Fibra
866 5371 1045 5441 lupina
1076 5374 1241 5440 valet,
1267 5374 1422 5445 juvat
1447 5393 1509 5434 ac
1538 5389 1713 5450 potata
1739 5383 1962 5455 dolenti,

710 5565 772 5646 .Δῆ
796 5553 1032 5646 ρξετςὶιρβ
1059 5555 1451 5646 Codev‘pigrrp.
1489 5561 1608 5646 Ego.
1641 5564 1778 5617 cedri
1825 5569 2048 5640 scripsi,
2080 5578 2249 5646 γοερῇ-

673 5625 905 5701 ciensad
938 5626 1187 5701 Plinium_,
1224 5625 1458 5701 \ialilib.
1494 5625 1555 5694 n,
1593 5636 1638 5685 t.

709 5763 716 5772 .
745 5693 998 5772 t'ZDtcitur
1025 5712 1118 5772 pro
1145 5696 1308 5752 locis.
1340 5693 1575 5770 Namque
1609 5701 1771 5758 herba
1803 5708 1940 5766 dicta
1975 5714 2128 5769 barba
2157 5715 2251 5772 Jo-

673 5767 742 5816 ri:
776 5767 904 5815 intra
936 5769 1250 5829 appellatur.

747 5845 766 5872 ε
799 5834 872 5889 Ita
899 5832 1059 5889 Codd.

2282 4609 2338 4667 D

2301 522 2344 578 Α
2376 523 2506 574 Cum
2535 525 2735 591 patitur
2757 525 2908 593 jecur
2935 527 2987 578 in
3017 525 3227 590 dextra,
3268 527 3416 596 splen
3447 529 3554 596 ipsa
3584 529 3816 585 sinistra.

2375 614 2509 667 Cura
2535 615 2654 669 ideo
2679 617 2955 672 amborum
2989 619 3176 688 parilis
3203 621 3488 687 conjuncta
3525 622 3752 678 duobus.

2517 708 2628 762 ΧΗ.
2672 727 2736 763 nr;
2777 727 3033 765 s'ronacm
3067 729 3129 765 L'l‘
3173 729 3437 767 lN'I‘lisTIXI
3478 731 3786 770 DzLOIttttl'S.

2379 799 2590 852 \‘iSt-cra
2624 803 2950 856 multimodis
2981 807 3294 872 quatiuntur
3325 806 3511 860 intima
3545 809 3737 875 paruis,

2376 888 2439 942 Et
2464 892 2730 945 cruciatur
2760 908 2888 961 eger
2923 905 3066 947 totus
3097 896 3350 964 languore
3380 899 3597 962 minaci,

2372 979 2479 1032 Nec
2510 996 2631 1050 Spes
2663 982 2770 1036 ulla
2802 996 2980 1037 manet
3013 986 3160 1049 vitm,
3193 1003 3311 1041 cum
3341 989 3562 1058 spiritus
3593 992 3703 1059 ipse

2372 1073 2490 1126 Alta
2525 1076 2672 1143 petit,
2705 1079 3012 1145 peregrinus
3045 1079 3192 1142 abit,
3225 1081 3362 1134 bona
3409 1096 3633 1150 qua-que
3674 1082 3944 1152 relinquit.

2375 1167 2577 1220 Dicitur
2609 1168 2722 1222 haec
2753 1179 2909 1233 torta,
2943 1172 3118 1238 gravis
3143 1173 3262 1241 quia
3302 1173 3506 1227 viscera
3539 1182 3783 1242 torquet,

2372 1261 2543 1328 Atque
2596 1262 2786 1315 iterum
2822 1265 3120 1333 iterumque
3157 1266 3357 1335 placat,
3389 1270 3750 1337 corrumpitur
3780 1268 3950 1322 eruni-

2371 1352 2541 1404 Cliara
2577 1365 2762 1407 natura
2816 1357 2996 1420 simul,
3035 1366 3244 1426 reparat
3289 1359 3429 1427 quod
3475 1360 3670 1414 fervida
3715 1363 3950 1431 lympha.

2373 1445 2458 1497 Sic
2494 1447 2635 1511 p'g‘ra
2666 1462 2727 1500 ex
2764 1447 2877 1516 ipso
2907 1450 3183 1502 l'ovrantur
3211 1453 3444 1504 membra
3479 1453 3679 1520 liquore

2375 1535 2438 1588 L't
2468 1537 2655 1604 frigida
2688 1554 2750 1592 ex
2785 1541 2977 1594 Calidis
3010 1553 3292 1597 amncntnr
3317 1557 3508 1598 cuncta
3536 1548 3747 1600 lluentis

2375 1625 2560 1679 l‘ostca
2596 1628 2884 1682 distractus
2915 1633 3168 1685 tundatur
3197 1636 3402 1687 anseris
3431 1636 3616 1704 adeps,

2376 1719 2438 1771 IJt
2463 1724 2658 1773 sociata
2689 1723 2848 1774 simul
2880 1732 3056 1790 pateat
3089 1725 3254 1780 virtus
3287 1726 3390 1779 feni
3424 1727 3611 1782 Graeci.

2373 1807 2478 1860 Nec
2510 1813 2684 1862 minus
2713 1811 2763 1864 in
2799 1812 3015 1881 liquidis
3045 1817 3296 1882 coquitur
3324 1817 3402 1870 vis
3444 1817 3553 1886 ipsa
3585 1817 3821 1872 liuentis.

2302 1879 2345 1936 Β
2376 1900 2625 1956 Protinus
2650 1913 2702 1956 et
2728 1879 2973 1969 pavidum
3009 1879 3269 1962 fundatur
3295 1879 3490 1977 clyster
3530 1911 3584 1962 in
3611 1927 3790 1975 anum,

2374 1994 2485 2057 Qua
2521 1995 2713 2049 virtute
2743 1997 2906 2050 miser
2940 1998 3134 2065 poterit
3165 2015 3415 2069 reparare
3444 2001 3680 2056 dolorem

2373 2084 2540 2151 Squib
2560 2086 2624 2137 da
2656 2102 2813 2153 quem
2843 2087 3042 2140 faciunt
3068 2089 3194 2141 dum
3227 2105 3332 2143 non
3359 2091 3430 2144 sit
3450 2105 3578 2145 cura
3609 2093 3860 2161 salubris,

2373 2175 2583 2228 Claudit
2613 2188 2665 2229 ct
2693 2188 2949 2246 angustos
2983 2181 3237 2244 patientis
3265 2179 3479 2234 cholera
3514 2195 3723 2235 cursus.

2373 2267 2596 2321 ltadimr
2624 2279 2678 2322 et
2706 2270 2893 2324 niveus
2921 2271 3166 2339 elephas,
3199 2273 3380 2326 statim
3411 2273 3734 2344 bibiturque,

2372 2359 2680 2428 Distorquet
2710 2371 2882 2416 tortos
2913 2364 3070 2418 citius
3103 2365 3218 2418 haec
3248 2365 3390 2420 datio
3419 2376 3573 2433 potus

2374 2454 2664 2506 Sumuntur
2691 2456 2847 2507 catuli
2882 2467 2937 2508 ut
2967 2457 3133 2510 fertur
3171 2460 3253 2525 pia
3284 2459 3486 2512 viscera
3516 2459 3663 2526 caeci,

2373 2541 2546 2594 Mollia
2572 2544 2648 2594 sic
2681 2545 2880 2596 teneris
2911 2545 3274 2599 adhibendum
3307 2547 3598 2601 mernbrula
3637 2547 3806 2603 libris.

2371 2631 2438 2684 Iit
2479 2629 2632 2684 dolor
2661 2633 2832 2687 omnis
2865 2633 3042 2688 habt-at
3075 2634 3084 2703 Ι
3116 2634 3282 2692 Codd.
3307 2678 3322 2705 ,
3354 2637 3544 2708 habre}
3575 2641 3866 2708 transitque
3898 2641 3949 2695 in

3552 2729 3778 2804 [viscera
3818 2733 3952 2786 lissi.

2373 2817 2573 2874 Plinius
2604 2816 2627 2855 ά
2661 2819 2711 2873 id
2738 2830 3022 2888 memorat,
3055 2823 3251 2877 scimus
3283 2839 3442 2892 quem
3465 2839 3585 2879 vera
3623 2826 3879 2882 locutum.

2799 2914 2936 2967 Xlll.
2979 2931 3044 2968 ut:
3084 2931 3335 2969 ntonorts
3372 2931 3528 2972 Ct‘BA.

2374 3006 2447 3058 Ex
2477 3007 2676 3074 scyrosi
2708 3006 2908 3072 splenis
2939 3009 3180 3061 tuortalis
3208 3009 3446 3063 nascitur
3477 3013 3687 3077 humor,

2372 3096 2436 3150 Et
2461 3108 2704 3167 segregat
2733 3099 2982 3151 miseram
3018 3099 3214 3153 misero
3245 3099 3311 3154 de
3337 3101 3544 3156 viscere
3576 3103 3788 3170 pellem,

2370 3189 2645 3256 Tantaque
2677 3191 2754 3243 vis
2786 3190 2956 3244 murbi
2985 3200 3087 3258 est,
3119 3191 3309 3246 sitiens
3339 3203 3393 3245 ut
3424 3207 3527 3247 non
3558 3195 3802 3250 satietur.

2371 3281 2663 3336 Sumuntur
2687 3281 2894 3335 cineres
2923 3295 3060 3352 quos
3086 3285 3190 3336 urit
3221 3281 3463 3338 fraxinus
3489 3285 3616 3356 alta,

2371 3371 2446 3426 Ex
2479 3372 2560 3424 his
2586 3371 2773 3425 lisciva
2806 3372 3119 3440 franguntur
3146 3371 3347 3427 hordea
3373 3373 3527 3439 dura,

2369 3462 2456 3514 Bis
2485 3461 2646 3514 simul
2675 3463 2910 3516 cxcoctis
2942 3462 3077 3516 lidus
3104 3476 3368 3532 compone
3393 3463 3616 3532 dolenti,

2367 3556 2654 3623 Itapltanus
2683 3570 2748 3608 ex
2780 3555 2924 3609 dulci
2954 3555 3238 3610 mandatur
3266 3558 3465 3625 optima
3496 3560 3676 3627 melle,

2364 3647 2526 3716 Cujus
2553 3661 2616 3701 ex
2649 3646 2788 3701 loliis
2820 3647 3093 3716 epithema
3123 3649 3404 3718 apponitur
3433 3651 3628 3719 ipsum.

2361 3739 2631 3806 Sulpliura
2659 3753 2780 3792 cum
2814 3739 2982 3794 veteri
3013 3749 3266 3810 potantur
3294 3741 3495 3797 fervida
3525 3742 3678 3802 vino:

2360 3832 2470 3886 Nec
2501 3831 2674 3886 minus
2703 3829 2769 3887 es
2801 3832 2931 3902 ipsis
2961 3834 3227 3904 epitlrema
3257 3850 3465 3905 appone
3496 3840 3738 3894 tumenti.

2364 3923 2488 3978 Ilacc
2505 3925 2746 3994 scyrosin
2765 3926 2966 3994 splenis
2985 3927 3217 3992 solvunt,
3236 3928 3478 3998 lymphas
3495 3946 3705 4002 quoque
3720 3934 3948 3990 siccant.

2919 4015 3055 4072 XIV.
3098 4035 3164 4073 DE
3204 4034 3398 4073 nanis.

2362 4108 2578 4163 Patr-ida
2611 4109 2919 4178 sanguineis
2945 4112 3172 4178 gliscunt
3202 4113 3246 4166 si
3279 4114 3497 4168 vulnera
3528 4115 3751 4183 morbis,

2359 4197 2652 4254 Conveniet
2679 4201 2908 4255 calidum
2939 4203 3074 4257 lacte
3107 4211 3128 4238 ο
3158 4211 3346 4272 potare
3376 4207 3654 4273 caprinum

2360 4289 2468 4344 Nec
2494 4291 2668 4345 minus
2693 4307 2758 4346 ex
2783 4293 2936 4346 asina
2967 4292 3183 4349 solvunt
3209 4305 3482 4364 apostema
3510 4297 3706 4355 dirum.

2365 4383 2491 4437 \‘itis
2521 4384 2744 4437 aminea:
2785 4384 2996 4438 cineres
3031 4382 3326 4439 funduntur
3355 4386 3497 4441 olivo
3529 4407 3540 4440 :

2360 4474 2522 4529 Potns
2549 4473 2633 4528 hic
2662 4483 2744 4526 est
2774 4474 2997 4542 putridis
3029 4477 3207 4529 multis
3240 4491 3333 4544 per
3361 4479 3553 4532 srceula
3585 4479 3797 4550 dignus.

2367 4570 2461 4620 Ast
2485 4566 2661 4635 apium
2691 4567 2985 4634 rariczeque
3013 4565 3194 4633 simul,
3227 4581 3325 4620 nec
3355 4583 3459 4621 non
3494 4569 3622 4623 baca
3654 4571 3809 4636 lauri,

2364 4659 2480 4724 Iris,
2513 4667 2568 4713 et
2594 4657 2801 4727 Illyrica
2828 4657 3043 4727 grandis
3070 4656 3340 4710 centauria
3371 4665 3510 4723 ruta,

2362 4750 2486 4804 ll.cc
2513 4758 2760 4818 poterunt
2787 4750 2942 4804 citius
2971 4749 3279 4816 purulentas
3307 4759 3516 4817 tergere
3542 4749 3752 4817 sordes,

2327 4868 2330 4870 η
2359 4844 2436 4895 Ac
2466 4841 2760 4895 redivivum
2792 4839 3062 4894 Iron-tinem
3090 4838 3226 4893 Iaatis
3253 4852 3502 4906 reparare
3529 4840 3740 4897 diebus.

2825 4930 2941 4985 XV.
2983 4946 3049 4985 ne
3088 4945 3264 4984 venus
3305 4945 3473 4984 auras.

2362 5021 2626 5079 Convenit
2650 5021 2874 5078 incautis
2901 5029 3083 5075 cautas
3111 5022 3439 5088 praetendere
3467 5035 3643 5086 curas,

2363 5114 2438 5170 l\'e
2462 5117 2637 5169 minus
2665 5113 2880 5169 indocili
2911 5115 3188 5170 turbentur
3215 5129 3440 5185 corpora
3469 5130 3648 5170 sensu.

2359 5205 2490 5261 Cum
2522 5219 2683 5274 sopor
2705 5206 2997 5261 immensus
3025 5206 3257 5262 hominis
3285 5207 3572 5275 pervaserit
3597 5218 3764 5274 artus,

2357 5301 2490 5354 Tum
2515 5300 2651 5356 solet
2681 5300 2926 5370 indignas
2955 5300 3153 5356 animal
3180 5301 3507 5368 penetrarier
3535 5316 3709 5356 aures.

2359 5392 2554 5462 Accipe
2581 5406 2701 5447 cum
2727 5406 2857 5462 cepa
2886 5391 3042 5448 citius
3073 5392 3154 5446 vel
3181 5393 3348 5447 muris
3373 5402 3546 5460 aceto,

2435 5575 2458 5613 ἀ
2492 5575 2715 5638 Plinius,
2749 5574 2859 5628 Val.
2898 5574 2990 5628 lib.
3024 5591 3086 5640 tt,
3135 5576 3201 5632 18
3237 5594 3248 5627 ;
3283 5575 3491 5630 Catulus
3538 5573 3696 5628 duum
3735 5574 3937 5627 dierum

2363 5651 2517 5701 datus
2558 5647 2818 5716 ignoranti
2865 5661 3002 5716 wgro
3040 5649 3094 5700 in
3140 5648 3247 5700 cibo
3277 5657 3323 5698 et
3367 5653 3508 5698 aceto
3531 5645 3700 5716 juvat.
3746 5643 3939 5700 Nosrer

2363 5721 2496 5773 dixit
2525 5715 2710 5768 cuit-um
2742 5715 3001 5776 catulum.
3035 5717 3268 5772 nondum
3293 5716 3494 5772 scilicet
3515 5715 3713 5781 apertis
3743 5717 3932 5772 oeulis.

2436 5799 2457 5826 ε
2502 5786 2655 5839 anle
2678 5801 2870 5854 genere
2897 5788 3096 5845 scilicet
3126 5798 3332 5855 ncutt‘n,
3359 5801 3485 5844 casu
3507 5787 3833 5854 accusativo,
3862 5791 3933 5844 uti

2364 5864 2416 5914 lit
2446 5861 2498 5916 in
2524 5857 2866 5914 nctniuative.
