4172 6574
313 462 413 516 373
1557 483 1959 545 I'OI'LMATIL'M
2020 495 2343 557 MEDICUM.

312 579 418 635 Nec
449 598 650 641 moram
682 590 861 657 facias,
894 596 1094 660 potet-is
1124 598 1197 651 sic
1226 600 1424 663 pellere
1454 618 1715 660 verutetn.

804 683 848 737 Χ
863 685 941 739 Vl.
984 704 1050 741 DE
1091 706 1410 749 SURMTATE.

311 766 374 818 At
405 768 445 818 si
475 768 751 826 surditiam
782 776 1001 843 pateris,
1030 780 1220 835 rubros
1249 786 1363 854 iege
1392 802 1602 843 vermes

309 856 530 912 Arboris
559 863 811 931 antiquae,
845 883 977 934 puro
1006 872 1083 925 sic
1115 874 1294 928 miseis
1325 877 1499 941 olivo;

313 948 539 1004 Auribus
569 951 820 1022 infundis,
852 960 1098 1027 cupidam
1128 963 1220 1018 tibi
1256 966 1418 1021 redde
1447 970 1695 1027 salutem.

302 1039 601 1097 Auserinus
632 1044 796 1115 adeps
826 1052 1040 1117 prodest
1068 1064 1122 1108 et
1151 1058 1373 1113 vulturis
1403 1062 1526 1117 atri.

304 1129 564 1200 Ceparum
598 1153 788 1193 succus
812 1142 963 1209 juvat
990 1146 1206 1202 auribus
1234 1160 1287 1203 et
1316 1152 1453 1206 bona
1487 1168 1718 1222 praestat,

308 1220 436 1276 Cum
468 1225 605 1280 solet
635 1227 857 1285 incautis
886 1248 1042 1290 aures
1072 1242 1363 1306 pervadere
1394 1245 1629 1315 lympha.

772 1322 811 1378 X
826 1325 930 1381 VII.
976 1345 1040 1383 ne
1080 1348 1421 1392 nvscxrenu.

298 1403 456 1472 Saepe
486 1409 624 1463 solet
652 1416 851 1469 ventris
881 1418 1074 1474 nimius
1106 1433 1466 1483 transcurrere
1492 1446 1696 1498 cursus,

301 1497 561 1554 l'aulatim
596 1515 833 1563 teneram
864 1513 1148 1568 multorum
1180 1520 1386 1574 solvere
1417 1537 1654 1593 carnem,

295 1587 465 1649 Quem
498 1595 728 1659 prudens
758 1601 1015 1655 medicina
1051 1606 1144 1660 Dei
1171 1622 1513 1678 compescere
1543 1618 1731 1674 noscit.

296 1678 446 1733 Galla
478 1684 653 1738 asinna
683 1688 849 1757 juvat,
882 1698 1050 1750 cerasi
1085 1699 1297 1770 longum
1329 1720 1540 1775 quoque
1574 1725 1805 1777 pomum.

291 1769 493 1823 (laseus
524 1785 675 1841 aptus
706 1781 803 1833 erit
832 1785 972 1840 dulci
1008 1805 1127 1844 cum
1161 1808 1383 1849 munere
1414 1798 1606 1864 mellis,

292 1859 537 1918 I'roderit
569 1876 621 1921 et
651 1872 880 1927 calidum
914 1878 1041 1934 hirci
1072 1882 1138 1937 de
1172 1884 1374 1943 viscere
1405 1902 1618 1958 ruptqu

290 1951 608 2017 Appositum
640 1964 806 2016 ventri
838 1980 1042 2034 sevum,
1073 1987 1188 2040 qua:
1215 1980 1423 2047 cognita
1451 1996 1575 2036 cura
1608 1995 1704 2038 est.

289 2042 361 2092 At
389 2048 656 2112 proprium
689 2052 732 2104 si
769 2053 904 2109 forte
934 2074 1161 2129 unguem
1194 2042 1426 2124 demittit
1454 2074 1521 2125 ab
1552 2079 1687 2142 ipso,

287 2131 563 2199 Signilicat
591 2138 747 2196 citius
777 2148 1006 2216 cupitam
1034 2154 1144 2219 jam
1177 2160 1401 2224 perdere
1430 2164 1609 2217 vitam.

670 2260 852 2321 XVIII.
896 2286 962 2325 DE
1001 2289 1211 2331 nuntru
1252 2295 1492 2338 vcurnts.

286 2347 344 2400 Si
378 2363 501 2404 vero
528 2353 788 2411 immenso
821 2363 1063 2420 turbatur
1093 2370 1328 2438 pondere
1360 2386 1566 2443 venter,

283 2441 478 2506 ASpice
508 2462 612 2513 quo
642 2454 837 2505 crescit
866 2459 1112 2514 venando
1139 2467 1373 2531 germine
1403 2469 1604 2536 pallas;

285 2532 490 2589 Dicitur
517 2540 631 2594 ιιωο
660 2558 808 2613 Virgo
839 2553 1046 2606 cunctis
1074 2563 1127 2606 et
1154 2559 1322 2612 amica
1356 2561 1570 2627 salutis;

282 2621 529 2681 I'rotinus
561 2638 615 2683 et
642 2635 838 2701 capito,
872 2638 1051 2707 gliscit
1078 2642 1215 2698 bona
1246 2650 1412 2715 gratia
1445 2654 1635 2707 ventri.

279 2712 588 2773 Elleborum
617 2726 845 2793 capitur,
881 2731 1090 2798 teritur,
1123 2738 1351 2793 mufsum
1386 2741 1701 2815 bibiturqtte,

275 2804 506 2874 Semper
534 2811 600 2865 ad
633 2814 772 2871 hunc
810 2822 973 2877 valuit
1002 2827 1233 2881 morbum
1264 2846 1360 2886 nec
1391 2849 1493 2889 non
1524 2837 1864 2900 chamazactis

279 2898 452 2954 Diluta
483 2917 601 2959 cum
634 2911 800 2964 veteri
829 2915 1005 2968 statim
1039 2922 1265 2985 potanda
1298 2924 1454 2994 lyrco.

275 2989 520 3049 Proderit
549 3007 600 3050 et
629 3008 813 3068 gustus
843 3005 957 3059 sine
987 3023 1135 3065 mora
1168 3012 1316 3069 lactis
1347 3018 1550 3087 equini.

274 3079 530 3149 I'Iupator,
567 3090 802 3158 prasion,
838 3104 998 3165 atque
1026 3079 1454 3178 Itermodactylits
1484 3111 1616 3179 ipsa,

270 3169 464 3229 Fertur
490 3185 546 3231 ut
576 3179 629 3233 iu
661 3180 831 3251 libris,
864 3202 1082 3259 semper
1110 3204 1237 3249 sunt
1267 3200 1465 3255 ventris
1496 3205 1669 3259 amici.

815 3295 954 3354 XIX.
994 3317 1061 3357 ne
1100 3321 1303 3364 VESICA.

267 3371 447 3430 Multis
477 3381 639 3437 multa
664 3383 847 3453 juvant
875 3394 996 3460 quia
1024 3407 1150 3451 sunt
1174 3406 1440 3457 contraria
1471 3409 1689 3465 morbis.

262 3462 484 3523 Morbus
512 3470 579 3525 ab
607 3476 847 3533 antidoto
871 3494 1153 3550 superatur
1180 3492 1410 3547 numinis
1436 3496 1530 3549 alti
1560 3507 1604 3552 υ.

266 3555 363 3610 Est
392 3562 563 3618 morbi
592 3570 798 3635 species
830 3575 1011 3629 multis
1040 3579 1358 3653 inimicaque
1390 3590 1572 3654 pestis,

262 3648 397 3703 Cum
427 3651 554 3707 furit
582 3657 801 3717 insanus
831 3668 1021 3722 vesica:
1049 3671 1283 3729 calculus
1311 3678 1526 3745 ardens,

260 3736 411 3791 Saxa.
436 3744 647 3811 quidem
674 3764 938 3819 generans
966 3760 1160 3825 quibus
1189 3778 1468 3824 cunctatur
1498 3775 1669 3838 urina.

260 3828 373 3884 Nec
399 3834 539 3889 valet
566 3837 725 3895 homo
755 3843 941 3902 dolens
972 3850 1172 3910 imbres
1201 3857 1379 3917 laxare
1406 3862 1683 3936 benignos.

261 3920 471 3978 lledera
498 3928 638 3984 celsa
670 3932 818 3990 dabit
844 3938 991 3994 celso
1021 3944 1088 3999 de
1119 3948 1353 4007 culmine
1382 3953 1594 4025 baccas,

259 4009 432 4079 Ipsius
458 4026 510 4070 et
535 4032 749 4077 succum
776 4039 897 4081 cum
926 4032 1048 4086 vino
1077 4048 1227 4093 sume
1256 4047 1476 4110 tepenti,

257 4106 370 4162 Nec
400 4124 571 4180 mora,
602 4131 880 4191 rumpetur
910 4126 1156 4200 plantago
1182 4106 1409 4205 glandis,
1444 4149 1497 4193 et
1525 4142 1633 4210 ipsa

253 4199 494 4255 Sumitur
524 4213 579 4259 et
606 4208 806 4268 bibitur
835 4199 1236 4292 olusatrumqtie
1264 4199 1509 4299 benigna.

252 4288 571 4349 Saxifricam
606 4298 799 4358 tollunt
828 4317 978 4374 petro
1008 4288 1321 4385 necuonque
1347 4288 1539 4376 selino.

252 4379 534 4455 Suﬂragiis
559 4386 641 4444 Itis
667 4390 830 4451 fultus
858 4400 988 4464 eris,
1018 4400 1410 4479 Dominamque
1437 4415 1666 4482 rogabis.

712 4481 828 4540 XX.
869 4505 933 4545 nr:
974 4508 1149 4549 FLUXU
1192 4512 1387 4555 omnia.

248 4560 403 4628 Quod
430 4567 475 4622 si
501 4578 682 4626 contra
714 4576 883 4634 ﬂuens
909 4582 1101 4639 nimios
1131 4591 1418 4654 perfuderit
1446 4592 1665 4662 imbres,

250 4653 330 4708 Ex
360 4658 584 4715 cerebro
614 4662 812 4733 leporis
840 4673 1017 4727 statim
1043 4653 1325 4747 compesce
1354 4681 1627 4743 ﬂuentem.

252 4743 384 4800 Vina
414 4757 617 4805 vetusta
643 4758 811 4826 capis,
840 4764 1120 4820 cerebrum
1148 4743 1268 4824 cum
1298 4775 1527 4844 percipis
1555 4778 1757 4846 ipsum;

251 4832 366 4892 Vile
389 4841 601 4909 quidem
627 4858 710 4903 est
736 4862 883 4919 potu,
910 4855 1005 4910 sed
1033 4872 1139 4914 non
1169 4862 1524 4923 medicamine
1550 4870 1675 4927 vile.

641 4939 783 4997 XXI.
823 4961 888 4999 se
925 4961 1179 5006 SANGUISB
1218 4969 1436 5013 NARIUJI.

248 5016 539 5080 Dicendum
566 5032 771 5086 cunctis
798 5048 919 5089 cum
952 5037 1124 5096 fundit
1154 5049 1427 5115 sanguinis
1460 5055 1596 5110 unda

244 5108 399 5166 Naris
429 5114 840 5193 hmmorrhoida,
874 5143 993 5199 qua:
1017 5133 1086 5188 sit
1110 5149 1235 5205 spes
1263 5152 1407 5198 certa
1438 5148 1645 5204 salutis.

247 5200 382 5259 lluta
410 5206 557 5263 dabit
583 5224 765 5280 potum
794 5222 993 5289 pariter
1014 5200 1241 5285 contrita
1270 5235 1531 5307 nidorem,

248 5294 471 5353 Ilumilis
495 5314 562 5355 ex
589 5309 793 5376 campis
819 5314 1037 5378 prodest
1061 5324 1287 5378 contrita
1318 5332 1534 5385 cumino

246 5385 533 5463 llypporis,
562 5404 616 5450 et
641 5398 780 5455 sistit
803 5407 1083 5476 conjuncta
1115 5429 1243 5470 nare
1271 5432 1516 5478 cruorem

244 5476 467 5539 Pulvere
494 5483 657 5542 boleti
686 5506 840 5559 quem
873 5498 1048 5557 fantur
1074 5520 1193 5562 esse
1222 5509 1481 5579 lupinum,

245 5566 468 5627 Naribus
495 5580 728 5637 associas
758 5587 877 5641 vilis
905 5604 1112 5663 quoque
1139 5602 1380 5666 gramina
1412 5620 1626 5665 mentae.

671 5673 835 5734 XXII.
878 5698 943 5736 ne
984 5700 1393 5749 tumultuetur.

243 5749 293 5806 Si
326 5770 453 5813 vero
481 5758 767 5821 obscenum
800 5774 1016 5832 morbus
1050 5786 1327 5840 tentaverit
1358 5803 1538 5859 anmn,

314 5903 339 5932 ι
377 5897 507 5954 Cod.
541 5901 591 5968 I,
621 5906 828 5962 numine
854 5926 1067 5982 summi;
1095 5917 1148 5988 ἒ,
1179 5923 1383 5979 uttmiur
1412 5929 1555 5984 stulti.

3493 536 3599 591 επ,

1940 614 1986 668 Α
2021 614 2300 676 Qmeratut'
2332 627 2585 681 maurella
2619 642 2808 699 potens
2838 636 2999 691 Ῐιιὶηιίί
3021 658 3155 710 aque
3192 651 3371 718 talpae,

2006 703 2111 759 Nec
2143 723 2245 761 non
2278 711 2634 781 hyosciamus,
2666 739 2888 791 quarunt
2925 730 2977 783 lit
3008 750 3131 786 cura
3166 741 3392 797 salubris

2007 798 2131 851 llmc
2159 814 2311 869 epota
2343 808 2499 863 simul
2533 812 2725 869 sistunt
2750 818 2860 886 jam
2889 824 3109 895 jamque
3138 846 3380 891 cruorem

2004 891 2331 953 Pluinbuset
2362 914 2508 958 ustus
2535 907 2687 962 obest
2723 915 2933 970 madido
2960 924 3280 991 conjunctus
3314 932 3471 985 olivo.

2002 986 2092 1042 llis
2119 990 2344 1058 junctim
2380 996 2599 1068 [Cadd.,
2627 1002 2838 1076 justus]
2873 1010 3008 1068 binis
3040 986 3285 1074 subsistit
3314 1027 3583 1092 sanguinis

3248 1109 3439 1182 luuda.

2566 1185 2746 1242 XXIII.
2791 1208 2856 1245 ut:
2897 1211 3035 1250 tam.

1993 1350 2217 1420 Semper
2249 1368 2299 1409 et
2330 1372 2473 1415 errat
2504 1372 2655 1418 atrox
2687 1367 2952 1426 [laminam
2985 1379 3083 1432 sub
3114 1392 3236 1436 cute
3267 1388 3540 1444 remittens

1991 1440 2163 1510 Atque
2198 1446 2384 1502 iterum
2419 1456 2671 1511 exsiliens
2702 1460 2863 1516 fontis
2891 1467 2988 1520 sub
3016 1469 3243 1541 imagine
3271 1477 3538 1549 gliscens.

1994 1532 2287 1590 Fraudibus
2318 1538 2540 1598 internis
2573 1549 2687 1616 ejus
2713 1554 2781 1605 sit
2812 1556 2962 1612 obvia
2996 1575 3207 1633 semper

1986 1622 2131 1679 Mens
2159 1627 2419 1696 hominis;
2452 1635 2607 1693 linire
2630 1641 2775 1709 juvat
2808 1648 3125 1709 chelidonia:
3152 1676 3394 1728 gramen.

1988 1715 2228 1773 Internus
2255 1724 2389 1777 nivei
2420 1731 2655 1785 sociatur
2681 1738 2938 1795 candidus
2968 1748 3076 1810 ovi,

1986 1807 2119 1863 liuta
2146 1813 2293 1880 juvat
2325 1820 2677 1893 morbumque
2710 1829 2871 1897 fugat,
2901 1838 3110 1907 stringit
3136 1856 3351 1912 quoque
3378 1849 3534 1903 ﬂatu-

3277 1937 3460 2008 Imm.

1907 1964 1950 2021 Β
1988 1992 2039 2045 Si
2075 1997 2251 2063 lepido
2280 2016 2521 2073 puroque
2551 2008 2706 2063 simul
2732 2012 2982 2081 jungatur
3012 2022 3173 2081 olivo.

1985 2085 2059 2139 Ne
2090 2098 2240 2154 putes
2276 2093 2390 2148 haec
2416 2098 2555 2165 quod
2587 2099 2718 2155 falsa
2752 2106 2955 2175 loquar,
2987 2126 3106 2167 cum
3134 2116 3312 2174 dicere
3348 2138 3530 2179 verum

1986 2175 2192 2232 Veritas
2220 2182 2331 2250 ipsa
2354 2182 2536 2252 jubet;
2568 2200 2771 2245 stercus
2800 2200 3077 2264 producito
3102 2209 3287 2262 morbo

1980 2268 2104 2323 Ovis
2134 2280 2186 2324 et
2211 2272 2259 2325 id
2288 2274 2542 2344 calidum,
2572 2281 2807 2338 referunt
2835 2290 2972 2355 quod
3001 2295 3235 2352 carmine
3263 2300 3465 2367 plures.

2444 2390 2626 2448 XXIV.
2672 2413 2735 2449 ne
2773 2416 3036 2458 omnese.

1978 2470 2069 2525 Vis
2101 2473 2312 2531 inimica
2344 2479 2483 2546 viget
2514 2487 2731 2542 morbus
2761 2504 2880 2545 cum
2919 2495 3142 2562 perfurit
3172 2501 3388 2571 ingens,

1976 2562 2243 2630 Languida
2278 2572 2540 2625 terrilicus
2572 2578 2785 2642 perimit
2817 2598 2937 2636 cum
2972 2587 3178 2645 viscera
3212 2598 3396 2651 carbo.

1973 2652 2119 2706 Jovis
2152 2654 2275 2710 huic
2303 2657 2483 2715 barba:
2514 2679 2704 2723 succus
2738 2672 3043 2745 pariterque
3074 2679 3348 2752 benignae,

1972 2744 2101 2809 Qua:
2125 2747 2279 2801 simul
2311 2759 2394 2802 est
2423 2752 2612 2823 hostis,
2646 2773 2744 2813 nec
2778 2778 2879 2816 non
2912 2771 3141 2827 contrita
3172 2778 3356 2833 saviua

1969 2836 2219 2894 Stercore
2249 2856 2367 2896 eum
2401 2841 2587 2902 nitidae
2620 2861 2869 2917 potantur
2893 2857 3011 2925 jura
3043 2863 3339 2936 columbae;

1968 2927 2189 2996 Sumpta
2218 2949 2338 3002 qua:
2370 2936 2415 2991 si
2446 2945 2673 2997 tremulo
2704 2960 2984 3005 remanent
3015 2953 3067 3007 in
3097 2962 3337 3027 corporis
3370 2964 3514 3033 alvo,

1973 3020 2086 3074 Vita
2114 3023 2262 3079 salus
2286 3028 2477 3095 pavido
2503 3033 2580 3086 sic
2606 3033 2715 3101 jam
2750 3042 3074 3105 promittitur
3100 3063 3264 3117 aegro.

1964 3110 2055 3164 Sin
2084 3129 2211 3167 vero
2234 3118 2547 3173 exhaustum
2580 3123 2785 3180 videtur
2817 3130 3021 3186 reicere
3052 3148 3258 3205 p0tutn,

1960 3202 2133 3258 Ciedc
2163 3206 2292 3259 mihi
2321 3209 2550 3266 celerem
2581 3214 2788 3271 videtur
2817 3202 3324 3287 panderemortent.

1883 3317 1929 3377 ρ
1967 3295 2115 3349 lluuc
2144 3298 2304 3353 etiam
2339 3302 2513 3357 dirum
2550 3320 2797 3375 raparum
2829 3316 3035 3372 semine
3063 3321 3190 3388 pelli

1962 3389 2196 3445 Asseruit
2223 3392 2450 3460 Quintus
2479 3413 2601 3453 vera
2630 3403 2838 3460 ratione
2868 3407 3102 3466 Serenus
3126 3413 3172 3469 δ.

1958 3477 2185 3534 Prosunt
2212 3492 2266 3537 et
2298 3487 2551 3555 impressa
2584 3494 2728 3559 gravi
2758 3498 2990 3552 cauteria
3028 3504 3235 3571 morbo,

1955 3568 2081 3623 Calx
2117 3572 2274 3625 etiam
2308 3577 2422 3628 viva
2454 3581 2636 3634 statim
2668 3589 3038 3658 conspargitur
3066 3593 3119 3647 in
3146 3612 3273 3665 quo.

1955 3661 2195 3733 Cumque
2222 3666 2314 3722 Dei
2340 3671 2495 3737 jussu
2526 3672 2686 3729 fuerit
2716 3679 3010 3739 rubicunda
3039 3688 3283 3758 cicatrix,

1952 3754 2102 3809 Tune
2132 3772 2256 3811 vero
2283 3760 2581 3830 intrepidus
2610 3766 2849 3825 timidam
2879 3779 3189 3845 componito
3216 3797 3422 3854 curam,

1952 3844 2065 3910 Quo
2090 3849 2351 3905 virulenta
2386 3853 2499 3908 lues
2530 3859 2698 3912 Valeat
2721 3860 2934 3919 haurire
2964 3882 3187 3925 venena.

1956 3935 2064 3990 IIoc
2096 3945 2267 3994 tamen
2296 3951 2538 4011 attestor,
2572 3964 2760 4006 noscas
2779 3954 2948 4011 vitare
2975 3974 3247 4030 soporem,

1952 4026 2026 4082 Ne
2056 4030 2324 4088 redivivus
2352 4047 2503 4093 atrox
2534 4044 2706 4109 possit
2733 4059 2985 4115 reparare
3017 4054 3275 4123 vigorem.

2311 4144 2473 4202 XXV.
2519 4166 2584 4204 nr.
2624 4166 2747 4211 scts.
2780 4173 3126 4219 ARTllRlTlCA.

1949 4229 2003 4285 Si
2037 4232 2120 4287 cui
2151 4238 2409 4292 coxendix
2439 4256 2679 4309 gressum
2714 4246 3038 4310 fraudaverit
3068 4257 3263 4327 ipsum,

1947 4321 2187 4391 Ossaque
2215 4328 2548 4393 perlustrans
2571 4334 2885 4395 furibundus
2912 4348 3140 4401 creverit
3174 4351 3393 4422 humor,

1946 4412 2109 4467 Sume
2140 4416 2480 4485 polypodium
2511 4437 2668 4491 quam
2701 4427 2887 4484 dicunt
2916 4448 3035 4490 esse
3066 4437 3305 4508 liliclam,

1944 4499 2039 4554 Cui
2068 4502 2200 4558 bene
2233 4508 2485 4564 miscetur
2517 4514 2671 4570 tritus
2703 4520 3045 4595 cariopltylus
3071 4539 3188 4585 ater

1948 4590 2166 4649 Ductilis
2194 4604 2248 4650 et
2279 4599 2448 4668 piper,
2474 4614 2681 4672 gratum
2711 4590 3343 4687 cunctisvcynamomum.

1876 4672 1921 4730 D
1946 4684 2033 4739 Sic
2063 4695 2241 4752 potum
2273 4688 2467 4758 facias;
2498 4697 2701 4752 tribuas
2730 4702 2821 4755 sed
2848 4720 2952 4759 non
2984 4708 3100 4765 sine
3129 4715 3305 4770 melle.

1938 4776 2159 4831 Arboris
2190 4779 2434 4837 ulminea:
2463 4784 2636 4843 discas
2673 4792 2975 4862 perquirere
3005 4800 3223 4869 librum,

1940 4868 2033 4919 Cui
2064 4868 2268 4924 rubiam
2302 4872 2547 4943 misceto,
2574 4880 2731 4935 simul
2766 4896 2945 4952 potato
2968 4889 3255 4957 jucundus.

1941 4954 2172 5015 Urticam
2207 4974 2434 5019 cernens
2465 4969 2624 5034 ruris,
2655 4987 2719 5027 ne
2750 4990 2944 5042 sperne
2971 4984 3254 5053 majorem,

1936 5051 2062 5115 Quae
2092 5063 2268 5120 potata
2301 5057 2388 5110 diu
2416 5061 2589 5114 noscit
2612 5066 2930 5126 comburere
2960 5051 3183 5141 pestem.

1937 5142 1988 5196 Id
2026 5154 2205 5201 teneas
2231 5158 2435 5205 certum
2475 5154 2685 5212 firmum
2720 5175 2906 5217 verum
2941 5181 3173 5238 quoque,
3207 5189 3352 5232 uate.

2252 5263 2443 5321 XXVI.
2484 5287 2547 5324 ne
2591 5288 2826 5331 PDN.an
2872 5293 3140 5340 censuris.

1932 5352 2077 5407 i‘tlulti
2109 5356 2273 5413 multa
2306 5361 2502 5426 ferunt,
2536 5382 2758 5433 quorum
2784 5376 3050 5442 scriptura
3074 5383 3328 5452 salubris,

1934 5444 2027 5507 Qui
2060 5453 2233 5502 tamen
2264 5450 2534 5506 affirmant
2562 5458 2767 5525 pigram
2799 5464 2915 5517 sine
2941 5480 3063 5520 cura
3090 5471 3378 5544 podagram

1934 5534 2116 5590 Dicere
2145 5537 2189 5591 si
2215 5542 2349 5608 potis
2382 5554 2495 5607 est;
2526 5546 2568 5599 si
2600 5549 2677 5603 vis
2700 5566 3017 5611 succurrere
3049 5564 3257 5634 morbo,

1934 5626 2110 5693 Incipe
2136 5632 2273 5697 quod
2308 5648 2539 5694 moneo:
2569 5649 2752 5707 gratos
2780 5647 3043 5704 succidite
3072 5651 3255 5714 lactes.

1931 5716 2019 5769 SLc
2050 5717 2203 5772 dolor
2237 5722 2483 5778 immanis
2514 5730 2660 5783 novit
2686 5747 2938 5801 superare
2962 5741 3222 5799 dolorem.

1933 5807 2121 5864 Felicis
2154 5816 2453 5882 appositum
2489 5822 2727 5887 requiem
2759 5826 2846 5881 dat.
2876 5833 3143 5899 gressibus
3172 5852 3404 5910 unguen.

2001 5939 2023 5977 δ
2060 5944 2209 6016 Cap,
2245 5950 2447 6004 («tironi
2478 5955 2741 6013 medendo.
