4172 6602
217 529 315 583 381

891 527 1410 586 ΕΧΟΕΒΡΤΙΟΝΕΞ
1452 527 1492 581 Ε
1532 525 1754 581 Dl'i'l‘lS
1796 525 1820 577 F

1924 522 2312 580 C.\NUNIBUS
2352 525 2447 579 SS.
2498 524 2675 579 PATII
2690 524 2806 579 ΗΜ.

3382 523 3489 579 382

217 647 435 697 vioucm
465 643 662 712 aliquid
696 644 1013 714 negligatur,
1048 644 1354 711 frequenter
1403 642 1454 693 in
1490 640 1590 693 hoc
1622 638 1806 691 libello
1839 653 1888 708 Α
1917 638 2014 691 bus
2058 635 2415 705 indigentibus
2458 637 2776 705 baptismum
2808 634 3135 689 infirmitatis
3179 648 3341 689 causa
3374 638 3499 690 dili-

220 737 370 803 σκυτιδὶ
402 737 452 789 in
482 737 702 804 specqu
730 737 1054 805 prostticiant
1084 735 1223 803 quod
1256 748 1521 787 canonum
1548 742 1627 784 est
1656 747 1814 799 regu-

222 830 290 882 lis
320 831 621 883 definitum.
654 830 1033 883 Verumtamen
1068 846 1168 881 non
1195 844 1380 881 omnes
1404 826 1583 878 clerici
1606 825 1808 892 judicia

220 922 499 974 canonica:
530 922 931 974 constitutionis
960 936 1217 989 usurpare.
1251 932 1339 971 aut
1376 920 1552 985 legere
1585 917 1803 980 debent,

220 1011 319 1063 sed
365 1010 704 1063 solutiunodo
758 1010 1075 1077 presbyteri.
1121 1012 1271 1064 Sicut
1304 1010 1444 1062 enim
1492 1006 1811 1058 sacrificium

222 1100 423 1153 oflerre
444 1116 547 1154 uon
572 1100 767 1154 debent
800 1101 899 1155 nisi
923 1102 1156 1170 episcopi
1188 1111 1241 1154 et
1274 1098 1592 1168 presbyteri,
1614 1097 1691 1150 sic
1716 1110 1813 1149 uec

219 1191 427 1259 judicia
453 1192 552 1245 ista
578 1192 666 1246 alii
696 1207 953 1262 usurpare
984 1194 1203 1247 debent.

284 1340 837 1418 INCIPIUNT
898 1336 1665 1416 EXCERPTIONES
1697 1320 1756 1408 ³.

755 1472 793 1525 I.
835 1473 932 1525 Jus
963 1469 1304 1524 sacerdotale.

302 1564 683 1632 Unusquisque
713 1565 969 1617 sacerdos
1000 1563 1285 1616 ecclesiam
1318 1574 1467 1613 suam
1516 1573 1635 1611 cum
1672 1557 1816 1610 omni

225 1653 509 1723 diligentia
535 1655 783 1720 tediticet,
817 1664 869 1707 et
899 1654 1151 1720 reliquias
1174 1660 1481 1705 sanctorum
1515 1664 1636 1702 cum
1668 1662 1817 1701 smn-

232 1761 327 1799 tuo
356 1746 533 1799 studio
562 1747 862 1815 vigiliarum
894 1746 1069 1800 noctis
1103 1755 1156 1799 et
1196 1744 1387 1797 divinis
1416 1740 1635 1813 [Ilurd.,
1668 1740 1817 1794 diur-

228 1837 338 1907 nis]
370 1838 564 1891 officiis
589 1847 896 1894 conservet.

894 1929 956 1983 Il.
1003 1928 1151 1981 Item.

306 2022 371 2077 Ut
400 2036 587 2076 omnes
618 2021 928 2075 sacerdotes
978 2021 1125 2074 horis
1163 2018 1593 2089 competentibus
1620 2018 1724 2071 diei
1763 2026 1815 2070 et
1852 2010 1892 2067 Β

227 2113 427 2176 noctis,
458 2127 674 2165 suarum
706 2122 900 2165 sonent
931 2113 1282 2165 ecclesiarum
1333 2112 1505 2178 signa,
1559 2119 1614 2162 et
1669 2124 1821 2162 saera

225 2217 360 2259 tunc
393 2205 498 2257 Deo
524 2208 798 2258 celebrent
829 2204 1024 2267 officia,
1057 2213 1109 2256 ct
1139 2203 1364 2272 populos
1391 2203 1659 2266 erudiant,
1689 2216 1822 2271 quo-

229 2296 396 2350 modo
424 2306 514 2347 aut
539 2295 733 2364 quibus
766 2294 906 2348 Deus
939 2295 1245 2348 adorandus
1271 2305 1351 2349 est
1378 2293 1547 2347 horis.

874 2387 959 2442 III.
1006 2386 1157 2439 Item.

306 2476 371 2532 Ut
398 2480 647 2534 omnibus
681 2479 856 2543 festis,
890 2489 943 2533 et
971 2480 1157 2533 diebus
1192 2478 1503 2542 Dominicis,
1531 2477 1819 2547 unusquis-

221 2585 335 2641 que
356 2571 603 2625 sacerdos
637 2571 977 2642 Evangelium
1008 2570 1206 2623 Christi
1237 2570 1491 2636 pricdicet
1522 2570 1739 2637 populo.

884 2663 972 2717 IV.
1012 2661 1163 2715 Item.

307 2755 378 2811 Ut
407 2755 636 2825 unusqui
670 2771 775 2826 que
813 2758 1066 2810 sacerdos
1096 2761 1318 2808 cunctos
1349 2752 1452 2807 sibi
1487 2750 1821 2820 pertinentes

225 2847 461 2911 erudiat,
496 2857 553 2900 ut
600 2850 772 2902 sciant
810 2851 1041 2917 qualiter
1066 2846 1306 2901 decimas
1352 2846 1516 2901 totius
1556 2844 1818 2900 facultatis

224 2940 479 2994 ccclesiis
505 2938 699 2994 divinis
727 2940 907 2994 debite
931 2939 1180 2993 offerant.

896 3028 957 3082 γ.
1016 3026 1167 3083 Item.

304 3120 369 3175 Ut
398 3121 497 3189 ipsi
525 3119 835 3175 sacerdotes
864 3134 893 3172 a
925 3119 1135 3187 populis
1157 3118 1457 3185 suscipiant
1477 3116 1740 3183 decimas,
1765 3129 1820 3173 et

226 3211 449 3264 numina
479 3225 663 3264 eorum
698 3212 1004 3280 quicunque
1028 3209 1276 3264 dederint
1321 3209 1519 3276 scripta
1563 3209 1813 3275 habeant,

1916 728 2229 797 gentissiute
2261 728 2517 781 tribuant.

2552 819 2663 873 XII.
2710 822 2857 874 Item.

1991 914 2058 968 Ut
2087 915 2262 969 nullus
2314 917 2595 985 presbyter
2625 931 2832 969 sacrum
2870 916 3129 979 ofﬁcium,
3176 918 3288 969 sive
3324 917 3501 983 bapti-

1916 1008 2105 1062 smatis
2120 1018 2533 1071 sacramentum,
2563 1020 2653 1060 aut
2682 1008 2878 1076 aliquid
2896 1010 3157 1063 donorum
3181 1009 3500 1077 spiritalium

1917 1116 2012 1170 pro
2036 1100 2213 1168 aliquo
2240 1100 2476 1165 pretioso
2501 1098 2735 1153 vendere
2766 1110 3081 1169 pra‘sumat,
3109 1116 3176 1154 ne
3207 1098 3504 1153 vendentes

1918 1211 1967 1253 et
1999 1208 2240 1252 ementes
2276 1200 2327 1251 in
2360 1196 2562 1265 templo
2585 1197 2863 1251 columbas
2894 1196 3155 1262 imitetur,
3187 1208 3243 1251 et
3287 1212 3383 1265 pro
3424 1196 3506 1248 his

1918 1308 2037 1363 qua:
2062 1293 2235 1362 adepti
2262 1302 2387 1347 sunt
2416 1307 2511 1360 per
2532 1292 2754 1360 gratiam
2785 1292 3019 1344 divinam
3051 1304 3157 1343 non
3186 1290 3353 1357 pretia
3378 1303 3509 1342 con-

1922 1391 2196 1457 cupiscant
2227 1399 2460 1453 terrena,
2488 1389 2583 1442 sed
2612 1388 2784 1441 solam
2815 1388 2966 1456 regni
3012 1386 3252 1442 etelestis
3281 1383 3507 1455 gloriam

1924 1490 2336 1553 pioruereautur
2373 1482 2642 1549 accipere.

2559 1571 2695 1625 XIII.
2745 1572 2895 1625 Item.

1997 1671 2064 1725 Ut
2091 1670 2268 1725 nullus
2310 1667 2589 1736 presbyter
2616 1680 2643 1715 a
2675 1663 2801 1716 sedc
2840 1663 3047 1731 propria
3090 1668 3291 1715 sanctae
3328 1657 3505 1712 eccle-

1922 1763 2013 1818 siae
2056 1763 2154 1816 sub
2186 1761 2337 1829 cujus
2377 1759 2531 1812 titulo
2572 1755 2849 1809 ordinatus
2896 1754 3076 1819 fuerit,
3127 1748 3510 1804 admonitionis

1924 1871 2103 1917 causa,
2134 1854 2198 1907 ad
2238 1854 2465 1906 alienam
2495 1858 2682 1918 pergat
2708 1848 3014 1911 ecclesiam,
3051 1846 3147 1900 sed
3189 1844 3385 1900 ibidem
3413 1842 3512 1896 de-

1930 1959 2086 2003 votus
2114 1961 2283 2016 usque
2310 1944 2377 1999 ad
2405 1943 2527 1997 vitae
2556 1950 2863 2008 permaneat
2888 1941 3113 1993 exitum.

2554 2033 2692 2088 XIV.
2731 2032 2881 2086 Item.

2000 2132 2063 2187 Ut
2113 2132 2288 2186 nullus
2339 2145 2404 2184 ex
2457 2126 2795 2183 sacerdotum
2837 2139 3062 2179 numero
3095 2120 3373 2178 ebrietatis
3416 2119 3511 2172 vi—

1926 2226 2055 2275 tium
2104 2224 2325 2291 nutriat,
2359 2236 2459 2276 nec
2506 2219 2639 2272 alios
2687 2226 2842 2285 cogat
2888 2231 2983 2283 per
3023 2230 3175 2268 suam
3210 2214 3510 2282 jussionem

1926 2313 2205 2367 inebriari.

2562 2398 2675 2452 XV.
2727 2396 2880 2450 Item.

1998 2497 2066 2552 Ut
2095 2495 2270 2548 nullus
2296 2490 2553 2547 sacerdos
2577 2498 2953 2543 extraneorum
2987 2486 3270 2539 mulierum
3318 2481 3513 2536 habeat

1928 2588 2371 2649 familiaritatem,
2400 2598 2499 2637 uec
2527 2583 2581 2634 in
2624 2596 2719 2634 sua
2748 2583 2909 2633 domo
2937 2584 2989 2631 in
3017 2593 3119 2646 qua
3160 2578 3273 2644 ipse
3312 2576 3517 2628 habitat

1930 2680 2092 2735 ullam
2120 2677 2400 2732 mulierem
2433 2687 2663 2743 unquam
2702 2673 2980 2742 permittat
3011 2669 3272 2723 habitare.

2544 2763 2680 2818 XVI.
2736 2761 2885 2815 Item.

1994 2862 2062 2917 Ut
2097 2860 2227 2914 nulli
2259 2857 2598 2912 sacerdotum
2639 2855 2801 2909 liceat
2833 2854 3207 2921 tidejussorem
3238 2863 3379 2914 esse,
3410 2862 3515 2900 ne—

1923 2971 2027 3023 que
2058 2954 2245 3007 relicta
2277 2947 2580 3022 [derelicta]
2614 2948 2826 3016 propria
2860 2948 2989 3015 lege
3018 2945 3081 2999 ad
3115 2942 3395 2997 smcularia
3424 2941 3512 3009 ju-

1925 3049 2061 3104 dicia
2092 3046 2349 3102 accedere
2382 3041 2737 3116 [praesumat].

2546 3135 2705 3189 XVII.
2749 3131 2901 3187 Item.

1995 3232 2064 3286 Ut
2092 3244 2249 3284 nemo
2272 3228 2609 3282 sacerdotum
2637 3240 2701 3279 ex
2729 3240 2951 3278 numero
2980 3237 3127 3278 arma
3160 3222 3507 3291 pugnantium

223 3311 287 3359 et
320 3303 619 3358 secundum
647 3304 1024 3358 auctoritatem
1053 3304 1366 3357 canonicam
1396 3316 1576 3355 coram
1618 3301 1812 3355 timcn-
1847 3352 1891 3413 Ο
1925 3337 2156 3389 unquam
2191 3329 2399 3389 ponet,
2436 3334 2534 3373 nec
2565 3318 2712 3372 me",
2758 3325 2945 3371 ροηιη,
2994 3316 3297 3385 proximum
3344 3314 3508 3368 uuam

224 3396 371 3451 tibus
420 3394 683 3461 dividant,
713 3404 765 3449 et
794 3396 859 3449 ad
893 3403 1269 3448 ornamentum
1312 3394 1558 3448 ecclesia;
1591 3394 1816 3460 primam

222 3488 431 3557 eligant
456 3496 685 3556 partem,
714 3486 1003 3541 secundam
1035 3496 1217 3541 autem
1244 3485 1310 3539 ad
1344 3499 1496 3538 usum
1524 3498 1817 3552 pauperum

222 3588 391 3649 atquc
416 3580 821 3649 peregrinorum
853 3594 950 3648 per
975 3593 1161 3633 eorum
1187 3590 1376 3631 manus
1398 3576 1822 3631 misericorditer

220 3685 350 3725 cum
379 3670 526 3722 omni
557 3668 856 3723 humilitate
894 3668 1229 3737 dispensent,
1277 3667 1490 3722 tertiam
1535 3681 1662 3721 vero
1692 3665 1822 3721 sibi-

224 3759 476 3828 metipsis
504 3759 819 3815 sacerdotes
846 3766 1083 3813 servent.

881 3849 970 3903 Vl.
1020 3847 1164 3903 Item.

300 3940 371 3996 Ut
402 3942 771 4012 unusquisque
796 3943 1054 3998 sacerdos
1081 3941 1379 3996 orationem
1408 3941 1739 3996 Dominicam
1768 3948 1824 3996 et

221 4032 547 4102 Symbolum
584 4034 784 4103 populo
829 4034 934 4088 sibi
974 4035 1268 4089 commisso
1297 4033 1510 4089 curiose
1563 4033 1818 4099 insinuet,

221 4140 292 4179 ac
323 4123 486 4178 totius
513 4126 790 4196 relig;onis
821 4126 1059 4181 studium
1086 4136 1142 4180 et
1171 4124 1594 4180 Christianitatis
1617 4125 1818 4179 cultum

221 4230 419 4270 eorum
446 4218 712 4272 mentibus
746 4217 1009 4272 ostendat.

870 4325 981 4380 VII.
1026 4324 1180 4381 Item.

300 4420 373 4474 Ut
401 4419 580 4473 cuncti
611 4418 921 4473 sacerdotes
958 4419 1207 4487 precibus
1238 4417 1468 4471 assiduis
1509 4432 1607 4487 pro
1635 4417 1738 4470 vita
1767 4425 1821 4470 et

221 4511 461 4579 imperio
490 4509 693 4565 domini
738 4510 1103 4581 imperatoris,
1139 4518 1193 4565 et
1225 4510 1453 4563 filiorqu
1486 4522 1549 4561 ac
1585 4508 1817 4562 filiarum

222 4604 403 4658 salute
430 4610 607 4655 orent.

862 4694 993 4749 VIII.
1039 4693 1193 4749 Item.

305 4801 377 4856 Ut
403 4803 772 4874 unusquisque
813 4805 1071 4861 sacerdos
1093 4805 1418 4875 quotidiauis
1448 4808 1663 4861 assistat
1694 4821 1823 4861 ora-

224 4894 465 4950 tionibus
491 4910 585 4963 pro
616 4894 893 4966 pontifice,
922 4896 1075 4965 cujus
1108 4896 1441 4968 gubernatur
1467 4896 1750 4967 regimine.

887 5012 981 5068 IX.
1029 5011 1176 5069 Item.

305 5105 377 5160 Ut
403 5104 585 5159 nullus
613 5103 865 5159 sacerdos
899 5106 950 5159 in
977 5105 1223 5160 domibus
1267 5106 1351 5159 vel
1395 5106 1514 5160 aliis
1545 5107 1693 5170 locis,
1723 5104 1823 5161 uisi

228 5200 285 5254 in
311 5198 563 5254 ecclesiis
588 5197 849 5254 dedicatis
872 5198 1146 5255 celebrare
1175 5202 1367 5254 missas
1388 5200 1604 5255 audeat.

918 5311 987 5367 X.
1020 5310 1176 5368 Item.

307 5402 379 5458 Ut
408 5417 436 5455 a
469 5403 683 5457 cunctis
706 5403 1076 5460 sacerdotibus
1102 5404 1190 5474 jus
1219 5414 1273 5460 et
1298 5415 1507 5473 tempus
1530 5405 1824 5475 baptisma-

227 5497 301 5549 tis
331 5494 667 5564 temporibus
699 5497 952 5566 congruis
998 5498 1295 5551 secundum
1330 5498 1637 5553 canonicam
1667 5498 1821 5553 insti-

228 5590 497 5643 tutionem
538 5587 845 5645 cautissime
873 5590 1208 5646 observetur.

837 5680 927 5736 XI.
969 5681 1125 5737 Item.

314 5771 381 5827 [τι
421 5786 610 5829 onmes
638 5773 965 5842 sacerdotes,
995 5776 1400 5845 quibuscunque
1436 5777 1604 5845 horis,
1645 5779 1822 5834 omni-

309 5938 333 5964 ⁸
370 5928 425 6001 In
469 5927 773 6001 Osouicnsi
804 5929 1163 6001 manuscripto
1210 5930 1415 6001 priores
1459 5931 1571 5986 ista:
1610 5949 1698 5985 ut
1733 5951 1823 5988 ex-

232 6000 542 6071 cetptioncs
567 6008 691 6057 ante
723 6000 814 6057 lib.
848 5999 1482 6073 ι’ωωὶιειιιλίιιζιμἐιιυηι
1516 6006 1822 6061 inseruntur

1845 4714 1899 4773 D

1925 3413 2144 3468 excitet.

2520 3499 2707 3555 XVIII.
2752 3498 2899 3552 Item.

1999 3596 2063 3651 Ut
2097 3594 2273 3649 nullus
2306 3594 2582 3663 presbyter
2605 3591 2801 3645 edendi
2831 3600 2919 3644 aut
2951 3589 3167 3645 bibendi
3196 3602 3355 3644 causa
3381 3602 3509 3658 gra-

1924 3690 2102 3745 diatur
2127 3690 2177 3743 in
2212 3689 2482 3742 tabernas.

2567 3774 2704 3833 XIX.
2749 3775 2897 3829 Item.

1997 3870 2065 3925 Ut
2089 3869 2263 3923 nullus
2294 3868 2544 3922 sacerdos
2575 3868 2880 3936 quicunque
2908 3880 3029 3920 cum
3072 3864 3386 3934 juramento
3426 3861 3512 3933 ju-

1924 3972 2026 4029 ret,
2057 3964 2149 4018 sed
2204 3960 2521 4030 simpliciter
2553 3975 2673 4015 cum
2718 3960 2953 4029 puritate
2981 3966 3036 4014 et
3065 3959 3288 4013 veritate
3331 3955 3513 4013 omnia

1923 4055 2085 4110 dicat.

2550 4144 2671 4203 XX.
2716 4144 2871 4199 Item.

1996 4237 2270 4295 Utcuucti
2316 4237 2626 4294 sacerdotes
2670 4239 2924 4293 omnibus
2968 4238 3076 4292 illis
3120 4236 3505 4292 confitentibus

1922 4341 2107 4382 eorum
2156 4330 2379 4383 crimina
2423 4329 2640 4398 dignam
2702 4330 3076 4397 paenitentiam
3123 4342 3244 4382 cum
3294 4340 3503 4380 summa

1923 4418 2192 4487 vigilantia
2242 4420 2371 4488 ipsis
2421 4419 2679 4485 indicent,
2728 4426 2782 4473 et
2810 4417 3060 4472 omnibus
3108 4416 3338 4470 infirmis
3376 4421 3502 4469 ante

1922 4510 2123 4562 cxittnn
2176 4510 2299 4563 vitae
2354 4510 2604 4563 viaticum
2665 4517 2719 4563 et
2771 4509 3206 4562 communionem
3264 4506 3508 4575 corporis

1921 4602 2118 4656 Christi
2158 4601 2582 4657 misericorditer
2612 4601 2869 4656 tribuant.

2544 4691 2688 4747 XXI.
2730 4690 2883 4746 Item.

2002 4782 2089 4847 Ut,
2117 4783 2410 4837 secundum
2443 4780 2811 4838 definitionem
2851 4790 3158 4837 sanctorum
3200 4783 3441 4845 Patrum,
3467 4781 3512 4836 si

1928 4876 2046 4947 quis
2072 4877 2397 4945 infirmatur,
2431 4891 2459 4932 a
2487 4876 2857 4932 sacerdotibus
2880 4875 3001 4931 oleo
3028 4873 3363 4931 sanctificato
3386 4889 3507 4929 cum

1929 4970 2262 5024 oratiOuibus
2298 4969 2587 5039 diligenter
2613 4978 2865 5038 ungatur.

2538 5058 2700 5113 XXII.
2742 5058 2896 5113 Item.

1999 5154 2067 5210 Ut
2095 5153 2375 5223 presbyter
2415 5152 2805 5207 Eucharistiam
2858 5153 3055 5207 habeat
3096 5166 3311 5221 semper
3353 5163 3515 5220 para-

1930 5253 2033 5299 tam
2059 5247 2123 5298 ad
2156 5243 2420 5308 infirmos,
2450 5259 2517 5297 ne
2541 5244 2658 5297 sine
2687 5243 3067 5298 communione
3092 5244 3417 5297 tnoriantur.

2523 5337 2710 5391 XXIII.
2755 5334 2909 5390 Item.

1998 5428 2065 5483 Ut
2088 5429 2207 5483 sine
2226 5428 2544 5484 auctoritate
2570 5429 2650 5481 vel
2667 5442 2936 5483 consensu
2960 5428 3334 5498 episcoporum
3361 5437 3511 5494 pres-

1928 5525 2093 5595 byteri
2122 5526 2171 5579 in
2200 5526 2529 5595 quibuslibet
2554 5525 2801 5581 ecclesiis
2832 5539 2932 5579 nec
2959 5524 3379 5587 constituantur,
3407 5534 3512 5575 nec

1927 5618 2283 5687 expelluntur.

2536 5709 2719 5766 XXIV.
2758 5710 2905 5765 Item.

1996 5799 2064 5855 Ut
2108 5802 2351 5858 ecclesia:
2394 5804 2685 5872 antiquitus
2724 5805 3055 5868 constituta,
3109 5816 3209 5857 nec
3256 5799 3508 5865 decimis,

1927 5934 2026 6059 zu}:
2072 5938 2261 5994 titulo;
2306 5939 2427 5993 Ilu'c
2474 5954 2590 5994 sunt
2633 5942 2757 6010 jura
2807 5941 3122 5996 sat'rrdotum
3177 5956 3290 6010 (μσς
3344 5952 3509 5995 (mm

1964 6024 1987 6059 t.‘
2025 6019 2122 6059 t‘ttI.

1964 6019 2122 6064 t'Dt‘ttt.
