4172 6566
719 472 824 525 383

1630 453 1687 505 S.
1735 445 2033 504 EGBERTI
2074 433 2547 498 EBORACENSIS
2592 429 3114 489 ARCIIIEPISCUI’I

3894 420 4012 477 583

723 600 821 637 nec
851 584 953 635 alia
980 580 1085 632 ulla
1115 573 1454 645 possessione
1486 565 1790 637 priveutur,
1824 566 1893 619 ita
1920 571 1977 617 ut
2008 560 2161 616 novis
2186 572 2308 612 ora—
2335 564 2385 622 Α
2414 551 2693 622 episcopo,
2730 563 2836 602 non
2870 548 3213 617 presbytero,
3258 558 3364 598 non
3395 543 3643 606 diacono,
3693 555 3795 596 nec
3840 540 4009 595 alicui

719 676 871 731 turiis
898 672 1218 725 tribuantur.

1199 756 1364 813 XXV.
1404 754 1437 807 .1
1444 770 1501 807 us
1525 752 1863 807 sacerdotale.

797 856 1094 923 Unicuique
1128 850 1371 906 ecclesia:
1397 848 1480 902 vel
1512 862 1615 900 una
1647 857 1830 897 mansa
1870 840 2076 909 integra
2107 835 2307 903 absque

727 951 835 1003 alio
862 949 1081 1003 servitio
1111 943 1456 1007 attribuatur,
1485 949 1539 994 et
1567 933 1865 1006 presbyteri
1894 932 1946 986 in
1986 931 2064 986 eis
2107 927 2306 981 consti-

730 1041 828 1095 tuti
856 1054 959 1093 non
988 1037 1056 1092 de
1082 1035 1330 1099 decimis,
1361 1046 1534 1100 neque
1560 1029 1627 1083 de
1657 1025 2018 1080 oblationibus
2045 1021 2304 1080 fidelium,

728 1148 822 1187 nec
855 1132 923 1186 de
951 1128 1228 1193 domibus,
1277 1139 1450 1194 neque
1489 1122 1558 1177 de
1610 1121 1761 1175 atriis
1814 1119 1897 1172 vel
1948 1114 2118 1168 hortis
2154 1111 2305 1182 juxta

729 1223 1013 1278 ecclesiam
1044 1220 1257 1291 positis,
1300 1230 1477 1286 neque
1513 1213 1583 1269 de
1627 1210 1939 1281 prtescripta
1977 1219 2162 1259 mansa
2211 1203 2307 1256 ali-

728 1315 874 1385 quod
905 1315 1182 1370 servitiutn
1216 1309 1414 1365 faciant
1464 1316 1656 1378 praeter
1683 1300 2138 1362 ecclesiasticum,
2167 1306 2222 1351 et
2260 1296 2306 1350 si

732 1406 948 1475 aliquod
985 1404 1217 1471 amplius
1250 1401 1554 1460 habuerint,
1586 1395 1711 1451 inde
1741 1392 2047 1448 senioribus
2081 1390 2192 1443 suis
2221 1402 2310 1443 se-

728 1499 959 1553 cundum
998 1500 1184 1568 patriae
1233 1508 1437 1551 morem
1488 1490 1732 1548 debitum
1778 1487 2055 1544 servitium
2098 1486 2309 1552 impen-

726 1590 878 1644 dant.

1332 1676 1521 1732 XXVI.
1572 1673 1721 1727 Item.

804 1770 876 1828 Ut
904 1772 1140 1841 episc0pi
1187 1780 1241 1825 et
1280 1765 1580 1838 presbyteri
1632 1779 1739 1819 non
1770 1763 1929 1833 longe
1976 1759 2045 1816 ab
2085 1759 2312 1817 ecclesia

734 1865 1077 1936 hoSpitiolum
1105 1864 1357 1919 habeant.

1317 1949 1530 2006 XXVII.
1572 1947 1724 2001 Item.

808 2046 877 2101 Ut
906 2047 1195 2115 episcoyius
1230 2044 1281 2097 in
1311 2040 1541 2098 ecclesia
1570 2050 1842 2094 consensu
1871 2035 2311 2105 presbyterorum

729 2138 1009 2191 sublimior
1050 2137 1259 2203 sedeat,
1325 2134 1463 2188 intra
1512 2132 1731 2186 domum
1774 2142 1904 2184 vero
1947 2127 2208 2198 collegam
2255 2140 2314 2181 se

731 2226 1169 2297 presbyterorum
1199 2241 1320 2281 esse
1350 2232 1661 2292 cognoscat.

1309 2314 1544 2369 XXVIII.
1589 2311 1743 2368 Item.

802 2407 1182 2479 Unusquisque
1213 2405 1497 2476 episcopus
1529 2404 1582 2458 in
1618 2418 1713 2456 sua
1748 2400 2006 2472 parochia
2034 2400 2316 2469 diligenter

736 2500 1040 2570 provideat,
1070 2511 1125 2554 ut
1165 2498 1408 2554 ecclesiae
1446 2497 1540 2551 Dei
1584 2495 1723 2551 bene
1750 2503 2094 2559 constructre,
2125 2504 2179 2548 et
2218 2507 2315 2546 re-

732 2604 1007 2661 staurare,
1051 2603 1104 2648 et
1133 2599 1338 2646 ornatte
1368 2592 1518 2656 fiant,
1554 2598 1660 2641 tam
1688 2589 1738 2641 in
1770 2587 1972 2652 officio,
2005 2593 2062 2639 et
2092 2585 2319 2637 lumina-

734 2686 883 2740 ribus
904 2724 920 2750 ,
950 2697 1216 2754 quamque
1244 2680 1298 2735 in
1330 2680 1533 2749 reliqua
1566 2677 1977 2741 instauratione,
2009 2683 2063 2729 et
2092 2684 2151 2728 ut
2178 2675 2317 2728 servi

733 2778 827 2833 Dei
872 2776 1193 2846 regulariter
1240 2774 1444 2836 vivant,
1493 2769 1860 2839 unusquisque
1901 2765 2196 2822 secundum
2228 2764 2315 2820 sui

733 2868 944 2924 ordinis
971 2866 1219 2937 gradum,
1266 2862 1500 2917 maxime
1539 2860 1826 2929 episc0pus
1860 2872 2046 2912 eiram
2090 2855 2315 2920 habeat,

732 2959 831 3015 sed
862 2965 917 3013 et
944 2956 1232 3013 canonicas
1260 2954 1424 3009 horas
1456 2961 1513 3006 ut
1544 2960 1786 3019 tempore
1814 2955 2013 3003 statuto
2038 2945 2200 3000 simul
2228 2959 2320 3000 ce.

735 3050 952 3107 lebrent
982 3051 1097 3119 ipse
1124 3054 1446 3117 prmeaveat.

805 3143 1023 3212 Septem
1048 3141 1211 3210 igitur
1231 3150 1465 3209 synaxcs
1480 3133 1654 3189 sancti
1680 3132 1869 3187 Patres
1887 3129 2159 3185 canendas
2187 3143 2321 3183 con-

733 3237 1044 3302 stituerunt,
1063 3245 1195 3302 quas
1216 3229 1363 3286 omni
1392 3228 1479 3283 die
1501 3228 1680 3281 clerus
1697 3224 1923 3295 singulis
1948 3222 2096 3276 horis
2116 3235 2316 3276 canere

2411 647 2639 699 omnino
2667 643 2756 713 qui
2781 641 2831 696 in
2862 642 3009 696 clero
3040 651 3145 705 est,
3180 624 3343 694 licere
3374 634 3838 692 subintroductam
3872 647 3995 687 mu—

2408 739 2591 794 lierem
2629 734 2847 789 habere.

2944 823 3157 879 XXXII.
3204 823 3269 876 Et
3315 822 3453 876 item.

2478 922 2727 977 Capones
2756 934 2972 988 quoque
3001 919 3220 983 docent,
3254 925 3313 970 ut
3357 916 3399 969 si
3449 912 3569 983 quis
3617 907 3887 977 acceperit
3917 907 4000 959 vi-

2409 1017 2569 1072 duam
2602 1026 2696 1069 aut
2725 1014 3004 1067 dimissam
3047 1008 3352 1072 mulierem,
3398 1016 3489 1060 aut
3517 1004 3608 1073 qui
3652 1002 3732 1055 his
3779 999 4000 1054 duxerit

2411 1123 2659 1173 uxorem,
2709 1119 2982 1175 nunquam
3034 1102 3127 1156 fiat
3176 1100 3457 1165 diaconus,
3492 1108 3758 1165 nunquam
3809 1105 3999 1147 sacer-

2410 1200 2528 1255 dos.

2931 1284 3170 1341 XXXIII.
3220 1281 3466 1351 Itemque.

2485 1383 2802 1453 Episcopus,
2838 1380 3143 1449 presbyter,
3174 1386 3267 1430 aut
3311 1371 3609 1436 diaconus,‘
3644 1386 3734 1438 qui
3785 1372 3837 1423 in
3880 1368 3991 1419 lur-

2414 1474 2697 1539 nieatione,
2745 1481 2838 1526 aut
2885 1468 3145 1540 periurio,
3193 1475 3286 1521 aut
3328 1464 3504 1529 furtis,
3549 1472 3641 1517 aut
3705 1457 4000 1515 homicidio

2415 1575 2603 1637 Captus
2630 1573 2733 1630 est,
2764 1564 3083 1630 deponatur.

2595 1652 2840 1708 XXXIV.
2882 1650 3237 1703 Institutione:
3262 1655 3554 1701 sanctorum
3593 1654 3817 1713 patrum.

2487 1744 2899 1803 Observandum
2926 1743 3106 1812 itaque
3133 1748 3214 1795 est
3240 1722 3530 1808 episcOpis,
3564 1745 3618 1791 ut
3649 1735 3700 1789 in
3738 1735 4003 1788 charitate

2418 1840 2641 1897 radicati
2677 1848 2730 1894 et
2763 1837 2997 1902 fundati,
3026 1848 3206 1891 veram
3237 1847 3419 1903 pacem
3449 1839 3503 1884 et
3545 1825 3889 1883 concordiam
3921 1826 4003 1878 in“

2346 1936 2391 1995 Β
2424 1944 2628 2002 tcgram
2657 1930 2887 1985 invicem
2918 1928 3172 1990 habeant,
3201 1928 3274 1978 ita
3298 1932 3354 1977 ut
3380 1922 3454 1976 sit
3481 1922 3536 1975 in
3565 1920 3813 1973 omnibus
3842 1918 3999 1983 quasi

2423 2040 2518 2079 cor
2548 2038 2709 2077 unum
2737 2030 2790 2076 et
2816 2021 2996 2075 anima
3026 2032 3152 2085 una,
3181 2026 3236 2073 et
3264 2016 3319 2070 in
3360 2028 3455 2070 ore
3480 2011 3720 2068 omnium
3748 2024 3891 2065 vene
3934 2011 3999 2062 ti-

2417 2116 2505 2171 dei
2535 2115 2744 2184 integra
2793 2110 3058 2167 doctrina.

2552 2247 2567 2265 .
2648 2248 2663 2263 ο
2743 2248 2759 2263 ο
2838 2248 2855 2265 ο
2935 2246 2951 2261 ο
3032 2243 3047 2258 ο
3125 2243 3137 2258 I
3223 2242 3239 2258 ο
3319 2241 3334 2254 ο
3414 2242 3426 2252 Δ

2487 2393 2604 2448 Non
2635 2399 2847 2462 oportet
2874 2388 3072 2459 aliquid
3101 2400 3301 2456 ponere
3319 2384 3371 2439 in
3394 2381 3645 2445 ecclesia,
3664 2379 3767 2436 nisi
3784 2394 3907 2446 quae
3935 2377 4002 2432 ad

2421 2485 2716 2542 ministeria
2748 2480 3116 2539 ecclesiastica
3162 2477 3465 2546 pertinent-
3502 2474 3554 2527 in
3585 2471 4006 2527 Deuteronomio

2420 2578 2679 2646 scriptum
2708 2583 2792 2630 est
2820 2596 2831 2627 ;
2865 2572 2989 2627 Non
3012 2571 3271 2641 plantabis
3299 2569 3475 2622 lucum
3500 2581 3591 2620 nec
3610 2572 3832 2620 statuam
3851 2565 4008 2634 juxta

2422 2670 2775 2729 sanctuarium
2814 2666 3029 2720 Domini
3059 2663 3244 2733 (Deut.
3270 2662 3443 2731 xxvr).

2773 2755 3019 2812 XXXVI.
3066 2755 3261 2825 Incipit
3308 2753 3372 2806 de
3413 2751 3660 2809 Sabbato.

2494 2855 2637 2910 Deus
2677 2860 2892 2909 creator
2930 2850 3175 2904 omnium
3202 2846 3410 2904 creavit
3436 2844 3710 2901 hominem
3754 2842 3812 2899 in
3851 2854 4004 2900 sexta

2423 2950 2576 3012 feria,
2607 2957 2662 3004 ct
2708 2948 2762 3002 in
2805 2946 3042 3002 Sabbato
3084 2942 3353 3012 requievit
3381 2942 3451 2997 ab
3482 2940 3740 3010 operibus
3767 2939 3901 3002 suis,
3948 2948 4008 2993 et

2424 3041 2780 3099 sanctificavit
2804 3039 3096 3094 Sabbatum
3130 3046 3352 3107 propter
3382 3034 3609 3088 futuram
3641 3029 4003 3102 significatio-

2428 3154 2555 3192 uem
2589 3132 2855 3205 passionis
2884 3129 3105 3197 Christi,
3153 3136 3210 3183 et
3253 3126 3451 3198 quietis
3493 3126 3546 3180 in
3576 3125 3845 3192 sepulcro.
3887 3122 4005 3176 Non

2428 3228 2551 3282 ideo
2581 3224 2848 3293 requievit
2869 3222 2991 3291 quia
3024 3221 3196 3276 lassus
3233 3227 3398 3284 esset,
3427 3216 3519 3286 qui
3558 3214 3736 3270 omnia
3774 3213 3894 3268 sine
3922 3213 4007 3266 la-

734 3326 924 3393 debet;
958 3290 1184 3395 quarum
1231 3322 1403 3392 prima
1432 3326 1516 3373 est
1545 3290 1888 3371 Nocturnalis
1936 3313 2181 3383 synasis,
2226 3324 2316 3366 se-

2429 3319 2561 3373 bore
2600 3290 2748 3381 fecit,
2780 3290 2938 3382 cujus
2982 3309 3375 3379 omnipotentia
3409 3320 3515 3362 non
3562 3313 3739 3377 potest
3782 3303 3996 3369 lassari,

735 3419 911 3475 cnnda
944 3417 1121 3472 Prima
1167 3415 1299 3469 hora
1348 3411 1478 3475 diei,
1513 3409 1671 3464 tertia
1705 3409 1820 3477 ipsa
1861 3406 1995 3461 hora
2042 3414 2126 3460 est
2156 3419 2318 3475 quam

737 3511 974 3567 Tertiam
1003 3522 1278 3574 vocamus,
1299 3512 1486 3576 quarta
1515 3517 1646 3558 vero
1668 3501 1832 3557 Sexta
1860 3498 1990 3553 hora
2008 3507 2112 3562 est,
2137 3495 2319 3567 quinta

736 3601 889 3658 Nona
921 3602 1050 3655 hora
1084 3607 1185 3665 cst,
1220 3606 1366 3653 sexta
1413 3603 1599 3649 autem
1647 3590 1867 3663 synasis
1897 3587 2141 3654 Vespera
2192 3587 2322 3639 hora

736 3703 841 3759 est,
873 3694 1158 3761 septimam
1191 3700 1421 3757 namque
1461 3685 1682 3757 synaxis
1714 3680 2139 3750 Completorium
2170 3677 2323 3731 voci-

739 3798 937 3841 tamus.
966 3784 1075 3839 Ilas
1104 3795 1234 3853 ergo
1256 3786 1464 3848 septem
1498 3790 1730 3847 synaxes
1759 3772 1907 3828 omni
1950 3771 2037 3825 die
2066 3769 2325 3824 debemus

740 3875 973 3934 sollicite
997 3872 1225 3929 reddere
1254 3870 1366 3925 Deo
1395 3883 1492 3939 pro
1520 3868 1675 3922 nobis
1704 3873 1761 3921 et
1798 3878 1895 3933 pro
1930 3860 2081 3917 omni
2129 3855 2326 3927 populo

742 3966 1067 4030 Christiano,
1096 3964 1236 4018 sicut
1266 3960 1554 4016 Psalmista
1582 3965 1834 4019 testatur,
1867 3952 2057 4008 dicens
2085 3969 2096 4003 :
2127 3949 2325 4021 Septies

740 4060 906 4115 indie
951 4058 1158 4112 laudem
1216 4055 1328 4109 dixi
1378 4052 1467 4107 tibi
1522 4066 1677 4120 super
1718 4047 1922 4120 judicia
1962 4044 2179 4116 justitia:
2226 4050 2329 4094 tua:

741 4153 916 4226 (I’sal.
946 4152 1155 4221 cum).
1175 4150 1242 4204 Et
1272 4150 1491 4217 insuper
1522 4145 1718 4200 missas
1750 4155 1857 4196 non
1889 4140 2161 4203 omittere,
2188 4136 2330 4190 sicut

750 4247 990 4300 fecerunt
1028 4241 1200 4297 sancti
1244 4238 1452 4303 Patres,
1484 4248 1617 4305 quos
1658 4229 2001 4287 confessores
2050 4241 2329 4297 nuncupa-

743 4340 938 4405 vimus,
964 4337 1018 4392 id
1049 4345 1129 4392 est
1155 4332 1397 4405 episcopi
1424 4339 1482 4386 et
1522 4327 1824 4400 presbyteri
1857 4324 1946 4397 qui
1983 4324 2036 4380 in
2065 4322 2325 4380 castitate

743 4432 1050 4487 servierunt
1076 4428 1209 4483 Deo.

1029 4520 1225 4577 XXIX.
1268 4518 1347 4575 De
1372 4517 1620 4588 episcOpis
1664 4513 1864 4568 Paulus
1895 4513 2039 4565 dicit:

2427 3421 2483 3466 et
2509 3412 2587 3464 sic
2616 3406 2879 3477 requievit
2905 3404 2973 3459 ab
3000 3401 3257 3473 operibus
3285 3400 3419 3467 suis,
3450 3407 3509 3453 ut
3536 3412 3641 3453 non
3689 3396 3821 3451 alias
3849 3409 4004 3451 crea-

2429 3511 2576 3557 turas
2619 3513 2781 3569 quam
2825 3507 2983 3551 antea
3018 3494 3219 3550 fecerat
3247 3500 3432 3562 postea
3472 3488 3707 3544 fecisset.
3733 3485 3853 3541 Non
3883 3484 4010 3541 fecit

2427 3595 2564 3648 alias
2591 3600 2865 3647 creaturas
2895 3596 3106 3659 postea,
3158 3584 3253 3641 sed
3286 3585 3431 3654 ipsas
3466 3594 3808 3651 quascunque
3855 3577 4006 3644 fecit,

2428 3685 2575 3741 omni
2620 3697 2764 3738 atino
2815 3693 2984 3749 usque
3030 3679 3084 3734 in
3138 3676 3299 3731 linem
3340 3672 3524 3730 saeculi
3569 3669 3716 3727 facit.
3751 3667 4007 3724 Homines

2427 3785 2576 3833 creat
2603 3776 2656 3831 in
2689 3774 2970 3829 animabus
3001 3778 3058 3827 et
3077 3766 3413 3839 corporibus,
3442 3774 3498 3821 et
3527 3763 3777 3818 animalia
3798 3769 3854 3817 et
3878 3761 4005 3816 bes-

2434 3872 2535 3926 tias
2561 3871 2679 3924 sine
2703 3866 3021 3931 animabus;
3050 3863 3227 3919 omnis
3248 3861 3426 3916 anima
3455 3858 3691 3918 hominis
3714 3870 3746 3911 a
3773 3856 3886 3912 Deo
3913 3855 4007 3910 da-

2434 3974 2541 4030 tur,
2571 3971 2627 4017 et
2655 3962 2770 4030 ipse
2800 3965 3024 4013 renovat
3050 3965 3325 4010 creaturas
3344 3965 3493 4019 suas,
3516 3952 3654 4005 sicut
3681 3947 3933 4003 Christus
3953 3946 4006 4000 in

2438 4052 2727 4120 Evangelia
2755 4051 2868 4104 ait:
2897 4046 3057 4102 Pater
3082 4062 3221 4100 meus
3261 4059 3421 4113 usque
3466 4042 3618 4096 modo
3657 4047 3922 4109 operatur,
3963 4047 4011 4092 et

2442 4161 2534 4217 ego
2565 4157 2753 4212 aperor
2798 4138 2981 4209 (Joan.
3012 4140 3089 4207 ν).
3122 4136 3367 4192 Christus
3397 4147 3493 4203 pro
3533 4131 3685 4187 nobis
3713 4144 3904 4201 passus
3930 4138 4011 4182 est

2435 4241 2486 4295 in
2512 4248 2661 4294 sexta
2689 4245 2846 4291 aetate
2874 4234 3087 4298 mundi,
3120 4234 3176 4288 in
3222 4239 3374 4287 sexta
3402 4228 3575 4294 feria;
3602 4235 3657 4283 et
3699 4225 4010 4282 reformavit

2434 4330 2703 4400 perditum
2733 4326 3005 4382 hominem
3046 4322 3296 4395 passione
3323 4335 3440 4387 sua,
3463 4327 3538 4385 et,
3569 4318 3805 4388 operatis
3842 4318 4007 4371 mira-

2432 4419 2568 4476 culis
2597 4420 2733 4486 suis,
2780 4415 3045 4485 requievit
3085 4415 3137 4468 in
3182 4413 3434 4482 sepulcro
3462 4426 3559 4481 per
3583 4410 3905 4475 Sabhatum,
3952 4418 4006 4463 et

2433 4510 2788 4568 sanetilicavit
2805 4507 3135 4562 Dominicam
3154 4505 3295 4560 diem
3318 4500 3710 4559 resurreCtione
3727 4514 3823 4554 sua
3845 4516 3858 4565 ;
3888 4514 4006 4553 nam

819 4618 1028 4687 Oportet
1065 4616 1199 4670 enim
1242 4617 1539 4683 episcopum
1566 4626 1656 4679 per
1697 4606 1869 4661 onmia
1912 4603 2325 4673 irrepreltensibi-
2362 4639 2414 4699 Β
2441 4604 2715 4658 Dominica
2743 4599 2859 4655 dies
2888 4599 3057 4669 prima
3099 4596 3216 4651 dies
3241 4595 3423 4650 szeculi
3453 4602 3556 4658 est,
3585 4600 3641 4647 et
3683 4590 3797 4646 dies
3831 4605 4009 4645 resur-

745 4712 850 4763 tem
878 4723 1007 4772 esse,
1031 4706 1162 4760 sicut
1194 4702 1289 4758 Dei
1310 4702 1739 4770 dispensatorem,
1767 4712 1869 4750 non
1898 4696 2196 4766 superbum,
2226 4710 2329 4747 non

750 4799 1078 4863 iracundum,
1107 4812 1210 4850 non
1238 4794 1594 4857 vinolentum;
1651 4807 1756 4843 non
1811 4802 2180 4858 percussorem,
2232 4802 2335 4840 non

758 4890 923 4957 turpis
952 4887 1083 4942 lucri
1114 4885 1375 4955 cupidum,
1418 4883 1509 4938 sed
1552 4878 1879 4951 hospitalem,
1929 4879 2223 4948 benignum,
2247 4891 2333 4929 so-

755 4984 946 5049 brium,
975 4990 1208 5035 sanctum
1240 4976 1290 5050 (I
1323 4976 1461 5030 Tim.
1493 4977 1601 5045 ιιι),
1635 4984 1742 5028 etc.

1197 5070 1369 5125 XXX.
1409 5068 1432 5121 Ι
1444 5078 1541 5121 tem
1585 5066 1878 5132 Apostolus.

831 5169 1045 5241 Oportet
1075 5168 1231 5238 igitur
1259 5165 1557 5233 episcopum
1583 5161 1928 5215 testimonium
1956 5159 2137 5213 habere
2165 5158 2227 5211 ab
2260 5156 2339 5209 his

758 5261 847 5328 qui
888 5260 1012 5329 {oris
1056 5268 1193 5323 sunt,
1244 5265 1299 5310 ut
1345 5254 1631 5309 doctrinam
1679 5251 1775 5305 Dei
1830 5251 1992 5304 nostri
2039 5251 2237 5304 ordinet
2284 5248 2337 5301 in

757 5354 993 5407 ontuibus
1015 5350 1228 5420 (llud).

1147 5441 1342 5498 XXXI.
1386 5438 1464 5494 De
1500 5455 1683 5508 magna
1721 5436 1936 5507 synodo.

1113 5535 1191 5591 De
1226 5532 1623 5589 subintroductis
1668 5529 1978 5582 mulieribus.

1252 5626 1333 5680 Ea:
1361 5624 1578 5679 concilio
1614 5621 1850 5675 Nicarno.

836 5717 1109 5775 lutet-dicit
1141 5715 1379 5790 {Indicit}
1408 5733 1504 5788 per
1531 5715 1709 5770 munia
1734 5727 1921 5783 magna
1953 5709 2207 5781 synodus,
2232 5720 2336 5761 non

2446 4692 2694 4750 rectionis
2723 4689 2942 4757 Christi,
2974 4696 3029 4744 et
3053 4686 3168 4743 dies
3197 4685 3561 4750 l’entecostes,
3588 4689 3642 4738 et
3672 4679 3797 4735 ideo
3827 4689 4008 4733 saneta

2436 4794 2541 4851 est,
2574 4793 2629 4839 et
2655 4796 2753 4838 nos
2784 4782 2886 4851 ipsi
2914 4779 3179 4835 debemus
3202 4789 3322 4832 esse
3348 4772 3699 4846 spiritualiter
3722 4771 4011 4828 Sabbatum

2440 4876 2857 4938 sabbatizantes,
2888 4872 2940 4927 id
2966 4880 3070 4937 est,
3103 4875 3355 4925 vacantes
3384 4867 3453 4920 ab
3480 4863 3734 4935 operibus
3778 4863 4006 4917 servitu-

2440 4971 2533 5038 tis,
2562 4968 2617 5024 id
2652 4975 2736 5021 est
2777 4965 3034 5035 peccatis,
3066 4961 3190 5031 quia
3222 4957 3323 5025 Qui
3367 4956 3490 5027 facit
3529 4960 3809 5024 peccatum,
3841 4965 4010 5005 cerrus

2448 5071 2516 5116 est
2546 5058 2740 5133 peccati
2767 5053 2839 5130 (Ἰ
2864 5054 3022 5110 Joan.
3048 5053 3151 5123 ιιι).
3174 5051 3281 5107 Sed
3304 5051 3427 5121 quia
3451 5062 3556 5102 non
3587 5058 3870 5115 possumus
3894 5057 4014 5098 che

2443 5156 2560 5210 sine
2594 5152 2851 5224 peccatis,
2881 5162 3164 5205 caveamus
3211 5146 3264 5200 in
3314 5149 3568 5213 quantum
3612 5151 3919 5209 possumus,
3963 5144 4015 5188 et

2442 5245 2792 5302 emendemus
2839 5239 3097 5312 quidquid
3145 5234 3565 5309 peccaverimus.
3624 5231 3821 5286 Demus
3871 5228 4007 5283 bona

2443 5339 2691 5407 exempla
2721 5335 2951 5392 subditis
2981 5331 3156 5397 nobis,
3189 5338 3245 5384 et
3284 5326 3616 5396 corrigamus
3656 5319 4008 5388 nosmetipsos

2444 5442 2500 5487 et
2567 5429 2834 5495 subditos,
2895 5438 2950 5484 et
3013 5426 3361 5482 exhortemur
3405 5418 3472 5474 ad
3525 5413 3744 5473 meliora
3794 5411 4007 5483 iugiter.

2447 5522 2636 5577 Amen.

2730 5610 2991 5667 XXXVII.
3036 5607 3166 5663 Item
3185 5618 3476 5663 sanctorum
3502 5600 3731 5655 Patrum.

2519 5705 2722 5761 I’asdia
2754 5707 2914 5761 certis
2954 5704 3283 5775 temporibus
3320 5699 3598 5755 celebrare
3641 5690 3889 5748 omnibus
3919 5701 4005 5755 ge-

845 5867 868 5894 ⁸
899 5859 1085 5914 Nescio
1149 5857 1276 5931 quid
1308 5856 1393 5913 hie
1442 5854 1608 5913 defuit
1656 5851 1709 5910 in
1759 5847 2123 5918 utanuscripto
2187 5842 2405 5911 Codice,
2452 5857 2702 5901 numeros
2727 5854 2900 5900 autem
2934 5857 3031 5900 nos
3055 5840 3366 5914 adiecimus,
3403 5850 3463 5894 ac
3489 5834 3533 5894 si
3563 5832 3696 5891 nihil
3737 5829 4010 5889 desidera-

765 5943 873 5986 ιυιιι
904 5940 1063 5986 ρδδυι.

1758 6549 1901 6558 _._
1948 6547 2025 6556 4-
2068 6546 2131 6554 ‘.-
2180 6545 2303 6552 μ-
