4172 6606
196 563 305 616 585

880 552 1405 612 EXCERPTIONES
1446 551 1485 604 E
1528 544 1749 603 DICTIS
1790 542 1872 597 ET
1915 538 2300 597 CANONIBUS
2339 539 2436 593 SS.
2481 537 2784 592 PATIIUNI.

3354 540 3458 595 386

199 676 452 729 neraliter
477 672 848 741 satagendum,
880 672 931 725 id
955 680 1057 735 est,
1090 679 1210 738 post
1238 669 1498 722 decimam
1533 674 1773 732 quartam
1806 668 1851 720 Α
1883 672 2096 725 εεοριις,
2135 671 2199 709 ne
2222 656 2368 725 justo
2388 655 2609 722 judicio,
2637 666 2689 709 ct
2718 670 2875 723 quem
2911 653 3048 708 alius
3079 655 3362 724 episcows
3391 659 3457 711 ab

198 766 380 820 lunam
412 765 565 834 primi
597 763 815 818 mensis.

515 854 801 908 XXXVIII.
851 854 1090 922 Synodus
1138 852 1457 921 Agat/tensis.

274 947 568 1001 Smculares
597 948 686 1015 qui
716 946 767 1000 in
799 946 986 999 Nata!e
1014 945 1248 1008 Domini,
1284 942 1479 994 Pascha
1510 948 1562 994 ct
1585 938 1777 992 Pente-

201 1050 355 1093 COSIe
378 1054 482 1092 non
519 1037 1022 1104 communicaverit,
1051 1036 1300 1091 catholici
1334 1050 1438 1087 non
1467 1033 1774 1088 credantur.

557 1129 649 1182 XX
662 1128 798 1182 XIX.
842 1128 1015 1181 Conon
1054 1125 1417 1194 Africanensis.

277 1233 302 1258 "
326 1222 655 1277 Pmnitentes
683 1222 973 1275 secundum
1008 1235 1242 1273 canones
1272 1234 1375 1271 non
1408 1217 1603 1270 debent
1633 1230 1781 1269 com-

200 1313 478 1366 municare
528 1327 651 1365 ante
706 1310 1220 1365 consummationem
1273 1310 1630 1378 pmnitentisc;
1684 1321 1780 1359 nos

199 1415 381 1456 autem
414 1420 509 1473 pro
533 1405 901 1458 misericordia
936 1402 1237 1457 miserantis
1269 1401 1381 1465 Dei,
1415 1411 1533 1469 post
1562 1415 1779 1462 annum,

201 1498 288 1549 vel
331 1498 487 1561 duos,
525 1498 606 1549 vel
641 1509 769 1560 tres,
804 1498 1070 1564 aliquibus
1103 1497 1372 1550 licentiam
1405 1496 1611 1548 damus.

564 1587 674 1642 XL.
718 1587 847 1641 Item
870 1599 1161 1641 sanctorum
1189 1587 1422 1641 Patrum.

280 1678 623 1745 Baptismatis
681 1691 1019 1733 sacramenta
1071 1680 1434 1735 indifferenter
1488 1678 1783 1748 presbyteri

212 1769 577 1837 indigentibus
626 1772 885 1833 tribuant,
933 1781 983 1824 et
1015 1771 1379 1838 pmnitentiam
1425 1770 1785 1835 quaerentibus

207 1861 476 1916 citissime
517 1872 856 1925 succurrant,
892 1864 1091 1915 nullum
1125 1862 1318 1915 exinde
1347 1862 1574 1928 pretium
1611 1862 1787 1929 requi-

202 1962 411 2013 rentes,
446 1953 544 2006 nisi
579 1963 670 2005 aut
701 1964 946 2019 parentes
981 1966 1187 2016 eorum,
1228 1966 1320 2007 seu
1352 1952 1780 2021 eleemosyuarii,

200 2050 399 2107 spOnte
439 2042 632 2105 aliquid
664 2043 926 2094 dederint.

281 2131 335 2184 Si
357 2133 473 2201 quis
514 2146 644 2186 vero
687 2132 771 2185 bis
803 2132 1222 2187 institutionibus
1250 2133 1515 2187 contraire
1546 2141 1781 2187 tentave-

206 2222 302 2283 rit,
335 2234 423 2276 aut
452 2223 1027 2277 cxcommunicationis
1054 2226 1249 2278 sentiet
1276 2238 1511 2292 pinnam,
1546 2232 1637 2276 aut
1667 2237 1780 2276 car-

204 2313 349 2367 ceris
369 2328 659 2367 aerumnam
692 2314 781 2367 diu
810 2314 1088 2368 sustineat.

682 2404 819 2458 XLI.
860 2404 1034 2460 Conon
1064 2406 1303 2459 Patrum.

286 2491 490 2548 Placuit
545 2493 612 2548 de
667 2494 977 2560 infantibus,
1026 2500 1237 2565 quoties
1285 2512 1388 2550 non
1440 2497 1781 2549 inveniuntur

202 2585 491 2638 certissimi
525 2594 689 2639 testes
720 2585 809 2653 qui
859 2601 953 2641 eos
1002 2587 1296 2655 baptizatos
1335 2601 1455 2642 esse
1500 2594 1778 2650 teSIentur,

206 2690 386 2735 neque
416 2676 515 2741 ipsi
559 2686 682 2730 sunt
728 2693 819 2745 per
858 2687 1069 2731 aetatem
1110 2679 1285 2731 idonei
1314 2679 1381 2731 de
1428 2678 1632 2731 traditis
1679 2677 1779 2731 sibi

207 2767 568 2819 sacramentis
615 2767 963 2834 respondere,
1012 2768 1213 2835 absque
1259 2768 1364 2821 ullo
1405 2769 1655 2833 scrupulo
1686 2768 1780 2822 hos

207 2872 333 2910 esse
362 2857 726 2923 baptizandos,
759 2873 826 2912 ne
858 2860 954 2911 ista
989 2859 1273 2928 trepidatio
1300 2873 1393 2914 eos
1424 2858 1581 2912 faciat
1606 2873 1783 2912 sacra-

208 2956 515 3000 mentorum
548 2948 857 3016 purgatione
886 2948 1102 3015 privari.

815 3037 971 3090 XLII.
1023 3036 1174 3093 Item.

286 3126 418 3181 Sunt
444 3126 655 3193 quidam
698 3129 784 3198 qui
815 3130 1039 3183 miscent
1069 3131 1248 3183 vinum
1280 3146 1399 3184 cum
1445 3145 1577 3199 aqua
1614 3132 1784 3199 bapti-

206 3218 425 3281 smatis,
457 3234 563 3272 non
610 3228 774 3284 recte,
808 3229 863 3274 et
910 3221 1152 3274 Christus
1196 3235 1299 3275 non
1325 3220 1486 3290 jussit
1525 3223 1782 3292 baptizari

205 3314 357 3380 vino,
386 3312 479 3367 sed
507 3328 658 3380 aqua.

597 3402 817 3456 l’XLIII.
872 3402 1048 3457 Canon
1095 3403 1402 3459 Chalcedon.

290 3493 360 3549 lit
398 3494 571 3549 nullus
600 3496 879 3563 presbyter
910 3497 1024 3549 sine
1074 3496 1361 3549 chrismate
1390 3496 1786 3565 proficiscatur.

605 3582 787 3637 XLIII.
829 3583 1005 3637 Canon
1031 3586 1397 3655 apostolorum.

288 3674 345 3729 Si
376 3675 494 3743 quis
513 3676 815 3742 episcopus,
845 3685 933 3728 aut
964 3676 1258 3744 presbyter,
1281 3688 1369 3729 aut
1390 3677 1668 3742 diaconus,
1696 3691 1790 3746 per

210 3765 477 3833 pecunias
528 3764 663 3817 hanc
708 3764 999 3818 obtinuerit
1039 3765 1373 3834 dignitatem,
1424 3765 1703 3834 dejiciatur
1737 3774 1791 3819 ct

210 3856 335 3923 ipse
362 3865 415 3909 et
452 3854 732 3909 ordinatur
759 3854 901 3924 ejus,
932 3863 985 3909 et
1009 3858 1383 3909 communione
1410 3855 1583 3909 modis
1615 3854 1788 3909 omni-

211 3950 324 4003 bus
347 3947 715 4013 abscindatur,
746 3948 884 4001 sicut
914 3948 1095 4001 Simon
1129 3962 1313 4017 magus
1343 3962 1371 3999 a
1404 3947 1582 4002 Petro.

611 4038 795 4095 XLIV.
834 4039 1010 4095 Canon
1037 4041 1403 4108 Africanensis.

288 4132 586 4199 EpiseOpus
613 4134 813 4202 absque
846 4133 1071 4187 concilio
1111 4134 1542 4203 presbyterorum
1569 4132 1793 4188 clericos

208 4239 325 4281 non
350 4222 582 4277 ordinet.

807 4310 965 4366 XLV.
1007 4312 1203 4367 Canon.

290 4405 591 4472 Episcopus
632 4402 830 4458 nullius
856 4419 1069 4459 causam
1115 4404 1295 4476 audiat
1324 4404 1524 4475 absque
1556 4419 1795 4473 praesen-

210 4497 286 4549 tia
320 4496 640 4550 clericorum
686 4510 923 4560 suorum,
968 4506 1188 4565 excepta
1227 4512 1383 4552 causa
1424 4497 1793 4553 confessionis.

576 4582 763 4638 XLVI.
805 4583 982 4638 Canon
1005 4585 1439 4656 Carthaginemis.

289 4671 433 4727 Nihil
464 4681 645 4727 rector
683 4674 801 4729 sine
830 4674 1051 4728 fratrum
1083 4690 1301 4729 suorum
1337 4676 1560 4731 consilio
1593 4676 1747 4732 faciat
1776 4695 1786 4729 :
1817 4700 1868 4760 D

211 4767 483 4831 scriptum
510 4774 591 4819 est
620 4765 763 4819 enim
791 4783 804 4818 :
832 4765 1014 4819 Omnia
1044 4766 1127 4835 fac
1176 4782 1294 4819 cum
1325 4769 1562 4835 consitio,
1605 4778 1651 4824 et
1681 4778 1791 4839 post

210 4861 417 4926 factum
439 4872 538 4908 non
558 4856 815 4925 panitebis
847 4856 1033 4927 (Ereti.
1070 4871 1246 4925 χχχιι,
1270 4856 1388 4929 24).

783 4946 993 5003 XLVII.
1036 4946 1232 5003 Canon.

293 5039 531 5094 Firmum
559 5038 831 5094 decretum
864 5053 983 5095 esse
1006 5055 1108 5094 non
1148 5050 1322 5109 potest
1351 5041 1490 5108 quod
1522 5056 1625 5096 non
1667 5042 1795 5112 plu-

211 5135 482 5189 rimorum
503 5131 769 5185 videbitur
796 5130 1043 5187 habuisse
1069 5148 1411 5190 consensum.

638 5220 864 5277 XLVIII.
905 5222 1079 5278 Canan
1113 5224 1392 5281 Romanus.

298 5316 357 5370 Si
391 5316 442 5369 in
476 5314 711 5385 qualibet
756 5318 1029 5385 provincia
1058 5328 1191 5372 orta:
1223 5319 1418 5375 fuerint
1448 5322 1793 5390 quaestiones,

217 5408 291 5462 ad
329 5407 587 5475 majorem
619 5405 799 5460 sedem
826 5407 907 5460 vel
947 5408 1232 5477 synodum,
1264 5424 1357 5464 seu
1388 5411 1545 5465 etiam
1576 5410 1640 5464 ad
1673 5425 1797 5481 apo-

218 5498 469 5556 stolicam
501 5496 683 5552 sedem
717 5497 899 5551 Romae
927 5498 1245 5553 referantur.

612 5586 794 5641 XLIX.
837 5587 1013 5641 (.‘anon
1054 5590 1423 5658 episcoporum.

299 5681 413 5736 Non
448 5689 652 5736 temere
701 5695 1025 5751 quemquam
1065 5684 1439 5738 communione
1466 5683 1635 5753 privet
1681 5685 1801 5753 epi-

298 5822 326 5850 ιι
355 5814 488 5867 Vide
508 5811 779 5885 Capitula
811 5812 1078 5885 Theodori
1108 5813 1361 5870 Cantuar.
1396 5816 1547 5870 Tum.
1582 5816 1650 5870 IX
1677 5815 1799 5885 Spi-

221 5887 379 5949 cileg.
412 5899 463 5951 p.
495 5881 587 5935 42.
618 5897 666 5936 c.
699 5880 786 5937 12.
824 5881 991 5935 Hard.

297 5955 534 6009 LCanon
584 5952 685 6007 iste
744 5951 899 6006 XLIII
958 5954 1209 6009 inseritur
1263 5955 1399 6026 apud
1450 5955 1687 6011 Voilltins
1738 5972 1797 6011 ac

1878 752 2105 806 ecclesia
2135 751 2420 821 expulerit,
2451 752 2563 803 sive
2605 751 2855 805 clericum
2888 750 3000 804 sive
3029 750 3247 819 laicum,
3279 753 3453 805 susci-

1886 846 1994 911 piat
2024 842 2174 894 alius.

2374 933 2438 986 L.
2478 932 2653 985 Canou
2688 930 2952 985 Nica‘nus.

1949 1029 2116 1082 Nemo
2139 1042 2259 1082 eum
2289 1029 2377 1094 qui
2408 1028 2470 1078 ad
2504 1028 2665 1080 alium
2694 1027 2921 1095 pertinet
2949 1027 3252 1095 subripiens
3276 1029 3327 1082 in
3357 1042 3454 1081 sna

1881 1122 2109 1173 ecclesia
2162 1119 2397 1185 ordinet,
2452 1119 2653 1184 absque
2693 1131 2959 1170 consensu
2999 1118 3137 1171 illius
3185 1119 3251 1172 ad
3294 1135 3455 1188 quem

1884 1214 2130 1279 pertinet.

1971 1301 1973 1303 ’
2274 1301 2359 1355 LI.
2400 1300 2578 1353 Cmtmt
2618 1299 3060 1353 Chalcedonensis.

1958 1392 2024 1447 Ut
2068 1392 2243 1446 nullus
2296 1394 2537 1446 absolute
2583 1393 2863 1445 ordinetur
2888 1403 2939 1446 et
2990 1394 3105 1447 sine
3136 1394 3459 1463 pronuntia-

1888 1488 2032 1541 tione
2064 1487 2163 1540 Ioci
2193 1487 2257 1539 ad
2295 1502 2451 1554 quem
2478 1487 2826 1539 ordinandus.

1956 1579 2156 1632 Altaria
2190 1578 2288 1631 nisi
2324 1576 2528 1645 lapidea
2560 1576 2865 1630 chrismatis
2898 1577 3131 1647 unguine
3182 1593 3288 1633 non
3330 1595 3459 1635 con-

1888 1681 2182 1725 εθοῐειιιυν.

2329 1764 2433 1816 LII.
2474 1763 2649 1816 Conon
2684 1761 3015 1831 Epaanensis.

1971 1854 2084 1908 Non
2129 1861 2339 1919 oportet
2369 1854 2419 1904 in
2450 1853 2693 1904 domibus
2727 1868 2829 1904 non
2860 1852 3115 1907 dedicatis
3160 1854 3459 1909 oblationes

1888 1948 2150 2003 celebrari
2181 1948 2248 2002 ab
2276 1948 2540 2016 episcOpis
2570 1946 2649 2000 vel
2684 1946 3028 2015 presbyteris.

2325 2040 2455 2094 Llll.
2497 2038 2673 2092 Conon
2697 2049 3009 2089 mactarunt.

1957 2130 2123 2183 Nemo
2172 2132 2223 2183 in
2256 2131 2504 2197 precibus
2534 2131 2613 2182 vel
2658 2130 2867 2183 Patrem
2915 2145 3011 2196 pro
3059 2128 3209 2192 Filio,
3243 2130 3325 2183 vel
3370 2130 3457 2185 Fi-

1900 2220 2025 2271 lium
2067 2234 2162 2287 pro
2193 2220 2347 2272 Patre
2396 2219 2675 2281 nominet;
2709 2219 2799 2271 sed
2828 2232 2948 2271 cum
2980 2219 3131 2271 altari
3171 2221 3459 2289 aSsistitur,

1885 2326 2099 2379 Semper
2120 2312 2185 2366 ad
2219 2312 2426 2365 Patrem
2458 2311 2712 2379 dirigatur
2743 2312 2931 2364 oratio.

2409 2401 2544 2457 LIV.
2589 2403 2761 2456 Conon
2786 2401 2935 2457 Item.

1962 2494 2024 2546 Et
2054 2493 2254 2546 sufficit
2282 2494 2547 2546 sacerdoti
2578 2508 2733 2546 unam
2768 2495 2983 2547 missam
3014 2495 3067 2548 in
3100 2510 3201 2548 una
3246 2497 3332 2551 die
3370 2514 3459 2553 ce-

1889 2583 2121 2645 lebrare,
2166 2584 2292 2651 quia
2326 2583 2570 2637 Christus
2618 2585 2783 2638 semel
2838 2599 3022 2652 passus
3045 2596 3149 2650 est,
3199 2598 3252 2641 et
3293 2600 3457 2643 totmn

1890 2675 2146 2727 mundum
2178 2674 2441 2737 redemit;
2476 2674 2528 2726 in
2563 2674 2797 2728 Levitico
2840 2691 3049 2744 quoque
3090 2680 3345 2746 scriptum
3378 2691 3462 2734 est

1889 2779 1991 2818 non
2022 2765 2217 2818 debere
2243 2766 2421 2817 Aaron
2455 2764 2654 2832 ingredi
2677 2766 2890 2818 assidue
2918 2767 3140 2820 interius
3167 2769 3216 2822 in
3244 2780 3454 2824 sancta.

2293 2854 2403 2908 LV.
2446 2855 2620 2907 Canou
2650 2856 3051 2911 Aurelianensis.

1964 2948 2257 3017 Episcopus
2288 2948 2613 3017 pauperibus
2664 2958 2718 3001 et
2760 2949 3009 3013 infirmis,
3037 2950 3146 3020 qui,
3183 2951 3460 3010 debilitate

1892 3038 2143 3104 faciente,
2172 3054 2277 3093 non
2312 3047 2535 3106 possunt
2559 3038 2666 3091 suis
2696 3040 2939 3093 manibus
2969 3039 3228 3107 laborare,
3258 3044 3453 3099 victum

1891 3140 1944 3183 et
1988 3131 2363 3186 vestimentum
2395 3130 2449 3184 in
2482 3138 2739 3199 quantum
2790 3130 3114 3199 possibilitas
3145 3134 3307 3189 fuerit
3349 3136 3456 3191 Iar-

1891 3220 2084 3287 giatur.

2352 3312 2482 3368 LVI.
2526 3312 2818 3367 Theodorus
2857 3313 3016 3368 dicit:

1963 3404 2228 3459 Statutum
2254 3413 2415 3457 estut
2442 3406 2558 3457 sine
2582 3406 2898 3458 auctoritate
2921 3407 2999 3458 vel
3042 3419 3305 3461 consensu
3349 3410 3461 3477 epi-

1892 3511 2174 3563 scoporum
2209 3495 2514 3563 presbyteri
2562 3495 2885 3560 quibuslibet
2923 3495 3162 3550 ecclesiis
3192 3514 3295 3552 non
3327 3514 3457 3553 eon-

1891 3587 2196 3647 stituantur,
2243 3598 2341 3638 nec
2372 3585 2492 3639 inde
2523 3585 2886 3651 expellantur,
2918 3596 2972 3639 et
3004 3588 3049 3641 si
3083 3589 3200 3655 quis
3243 3590 3342 3645 hoc
3382 3591 3461 3645 fa-

1892 3693 2015 3733 cere
2041 3679 2345 3740 tentaverit,
2377 3677 2620 3746 synodali
2649 3678 2909 3732 sententia
2938 3678 3177 3735 feriatur.

2289 3771 2439 3825 LVII.
2485 3773 2659 3825 Canon
2686 3774 3054 3839 episwporum.

1970 3861 2223 3931 Episcopi
2280 3862 2583 3915 nullatenus
2622 3864 2971 3917 smeularibns
3014 3866 3260 3933 negotiis,
3316 3869 3462 3937 plus-

1896 3968 2053 4021 quam
2090 3953 2181 4005 Dei
2208 3952 2437 4007 servitiis
2459 3952 2623 4023 (quod
2649 3954 2810 4021 absit)
2857 3954 3050 4007 subditi
3083 3955 3334 4021 existant,
3367 3961 3463 4015 sed

1896 4044 2129 4097 maxime
2175 4058 2357 4097 curam
2409 4043 2704 4097 animarum
2760 4046 3010 4106 habeant,
3062 4055 3121 4099 ut
3171 4048 3462 4103 secundum

1894 4137 2191 4203 apostolum
2222 4136 2471 4203 populum
2504 4136 2597 4189 Dei
2630 4135 2897 4204 exemplis
2927 4135 3061 4189 bene
3088 4138 3378 4207 corrigam,
3410 4152 3471 4197 et

1897 4242 2042 4282 same
2071 4240 2283 4297 quoque
2309 4228 2566 4281 doctrina:
2596 4226 2932 4281 sermonibus
2968 4227 3252 4285 instruant.

2468 4339 2649 4395 LVIII.
2692 4341 2889 4395 Canon.

1970 4455 2158 4511 Clerici
2185 4454 2330 4509 omni
2354 4453 2686 4523 subjectione
2707 4453 2971 4521 epiSCOpis
2994 4454 3218 4524 subjecti
3248 4457 3349 4512 illis
3370 4459 3458 4515 de-

1914 4547 2079 4600 bitam
2113 4546 2380 4615 praebeant
2407 4544 2784 4609 obedientiam,
2813 4552 2867 4599 et
2894 4544 3038 4599 nullo
3060 4545 3332 4614 jactantiai
3357 4564 3470 4605 sua:

1901 4636 2079 4692 studio
2107 4638 2425 4703 semetipsos
2447 4635 2713 4688 attollant.

2268 4750 2404 4804 LIX.
2445 4749 2619 4804 Canon
2657 4750 3100 4823 Chalcedonensis.

1970 4843 2029 4897 Si
2067 4842 2156 4911 qui
2201 4856 2329 4911 ergo
2375 4842 2553 4895 clerici
2602 4842 2684 4895 vel
2736 4842 2977 4895 monachi
3028 4843 3224 4909 reperti
3268 4843 3467 4900 fuerint

1908 4935 2270 5005 eoajurantes,
2304 4941 2393 4986 aut
2419 4931 2811 4999 conspirantes,
2839 4940 2929 4983 aut
2963 4930 3182 4985 insidias
3212 4947 3469 5002 ponentes

1910 5028 2196 5098 episcopis,
2224 5024 2390 5093 gradu
2420 5023 2634 5093 proprio
2658 5020 2869 5088 penitus
2890 5021 3231 5089 abjiciantur.

2369 5134 2478 5189 LX.
2523 5133 2696 5188 Canon
2729 5131 2780 5185 Ν
2786 5133 2996 5186 ἱσιεηω.

1973 5230 2029 5285 Si
2063 5229 2182 5296 quis
2210 5226 2435 5294 alicujus
2465 5222 2701 5292 episcopi
2739 5223 2991 5277 clericum
3021 5222 3104 5277 vel
3149 5226 3466 5285 monachum

1905 5320 2207 5390 susceperit
2238 5322 2437 5387 absque
2465 5329 2729 5369 consensu
2755 5313 2916 5377 illius,
2942 5314 3231 5381 sacrilegus
3256 5315 3470 5385 judice-

1907 5424 2010 5477 tur,
2041 5421 2093 5465 et
2123 5426 2150 5464 a
2175 5407 2550 5464 communione
2578 5404 2953 5473 suspendatnr,
2979 5405 3149 5471 quoad
3176 5420 3345 5473 usque
3363 5409 3473 5475 ςιε-

1909 5506 2071 5559 ricum
2119 5501 2205 5555 vel
2253 5496 2573 5552 monachum
2631 5494 2845 5562 preprio
2886 5495 3136 5562 episcopo
3182 5498 3463 5551 restituat;

1912 5607 1933 5635 ο
1959 5612 2062 5664 quo
2114 5594 2214 5648 etsi
2247 5591 2475 5647 clericus
2527 5599 2811 5643 contumax
2858 5587 3037 5641 redire
3068 5587 3311 5651 voluerit,
3345 5603 3473 5643 ana-

1906 5688 2083 5740 thema
2106 5684 2197 5739 sit.

1904 5817 2025 5876 dein
2049 5814 2227 5870 caeteri
2252 5814 2304 5867 in
2337 5812 2429 5866 illo
2457 5810 2659 5863 unitate
2687 5810 3015 5876 discrepant.

1981 5900 1998 5924 τ
2029 5887 2188 5956 Lege.
2222 5886 2367 5951 Quod
2396 5883 2488 5935 etsi
2517 5880 2863 5935 Ctericus.....
2891 5878 3126 5932 noluerit
3165 5877 3328 5935 "ard-
