4168 6574
717 483 819 542 387

1134 595 1265 649 LXI.
1309 593 1482 645 Conon
1516 587 1872 641 Ilibcrnensis.

795 692 895 758 Qui
936 690 1196 744 Ievavcrit
1255 697 1468 736 manum
1516 696 1634 735 cum
1687 682 1834 730 basta
1880 683 1972 726 aut
2014 669 2190 740 gladio
2231 667 2293 719 ad

725 782 1125 854 percutiendum
1179 778 1410 846 aliquem
1468 776 1613 843 juxta
1672 773 2016 838 episc0putn,
2067 763 2300 818 redimat

728 892 962 938 manum,
993 874 1075 926 vel
1107 873 1288 940 perdat
1316 889 1329 934 ;
1355 871 1493 938 quod
1538 878 1590 922 et
1617 868 1660 918 si
1707 861 2082 922 vulneraverit,
2115 855 2298 911 tondet

726 978 885 1035 caput
926 981 1044 1021 cum
1077 965 1259 1028 barba,
1291 972 1343 1017 et
1381 963 1490 1014 Deo
1531 959 1748 1022 serviat,
1780 958 1950 1024 primo
1981 963 2156 1005 tamen
2186 946 2298 1014 epi-

733 1075 896 1126 scopo
926 1069 980 1113 et
999 1057 1086 1111 cui
1116 1059 1250 1111 laesit
1280 1053 1590 1108 satisfaciat.
1614 1052 1669 1106 Si
1694 1053 1810 1119 quis
1838 1057 2011 1101 autem
2043 1043 2300 1097 clericum

730 1149 1112 1211 vulneraverit,
1146 1149 1224 1201 vel
1257 1146 1411 1196 alicui
1447 1160 1510 1197 ex
1555 1140 1922 1196 ecclesiastico
1967 1135 2161 1189 ordine
2207 1147 2302 1185 no-

729 1245 921 1306 cuerit,
954 1241 1244 1295 secundum
1271 1237 1477 1290 ordinis
1498 1234 1848 1304 quantitatem
1878 1227 2302 1296 septempliciter

734 1335 1081 1395 emcndct,-et
1112 1330 1403 1383 secundum
1435 1325 1640 1380 ordinis
1681 1323 1991 1391 dignitatem
2025 1317 2301 1386 pmnircat,

736 1435 826 1479 aut
868 1422 1094 1476 extorris
1127 1421 1332 1490 prepria
1383 1418 1545 1485 patria
1597 1415 1802 1469 exsulet
1829 1431 1840 1465 :
1867 1411 2119 1466 Dominus
2164 1406 2304 1459 enim

736 1531 830 1583 per
873 1515 1185 1584 prophetam
1236 1507 1604 1564 dicitzNolitc
1652 1519 1858 1575 tangere
1908 1504 2118 1555 clarisros
2169 1515 2306 1552 meos

738 1601 909 1676 (Psal.
941 1606 1049 1673 etv)
1075 1621 1088 1667 ;
1119 1614 1221 1655 etc.

1115 1693 1272 1746 LXII.
1316 1690 1490 1744 Conon
1525 1689 1928 1743 Aurelianensis.

815 1789 1051 1843 Abbates
1088 1800 1182 1854 pro
1225 1783 1540 1837 humilitatis
1570 1782 1827 1847 religione
1858 1781 1907 1832 in
1938 1775 2309 1843 episcoporum

739 1887 1002 1951 potestate
1031 1877 1346 1938 consistant,
1381 1873 1505 1926 etsi
1547 1872 1668 1940 quid
1717 1880 1866 1923 extra
1899 1869 2136 1935 regulam
2169 1865 2306 1917 fece-

744 1975 848 2025 rint
877 1971 944 2022 ab
973 1968 1237 2036 episcopis
1269 1965 1626 2029 corrigantur,
1662 1960 1749 2024 qui
1781 1958 1944 2011 semel
1975 1959 2025 2008 iu
2067 1968 2230 2016 anno,
2263 1953 2312 2004 in

743 2062 860 2114 loco
909 2059 995 2110 ubi
1040 2057 1322 2124 cpischus
1368 2051 1612 2120 elegerit,
1663 2059 1880 2114 accepta
1930 2044 2314 2100 convocatioue

740 2148 1085 2204 conveniant.
1117 2144 1359 2198 Monacbi
1389 2152 1568 2196 autem
1595 2141 1875 2194 abbatibus
1919 2137 2065 2191 omni
2086 2152 2151 2194 se
2191 2135 2318 2188 obc-

743 2241 961 2294 dientia:
1000 2237 1283 2289 devotione
1313 2234 1618 2299 subjicianl.
1655 2231 1804 2296 Quod
1830 2230 1872 2282 si
1907 2229 2033 2296 quis
2065 2242 2160 2293 per
2189 2240 2319 2278 con-

742 2332 1023 2386 tumaciam
1064 2325 1329 2380 exstiterit
1358 2324 1655 2384 indevotus,
1710 2330 1800 2372 aut
1846 2334 1942 2386 per
1977 2319 2090 2370 loca
2138 2316 2313 2381 aliqua

751 2419 986 2492 evagari,
1017 2428 1105 2472 aut
1135 2416 1402 2486 peculiare
1433 2412 1636 2482 aliquid
1671 2411 1867 2465 habere
1893 2407 2316 2477 prmsumpserit,

743 2513 922 2566 omnia
957 2525 1070 2576 qua:
1101 2506 1414 2575 acquisierit
1443 2504 1510 2557 ab
1540 2503 1827 2557 abbatibus
1867 2501 2196 2562 auferantur,
2237 2512 2324 2552 se-

743 2603 978 2659 cundum
1018 2600 1254 2668 regulam
1293 2595 1617 2649 monasterio
1644 2602 1668 2627 °
1697 2590 2050 2659 profuturam.
2086 2589 2186 2655 Ipsi
2231 2602 2324 2639 au-

748 2708 857 2751 tetn
888 2695 976 2763 qui
1001 2692 1194 2748 fuerint
1225 2687 1523 2758 pervagati,
1557 2700 1676 2739 cum
1710 2683 1910 2736 auxilio
1935 2681 2172 2749 episcopi
2205 2689 2322 2733 tan-

747 2803 905 2856 quam
937 2786 1145 2853 lugaces
1189 2783 1286 2835 sub
1314 2779 1554 2835 custodia
1607 2783 1950 2842 revocentur,
1977 2783 2030 2828 et
2078 2788 2227 2827 reum
2263 2787 2322 2826 se

751 2878 843 2932 ille
882 2876 1054 2930 abbati
1086 2876 1319 2927 futurum
1365 2885 1487 2926 esse
1537 2875 1844 2936 cognoscat,
1895 2865 1981 2935 qui
2013 2861 2320 2932 huiusmodi

751 2981 1006 3038 personas
1039 2981 1143 3019 non
1189 2962 1416 3032 regulari
1460 2959 1922 3014 animadversione
1962 2957 2322 3020 distrinxcrit,

750 3059 836 3115 vel
865 3058 1022 3113 etiam
1054 3057 1142 3124 qui
1174 3053 1496 3107 monachum
1529 3048 1828 3117 susceperit
1853 3048 2104 3101 alienum.

1118 3142 1300 3196 LXIII.
1342 3139 1517 3194 Conon
1547 3139 1945 3192 Aurelianensis.

830 3238 885 3293 Si
909 3235 1029 3304 quis
1053 3243 1231 3288 autem
1265 3232 1427 3285 abbas
1447 3241 1634 3285 cautus
1665 3229 1716 3283 in
1750 3228 2024 3297 regimine,
2052 3235 2106 3281 et
2141 3227 2318 3280 humi-

757 3330 845 3391 lis.
876 3338 1078 3390 castus,
1109 3323 1448 3391 sobriusquc,
1484 3321 1810 3384 misericors,
1835 3329 1889 3372 et
1916 3319 2180 3371 discretus
2211 3330 2317 3370 non

752 3421 936 3484 fuerit,
987 3435 1049 3474 ac
1075 3419 1254 3472 divina
1305 3423 1570 3484 praecepta
1599 3412 1778 3466 verbis
1820 3419 1875 3465 et
1917 3409 2180 3477 exemplis
2225 3424 2331 3462 non

759 3511 1076 3574 ostenderit,
1109 3509 1178 3561 ab
1207 3507 1480 3574 episcopo,
1511 3505 1561 3557 in
1589 3505 1742 3569 cujus
1769 3503 2010 3556 consisrit
2040 3500 2328 3565 territorio,

768 3611 823 3656 et
851 3615 881 3653 a
912 3599 1097 3654 vicinis
1119 3598 1418 3662 abbatibus,
1445 3603 1499 3649 et
1527 3593 1972 3652 cmterisDomini
2001 3592 2332 3655 timentibus,

771 3708 802 3746 a
834 3705 934 3746 suo
975 3699 1218 3744 arceatur
1243 3687 1472 3752 honore,
1515 3685 1722 3739 etiamsi
1774 3684 1947 3738 omnis
1989 3681 2333 3752 congregatio

763 3783 912 3839 vitiis
941 3783 1055 3838 suis
1081 3778 1421 3836 consentiens
1445 3777 1691 3830 abbatem
1715 3789 1836 3828 eum
1869 3774 2065 3828 habere
2085 3772 2335 3828 voluerit.

1158 3868 1339 3922 LXIV.
1381 3867 1552 3921 Conon
1583 3864 1946 3930 apostolorum.

839 3961 900 4018 Si
943 3960 1209 4016 exStiterit
1236 3960 1400 4012 abbas
1428 3958 1622 4011 divinis
1646 3956 1976 4025 jussionibus
2024 3968 2345 4025 prazvartca-

776 4062 886 4118 tor,
912 4050 1215 4118 regulzrque
1243 4057 1438 4099 sancta:
1462 4055 1823 4114 contemptor,
1849 4045 1918 4098 ab
1939 4045 2190 4113 episcopo
2217 4042 2346 4097 civi-

766 4143 891 4196 tatis
921 4155 1039 4194 cum
1085 4152 1351 4193 consensu
1379 4135 1651 4198 abbatum,
1684 4135 2017 4202 aliorumque
2049 4133 2344 4188 monacho-

771 4250 889 4289 rum
941 4231 1238 4286 timentium
1298 4231 1490 4293 Deum,
1546 4228 1754 4281 honore
1800 4227 2006 4280 abbatis
2061 4228 2346 4295 privetur;

774 4325 1025 4380 convenit
1053 4324 1194 4377 enim
1222 4321 1532 4390 episc0pum
1565 4319 1816 4383 civitatis,
1843 4326 1904 4372 ut
1925 4329 2109 4373 sancta
2142 4330 2195 4373 et
2224 4334 2338 4372 ma-

776 4430 878 4484 gna
909 4412 1143 4483 synodus
1167 4410 1627 4465 Chalcedonensis
1653 4408 1911 4475 decrevit,
1951 4417 2345 4479 competentem

775 4505 1223 4563 monasteriorum
1258 4501 1652 4571 providentiam
1683 4515 1893 4568 gerere.

1243 4591 1404 4647 LXV.
1449 4590 1552 4643 Leo
1582 4606 1716 4660 papa
1746 4589 1890 4643 dicit:

854 4685 1195 4755 Propositum
1225 4681 1476 4737 monachi
1509 4681 1682 4734 deseri
1715 4696 1819 4734 non
1851 4687 2026 4750 potest
2055 4680 2232 4749 aliquo
2257 4694 2352 4747 pa-

776 4795 903 4845 cto;
958 4778 1098 4848 quod
1147 4776 1289 4830 enim
1338 4775 1456 4843 quis
1509 4773 1656 4826 vovit
1712 4772 1842 4836 Deo,
1899 4773 2122 4825 reddere
2172 4771 2353 4825 debet.

782 4870 1060 4924 Psalmista
1096 4879 1322 4934 namque
1367 4863 1537 4916 dicit:
1579 4860 1779 4928 Vevete,
1820 4870 1865 4914 et
1895 4862 2090 4914 reddite
2133 4860 2354 4914 Domino

781 4959 892 5014 Deo
919 4968 1082 5012 vestro
1107 4954 1278 5024 (Psal.
1311 4952 1496 5022 uxv).

1227 5046 1409 5100 LXVI.
1453 5044 1742 5098 Theodorus
1770 5045 1918 5097 dicit:

857 5139 1101 5197 Monachi
1134 5153 1238 5193 non
1268 5138 1499 5205 migrent
1524 5136 1590 5190 de
1624 5138 1739 5189 loco
1761 5137 1826 5188 ad
1860 5135 2058 5200 locum,
2096 5138 2190 5191 sed
2220 5136 2270 5190 in
2296 5150 2360 5191 ea

799 5240 1150 5304 permaneant
1190 5230 1493 5283 obedientia
1521 5244 1676 5297 quatn
1712 5237 1951 5298 tempore
1983 5244 2093 5283 suae
2125 5245 2360 5284 conver-

789 5326 957 5379 sionis
991 5323 1369 5392 promiserunt.

1209 5411 1410 5467 LXVII.
1457 5410 1770 5465 Fructuosus
1799 5414 1948 5466 dicit:

863 5502 1154 5558 Monachus
1205 5513 1402 5555 sancta:
1450 5504 1646 5571 regula:
1684 5505 1916 5558 violator
1959 5506 2072 5559 sive
2113 5515 2365 5559 contem-

793 5610 934 5668 ptor,
967 5598 1048 5652 vel
1080 5597 1418 5665 parvu!orum
1464 5597 1768 5653 incestuose
1799 5610 1888 5651 aut
1941 5599 2366 5655 adolescentium

862 5742 886 5768 ³
917 5731 1051 5798 Lege
1076 5735 1378 5800 prorutum.
1415 5732 1574 5786 Ilard.

863 5800 890 5840 δ
923 5805 1060 5868 Lege
1092 5804 1346 5854 Aurelius.
1383 5802 1708 5857 llarduinus.

868 5882 890 5909 ε
917 5872 1198 5941 Sequentia
1228 5873 1361 5941 apud
1404 5872 1634 5928 Wilkins
1691 5875 1887 5931 habent
1921 5892 2118 5930 novum
2153 5876 2362 5930 titulum

1637 471 1693 524 S.
1741 466 2032 524 EGIlER'I'I
2075 457 2546 516 EllOI-IACENSIS
2587 452 3099 536 .XI‘vCIIII-I‘I’ISCOPI

3872 449 3984 504 328

2327 575 2372 631 Α
2401 582 2768 634 consectator,
2821 570 3033 638 publice
3081 566 3437 629 verberetur,
3488 577 3738 618 coronam
3785 566 3986 632 capitis

2403 680 2559 731 quam
2591 671 2764 732 gestat
2809 663 3040 726 amittat,
3075 659 3484 723 decalvatusque
3527 655 3751 723 turpiter
3785 670 3986 722 oppro-

2406 755 2514 807 bria
2550 755 2795 820 patiatur,
2829 754 2909 806 vel
2943 751 3174 805 vinculis
3209 757 3442 802 arctatus
3489 745 3677 800 ferreis
3721 748 3984 802 carcerali

2404 844 2648 912 angustia
2675 852 2995 896 macerctur.

2799 931 3026 985 LXVIII.
3068 930 3245 984 Conon
3268 929 3590 999 Agathensis.

2476 1024 2528 1078 Si
2560 1025 2676 1093 quis
2709 1024 3002 1078 monachus
3043 1022 3362 1074 adulterium
3395 1029 3485 1071 aut
3524 1016 3719 1070 furtum
3761 1015 3976 1079 fecerit,

2409 1115 2548 1184 quod
2602 1115 2775 1182 potius
2819 1113 3156 1182 sacrilegium
3206 1109 3308 1163 dici
3352 1117 3548 1177 potest,
3583 1107 3633 1159 id
3678 1109 3986 1160 censuimus

2408 1205 2729 1268 ordinando,
2757 1215 2813 1257 ιιι
2844 1205 3008 1272 virgis
3036 1217 3204 1258 cazsus
3233 1204 3365 1255 tanti
3395 1200 3630 1254 criminis
3673 1214 3819 1263 reus,
3851 1214 3985 1250 nun-

2409 1313 2566 1366 quam
2595 1297 2831 1349 ol'lieiutn
2861 1295 3142 1349 clericatus
3167 1294 3416 1360 excipiat.
3448 1292 3502 1345 Si
3531 1305 3656 1344 vero
3679 1289 3790 1358 jam
3825 1291 3985 1344 cleri-

2410 1401 2504 1440 cus
2535 1387 2586 1438 in
2620 1386 2668 1439 id
2695 1385 2900 1439 facinus
2927 1383 3087 1438 fuerit
3128 1383 3516 1450 deprehensus,
3559 1378 3788 1432 nominis
3822 1379 3987 1444 ipsius

2411 1476 2668 1545 dignitate
2695 1476 2952 1541 privetur.

2661 1563 2847 1618 LXIX.
2889 1562 2914 1600 ι’
2940 1561 3250 1615 Auretiensis
3290 1561 3558 1626 episcopus
3589 1559 3740 1610 dicit:

2484 1657 2686 1711 Carnes
2732 1657 2783 1709 in
2813 1655 2931 1708 cibo
2975 1652 3220 1706 monachi
3252 1665 3516 1717 nunquam
3557 1658 3812 1711 sumant;
3867 1646 3987 1714 pulli

2425 1764 2555 1802 vero
2588 1747 2670 1800 vel
2717 1745 2875 1798 altilia
2901 1753 3092 1798 cuncta
3134 1744 3183 1794 in
3233 1740 3643 1809 congregatione
3685 1753 3790 1791 non
3833 1737 3989 1789 inini-

2416 1845 2658 1890 strentur
2687 1852 2700 1900 ;
2736 1833 2959 1887 inlirntis
2992 1841 3193 1885 tantum
3236 1829 3637 1898 provideautur,
3672 1838 3725 1881 et
3750 1828 3993 1895 accipere

2351 1920 2390 1977 Β
2423 1929 2598 1981 liceat.

2529 2015 2690 2070 LXX.
2739 2013 2906 2068 Insid.
2937 2013 3090 2085 [Leg.
3124 2007 3381 2081 Isidorus]
3422 2010 3681 2078 episcopus
3724 2010 3845 2060 dicit
3868 2026 3888 2060 .-

2501 2107 2693 2160 Abbati
2725 2107 2806 2159 vel
2839 2106 3123 2166 monacho,
3152 2101 3460 2155 monasterii
3490 2114 3702 2153 servum
3742 2115 3847 2150 non
3878 2099 3995 2152 licet

2425 2197 2598 2249 Iacere
2642 2196 2884 2248 liberum.
2913 2193 3139 2261 lmpium
3171 2181 3244 2245 est
3287 2199 3339 2243 ut
3365 2191 3448 2260 qui
3491 2206 3568 2243 res
3603 2187 3852 2242 Ecclesia:
3897 2204 3992 2241 non

2422 2287 2690 2340 contulerit
2721 2287 2964 2338 damnum
2988 2286 3195 2353 inferat.

2999 2375 3184 2430 LXXI.
3218 2375 3417 2428 Conon.

2498 2470 2554 2525 Si
2587 2470 2704 2538 quis
2732 2468 3126 2537 episcoporum,
3177 2473 3267 2518 aut
3307 2463 3758 2533 presbyterorum,
3785 2463 3866 2516 vel
3898 2463 3993 2516 mi-

2429 2561 2717 2612 nistrorum
2739 2600 2752 2623 ,
2785 2574 2847 2610 ex
2881 2558 3040 2611 rebus
3078 2556 3316 2610 ecclesia:
3342 2569 3459 2623 qua:
3507 2555 3556 2607 in
3589 2555 3992 2622 quibuscunque

2428 2653 2560 2706 locis
2595 2667 2622 2703 a
2655 2651 2902 2704 ﬁdelibus
2954 2650 3271 2718 largiuntur,
3304 2647 3500 2716 aliquid
3525 2648 3725 2710 aufert;
3757 2655 3810 2700 et
3861 2650 3996 2698 male

2432 2761 2486 2800 ra
2499 2755 2583 2814 pta
2613 2760 2732 2798 cum
2750 2743 3067 2798 confusione
3087 2741 3339 2805 restituit,
3365 2749 3418 2794 et
3437 2738 3950 2793 excommunication
3973 2753 3998 2790 s

2429 2849 2623 2889 aunuzc
2653 2835 2968 2888 sententiam
3000 2832 3220 2887 subibit.

2819 2923 3029 2978 LXXII.
3055 2923 3230 2976 Conon
3257 2921 3610 2975 Iliberncnsis.

2501 3018 2734 3074 Pecunia
2793 3015 3158 3072 ecclesiastica
3215 3013 3383 3067 furata
3432 3014 3544 3067 sive
3573 3021 3722 3082 rapta
3753 3011 4003 3067 reddatur

2430 3110 2807 3182 quadruplum,
2845 3107 3118 3174 popularia
3140 3105 3441 3173 dupliciter.

2725 3195 2951 3251 LXXIII.
2988 3193 3116 3247 Item
3145 3191 3320 3248 Conon
3370 3191 3719 3244 llibernensis.

2356 3257 2402 3319 ε
2502 3289 2559 3345 Si
2586 3290 2704 3359 quis
2735 3286 2938 3340 furatus
2963 3284 3119 3338 fuerit
3147 3283 3419 3352 pecuniam
3445 3281 3512 3334 ab
3539 3281 3787 3345 ecclesia,
3819 3280 4003 3331 mitta-

2433 3391 2520 3436 tur
2548 3393 2689 3443 sors,
2721 3385 2780 3431 ut
2828 3383 2919 3428 aut
2971 3375 3113 3428 illius
3173 3385 3359 3425 manus
3411 3369 3772 3435 abscindatur,
3819 3379 3914 3420 aut
3955 3369 4005 3420 iu

2448 3485 2716 3528 carcerem
2746 3468 3013 3531 mittatur,
3045 3465 3134 3519 ditt
3162 3463 3409 3532 jejunans
3439 3471 3490 3516 et
3518 3476 3763 3530 gemens;
3795 3471 3848 3514 et
3890 3463 4008 3514 red-

2445 3564 2537 3618 dat
2589 3563 2855 3630 integrum
2883 3556 3022 3626 quod
3068 3553 3304 3618 abstulit,
3333 3561 3424 3605 aut
3460 3552 3768 3620 peregrinus
3791 3549 4008 3618 abjicia-

2440 3665 2550 3722 tur,
2575 3661 2629 3708 et
2657 3651 2908 3706 restituat
2938 3647 3180 3716 duplum,
3214 3655 3266 3700 et
3293 3643 3337 3698 si
3364 3647 3418 3698 in
3442 3642 3610 3713 patria
3641 3653 4010 3710 permanserit,

2441 3743 2794 3816 quadruplum
2820 3740 3082 3803 restituat,
3106 3746 3162 3792 et
3187 3749 3398 3805 semper
3427 3735 3698 3804 pceniteat.

2831 3852 3066 3909 LXXIV.
3123 3851 3300 3906 Conon
3334 3848 3623 3904 Toletanus.

2519 3960 2575 4018 Si
2602 3961 2826 4016 clericus
2857 3959 2911 4012 in
2952 3954 3310 4012 demoliendis
3357 3953 3612 4021 sepulcris
3643 3951 3801 4007 fuerit
3828 3951 4016 4021 depre-

2454 4057 2673 4119 hensus,
2698 4068 2726 4106 a
2757 4051 3040 4107 clericatus
3060 4047 3247 4102 ordine
3273 4060 3366 4115 pro
3393 4043 3668 4114 sacrilegio
3705 4045 4016 4098 submovea-

2451 4158 2555 4202 tur.
2592 4147 2647 4202 Si
2671 4145 2791 4214 quis
2817 4144 3118 4208 Sepulcrum
3143 4136 3436 4202 violaverit,
3457 4151 3526 4190 vn
3553 4149 3717 4191 annos
3741 4136 4016 4205 pieriiteat,

2451 4251 2562 4298 trcs
2585 4256 2649 4294 ex
2678 4239 2760 4292 bis
2792 4237 2844 4291 in
2869 4249 3003 4305 pane
3033 4243 3086 4288 et
3105 4247 3262 4302 aqua.

2591 4346 2804 4404 LXXV.
2838 4345 3012 4401 Conon
3039 4339 3408 4396 llibritanensis
3439 4337 3589 4413 [Leg.
3623 4336 3883 4411 [liberm].

2530 4461 2635 4514 Eos
2659 4459 2744 4528 qui
2775 4457 2839 4509 ad
2872 4453 3155 4510 ecclesiam
3200 4446 3534 4518 confugerint
3563 4446 3697 4502 trahi
3739 4462 3841 4501 nco
3867 4462 4022 4516 opor-

2459 4563 2556 4615 tet,
2587 4553 2678 4606 sed
2707 4565 2798 4605 eos
2826 4546 3027 4603 domini
3065 4545 3144 4599 sui
3194 4543 3457 4613 promissa
3505 4541 3884 4595 intercessione
3912 4556 4027 4607 per-

2379 4617 2432 4677 D
2467 4648 2749 4700 suadeant.
2777 4641 2927 4710 Quod
2955 4640 2998 4693 si
3027 4638 3093 4692 ab
3113 4635 3338 4692 ecclesia
3362 4633 3684 4689 exeuntibus
3707 4635 3914 4702 pcenale
3933 4635 4028 4685 ali-

2464 4737 2590 4806 quid
2623 4736 2873 4789 dominus
2900 4730 3158 4794 intulerit,
3188 4737 3245 4782 ut
3271 4726 3515 4782 ecclesia:
3557 4724 3801 4780 inimicus
3830 4725 4027 4778 habea-

2465 4837 2551 4882 tur
2573 4824 3063 4881 excommunicatus
3089 4831 3136 4874 ε.
3165 4819 3220 4875 Si
3271 4817 3390 4887 quis
3418 4815 3575 4872 alicui
3604 4817 3777 4882 aliqua
3825 4817 4027 4870 ratione

2466 4920 2706 4976 nocuerit
2747 4918 2850 4972 sub
2897 4914 3147 4985 confugio
3197 4910 3576 4973 ecclesiastico,
3628 4911 3706 4963 vel
3739 4910 3838 4963 sub
3858 4909 4030 4977 aliquo

2467 5010 2803 5068 sanctimonii
2847 5007 3144 5076 signaculo,
3179 5002 3592 5072 septempliciter
3618 5001 3886 5064 emendet,
3919 5001 4030 5053 red-

2467 5105 2576 5168 dat,
2611 5113 2664 5158 et
2687 5103 2955 5160 resutuat,
2985 5098 3076 5153 sed
3098 5106 3153 5150 et
3182 5109 3252 5150 vu
3283 5107 3452 5147 annos
3481 5093 3532 5147 iu
3559 5093 3686 5146 dura
3729 5094 4031 5160 pmnitentia

2469 5202 2780 5262 permaneat
2805 5209 2816 5253 ;
2843 5192 2921 5242 sin
2950 5190 3124 5254 aliter,
3147 5183 3684 5242 excommunicaLdus
3706 5192 3788 5237 est
3807 5185 3877 5238 ab
3897 5182 4031 5236 omni

2471 5285 2710 5342 Ecclesia
2727 5283 3010 5339 catholica.

2867 5393 3102 5450 LXXVi.
3136 5391 3480 5461 Hieronymus
3507 5389 3653 5441 dicit:

2547 5511 2782 5566 Ecclesia
2808 5508 3045 5563 defendit
3073 5521 3209 5578 quos
3239 5506 3290 5560 in
3323 5505 3440 5559 sinu
3499 5516 3596 5556 suo
3647 5501 3862 5568 recepit,
3893 5514 4031 5553 more

2472 5606 2703 5675 gallinar,
2737 5618 2856 5674 qua:
2889 5603 3057 5672 pullos
3086 5598 3329 5670 proprios
3369 5609 3420 5654 et
3445 5597 3645 5652 alienos
3674 5594 3835 5650 nutrit
3875 5603 3922 5647 et
3947 5592 4034 5646 de.

2559 5755 2839 5795 canonem.
2874 5738 3084 5793 Titulus
3107 5745 3186 5793 est
3215 5751 3229 5790 :
3256 5733 3384 5789 Cari.
3433 5730 3649 5786 Iliberri.
3684 5728 3744 5787 Si
3773 5730 3904 5800 quis,
3934 5735 4035 5782 etc.

2533 5827 2662 5866 ANSI.

2533 5827 2662 5866 ANSI.
