4168 6572
206 453 315 510 589

902 474 1430 540 EXCERPTIUNES
1473 488 1510 541 Ε
1556 488 1779 545 DICTIS
1821 491 1907 548 ET
1944 498 2331 563 C.\NONIBL‘S
2371 512 2464 569 SS.
2512 518 2816 581 PA'I'IIUI.

3383 553 3487 608 590

2556 572 2593 575 ί-
3383 572 3487 608 ortu

206 572 407 641 tetulit;
444 578 513 634 ita
538 591 589 635 et
615 582 856 645 ηεαρδ-η
881 606 1106 651 cunctos
1135 597 1395 671 fugientes
1435 606 1485 659 in
1515 621 1573 661 se
1614 607 1798 663 defen-
1829 614 1873 669 A
1907 620 2185 683 correptis.
2220 640 2284 678 ne
2311 629 2426 683 sine
2470 632 2569 689 hoc
2602 655 2819 698 munere
2851 645 2918 701 de
2963 657 3158 711 sucula
3189 668 3488 733 transeam,

206 664 332 719 dere
359 666 540 725 debet.
1904 708 2221 733 ;...-.-._--,.-.

200 664 332 719 dere
359 666 540 725 debet.

564 765 651 822 LX
668 771 823 827 XVII.
859 778 1033 834 Canon
1076 783 1425 844 IIiiernensis.

274 856 375 917 Qui
427 866 681 921 occiderit
732 871 1003 932 hominem
1069 883 1203 936 intra
1263 899 1410 955 septa
1454 896 1784 959 monasterii,

198 954 355 1006 exsul
389 968 508 1008 cum
556 959 901 1023 damnatione
940 984 1116 1037 exeat,
1164 978 1244 1029 wl
1310 983 1555 1049 [trajectis
1598 986 1781 1051 armis,

194 1058 321 1096 raso
373 1048 546 1114 capite
598 1062 649 1105 et
699 1056 879 1121 barba,
936 1064 1196 1131 reliquum
1247 1071 1369 1125 vitm
1417 1090 1526 1126 sua!
1572 1085 1780 1142 tempus

194 1131 307 1187 Deo
335 1139 569 1205 serviet,
607 1145 970 1213 primotamen
1001 1154 1111 1210 Dco
1141 1168 1193 1211 et
1225 1166 1531 1230 parentibus
1566 1168 1777 1220 satisfa-

184 1221 360 1280 ciens.

572 1326 655 1381 LX
672 1330 710 1384 X
724 1331 851 1389 VIII.
889 1336 1232 1413 Hieronymus
1253 1348 1406 1404 dicit:

256 1411 359 1474 Qui
380 1428 609 1483 peccant
638 1422 689 1475 in
725 1424 843 1480 loco
866 1442 1075 1501 saneto,
1104 1437 1154 1488 in
1186 1439 1375 1493 eodem
1399 1458 1607 1515 quoque
1630 1452 1771 1505 occi-

181 1502 345 1558 dendi
372 1520 518 1577 sunt,
567 1514 763 1570 inloco
794 1531 1095 1578 castrorum
1130 1525 1357 1585 Phinees
1399 1536 1667 1594 interfecit
1694 1544 1770 1594 vi-

183 1610 307 1648 rum
350 1607 403 1651 et
432 1605 788 1661 meretricem.
825 1610 1140 1671 Mathathias
1170 1619 1411 1678 Iuda-um
1442 1630 1528 1694 qui
1575 1630 1767 1683 inuno-

178 1682 332 1735 labat
363 1686 677 1746 simulacro.
710 1696 1025 1768 Quicunque
1074 1708 1214 1761 enim
1271 1714 1619 1769 maculaverit
1646 1732 1765 1771 san-

173 1785 349 1841 ctum,
383 1791 563 1835 sancta
596 1800 701 1839 non
731 1788 1019 1846 defendent
1050 1812 1193 1851 eum.
1246 1801 1489 1859 Christus
1537 1810 1761 1863 malefa-

165 1867 380 1925 cien'tes
412 1873 463 1926 in
492 1878 692 1943 templo
716 1879 894 1952 ﬂagris
924 1893 1273 1956 compescuit.

572 1969 658 2023 LX
672 1971 806 2027 XIX.
838 1975 1183 2048 Hieronymus
1214 1984 1365 2037 dicit:

240 2050 344 2118 Qui
367 2063 699 2121 percusserit
724 2065 913 2127 tnalos,
945 2083 1009 2121 eo
1026 2072 1167 2139 quod
1194 2076 1313 2129 mali
1343 2089 1485 2143 sunt,
1511 2082 1754 2138 minister

160 2140 376 2197 Domini
409 2158 510 2200 est.

494 2240 710 2297 LXXX.
742 2244 874 2300 Item
904 2250 1249 2322 Hieronymus
1277 2259 1420 2313 dicit.

232 2321 538 2382 Ilomicidas
569 2343 622 2386 et
675 2339 963 2409 sacrilegos
1004 2349 1213 2413 punire,
1267 2366 1370 2404 non
1426 2362 1507 2408 est
1554 2356 1746 2411 effusio

150 2416 452 2483 sanguinis,
500 2422 592 2475 scd
640 2425 812 2493 legum
864 2437 1172 2500 mysterium
1232 2440 1446 2510 [Ilard.,
1504 2448 1745 2503 ministe-

150 2505 319 2577 rium]
341 2526 353 2570 ;
374 2522 571 2568 noceat
602 2515 779 2585 itaque
810 2520 981 2586 bonis,
1016 2527 1105 2593 qui
1138 2531 1304 2594 parcit
1332 2534 1507 2588 malis.

606 2608 836 2664 LXXXI.
872 2615 1284 2675 Arausionensis.

219 2693 538 2754 Amentibus
563 2718 895 2777 quascunque
930 2714 1139 2779 pictatis
1166 2728 1290 2772 sunt
1313 2723 1662 2784 conferenda.

471 2791 729 2851 LXXXII.
763 2799 939 2857 Canon
981 2808 1411 2881 Cartltaginensis.

213 2874 372 2931 Omni
428 2880 515 2936 die
564 2888 847 2945 exorcista:
897 2902 1270 2968 energumenis
1326 2920 1513 2963 manus
1564 2912 1734 2983 impo-

138 2976 295 3019 nant.

446 3060 731 3121 LXXXIII.
768 3071 946 3127 Conon
976 3077 1417 3139 Arausicanensis.

211 3144 313 3211 Qui
364 3151 540 3218 palam
596 3158 886 3229 aliquando
939 3174 1136 3236 arrepti
1196 3187 1340 3240 sunt,
1396 3194 1498 3233 non
1557 3186 1727 3240 solum

136 3250 243 3288 non
278 3246 587 3299 assumendi
643 3250 707 3303 ad
759 3254 923 3307 ullum
982 3261 1227 3317 ordinem
1278 3268 1581 3337 clericatus,
1632 3278 1726 3330 sed

137 3324 182 3377 si
202 3325 317 3394 jam
346 3330 508 3403 aliqui
533 3338 763 3395 ordinati
789 3355 933 3413 sunt,
964 3349 1030 3403 ab
1055 3350 1306 3421 imposito
1336 3358 1513 3416 officio
1554 3366 1729 3435 repel-

132 3417 302 3475 lendi.

444 3515 728 3576 LXXXIV.
757 3526 928 3583 Cauan
977 3532 1414 3605 Carthaginensis.

196 3600 496 3663 Sacerdote
518 3612 736 3668 verbum
765 3617 818 3670 in
843 3622 1062 3677 eccle~ia
1086 3624 1337 3698 faciente,
1363 3634 1452 3703 qui
1475 3650 1722 3707 egressus

444 3790 706 3853 LXXXV.
737 3796 913 3855 Conon
966 3804 1403 3879 Cartltagincnsis.

185 3875 382 3934 Laicus
414 3887 767 3949 prrcsentibus
789 3892 1019 3964 clericis,
1047 3900 1145 3954 nisi
1177 3903 1304 3972 ipsis
1332 3911 1711 3982 provocandis,

123 3964 326 4022 docere
356 3985 460 4024 non
486 3974 699 4031 audeat.

552 4084 833 4145 LXXXVI.
870 4091 1105 4151 Isidorus
1131 4100 1284 4155 dicit:

176 4167 369 4222 Omnis
393 4172 679 4230 mundiaiis
708 4180 945 4250 sapiens,
975 4184 1019 4237 si
1050 4188 1263 4257 sapiens
1294 4193 1385 4260 sit,
1428 4212 1531 4253 non
1557 4201 1705 4269 judi-

103 4269 182 4312 cet
209 4260 416 4329 judicia
460 4262 730 4323 Ecclesiae.

395 4375 702 4435 LXXXVII.
737 4381 913 4440 Conon
982 4389 1412 4467 Carthaginenst's.

174 4464 373 4521 Mulier
400 4473 645 4537 quamvis
692 4476 847 4532 docta
879 4489 933 4536 et
961 4496 1142 4541 sancta
1184 4491 1282 4559 sit,
1315 4496 1455 4551 viros
1487 4499 1538 4554 in
1571 4517 1698 4560 con-

101 4568 263 4612 ventu
294 4559 492 4615 docere
517 4577 622 4618 non
650 4568 868 4626 audeat.

386 4671 715 4731 LXXXVIII.
752 4680 929 4738 Canon
972 4685 1408 4759 Carthaginiensis.

169 4761 418 4830 Sponsus
457 4775 511 4819 et
540 4780 735 4833 sponsa
766 4786 886 4829 cum
919 4776 1268 4840 benedicendi
1302 4801 1426 4845 sunt
1450 4808 1478 4847 a
1510 4810 1695 4854 sacer-

96 4850 238 4917 dote,
283 4869 313 4906 a
357 4857 669 4924 parentibus
697 4871 789 4919 aut
828 4874 1205 4942 paranymphis
1244 4879 1555 4953 offerantur,
1606 4894 1693 4962 qui

93 4955 212 4997 eum
255 4944 687 5005 benedictionem
730 4962 1052 5027 acceperint,
1099 4967 1285 5024 eadem
1333 4983 1491 5032 nocte
1534 4994 1693 5039 reve-

95 5038 265 5091 rentia
303 5038 473 5106 ipsius
499 5039 895 5104 benedictionis
920 5053 971 5106 in
993 5054 1297 5124 virginitate
1320 5079 1685 5134 permaneant.

562 5151 850 5212 LXXXIX.
882 5160 1061 5219 Conon
1081 5170 1229 5224 dicit:

164 5236 545 5311 Presbyterum
594 5250 841 5306 convivio
881 5260 1236 5318 secundarum
1270 5270 1570 5338 nuptiarum
1602 5278 1683 5333 in—

98 5335 301 5384 teresse
349 5346 454 5385 non
513 5334 728 5407 debere,
776 5344 1009 5402 maxime
1033 5363 1152 5406 cum
1194 5367 1407 5424 petatur
1435 5372 1685 5427 secundis

96 5423 291 5490 nuptiis
319 5426 687 5493 paenitentiam
716 5434 973 5494 tribuere.

607 5519 720 5577 XC.
742 5521 977 5586 Gelasius
1008 5550 1165 5604 papa.

158 5603 375 5661 Devotis
404 5607 515 5663 Deo
540 5611 853 5684 virginibus,
888 5623 973 5678 vel
1000 5603 1190 5695 vidiuis,
1225 5634 1326 5690 nisi
1350 5649 1438 5693 aut
1466 5640 1518 5696 in
1553 5644 1677 5716 Epi-

93 5692 298 5761 phania,
324 5708 417 5752 aut
447 5697 500 5752 in
536 5700 681 5758 Albis
722 5710 1081 5784 paschalibus,
1112 5692 1203 5776 aut
1228 5724 1279 5779 in
1308 5692 1673 5797 apostolorum

91 5785 590 5853 natalitiis,sacrnm
650 5797 870 5857 minime
923 5808 1162 5866 velamen
1214 5816 1528 5895 imponant,
1571 5832 1671 5889 nisi

89 5876 319 5947 torsitau,
352 5880 490 5938 sicut
519 5884 586 5940 de
616 5885 935 5961 baptismate
966 5900 1189 5979 dictum,
1222 5876 1368 5980 gravi
1411 5876 1667 5991 languore

1788 1976 1836 2034 B

1723 4668 1777 4726 D

1901 708 2302 778 implorantibus
2326 735 2428 774 n0n
2460 738 2695 794 negatur.

2287 812 2419 868 XCI.
2451 816 2626 873 Conon
2661 823 3089 900 Curt/tagiucusis.

1965 892 2162 952 Placuit
2188 911 2241 955 ut
2272 915 2395 960 ante
2424 924 2594 965 annos
2626 931 2728 968 xxv
2756 927 2944 994 :etatis,
2977 944 3073 983 nec
3104 932 3359 991 diaconus
3388 953 3483 992 or-

1888 987 2119 1055 dinetur,
2155 1012 2250 1050 nec
2297 1002 2528 1071 virgines
2567 1023 2968 1084 eonsecrentur,
3019 1027 3118 1081 nisi
3168 1033 3475 1091 rationabili

1887 1084 2207 1141 necessitate
2236 1105 2479 1159 cogente.

1977 1249 1980 1251 Δ
2368 1184 2521 1242 XCII.
2549 1191 2727 1250 Basilii
2746 1202 2987 1274 episcopi.

1952 1266 2169 1337 Oportet
2198 1282 2300 1329 tam
2325 1278 2551 1337 infantes
2575 1300 2692 1341 cum
2717 1294 2987 1353 voluntate
3008 1308 3061 1355 et
3081 1316 3341 1362 consensu
3373 1326 3461 1379 pa-

1879 1374 2111 1432 rentum,
2146 1370 2251 1424 imo
2274 1373 2340 1426 ab
2370 1376 2498 1443 ipsis
2528 1386 2836 1446 parentibus
2863 1391 3069 1450 oblatos
3093 1400 3191 1453 sub
3222 1403 3458 1459 testimo~

1876 1455 1964 1505 nio
1993 1458 2338 1523 plurimorum
2370 1471 2587 1537 suscipi.

2463 1560 2641 1616 XCIII.
2676 1566 2886 1626 Isidori.

1943 1636 2254 1711 Quicunque
2302 1660 2330 1699 a
2383 1654 2691 1715 parentilms
2746 1666 2971 1729 propriis
3026 1668 3076 1723 in
3129 1683 3459 1736 monasterio

1874 1726 2027 1782 [ηριὶι
2058 1733 2333 1803 deligatus,
2370 1746 2575 1799 noverit
2612 1764 2670 1803 se
2720 1752 2788 1807 ibi
2831 1770 3085 1827 perpetuo
3117 1782 3448 1828 mansurmn.

1868 1819 1997 1872 Nam
2030 1826 2177 1878 Anna
2208 1830 2415 1885 Samuel
2450 1851 2667 1902 puerum
2699 1860 2876 1900 natum
2906 1863 2957 1904 et
2986 1856 3307 1915 ablactatum
3342 1865 3452 1921 Deo

1866 1912 2076 1977 obtulit,
2109 1917 2194 1979 qui
2227 1918 2275 1971 in
2307 1922 2602 1981 ministerio
2634 1934 2813 2002 templi
2847 1948 3155 2006 permansit.

2048 2003 2225 2061 XCIV.
2261 2012 2435 2067 Conon
2473 2017 2813 2079 Romanarum
2836 2040 2882 2081 et
2916 2031 3254 2095 Francorum.

1934 2091 2189 2150 Parvulos
2210 2116 2376 2166 nsque
2393 2120 2560 2163 annos
2585 2128 2649 2163 xv
2668 2130 2762 2181 pro
2784 2120 2977 2175 delicto
3001 2134 3263 2195 corporali
3285 2136 3444 2193 disci-

1861 2182 2001 2247 plina
2032 2187 2338 2257 eastigctur,
2372 2207 2490 2261 post
2519 2201 2653 2256 banc
2683 2220 2806 2259 vero
2829 2222 3037 2269 tetatcm
3068 2182 3319 2293 quidquid
3344 2232 3441 2284 de-

3086 2272 3319 2293 lﬁ__'___
3346 2272 3437 2284 ,ψ

1859 2272 2091 2341 liquerit,
2126 2280 2209 2332 vel
2249 2283 2292 2335 si
2326 2284 2560 2357 furatur,
2594 2298 2889 2369 retribuat,
2939 2321 3031 2361 seu
3065 2312 3223 2369 etiam
3248 2334 3441 2375 secun-

1852 2364 1976 2420 dum
2002 2369 2169 2437 legem
2194 2378 2454 2433 exsolvat.

2222 2467 2374 2521 XCV.
2411 2472 2587 2529 Conon
2623 2479 3072 2547 Neoca’sariensis.

1926 2546 1989 2601 lit
2018 2552 2316 2611 nullatenus
2344 2565 2623 2636 presbyter
2653 2574 2927 2631 ordinetur
2956 2594 3078 2639 ante
3108 2589 3435 2659 trigesimum

1847 2641 2015 2692 :ctatis
2062 2658 2280 2712 annum,
2334 2653 2432 2707 nisi
2482 2661 2781 2720 rationabili
2828 2678 3143 2730 necessitate
3191 2696 3436 2751 cogente.

1847 2728 1959 2751 ....2-
1992 2730 2093 2751 I\-,s
2130 2737 2137 2744 '
2283 2740 2300 2751 '

3098 2728 3139 2730 -_
3196 2728 3431 2751 -..δννηη

1843 2728 1963 2795 quia
1992 2730 2242 2790 Dominus
2273 2740 2429 2797 .lcsus
2463 2761 2565 2800 non
2600 2756 2903 2817 prmdieavit
2942 2777 3009 2816 an
3039 2780 3068 2819 e
3106 2770 3431 2839 trigesimum

1844 2822 2014 2875 aetatis
2043 2837 2262 2884 annum.

2299 2901 2477 2959 XCVI.
2506 2907 2681 2965 Conon
2715 2914 2978 2977 Nica'nus.

1912 2980 1981 3036 Ut
2029 2987 2333 3060 episcopus,
2381 2997 2561 3054 sifieri
2606 3014 2798 3071 potest,
2852 3026 2881 3065 a
2933 3017 3092 3072 totius
3139 3025 3430 3089 provincia:

1836 3072 2098 3145 episcopis
2124 3082 2416 3153 ordinetur,
2450 3100 2501 3144 et
2531 3093 2574 3146 si
2604 3094 2704 3151 hoc
2744 3100 2962 3160 difficile
2984 3120 3064 3163 est
3086 3155 3101 3178 ,
3134 3126 3279 3171 certe
3323 3136 3428 3176 non

1835 3163 2008 3217 minus
2038 3182 2065 3220 a
2100 3170 2290 3227 tribus.
2318 3176 2700 3250 Episcoporum
2724 3192 3090 3254 ordinationes
3116 3203 3229 3259 fieri
3260 3222 3422 3278 opor.

1838 3260 1903 3278 η.
1945 3257 2197 3278 nu-..
2280 3266 2364 3278 ...
2636 3277 2641 3278 ,

3188 3257 3226 3259 η
3267 3257 3383 3278 Ὗ-.

1837 3260 1908 3305 tet
1944 3257 2229 3317 Dominicis
2259 3266 2469 3332 diebus,
2501 3288 2604 3327 non
2632 3277 2682 3329 in
2707 3282 2847 3349 agris
2880 3287 2961 3340 vel
2989 3290 3039 3341 in
3070 3294 3292 3360 villulis.
3324 3303 3420 3357 sed

2460 3329 2466 3332 _
2739 3329 2847 3349 ο..-
2889 3329 2961 3340 .-.
3076 3329 3292 3360 ......"s.

1755 3329 1800 3389 C
1837 3342 1885 3397 in
1915 3348 2133 3406 urbibus
2163 3360 2463 3427 prmcipuis,
2496 3381 2591 3432 pro
2621 3375 2751 3425 tanti
2780 3380 3010 3434 nominis
3038 3383 3314 3454 dignitate.

2529 3456 2730 3514 XCVII.

1900 3526 2341 3603 Presbyterorum
2368 3558 2493 3598 vero
2516 3557 2569 3601 et
2594 3550 2938 3614 diaconorum
2969 3562 3017 3616 in
3041 3576 3268 3634 quatuor
3291 3583 3420 3629 lem-

1828 3630 2013 3683 porum
2036 3624 2281 3682 Sabbatis
2306 3631 2527 3698 scilicet,
2562 3646 2619 3692 ut
2642 3641 2767 3698 dum
2794 3648 2907 3703 tunc
2937 3654 3203 3711 ordinatio
3223 3675 3406 3719 coram

1826 3711 2020 3776 popuIO
2057 3714 2250 3782 agitur,
2287 3734 2379 3774 sua
2410 3728 2647 3784 omnium
2700 3737 3075 3801 testiﬁcatione
3117 3750 3411 3810 electorum

1820 3799 2298 3878 ordinatorumque
2328 3814 2508 3882 opinio
2538 3819 2872 3885 discutiatur.

2496 3908 2721 3969 XCVIII.

1886 3984 2201 4047 Sacerdotes
2248 3994 2342 4052 Dei
2391 4000 2678 4072 diligenter
2714 4023 2926 4079 semper
2980 4033 3298 4093 procurent,
3350 4042 3411 4086 ut

1815 4079 1985 4144 panis,
2017 4090 2069 4134 et
2099 4086 2276 4142 vinum
2302 4130 2318 4155 ,
2362 4101 2417 4147 et
2444 4110 2605 4165 aqua,
2645 4102 2762 4156 sine
2809 4109 3002 4174 quibus
3066 4131 3399 4190 nequaquam

2826 4168 2837 4174 ,
3112 4168 3399 4190 -τ--η,-η.

1814 4168 1991 4224 missa:
2014 4174 2373 4247 celebrantur,
2418 4199 2546 4253 pura
2576 4197 2632 4244 et
2662 4195 2857 4250 munda
2892 4200 3042 4271 fiant,
3074 4208 3195 4275 quia
3224 4214 3269 4266 si
3299 4215 3401 4269 ali-

1811 4264 1894 4310 ter
1929 4272 2131 4329 agatur,
2166 4283 2287 4324 cum
2330 4272 2412 4327 his
2462 4278 2551 4343 qui
2602 4294 2809 4339 acetum
2864 4304 2983 4345 cum
3015 4296 3133 4352 felle
3181 4302 3397 4361 mistum

1810 4344 2033 4403 Dotnino
2062 4354 2369 4427 obtulerint,
2410 4364 2511 4419 nisi
2554 4382 2676 4424 vera
2710 4378 3019 4440 poenitentia
3062 4387 3391 4465 subvenerit,

1806 4443 2110 4509 punientur.

2320 4524 2501 4585 XCIX.
2532 4530 2611 4586 De
2644 4536 2873 4596 decimis.

1872 4600 1926 4656 In
1959 4603 2073 4677 lege
2096 4609 2302 4667 Domini
2330 4618 2588 4686 scriptum
2617 4636 2735 4681 est:
2774 4629 3007 4690 Decimus
3048 4649 3096 4693 et
3135 4644 3399 4710 primitias

1805 4710 1902 4746 non
1932 4700 2157 4754 tardabis
2186 4705 2369 4772 o/fcrre
2390 4708 2587 4779 (Exod.
2614 4733 2771 4785 XXII).
2801 4724 2863 4778 Et
2888 4726 2937 4781 in
2960 4700 3233 4789 Levitico:
3270 4700 3399 4791 0m-

1803 4802 1889 4840 nes
1918 4789 2127 4845 decimae
2155 4805 2323 4866 terrm,
2356 4802 2459 4857 sive
2490 4806 2553 4859 de
2592 4808 2849 4881 frugibus,
2876 4821 2977 4872 sive
3005 4824 3068 4875 dc
3108 4830 3274 4893 pomis
3306 4848 3395 4882 ar-

1800 4876 1998 4945 borum,
2043 4882 2254 4941 Domini
2292 4902 2444 4956 sunt;
2474 4895 2649 4963 boves,
2699 4914 2747 4955 et
2777 4922 2909 4973 oves,
2939 4919 2984 4963 et
3013 4929 3243 4983 capreae,
3276 4937 3392 4990 qua

1804 4970 1887 4990 ,Α
2024 4985 2032 4990 ,
2104 4979 2114 4989 .
2199 4982 2209 4990 .

1798 4970 1892 5024 sub
1922 4979 2139 5040 pastoris
2163 4982 2305 5053 virga
2335 4993 2630 5058 transeunt,
2659 4997 2910 5067 quidquid
2942 5002 3194 5062 decimum
3240 5027 3389 5067 vene-

1794 5063 1881 5127 rit,
1914 5069 2316 5133 sanctiﬁcabitur
2346 5076 2567 5133 Domino
2601 5063 3015 5163 (LevitXxxvn).
3063 5097 3187 5154 Non
3230 5104 3382 5174 eligi-

2975 5154 2984 5163 ,
3238 5154 3271 5156 η
3299 5154 3348 5174 υ-

1792 5158 1873 5202 tur
1901 5168 1989 5205 nec
2016 5154 2200 5211 bonum
2227 5176 2319 5215 nec
2342 5166 2553 5237 malum,
2576 5185 2671 5224 nec
2690 5174 2908 5232 alterum
2931 5181 3150 5253 (IIard.,
3182 5188 3385 5264 altero)

1791 5247 2199 5303 commutabitur.

2286 5322 2348 5379 C.
2381 5326 2695 5399 Augustinus
2724 5338 2880 5393 dicit:

1861 5403 2087 5462 Decimae
2111 5410 2267 5480 igitur
2291 5416 2486 5473 tributa
2509 5433 2630 5477 sunt
2658 5429 3003 5489 ecclesiarum
3025 5447 3079 5492 et
3099 5445 3378 5511 egentium

1782 5496 2101 5556 animarum.
2134 5504 2178 5558 0
2218 5508 2404 5576 homo,
2448 5511 2571 5569 inde
2600 5514 2854 5576 Dominus
2898 5524 3139 5585 decimas
3167 5542 3371 5603 espetit

1781 5587 1920 5642 unde
1965 5592 2119 5648 vivis.
2148 5597 2225 5651 De
2256 5600 2460 5669 militia,
2486 5604 2552 5658 de
2583 5611 2813 5677 negotio,
2835 5613 2903 5668 de
2942 5621 3169 5676 artiticio
3201 5626 3371 5683 redde

1779 5678 2043 5750 decimas;
2068 5703 2171 5742 non
2194 5692 2336 5745 enim
2360 5706 2479 5764 eget
2504 5697 2762 5759 Dominus
2785 5718 2984 5777 noster,
3012 5726 3117 5768 non
3144 5720 3365 5785 praemia

1778 5773 2032 5841 oostulat,
2066 5779 2160 5834 sed
2183 5780 2461 5841 honorem.

2434 5878 2518 5935 CI.
2548 5878 2701 5941 Item.

1843 5958 1969 6014 Cum
1997 5968 2261 6023 mcssucris
2288 5982 2500 6041 segetem
2547 5987 2693 6035 terra
2731 5990 2855 6056 ιαω,
2887 6003 2989 6043 non
3020 5992 3250 6049 tondebis
3275 6011 3365 6051 us-
