  <div class='ocr_page' id='page_1' title='image "/cluster/home/n/w/nwhite01/storage/ocr_20150623/88-89/uc1.31175000868714/873.png"; bbox 0 0 4168 6596; ppageno 0'>
   <div class='ocr_carea' id='block_1_1' title="bbox 752 526 851 582">
    <p class='ocr_par' dir='ltr' id='par_1_1' title="bbox 752 526 851 582">
     <span class='ocr_line' id='line_1_1' title="bbox 752 526 851 582; baseline 0.01 -3"><span class='ocrx_word' id='word_1_1' title='bbox 752 526 851 582; x_wconf 74' lang='lat'><strong><em>301</em></strong></span> 
     </span>
    </p>
   </div>
   <div class='ocr_carea' id='block_1_2' title="bbox 1679 517 3144 577">
    <p class='ocr_par' dir='ltr' id='par_1_2' title="bbox 1679 517 3144 577">
     <span class='ocr_line' id='line_1_2' title="bbox 1679 517 3144 577; baseline 0 -1"><span class='ocrx_word' id='word_1_2' title='bbox 1679 521 1737 576; x_wconf 85' lang='lat' dir='ltr'><strong><em>S.</em></strong></span> <span class='ocrx_word' id='word_1_3' title='bbox 1782 521 2079 576; x_wconf 60' lang='lat' dir='ltr'><strong><em>ECBICIITI</em></strong></span> <span class='ocrx_word' id='word_1_4' title='bbox 2122 517 2590 574; x_wconf 63' lang='lat' dir='ltr'><strong><em>EBOIHCENSIS</em></strong></span> <span class='ocrx_word' id='word_1_5' title='bbox 2630 519 3144 577; x_wconf 66' lang='lat' dir='ltr'><strong><em>AllCllePISCOi‘I</em></strong></span> 
     </span>
    </p>
   </div>
   <div class='ocr_carea' id='block_1_3' title="bbox 3938 530 4028 584">
    <p class='ocr_par' dir='ltr' id='par_1_3' title="bbox 3938 530 4028 584">
     <span class='ocr_line' id='line_1_3' title="bbox 3938 530 4028 584; baseline -0.044 0"><span class='ocrx_word' id='word_1_6' title='bbox 3938 530 4028 584; x_wconf 70' lang='lat'><strong><em>3&#39;32</em></strong></span> 
     </span>
    </p>
   </div>
   <div class='ocr_carea' id='block_1_4' title="bbox 750 633 4025 711">
    <p class='ocr_par' dir='ltr' id='par_1_4' title="bbox 750 633 4025 711">
     <span class='ocr_line' id='line_1_4' title="bbox 750 633 4025 711; baseline 0 -19"><span class='ocrx_word' id='word_1_7' title='bbox 750 657 849 711; x_wconf 86' lang='lat' dir='ltr'><strong><em>que</em></strong></span> <span class='ocrx_word' id='word_1_8' title='bbox 877 640 945 692; x_wconf 89' lang='lat' dir='ltr'><strong><em>ad</em></strong></span> <span class='ocrx_word' id='word_1_9' title='bbox 975 639 1139 693; x_wconf 85' lang='lat' dir='ltr'><strong><em>solam</em></strong></span> <span class='ocrx_word' id='word_1_10' title='bbox 1168 634 1485 707; x_wconf 80' lang='lat' dir='ltr'><strong><em>superﬁciem</em></strong></span> <span class='ocrx_word' id='word_1_11' title='bbox 1515 641 1683 698; x_wconf 70' lang='lat' dir='ltr'><strong><em>terrm,</em></strong></span> <span class='ocrx_word' id='word_1_12' title='bbox 1712 651 1805 686; x_wconf 89' lang='lat' dir='ltr'><strong><em>nec</em></strong></span> <span class='ocrx_word' id='word_1_13' title='bbox 1832 645 2148 688; x_wconf 72' lang='lat' dir='ltr'><strong><em>remanentes</em></strong></span> <span class='ocrx_word' id='word_1_14' title='bbox 2176 633 2341 702; x_wconf 85' lang='lat' dir='ltr'><strong><em>spicas</em></strong></span> <span class='ocrx_word' id='word_1_15' title='bbox 2374 638 2418 692; x_wconf 72' lang='grc' dir='ltr'><strong>Λ</strong></span> <span class='ocrx_word' id='word_1_16' title='bbox 2448 633 2712 701; x_wconf 79' lang='lat' dir='ltr'><strong><em>tnieritque</em></strong></span> <span class='ocrx_word' id='word_1_17' title='bbox 2743 650 2857 686; x_wconf 89' lang='lat' dir='ltr'><strong><em>cum</em></strong></span> <span class='ocrx_word' id='word_1_18' title='bbox 2905 651 2982 699; x_wconf 89' lang='lat' dir='ltr'><strong><em>ea,</em></strong></span> <span class='ocrx_word' id='word_1_19' title='bbox 3006 635 3200 688; x_wconf 87' lang='lat' dir='ltr'><strong><em>dotabit</em></strong></span> <span class='ocrx_word' id='word_1_20' title='bbox 3227 651 3360 702; x_wconf 88' lang='lat' dir='ltr'><strong><em>eam,</em></strong></span> <span class='ocrx_word' id='word_1_21' title='bbox 3387 643 3434 689; x_wconf 88' lang='lat' dir='ltr'><strong><em>et</em></strong></span> <span class='ocrx_word' id='word_1_22' title='bbox 3462 635 3662 691; x_wconf 82' lang='lat' dir='ltr'><strong><em>habebit</em></strong></span> <span class='ocrx_word' id='word_1_23' title='bbox 3690 652 3801 692; x_wconf 85' lang='lat' dir='ltr'><strong><em>eam</em></strong></span> <span class='ocrx_word' id='word_1_24' title='bbox 3833 655 4025 694; x_wconf 74' lang='lat' dir='ltr'><strong><em>uxorem</em></strong></span> 
     </span>
    </p>
   </div>
   <div class='ocr_carea' id='block_1_5' title="bbox 756 726 2347 804">
    <p class='ocr_par' dir='ltr' id='par_1_5' title="bbox 756 726 2347 804">
     <span class='ocr_line' id='line_1_5' title="bbox 756 726 2347 804; baseline -0.006 -20"><span class='ocrx_word' id='word_1_25' title='bbox 756 733 984 804; x_wconf 84' lang='lat' dir='ltr'><strong><em>colliges,</em></strong></span> <span class='ocrx_word' id='word_1_26' title='bbox 1014 749 1173 800; x_wconf 87' lang='lat' dir='ltr'><strong><em>neque</em></strong></span> <span class='ocrx_word' id='word_1_27' title='bbox 1196 732 1246 782; x_wconf 90' lang='lat' dir='ltr'><strong><em>in</em></strong></span> <span class='ocrx_word' id='word_1_28' title='bbox 1273 730 1414 781; x_wconf 87' lang='lat' dir='ltr'><strong><em>vinea</em></strong></span> <span class='ocrx_word' id='word_1_29' title='bbox 1437 735 1528 778; x_wconf 91' lang='lat' dir='ltr'><strong><em>tua</em></strong></span> <span class='ocrx_word' id='word_1_30' title='bbox 1551 743 1777 780; x_wconf 78' lang='lat' dir='ltr'><strong><em>racemos</em></strong></span> <span class='ocrx_word' id='word_1_31' title='bbox 1808 737 1852 780; x_wconf 89' lang='lat' dir='ltr'><strong><em>et</em></strong></span> <span class='ocrx_word' id='word_1_32' title='bbox 1876 743 2035 796; x_wconf 87' lang='lat' dir='ltr'><strong><em>grana</em></strong></span> <span class='ocrx_word' id='word_1_33' title='bbox 2062 726 2347 778; x_wconf 73' lang='lat' dir='ltr'><strong><em>decilentia</em></strong></span> 
     </span>
    </p>
   </div>
   <div class='ocr_carea' id='block_1_6' title="bbox 756 819 2339 895">
    <p class='ocr_par' dir='ltr' id='par_1_6' title="bbox 756 819 2339 895">
     <span class='ocr_line' id='line_1_6' title="bbox 756 819 2339 895; baseline -0.006 -15"><span class='ocrx_word' id='word_1_34' title='bbox 756 827 1106 895; x_wconf 79' lang='lat' dir='ltr'><strong><em>congregabis,</em></strong></span> <span class='ocrx_word' id='word_1_35' title='bbox 1139 824 1226 877; x_wconf 90' lang='lat' dir='ltr'><strong><em>sed</em></strong></span> <span class='ocrx_word' id='word_1_36' title='bbox 1252 822 1564 891; x_wconf 79' lang='lat' dir='ltr'><strong><em>pauperibus</em></strong></span> <span class='ocrx_word' id='word_1_37' title='bbox 1590 831 1638 875; x_wconf 91' lang='lat' dir='ltr'><strong><em>et</em></strong></span> <span class='ocrx_word' id='word_1_38' title='bbox 1667 822 1944 890; x_wconf 79' lang='lat' dir='ltr'><strong><em>peregrinis</em></strong></span> <span class='ocrx_word' id='word_1_39' title='bbox 1982 821 2238 890; x_wconf 87' lang='lat' dir='ltr'><strong><em>carpenda</em></strong></span> <span class='ocrx_word' id='word_1_40' title='bbox 2267 819 2339 870; x_wconf 87' lang='lat' dir='ltr'><strong><em>di-</em></strong></span> 
     </span>
    </p>
   </div>
   <div class='ocr_carea' id='block_1_7' title="bbox 753 917 1295 988">
    <p class='ocr_par' dir='ltr' id='par_1_7' title="bbox 753 917 1295 988">
     <span class='ocr_line' id='line_1_7' title="bbox 753 917 1295 988; baseline -0.007 -16"><span class='ocrx_word' id='word_1_41' title='bbox 753 921 917 972; x_wconf 86' lang='lat' dir='ltr'><strong><em>mittes</em></strong></span> <span class='ocrx_word' id='word_1_42' title='bbox 949 918 1131 988; x_wconf 75' lang='lat' dir='ltr'><strong><em>(Leuit.</em></strong></span> <span class='ocrx_word' id='word_1_43' title='bbox 1160 917 1295 984; x_wconf 70' lang='lat' dir='ltr'><strong><em>xui).</em></strong></span> 
     </span>
    </p>
   </div>
   <div class='ocr_carea' id='block_1_8' title="bbox 1328 1005 1774 1074">
    <p class='ocr_par' dir='ltr' id='par_1_8' title="bbox 1328 1005 1774 1074">
     <span class='ocr_line' id='line_1_8' title="bbox 1328 1005 1774 1074; baseline -0.004 -14"><span class='ocrx_word' id='word_1_44' title='bbox 1328 1006 1437 1061; x_wconf 90' lang='lat' dir='ltr'><strong><em>CII.</em></strong></span> <span class='ocrx_word' id='word_1_45' title='bbox 1473 1006 1536 1058; x_wconf 75' lang='lat' dir='ltr'><strong><em>Et</em></strong></span> <span class='ocrx_word' id='word_1_46' title='bbox 1566 1005 1616 1056; x_wconf 84' lang='lat' dir='ltr'><strong><em>in</em></strong></span> <span class='ocrx_word' id='word_1_47' title='bbox 1645 1006 1774 1074; x_wconf 83' lang='lat' dir='ltr'><strong><em>lege.</em></strong></span> 
     </span>
    </p>
   </div>
   <div class='ocr_carea' id='block_1_9' title="bbox 823 1099 2346 1170">
    <p class='ocr_par' dir='ltr' id='par_1_9' title="bbox 823 1099 2346 1170">
     <span class='ocr_line' id='line_1_9' title="bbox 823 1099 2346 1170; baseline -0.01 -8"><span class='ocrx_word' id='word_1_48' title='bbox 823 1109 885 1163; x_wconf 90' lang='lat' dir='ltr'><strong><em>Si</em></strong></span> <span class='ocrx_word' id='word_1_49' title='bbox 915 1106 1182 1160; x_wconf 77' lang='lat' dir='ltr'><strong><em>intraveris</em></strong></span> <span class='ocrx_word' id='word_1_50' title='bbox 1214 1105 1265 1156; x_wconf 86' lang='lat' dir='ltr'><strong><em>in</em></strong></span> <span class='ocrx_word' id='word_1_51' title='bbox 1305 1112 1520 1170; x_wconf 82' lang='lat' dir='ltr'><strong><em>segetem</em></strong></span> <span class='ocrx_word' id='word_1_52' title='bbox 1552 1101 1705 1152; x_wconf 82' lang='lat' dir='ltr'><strong><em>amici</em></strong></span> <span class='ocrx_word' id='word_1_53' title='bbox 1742 1100 1836 1162; x_wconf 90' lang='lat' dir='ltr'><strong><em>tui,</em></strong></span> <span class='ocrx_word' id='word_1_54' title='bbox 1872 1099 2049 1166; x_wconf 76' lang='lat' dir='ltr'><strong><em>frange</em></strong></span> <span class='ocrx_word' id='word_1_55' title='bbox 2079 1099 2266 1168; x_wconf 81' lang='lat' dir='ltr'><strong><em>spicas,</em></strong></span> <span class='ocrx_word' id='word_1_56' title='bbox 2300 1106 2346 1147; x_wconf 88' lang='lat' dir='ltr'><strong><em>ct</em></strong></span> 
     </span>
    </p>
   </div>
   <div class='ocr_carea' id='block_1_10' title="bbox 750 1188 2346 1263">
    <p class='ocr_par' dir='ltr' id='par_1_10' title="bbox 750 1188 2346 1263">
     <span class='ocr_line' id='line_1_10' title="bbox 750 1188 2346 1263; baseline -0.008 -9"><span class='ocrx_word' id='word_1_57' title='bbox 750 1206 802 1255; x_wconf 88' lang='lat' dir='ltr'><strong><em>in</em></strong></span> <span class='ocrx_word' id='word_1_58' title='bbox 833 1217 990 1252; x_wconf 89' lang='lat' dir='ltr'><strong><em>manu</em></strong></span> <span class='ocrx_word' id='word_1_59' title='bbox 1012 1207 1230 1260; x_wconf 79' lang='lat' dir='ltr'><strong><em>contere,</em></strong></span> <span class='ocrx_word' id='word_1_60' title='bbox 1255 1198 1386 1263; x_wconf 72' lang='lat' dir='ltr'><strong><em>falce</em></strong></span> <span class='ocrx_word' id='word_1_61' title='bbox 1419 1203 1589 1246; x_wconf 90' lang='lat' dir='ltr'><strong><em>autem</em></strong></span> <span class='ocrx_word' id='word_1_62' title='bbox 1634 1209 1734 1243; x_wconf 89' lang='lat' dir='ltr'><strong><em>non</em></strong></span> <span class='ocrx_word' id='word_1_63' title='bbox 1775 1205 1933 1242; x_wconf 73' lang='lat' dir='ltr'><strong><em>mezas</em></strong></span> <span class='ocrx_word' id='word_1_64' title='bbox 1979 1189 2188 1258; x_wconf 84' lang='lat' dir='ltr'><strong><em>(lbid.).</em></strong></span> <span class='ocrx_word' id='word_1_65' title='bbox 2239 1188 2346 1242; x_wconf 89' lang='lat' dir='ltr'><strong><em>Iloc</em></strong></span> 
     </span>
    </p>
   </div>
   <div class='ocr_carea' id='block_1_11' title="bbox 752 1281 2348 1358">
    <p class='ocr_par' dir='ltr' id='par_1_11' title="bbox 752 1281 2348 1358">
     <span class='ocr_line' id='line_1_11' title="bbox 752 1281 2348 1358; baseline -0.012 -9"><span class='ocrx_word' id='word_1_66' title='bbox 752 1303 806 1348; x_wconf 82' lang='lat' dir='ltr'><strong><em>et</em></strong></span> <span class='ocrx_word' id='word_1_67' title='bbox 831 1291 1080 1358; x_wconf 81' lang='lat' dir='ltr'><strong><em>discipuli</em></strong></span> <span class='ocrx_word' id='word_1_68' title='bbox 1112 1287 1410 1342; x_wconf 80' lang='lat' dir='ltr'><strong><em>Salvatoris</em></strong></span> <span class='ocrx_word' id='word_1_69' title='bbox 1458 1287 1720 1346; x_wconf 84' lang='lat' dir='ltr'><strong><em>fecerunt,</em></strong></span> <span class='ocrx_word' id='word_1_70' title='bbox 1758 1284 1932 1351; x_wconf 82' lang='lat' dir='ltr'><strong><em>spicas</em></strong></span> <span class='ocrx_word' id='word_1_71' title='bbox 1962 1281 2207 1333; x_wconf 78' lang='lat' dir='ltr'><strong><em>videlicet</em></strong></span> <span class='ocrx_word' id='word_1_72' title='bbox 2235 1294 2348 1331; x_wconf 88' lang='lat' dir='ltr'><strong><em>ma—</em></strong></span> 
     </span>
    </p>
   </div>
   <div class='ocr_carea' id='block_1_12' title="bbox 751 1370 2344 1439">
    <p class='ocr_par' dir='ltr' id='par_1_12' title="bbox 751 1370 2344 1439">
     <span class='ocr_line' id='line_1_12' title="bbox 751 1370 2344 1439; baseline -0.008 -3"><span class='ocrx_word' id='word_1_73' title='bbox 751 1385 906 1437; x_wconf 91' lang='lat' dir='ltr'><strong><em>nihus</em></strong></span> <span class='ocrx_word' id='word_1_74' title='bbox 930 1383 1184 1435; x_wconf 82' lang='lat' dir='ltr'><strong><em>Iricantcs</em></strong></span> <span class='ocrx_word' id='word_1_75' title='bbox 1214 1388 1268 1433; x_wconf 86' lang='lat' dir='ltr'><strong><em>et</em></strong></span> <span class='ocrx_word' id='word_1_76' title='bbox 1301 1376 1688 1431; x_wconf 86' lang='lat' dir='ltr'><strong><em>manducantes</em></strong></span> <span class='ocrx_word' id='word_1_77' title='bbox 1716 1370 1986 1436; x_wconf 84' lang='lat' dir='ltr'><strong><em>Sabbatis,</em></strong></span> <span class='ocrx_word' id='word_1_78' title='bbox 2017 1379 2076 1423; x_wconf 88' lang='lat' dir='ltr'><strong><em>ut</em></strong></span> <span class='ocrx_word' id='word_1_79' title='bbox 2107 1372 2344 1439; x_wconf 80' lang='lat' dir='ltr'><strong><em>Evange-</em></strong></span> 
     </span>
    </p>
   </div>
   <div class='ocr_carea' id='block_1_13' title="bbox 750 1476 1048 1531">
    <p class='ocr_par' dir='ltr' id='par_1_13' title="bbox 750 1476 1048 1531">
     <span class='ocr_line' id='line_1_13' title="bbox 750 1476 1048 1531; baseline -0.017 0"><span class='ocrx_word' id='word_1_80' title='bbox 750 1479 876 1531; x_wconf 90' lang='lat' dir='ltr'><strong><em>lium</em></strong></span> <span class='ocrx_word' id='word_1_81' title='bbox 899 1476 1048 1529; x_wconf 89' lang='lat' dir='ltr'><strong><em>dicit.</em></strong></span> 
     </span>
    </p>
   </div>
   <div class='ocr_carea' id='block_1_14' title="bbox 1271 1538 1824 1606">
    <p class='ocr_par' dir='ltr' id='par_1_14' title="bbox 1271 1538 1824 1606">
     <span class='ocr_line' id='line_1_14' title="bbox 1271 1538 1824 1606; baseline -0.007 -14"><span class='ocrx_word' id='word_1_82' title='bbox 1271 1539 1404 1594; x_wconf 86' lang='lat' dir='ltr'><strong><em>CIII.</em></strong></span> <span class='ocrx_word' id='word_1_83' title='bbox 1442 1538 1571 1592; x_wconf 86' lang='lat' dir='ltr'><strong><em>Item</em></strong></span> <span class='ocrx_word' id='word_1_84' title='bbox 1601 1538 1654 1590; x_wconf 89' lang='lat' dir='ltr'><strong><em>in</em></strong></span> <span class='ocrx_word' id='word_1_85' title='bbox 1695 1538 1824 1606; x_wconf 85' lang='lat' dir='ltr'><strong><em>lege.</em></strong></span> 
     </span>
    </p>
   </div>
   <div class='ocr_carea' id='block_1_15' title="bbox 823 1626 2348 1705">
    <p class='ocr_par' dir='ltr' id='par_1_15' title="bbox 823 1626 2348 1705">
     <span class='ocr_line' id='line_1_15' title="bbox 823 1626 2348 1705; baseline -0.009 -16"><span class='ocrx_word' id='word_1_86' title='bbox 823 1636 1095 1705; x_wconf 73' lang='lat' dir='ltr'><strong><em>Ingressus</em></strong></span> <span class='ocrx_word' id='word_1_87' title='bbox 1125 1635 1293 1701; x_wconf 90' lang='lat' dir='ltr'><strong><em>itaque</em></strong></span> <span class='ocrx_word' id='word_1_88' title='bbox 1337 1633 1535 1683; x_wconf 87' lang='lat' dir='ltr'><strong><em>vincam</em></strong></span> <span class='ocrx_word' id='word_1_89' title='bbox 1569 1628 1789 1695; x_wconf 79' lang='lat' dir='ltr'><strong><em>proximi</em></strong></span> <span class='ocrx_word' id='word_1_90' title='bbox 1822 1627 1916 1688; x_wconf 88' lang='lat' dir='ltr'><strong><em>tui,</em></strong></span> <span class='ocrx_word' id='word_1_91' title='bbox 1954 1626 2195 1678; x_wconf 80' lang='lat' dir='ltr'><strong><em>.cometles</em></strong></span> <span class='ocrx_word' id='word_1_92' title='bbox 2227 1641 2348 1676; x_wconf 69' lang='lat' dir='ltr'><strong><em>uvas</em></strong></span> 
     </span>
    </p>
   </div>
   <div class='ocr_carea' id='block_1_16' title="bbox 746 1722 2350 1799">
    <p class='ocr_par' dir='ltr' id='par_1_16' title="bbox 746 1722 2350 1799">
     <span class='ocr_line' id='line_1_16' title="bbox 746 1722 2350 1799; baseline -0.011 -16"><span class='ocrx_word' id='word_1_93' title='bbox 746 1741 995 1799; x_wconf 82' lang='lat' dir='ltr'><strong><em>quantum</em></strong></span> <span class='ocrx_word' id='word_1_94' title='bbox 1036 1728 1126 1781; x_wconf 86' lang='lat' dir='ltr'><strong><em>tibi</em></strong></span> <span class='ocrx_word' id='word_1_95' title='bbox 1171 1724 1438 1794; x_wconf 87' lang='lat' dir='ltr'><strong><em>placuerit,</em></strong></span> <span class='ocrx_word' id='word_1_96' title='bbox 1492 1726 1635 1791; x_wconf 79' lang='lat' dir='ltr'><strong><em>foras</em></strong></span> <span class='ocrx_word' id='word_1_97' title='bbox 1681 1731 1850 1772; x_wconf 87' lang='lat' dir='ltr'><strong><em>autem</em></strong></span> <span class='ocrx_word' id='word_1_98' title='bbox 1900 1735 1962 1772; x_wconf 84' lang='lat' dir='ltr'><strong><em>ne</em></strong></span> <span class='ocrx_word' id='word_1_99' title='bbox 2011 1722 2149 1786; x_wconf 75' lang='lat' dir='ltr'><strong><em>feras</em></strong></span> <span class='ocrx_word' id='word_1_100' title='bbox 2187 1727 2350 1770; x_wconf 86' lang='lat' dir='ltr'><strong><em>tecum</em></strong></span> 
     </span>
    </p>
   </div>
   <div class='ocr_carea' id='block_1_17' title="bbox 749 1817 1901 1939">
    <p class='ocr_par' dir='ltr' id='par_1_17' title="bbox 749 1817 1901 1939">
     <span class='ocr_line' id='line_1_17' title="bbox 749 1817 1901 1939; baseline -0.005 -6"><span class='ocrx_word' id='word_1_101' title='bbox 749 1817 965 1887; x_wconf 46' lang='lat' dir='ltr'><strong><em>(unm).</em></strong></span> <span class='ocrx_word' id='word_1_102' title='bbox 1206 1883 1340 1939; x_wconf 87' lang='lat' dir='ltr'><strong><em>CIV.</em></strong></span> <span class='ocrx_word' id='word_1_103' title='bbox 1370 1880 1636 1934; x_wconf 77' lang='lat' dir='ltr'><strong><em>Institutio</em></strong></span> <span class='ocrx_word' id='word_1_104' title='bbox 1662 1879 1901 1932; x_wconf 81' lang='lat' dir='ltr'><strong><em>Patrum.</em></strong></span> 
     </span>
    </p>
   </div>
   <div class='ocr_carea' id='block_1_18' title="bbox 821 1969 2420 2044">
    <p class='ocr_par' dir='ltr' id='par_1_18' title="bbox 821 1969 2420 2044">
     <span class='ocr_line' id='line_1_18' title="bbox 821 1969 2420 2044; baseline -0.011 -7"><span class='ocrx_word' id='word_1_105' title='bbox 821 1983 919 2036; x_wconf 90' lang='lat' dir='ltr'><strong><em>Die</em></strong></span> <span class='ocrx_word' id='word_1_106' title='bbox 941 1980 1222 2034; x_wconf 88' lang='lat' dir='ltr'><strong><em>Dominico</em></strong></span> <span class='ocrx_word' id='word_1_107' title='bbox 1253 1977 1382 2030; x_wconf 86' lang='lat' dir='ltr'><strong><em>nihil</em></strong></span> <span class='ocrx_word' id='word_1_108' title='bbox 1411 1975 1556 2028; x_wconf 84' lang='lat' dir='ltr'><strong><em>aliud</em></strong></span> <span class='ocrx_word' id='word_1_109' title='bbox 1576 1974 1839 2041; x_wconf 83' lang='lat' dir='ltr'><strong><em>agendum</em></strong></span> <span class='ocrx_word' id='word_1_110' title='bbox 1869 1979 1972 2033; x_wconf 90' lang='lat' dir='ltr'><strong><em>est,</em></strong></span> <span class='ocrx_word' id='word_1_111' title='bbox 1998 1969 2096 2022; x_wconf 86' lang='lat' dir='ltr'><strong><em>nisi</em></strong></span> <span class='ocrx_word' id='word_1_112' title='bbox 2125 1970 2231 2022; x_wconf 90' lang='lat' dir='ltr'><strong><em>Deo</em></strong></span> <span class='ocrx_word' id='word_1_113' title='bbox 2253 1983 2343 2021; x_wconf 86' lang='lat' dir='ltr'><strong><em>va-</em></strong></span> <span class='ocrx_word' id='word_1_114' title='bbox 2373 1985 2420 2044; x_wconf 74' lang='grc' dir='ltr'><strong>Β</strong></span> 
     </span>
    </p>
   </div>
   <div class='ocr_carea' id='block_1_19' title="bbox 747 2064 2340 2141">
    <p class='ocr_par' dir='ltr' id='par_1_19' title="bbox 747 2064 2340 2141">
     <span class='ocr_line' id='line_1_19' title="bbox 747 2064 2340 2141; baseline -0.009 -13"><span class='ocrx_word' id='word_1_115' title='bbox 747 2075 979 2129; x_wconf 87' lang='lat' dir='ltr'><strong><em>candum</em></strong></span> <span class='ocrx_word' id='word_1_116' title='bbox 1004 2074 1058 2126; x_wconf 94' lang='lat' dir='ltr'><strong><em>in</em></strong></span> <span class='ocrx_word' id='word_1_117' title='bbox 1086 2071 1322 2141; x_wconf 84' lang='lat' dir='ltr'><strong><em>hymnis,</em></strong></span> <span class='ocrx_word' id='word_1_118' title='bbox 1339 2078 1390 2122; x_wconf 89' lang='lat' dir='ltr'><strong><em>et</em></strong></span> <span class='ocrx_word' id='word_1_119' title='bbox 1408 2067 1650 2136; x_wconf 83' lang='lat' dir='ltr'><strong><em>psalmis,</em></strong></span> <span class='ocrx_word' id='word_1_120' title='bbox 1671 2075 1725 2120; x_wconf 90' lang='lat' dir='ltr'><strong><em>et</em></strong></span> <span class='ocrx_word' id='word_1_121' title='bbox 1746 2065 1967 2119; x_wconf 86' lang='lat' dir='ltr'><strong><em>canticis</em></strong></span> <span class='ocrx_word' id='word_1_122' title='bbox 1981 2064 2340 2133; x_wconf 88' lang='lat' dir='ltr'><strong><em>spiritalibus;</em></strong></span> 
     </span>
    </p>
   </div>
   <div class='ocr_carea' id='block_1_20' title="bbox 752 2156 2342 2235">
    <p class='ocr_par' dir='ltr' id='par_1_20' title="bbox 752 2156 2342 2235">
     <span class='ocr_line' id='line_1_20' title="bbox 752 2156 2342 2235; baseline -0.006 -15"><span class='ocrx_word' id='word_1_123' title='bbox 752 2170 871 2221; x_wconf 83' lang='lat' dir='ltr'><strong><em>dies</em></strong></span> <span class='ocrx_word' id='word_1_124' title='bbox 901 2180 1112 2235; x_wconf 89' lang='lat' dir='ltr'><strong><em>quoque</em></strong></span> <span class='ocrx_word' id='word_1_125' title='bbox 1143 2163 1410 2230; x_wconf 81' lang='lat' dir='ltr'><strong><em>paschalis</em></strong></span> <span class='ocrx_word' id='word_1_126' title='bbox 1440 2158 1788 2214; x_wconf 68' lang='lat' dir='ltr'><strong><em>hebdomadte</em></strong></span> <span class='ocrx_word' id='word_1_127' title='bbox 1817 2171 2007 2212; x_wconf 90' lang='lat' dir='ltr'><strong><em>omnes</em></strong></span> <span class='ocrx_word' id='word_1_128' title='bbox 2034 2156 2226 2225; x_wconf 69' lang='lat' dir='ltr'><strong><em>mquali</em></strong></span> <span class='ocrx_word' id='word_1_129' title='bbox 2253 2169 2342 2211; x_wconf 90' lang='lat' dir='ltr'><strong><em>re-</em></strong></span> 
     </span>
    </p>
   </div>
   <div class='ocr_carea' id='block_1_21' title="bbox 750 2254 1358 2330">
    <p class='ocr_par' dir='ltr' id='par_1_21' title="bbox 750 2254 1358 2330">
     <span class='ocr_line' id='line_1_21' title="bbox 750 2254 1358 2330; baseline -0.013 -16"><span class='ocrx_word' id='word_1_130' title='bbox 750 2260 952 2330; x_wconf 83' lang='lat' dir='ltr'><strong><em>ligione</em></strong></span> <span class='ocrx_word' id='word_1_131' title='bbox 972 2254 1182 2311; x_wconf 90' lang='lat' dir='ltr'><strong><em>colendi</em></strong></span> <span class='ocrx_word' id='word_1_132' title='bbox 1215 2263 1358 2306; x_wconf 89' lang='lat' dir='ltr'><strong><em>sunt.</em></strong></span> 
     </span>
    </p>
   </div>
   <div class='ocr_carea' id='block_1_22' title="bbox 1175 2342 1914 2399">
    <p class='ocr_par' dir='ltr' id='par_1_22' title="bbox 1175 2342 1914 2399">
     <span class='ocr_line' id='line_1_22' title="bbox 1175 2342 1914 2399; baseline -0.009 0"><span class='ocrx_word' id='word_1_133' title='bbox 1175 2344 1284 2399; x_wconf 85' lang='lat' dir='ltr'><strong><em>CV.</em></strong></span> <span class='ocrx_word' id='word_1_134' title='bbox 1317 2343 1491 2396; x_wconf 81' lang='lat' dir='ltr'><strong><em>Conon</em></strong></span> <span class='ocrx_word' id='word_1_135' title='bbox 1516 2342 1914 2394; x_wconf 82' lang='lat' dir='ltr'><strong><em>Aurelianensis.</em></strong></span> 
     </span>
    </p>
   </div>
   <div class='ocr_carea' id='block_1_23' title="bbox 820 2430 2340 2502">
    <p class='ocr_par' dir='ltr' id='par_1_23' title="bbox 820 2430 2340 2502">
     <span class='ocr_line' id='line_1_23' title="bbox 820 2430 2340 2502; baseline -0.011 -6"><span class='ocrx_word' id='word_1_136' title='bbox 820 2442 878 2496; x_wconf 84' lang='lat' dir='ltr'><strong><em>Itl</em></strong></span> <span class='ocrx_word' id='word_1_137' title='bbox 910 2442 1071 2495; x_wconf 86' lang='lat' dir='ltr'><strong><em>etiam</em></strong></span> <span class='ocrx_word' id='word_1_138' title='bbox 1106 2436 1472 2492; x_wconf 76' lang='lat' dir='ltr'><strong><em>miserationis</em></strong></span> <span class='ocrx_word' id='word_1_139' title='bbox 1505 2435 1695 2488; x_wconf 82' lang='lat' dir='ltr'><strong><em>intuitu</em></strong></span> <span class='ocrx_word' id='word_1_140' title='bbox 1725 2447 1940 2502; x_wconf 66' lang='lat' dir='ltr'><strong><em>aequum</em></strong></span> <span class='ocrx_word' id='word_1_141' title='bbox 1967 2430 2217 2486; x_wconf 83' lang='lat' dir='ltr'><strong><em>duximus</em></strong></span> <span class='ocrx_word' id='word_1_142' title='bbox 2243 2443 2340 2483; x_wconf 85' lang='lat' dir='ltr'><strong><em>cu-</em></strong></span> 
     </span>
    </p>
   </div>
   <div class='ocr_carea' id='block_1_24' title="bbox 745 2521 2343 2599">
    <p class='ocr_par' dir='ltr' id='par_1_24' title="bbox 745 2521 2343 2599">
     <span class='ocr_line' id='line_1_24' title="bbox 745 2521 2343 2599; baseline -0.009 -11"><span class='ocrx_word' id='word_1_143' title='bbox 745 2535 969 2595; x_wconf 89' lang='lat' dir='ltr'><strong><em>stodire,</em></strong></span> <span class='ocrx_word' id='word_1_144' title='bbox 1001 2543 1062 2585; x_wconf 88' lang='lat' dir='ltr'><strong><em>ut</em></strong></span> <span class='ocrx_word' id='word_1_145' title='bbox 1106 2530 1193 2599; x_wconf 88' lang='lat' dir='ltr'><strong><em>qui</em></strong></span> <span class='ocrx_word' id='word_1_146' title='bbox 1224 2545 1320 2599; x_wconf 88' lang='lat' dir='ltr'><strong><em>pro</em></strong></span> <span class='ocrx_word' id='word_1_147' title='bbox 1370 2527 1778 2596; x_wconf 86' lang='lat' dir='ltr'><strong><em>quibuscunque</em></strong></span> <span class='ocrx_word' id='word_1_148' title='bbox 1822 2523 1990 2591; x_wconf 78' lang='lat' dir='ltr'><strong><em>culpis</em></strong></span> <span class='ocrx_word' id='word_1_149' title='bbox 2037 2521 2343 2575; x_wconf 83' lang='lat' dir='ltr'><strong><em>carceribus</em></strong></span> 
     </span>
    </p>
   </div>
   <div class='ocr_carea' id='block_1_25' title="bbox 751 2615 2342 2695">
    <p class='ocr_par' dir='ltr' id='par_1_25' title="bbox 751 2615 2342 2695">
     <span class='ocr_line' id='line_1_25' title="bbox 751 2615 2342 2695; baseline -0.008 -15"><span class='ocrx_word' id='word_1_150' title='bbox 751 2628 1100 2695; x_wconf 88' lang='lat' dir='ltr'><strong><em>deputantur,</em></strong></span> <span class='ocrx_word' id='word_1_151' title='bbox 1130 2623 1196 2676; x_wconf 88' lang='lat' dir='ltr'><strong><em>ab</em></strong></span> <span class='ocrx_word' id='word_1_152' title='bbox 1227 2619 1605 2674; x_wconf 87' lang='lat' dir='ltr'><strong><em>archidiacono</em></strong></span> <span class='ocrx_word' id='word_1_153' title='bbox 1649 2631 1742 2670; x_wconf 91' lang='lat' dir='ltr'><strong><em>seu</em></strong></span> <span class='ocrx_word' id='word_1_154' title='bbox 1772 2630 1802 2668; x_wconf 88' lang='lat' dir='ltr'><strong><em>a</em></strong></span> <span class='ocrx_word' id='word_1_155' title='bbox 1835 2615 2122 2683; x_wconf 75' lang='lat' dir='ltr'><strong><em>prteposito</em></strong></span> <span class='ocrx_word' id='word_1_156' title='bbox 2164 2615 2342 2668; x_wconf 88' lang='lat' dir='ltr'><strong><em>eccle-</em></strong></span> 
     </span>
    </p>
   </div>
   <div class='ocr_carea' id='block_1_26' title="bbox 745 2707 2341 2785">
    <p class='ocr_par' dir='ltr' id='par_1_26' title="bbox 745 2707 2341 2785">
     <span class='ocr_line' id='line_1_26' title="bbox 745 2707 2341 2785; baseline -0.008 -13"><span class='ocrx_word' id='word_1_157' title='bbox 745 2720 841 2772; x_wconf 63' lang='lat' dir='ltr'><strong><em>sias</em></strong></span> <span class='ocrx_word' id='word_1_158' title='bbox 871 2715 1092 2785; x_wconf 72' lang='lat' dir='ltr'><strong><em>singulis</em></strong></span> <span class='ocrx_word' id='word_1_159' title='bbox 1118 2713 1410 2768; x_wconf 71' lang='lat' dir='ltr'><strong><em>Dominicis</em></strong></span> <span class='ocrx_word' id='word_1_160' title='bbox 1438 2710 1627 2764; x_wconf 90' lang='lat' dir='ltr'><strong><em>diebus</em></strong></span> <span class='ocrx_word' id='word_1_161' title='bbox 1667 2707 2026 2776; x_wconf 81' lang='lat' dir='ltr'><strong><em>requirantur,</em></strong></span> <span class='ocrx_word' id='word_1_162' title='bbox 2057 2713 2117 2759; x_wconf 91' lang='lat' dir='ltr'><strong><em>ut</em></strong></span> <span class='ocrx_word' id='word_1_163' title='bbox 2155 2719 2341 2760; x_wconf 84' lang='lat' dir='ltr'><strong><em>neces-</em></strong></span> 
     </span>
    </p>
   </div>
   <div class='ocr_carea' id='block_1_27' title="bbox 742 2799 2340 2871">
    <p class='ocr_par' dir='ltr' id='par_1_27' title="bbox 742 2799 2340 2871">
     <span class='ocr_line' id='line_1_27' title="bbox 742 2799 2340 2871; baseline -0.009 -6"><span class='ocrx_word' id='word_1_164' title='bbox 742 2811 878 2865; x_wconf 86' lang='lat' dir='ltr'><strong><em>sitas</em></strong></span> <span class='ocrx_word' id='word_1_165' title='bbox 901 2809 1201 2862; x_wconf 79' lang='lat' dir='ltr'><strong><em>vinctorum</em></strong></span> <span class='ocrx_word' id='word_1_166' title='bbox 1229 2804 1521 2859; x_wconf 90' lang='lat' dir='ltr'><strong><em>secundum</em></strong></span> <span class='ocrx_word' id='word_1_167' title='bbox 1555 2809 1877 2871; x_wconf 77' lang='lat' dir='ltr'><strong><em>prteceptum</em></strong></span> <span class='ocrx_word' id='word_1_168' title='bbox 1909 2799 2150 2852; x_wconf 90' lang='lat' dir='ltr'><strong><em>divinum</em></strong></span> <span class='ocrx_word' id='word_1_169' title='bbox 2175 2799 2340 2851; x_wconf 89' lang='lat' dir='ltr'><strong><em>mise-</em></strong></span> 
     </span>
    </p>
   </div>
   <div class='ocr_carea' id='block_1_28' title="bbox 743 2891 2340 2964">
    <p class='ocr_par' dir='ltr' id='par_1_28' title="bbox 743 2891 2340 2964">
     <span class='ocr_line' id='line_1_28' title="bbox 743 2891 2340 2964; baseline -0.007 -9"><span class='ocrx_word' id='word_1_170' title='bbox 743 2903 1026 2956; x_wconf 83' lang='lat' dir='ltr'><strong><em>ricordiler</em></strong></span> <span class='ocrx_word' id='word_1_171' title='bbox 1066 2897 1397 2962; x_wconf 81' lang='lat' dir='ltr'><strong><em>sublevetur,</em></strong></span> <span class='ocrx_word' id='word_1_172' title='bbox 1436 2904 1594 2964; x_wconf 88' lang='lat' dir='ltr'><strong><em>atque</em></strong></span> <span class='ocrx_word' id='word_1_173' title='bbox 1645 2908 1676 2946; x_wconf 91' lang='lat' dir='ltr'><strong><em>a</em></strong></span> <span class='ocrx_word' id='word_1_174' title='bbox 1721 2891 1978 2962; x_wconf 81' lang='lat' dir='ltr'><strong><em>pontiﬁce</em></strong></span> <span class='ocrx_word' id='word_1_175' title='bbox 2025 2901 2340 2961; x_wconf 85' lang='lat' dir='ltr'><strong><em>competens</em></strong></span> 
     </span>
    </p>
   </div>
   <div class='ocr_carea' id='block_1_29' title="bbox 744 2985 1797 3047">
    <p class='ocr_par' dir='ltr' id='par_1_29' title="bbox 744 2985 1797 3047">
     <span class='ocr_line' id='line_1_29' title="bbox 744 2985 1797 3047; baseline -0.007 -3"><span class='ocrx_word' id='word_1_176' title='bbox 744 2995 918 3047; x_wconf 86' lang='lat' dir='ltr'><strong><em>vietus</em></strong></span> <span class='ocrx_word' id='word_1_177' title='bbox 945 2992 1014 3046; x_wconf 86' lang='lat' dir='ltr'><strong><em>de</em></strong></span> <span class='ocrx_word' id='word_1_178' title='bbox 1042 2989 1206 3045; x_wconf 87' lang='lat' dir='ltr'><strong><em>domo</em></strong></span> <span class='ocrx_word' id='word_1_179' title='bbox 1236 2987 1481 3042; x_wconf 73' lang='lat' dir='ltr'><strong><em>ecclesia:</em></strong></span> <span class='ocrx_word' id='word_1_180' title='bbox 1511 2985 1797 3040; x_wconf 86' lang='lat' dir='ltr'><strong><em>tribuatur.</em></strong></span> 
     </span>
    </p>
   </div>
   <div class='ocr_carea' id='block_1_30' title="bbox 1387 3077 1704 3134">
    <p class='ocr_par' dir='ltr' id='par_1_30' title="bbox 1387 3077 1704 3134">
     <span class='ocr_line' id='line_1_30' title="bbox 1387 3077 1704 3134; baseline -0.006 0"><span class='ocrx_word' id='word_1_181' title='bbox 1387 3079 1518 3134; x_wconf 86' lang='lat' dir='ltr'><strong><em>CVI.</em></strong></span> <span class='ocrx_word' id='word_1_182' title='bbox 1552 3077 1704 3132; x_wconf 88' lang='lat' dir='ltr'><strong><em>Item.</em></strong></span> 
     </span>
    </p>
   </div>
   <div class='ocr_carea' id='block_1_31' title="bbox 817 3167 2206 3246">
    <p class='ocr_par' dir='ltr' id='par_1_31' title="bbox 817 3167 2206 3246">
     <span class='ocr_line' id='line_1_31' title="bbox 817 3167 2206 3246; baseline -0.008 -13"><span class='ocrx_word' id='word_1_183' title='bbox 817 3179 918 3246; x_wconf 92' lang='lat' dir='ltr'><strong><em>Qui</em></strong></span> <span class='ocrx_word' id='word_1_184' title='bbox 942 3173 1210 3232; x_wconf 89' lang='lat' dir='ltr'><strong><em>dominica</em></strong></span> <span class='ocrx_word' id='word_1_185' title='bbox 1233 3183 1390 3228; x_wconf 90' lang='lat' dir='ltr'><strong><em>nocte</em></strong></span> <span class='ocrx_word' id='word_1_186' title='bbox 1414 3171 1660 3241; x_wconf 86' lang='lat' dir='ltr'><strong><em>nupserit</em></strong></span> <span class='ocrx_word' id='word_1_187' title='bbox 1683 3184 1756 3222; x_wconf 90' lang='lat' dir='ltr'><strong><em>vn</em></strong></span> <span class='ocrx_word' id='word_1_188' title='bbox 1787 3168 1901 3223; x_wconf 90' lang='lat' dir='ltr'><strong><em>dies</em></strong></span> <span class='ocrx_word' id='word_1_189' title='bbox 1929 3167 2206 3237; x_wconf 77' lang='lat' dir='ltr'><strong><em>pmniteat.</em></strong></span> 
     </span>
    </p>
   </div>
   <div class='ocr_carea' id='block_1_32' title="bbox 815 3259 2107 3338">
    <p class='ocr_par' dir='ltr' id='par_1_32' title="bbox 815 3259 2107 3338">
     <span class='ocr_line' id='line_1_32' title="bbox 815 3259 2107 3338; baseline -0.009 -17"><span class='ocrx_word' id='word_1_190' title='bbox 815 3270 918 3336; x_wconf 89' lang='lat' dir='ltr'><strong><em>Qui</em></strong></span> <span class='ocrx_word' id='word_1_191' title='bbox 945 3276 1132 3338; x_wconf 85' lang='lat' dir='ltr'><strong><em>quarta</em></strong></span> <span class='ocrx_word' id='word_1_192' title='bbox 1154 3265 1239 3320; x_wconf 91' lang='lat' dir='ltr'><strong><em>vel</em></strong></span> <span class='ocrx_word' id='word_1_193' title='bbox 1264 3272 1412 3319; x_wconf 77' lang='lat' dir='ltr'><strong><em>sexta</em></strong></span> <span class='ocrx_word' id='word_1_194' title='bbox 1440 3261 1568 3316; x_wconf 80' lang='lat' dir='ltr'><strong><em>feria</em></strong></span> <span class='ocrx_word' id='word_1_195' title='bbox 1599 3275 1654 3314; x_wconf 86' lang='grc' dir='ltr'>ιιι</span> <span class='ocrx_word' id='word_1_196' title='bbox 1685 3260 1801 3313; x_wconf 91' lang='lat' dir='ltr'><strong><em>dies</em></strong></span> <span class='ocrx_word' id='word_1_197' title='bbox 1832 3259 2107 3327; x_wconf 74' lang='lat' dir='ltr'><strong><em>paeniteat.</em></strong></span> 
     </span>
    </p>
   </div>
   <div class='ocr_carea' id='block_1_33' title="bbox 815 3346 2342 3428">
    <p class='ocr_par' dir='ltr' id='par_1_33' title="bbox 815 3346 2342 3428">
     <span class='ocr_line' id='line_1_33' title="bbox 815 3346 2342 3428; baseline -0.009 -14"><span class='ocrx_word' id='word_1_198' title='bbox 815 3361 920 3428; x_wconf 85' lang='lat' dir='ltr'><strong><em>Qui</em></strong></span> <span class='ocrx_word' id='word_1_199' title='bbox 959 3361 1012 3415; x_wconf 90' lang='lat' dir='ltr'><strong><em>in</em></strong></span> <span class='ocrx_word' id='word_1_200' title='bbox 1047 3355 1462 3426; x_wconf 77' lang='lat' dir='ltr'><strong><em>Quadragesima</em></strong></span> <span class='ocrx_word' id='word_1_201' title='bbox 1496 3362 1620 3407; x_wconf 84' lang='lat' dir='ltr'><strong><em>ante</em></strong></span> <span class='ocrx_word' id='word_1_202' title='bbox 1652 3349 1871 3421; x_wconf 84' lang='lat' dir='ltr'><strong><em>pascha,</em></strong></span> <span class='ocrx_word' id='word_1_203' title='bbox 1910 3363 2138 3404; x_wconf 86' lang='lat' dir='ltr'><strong><em>tannum</em></strong></span> <span class='ocrx_word' id='word_1_204' title='bbox 2170 3346 2342 3417; x_wconf 69' lang='lat' dir='ltr'><strong><em>paeni-</em></strong></span> 
     </span>
    </p>
   </div>
   <div class='ocr_carea' id='block_1_34' title="bbox 742 3461 871 3507">
    <p class='ocr_par' dir='ltr' id='par_1_34' title="bbox 742 3461 871 3507">
     <span class='ocr_line' id='line_1_34' title="bbox 742 3461 871 3507; baseline 0.016 -2"><span class='ocrx_word' id='word_1_205' title='bbox 742 3461 871 3507; x_wconf 75' lang='lat' dir='ltr'><strong><em>teat.</em></strong></span> 
     </span>
    </p>
   </div>
   <div class='ocr_carea' id='block_1_35' title="bbox 1379 3511 1716 3569">
    <p class='ocr_par' dir='ltr' id='par_1_35' title="bbox 1379 3511 1716 3569">
     <span class='ocr_line' id='line_1_35' title="bbox 1379 3511 1716 3569; baseline -0.012 0"><span class='ocrx_word' id='word_1_206' title='bbox 1379 3513 1536 3569; x_wconf 86' lang='lat' dir='ltr'><strong><em>CVII.</em></strong></span> <span class='ocrx_word' id='word_1_207' title='bbox 1564 3511 1716 3566; x_wconf 88' lang='lat' dir='ltr'><strong><em>Item.</em></strong></span> 
     </span>
    </p>
   </div>
   <div class='ocr_carea' id='block_1_36' title="bbox 821 3601 2335 3681">
    <p class='ocr_par' dir='ltr' id='par_1_36' title="bbox 821 3601 2335 3681">
     <span class='ocr_line' id='line_1_36' title="bbox 821 3601 2335 3681; baseline -0.007 -13"><span class='ocrx_word' id='word_1_208' title='bbox 821 3613 1026 3668; x_wconf 83' lang='lat' dir='ltr'><strong><em>Iudicta</em></strong></span> <span class='ocrx_word' id='word_1_209' title='bbox 1049 3610 1250 3681; x_wconf 77' lang='lat' dir='ltr'><strong><em>ieiunia</em></strong></span> <span class='ocrx_word' id='word_1_210' title='bbox 1279 3608 1455 3662; x_wconf 89' lang='lat' dir='ltr'><strong><em>nullus</em></strong></span> <span class='ocrx_word' id='word_1_211' title='bbox 1486 3611 1776 3674; x_wconf 83' lang='lat' dir='ltr'><strong><em>praesumat</em></strong></span> <span class='ocrx_word' id='word_1_212' title='bbox 1800 3602 2091 3672; x_wconf 73' lang='lat' dir='ltr'><strong><em>infringere</em></strong></span> <span class='ocrx_word' id='word_1_213' title='bbox 2111 3603 2195 3657; x_wconf 89' lang='lat' dir='ltr'><strong><em>vel</em></strong></span> <span class='ocrx_word' id='word_1_214' title='bbox 2221 3601 2335 3657; x_wconf 84' lang='lat' dir='ltr'><strong><em>vio-</em></strong></span> 
     </span>
    </p>
   </div>
   <div class='ocr_carea' id='block_1_37' title="bbox 741 3701 1554 3773">
    <p class='ocr_par' dir='ltr' id='par_1_37' title="bbox 741 3701 1554 3773">
     <span class='ocr_line' id='line_1_37' title="bbox 741 3701 1554 3773; baseline -0.018 -8"><span class='ocrx_word' id='word_1_215' title='bbox 741 3711 878 3773; x_wconf 83' lang='lat' dir='ltr'><strong><em>lare,</em></strong></span> <span class='ocrx_word' id='word_1_216' title='bbox 907 3722 975 3762; x_wconf 87' lang='lat' dir='ltr'><strong><em>ne</em></strong></span> <span class='ocrx_word' id='word_1_217' title='bbox 1003 3706 1136 3759; x_wconf 91' lang='lat' dir='ltr'><strong><em>iram</em></strong></span> <span class='ocrx_word' id='word_1_218' title='bbox 1171 3701 1264 3757; x_wconf 91' lang='lat' dir='ltr'><strong><em>Dei</em></strong></span> <span class='ocrx_word' id='word_1_219' title='bbox 1297 3701 1554 3756; x_wconf 88' lang='lat' dir='ltr'><strong><em>incurrat.</em></strong></span> 
     </span>
    </p>
   </div>
   <div class='ocr_carea' id='block_1_38' title="bbox 809 3783 2264 3860">
    <p class='ocr_par' dir='ltr' id='par_1_38' title="bbox 809 3783 2264 3860">
     <span class='ocr_line' id='line_1_38' title="bbox 809 3783 2264 3860; baseline -0.009 -8"><span class='ocrx_word' id='word_1_220' title='bbox 809 3795 990 3853; x_wconf 83' lang='lat' dir='ltr'><strong><em>CVIII.</em></strong></span> <span class='ocrx_word' id='word_1_221' title='bbox 1015 3795 1098 3849; x_wconf 75' lang='lat' dir='ltr'><strong><em>Ex</em></strong></span> <span class='ocrx_word' id='word_1_222' title='bbox 1119 3793 1338 3847; x_wconf 85' lang='lat' dir='ltr'><strong><em>concilio</em></strong></span> <span class='ocrx_word' id='word_1_223' title='bbox 1365 3789 1687 3846; x_wconf 87' lang='lat' dir='ltr'><strong><em>Bra....rens</em></strong></span> <span class='ocrx_word' id='word_1_224' title='bbox 1715 3787 1879 3860; x_wconf 82' lang='lat' dir='ltr'><strong><em>[Lege</em></strong></span> <span class='ocrx_word' id='word_1_225' title='bbox 1912 3783 2264 3854; x_wconf 85' lang='lat' dir='ltr'><strong><em>Bracarensi].</em></strong></span> 
     </span>
    </p>
   </div>
   <div class='ocr_carea' id='block_1_39' title="bbox 814 3873 2331 3956">
    <p class='ocr_par' dir='ltr' id='par_1_39' title="bbox 814 3873 2331 3956">
     <span class='ocr_line' id='line_1_39' title="bbox 814 3873 2331 3956; baseline -0.011 -13"><span class='ocrx_word' id='word_1_226' title='bbox 814 3890 928 3943; x_wconf 83' lang='lat' dir='ltr'><strong><em>Non</em></strong></span> <span class='ocrx_word' id='word_1_227' title='bbox 957 3895 1170 3956; x_wconf 88' lang='lat' dir='ltr'><strong><em>oportet</em></strong></span> <span class='ocrx_word' id='word_1_228' title='bbox 1193 3882 1432 3936; x_wconf 86' lang='lat' dir='ltr'><strong><em>homines</em></strong></span> <span class='ocrx_word' id='word_1_229' title='bbox 1463 3880 1742 3949; x_wconf 78' lang='lat' dir='ltr'><strong><em>religiosos</em></strong></span> <span class='ocrx_word' id='word_1_230' title='bbox 1769 3887 1894 3933; x_wconf 86' lang='lat' dir='ltr'><strong><em>ante</em></strong></span> <span class='ocrx_word' id='word_1_231' title='bbox 1933 3876 2175 3948; x_wconf 77' lang='lat' dir='ltr'><strong><em>sacraml</em></strong></span> <span class='ocrx_word' id='word_1_232' title='bbox 2205 3873 2331 3945; x_wconf 86' lang='lat' dir='ltr'><strong><em>Leg.</em></strong></span> 
     </span>
    </p>
   </div>
   <div class='ocr_carea' id='block_1_40' title="bbox 737 3969 2333 4052">
    <p class='ocr_par' dir='ltr' id='par_1_40' title="bbox 737 3969 2333 4052">
     <span class='ocr_line' id='line_1_40' title="bbox 737 3969 2333 4052; baseline -0.01 -15"><span class='ocrx_word' id='word_1_233' title='bbox 737 3979 975 4052; x_wconf 78' lang='lat' dir='ltr'><strong><em>horam],</em></strong></span> <span class='ocrx_word' id='word_1_234' title='bbox 1034 3979 1137 4034; x_wconf 88' lang='lat' dir='ltr'><strong><em>diei</em></strong></span> <span class='ocrx_word' id='word_1_235' title='bbox 1181 3976 1394 4031; x_wconf 87' lang='lat' dir='ltr'><strong><em>tertiam</em></strong></span> <span class='ocrx_word' id='word_1_236' title='bbox 1436 3974 1613 4028; x_wconf 85' lang='lat' dir='ltr'><strong><em>cibum</em></strong></span> <span class='ocrx_word' id='word_1_237' title='bbox 1654 3986 1890 4037; x_wconf 88' lang='lat' dir='ltr'><strong><em>sumere,</em></strong></span> <span class='ocrx_word' id='word_1_238' title='bbox 1944 3985 2045 4026; x_wconf 89' lang='lat' dir='ltr'><strong><em>nec</em></strong></span> <span class='ocrx_word' id='word_1_239' title='bbox 2090 3969 2333 4022; x_wconf 85' lang='lat' dir='ltr'><strong><em>convivia</em></strong></span> 
     </span>
    </p>
   </div>
   <div class='ocr_carea' id='block_1_41' title="bbox 743 4057 2328 4140">
    <p class='ocr_par' dir='ltr' id='par_1_41' title="bbox 743 4057 2328 4140">
     <span class='ocr_line' id='line_1_41' title="bbox 743 4057 2328 4140; baseline -0.01 -14"><span class='ocrx_word' id='word_1_240' title='bbox 743 4075 880 4126; x_wconf 85' lang='lat' dir='ltr'><strong><em>inire</em></strong></span> <span class='ocrx_word' id='word_1_241' title='bbox 918 4084 1094 4140; x_wconf 90' lang='lat' dir='ltr'><strong><em>neque</em></strong></span> <span class='ocrx_word' id='word_1_242' title='bbox 1141 4067 1365 4122; x_wconf 87' lang='lat' dir='ltr'><strong><em>clericos</em></strong></span> <span class='ocrx_word' id='word_1_243' title='bbox 1409 4063 1717 4133; x_wconf 90' lang='lat' dir='ltr'><strong><em>aliquando,</em></strong></span> <span class='ocrx_word' id='word_1_244' title='bbox 1772 4061 1875 4115; x_wconf 89' lang='lat' dir='ltr'><strong><em>nisi</em></strong></span> <span class='ocrx_word' id='word_1_245' title='bbox 1922 4059 2122 4130; x_wconf 76' lang='lat' dir='ltr'><strong><em>hymno</em></strong></span> <span class='ocrx_word' id='word_1_246' title='bbox 2166 4057 2328 4125; x_wconf 87' lang='lat' dir='ltr'><strong><em>dicto,</em></strong></span> 
     </span>
    </p>
   </div>
   <div class='ocr_carea' id='block_1_42' title="bbox 743 4149 2270 4233">
    <p class='ocr_par' dir='ltr' id='par_1_42' title="bbox 743 4149 2270 4233">
     <span class='ocr_line' id='line_1_42' title="bbox 743 4149 2270 4233; baseline -0.012 -13"><span class='ocrx_word' id='word_1_247' title='bbox 743 4166 907 4220; x_wconf 87' lang='lat' dir='ltr'><strong><em>edere</em></strong></span> <span class='ocrx_word' id='word_1_248' title='bbox 936 4175 1230 4233; x_wconf 87' lang='lat' dir='ltr'><strong><em>panem,...</em></strong></span> <span class='ocrx_word' id='word_1_249' title='bbox 1260 4165 1383 4227; x_wconf 88' lang='lat' dir='ltr'><strong><em>post</em></strong></span> <span class='ocrx_word' id='word_1_250' title='bbox 1409 4155 1560 4208; x_wconf 88' lang='lat' dir='ltr'><strong><em>cibos</em></strong></span> <span class='ocrx_word' id='word_1_251' title='bbox 1588 4153 1786 4222; x_wconf 80' lang='lat' dir='ltr'><strong><em>gratias</em></strong></span> <span class='ocrx_word' id='word_1_252' title='bbox 1811 4151 2017 4206; x_wconf 89' lang='lat' dir='ltr'><strong><em>auctori</em></strong></span> <span class='ocrx_word' id='word_1_253' title='bbox 2048 4149 2270 4204; x_wconf 81' lang='lat' dir='ltr'><strong><em>referre.</em></strong></span> 
     </span>
    </p>
   </div>
   <div class='ocr_carea' id='block_1_43' title="bbox 1185 4245 1874 4302">
    <p class='ocr_par' dir='ltr' id='par_1_43' title="bbox 1185 4245 1874 4302">
     <span class='ocr_line' id='line_1_43' title="bbox 1185 4245 1874 4302; baseline -0.012 0"><span class='ocrx_word' id='word_1_254' title='bbox 1185 4246 1321 4302; x_wconf 96' lang='lat' dir='ltr'><strong><em>CIX.</em></strong></span> <span class='ocrx_word' id='word_1_255' title='bbox 1350 4245 1528 4300; x_wconf 88' lang='lat' dir='ltr'><strong><em>Canon</em></strong></span> <span class='ocrx_word' id='word_1_256' title='bbox 1557 4252 1874 4298; x_wconf 88' lang='lat' dir='ltr'><strong><em>sanctorum.</em></strong></span> 
     </span>
    </p>
   </div>
   <div class='ocr_carea' id='block_1_44' title="bbox 811 4333 2331 4412">
    <p class='ocr_par' dir='ltr' id='par_1_44' title="bbox 811 4333 2331 4412">
     <span class='ocr_line' id='line_1_44' title="bbox 811 4333 2331 4412; baseline -0.009 -14"><span class='ocrx_word' id='word_1_257' title='bbox 811 4343 910 4412; x_wconf 89' lang='lat' dir='ltr'><strong><em>Qui</em></strong></span> <span class='ocrx_word' id='word_1_258' title='bbox 947 4342 1001 4397; x_wconf 90' lang='lat' dir='ltr'><strong><em>in</em></strong></span> <span class='ocrx_word' id='word_1_259' title='bbox 1030 4337 1374 4397; x_wconf 87' lang='lat' dir='ltr'><strong><em>matrimonio</em></strong></span> <span class='ocrx_word' id='word_1_260' title='bbox 1404 4342 1552 4400; x_wconf 91' lang='lat' dir='ltr'><strong><em>sunt,</em></strong></span> <span class='ocrx_word' id='word_1_261' title='bbox 1593 4333 1896 4389; x_wconf 84' lang='lat' dir='ltr'><strong><em>abstineant</em></strong></span> <span class='ocrx_word' id='word_1_262' title='bbox 1938 4346 1998 4388; x_wconf 88' lang='lat' dir='ltr'><strong><em>se</em></strong></span> <span class='ocrx_word' id='word_1_263' title='bbox 2041 4346 2099 4386; x_wconf 88' lang='grc' dir='ltr'><strong><em>ιιι</em></strong></span> <span class='ocrx_word' id='word_1_264' title='bbox 2145 4338 2331 4386; x_wconf 90' lang='lat' dir='ltr'><strong><em>noctes</em></strong></span> 
     </span>
    </p>
   </div>
   <div class='ocr_carea' id='block_1_45' title="bbox 738 4428 2330 4500">
    <p class='ocr_par' dir='ltr' id='par_1_45' title="bbox 738 4428 2330 4500">
     <span class='ocr_line' id='line_1_45' title="bbox 738 4428 2330 4500; baseline -0.008 -10"><span class='ocrx_word' id='word_1_265' title='bbox 738 4447 1026 4500; x_wconf 74' lang='lat' dir='ltr'><strong><em>antequam</em></strong></span> <span class='ocrx_word' id='word_1_266' title='bbox 1074 4428 1497 4492; x_wconf 89' lang='lat' dir='ltr'><strong><em>communicent,</em></strong></span> <span class='ocrx_word' id='word_1_267' title='bbox 1533 4434 1589 4482; x_wconf 89' lang='lat' dir='ltr'><strong><em>et</em></strong></span> <span class='ocrx_word' id='word_1_268' title='bbox 1628 4441 1789 4480; x_wconf 90' lang='lat' dir='ltr'><strong><em>unam</em></strong></span> <span class='ocrx_word' id='word_1_269' title='bbox 1843 4431 2129 4495; x_wconf 86' lang='lat' dir='ltr'><strong><em>postquam</em></strong></span> <span class='ocrx_word' id='word_1_270' title='bbox 2177 4437 2330 4478; x_wconf 86' lang='lat' dir='ltr'><strong><em>com-</em></strong></span> 
     </span>
    </p>
   </div>
   <div class='ocr_carea' id='block_1_46' title="bbox 732 4515 2330 4586">
    <p class='ocr_par' dir='ltr' id='par_1_46' title="bbox 732 4515 2330 4586">
     <span class='ocr_line' id='line_1_46' title="bbox 732 4515 2330 4586; baseline -0.009 -4"><span class='ocrx_word' id='word_1_271' title='bbox 732 4523 1152 4582; x_wconf 86' lang='lat' dir='ltr'><strong><em>munieaverint.</em></strong></span> <span class='ocrx_word' id='word_1_272' title='bbox 1199 4519 1329 4576; x_wconf 89' lang='lat' dir='ltr'><strong><em>Inde</em></strong></span> <span class='ocrx_word' id='word_1_273' title='bbox 1367 4519 1443 4572; x_wconf 83' lang='lat' dir='ltr'><strong><em>ait</em></strong></span> <span class='ocrx_word' id='word_1_274' title='bbox 1481 4517 1770 4586; x_wconf 81' lang='lat' dir='ltr'><strong><em>Apostolus</em></strong></span> <span class='ocrx_word' id='word_1_275' title='bbox 1805 4535 1818 4570; x_wconf 86' lang='lat'><strong>:</strong></span> <span class='ocrx_word' id='word_1_276' title='bbox 1851 4515 2029 4570; x_wconf 86' lang='lat' dir='ltr'><strong><em>Nolite</em></strong></span> <span class='ocrx_word' id='word_1_277' title='bbox 2084 4516 2330 4584; x_wconf 83' lang='lat' dir='ltr'><strong><em>fraudare</em></strong></span> 
     </span>
    </p>
   </div>
   <div class='ocr_carea' id='block_1_47' title="bbox 731 4608 2329 4682">
    <p class='ocr_par' dir='ltr' id='par_1_47' title="bbox 731 4608 2329 4682">
     <span class='ocr_line' id='line_1_47' title="bbox 731 4608 2329 4682; baseline -0.006 -12"><span class='ocrx_word' id='word_1_278' title='bbox 731 4617 951 4671; x_wconf 79' lang='lat' dir='ltr'><strong><em>invicem</em></strong></span> <span class='ocrx_word' id='word_1_279' title='bbox 969 4654 988 4682; x_wconf 91' lang='lat'><strong><em>,</em></strong></span> <span class='ocrx_word' id='word_1_280' title='bbox 1037 4614 1140 4669; x_wconf 90' lang='lat' dir='ltr'><strong><em>nisi</em></strong></span> <span class='ocrx_word' id='word_1_281' title='bbox 1165 4628 1228 4668; x_wconf 73' lang='lat' dir='ltr'><strong><em>ea:</em></strong></span> <span class='ocrx_word' id='word_1_282' title='bbox 1255 4625 1527 4676; x_wconf 81' lang='lat' dir='ltr'><strong><em>consensu,</em></strong></span> <span class='ocrx_word' id='word_1_283' title='bbox 1556 4618 1613 4662; x_wconf 85' lang='lat' dir='ltr'><strong><em>ut</em></strong></span> <span class='ocrx_word' id='word_1_284' title='bbox 1635 4609 1822 4663; x_wconf 85' lang='lat' dir='ltr'><strong><em>vacetis</em></strong></span> <span class='ocrx_word' id='word_1_285' title='bbox 1849 4608 2072 4662; x_wconf 84' lang='lat' dir='ltr'><strong><em>orationi</em></strong></span> <span class='ocrx_word' id='word_1_286' title='bbox 2102 4609 2170 4662; x_wconf 89' lang='lat' dir='ltr'><strong><em>ad</em></strong></span> <span class='ocrx_word' id='word_1_287' title='bbox 2202 4615 2329 4662; x_wconf 86' lang='lat' dir='ltr'><strong><em>tem-</em></strong></span> 
     </span>
    </p>
   </div>
   <div class='ocr_carea' id='block_1_48' title="bbox 733 4726 852 4782">
    <p class='ocr_par' dir='ltr' id='par_1_48' title="bbox 733 4726 852 4782">
     <span class='ocr_line' id='line_1_48' title="bbox 733 4726 852 4782; baseline 0.008 -20"><span class='ocrx_word' id='word_1_288' title='bbox 733 4726 852 4782; x_wconf 86' lang='lat' dir='ltr'><strong><em>pus.</em></strong></span> 
     </span>
    </p>
   </div>
   <div class='ocr_carea' id='block_1_49' title="bbox 1222 4792 1849 4864">
    <p class='ocr_par' dir='ltr' id='par_1_49' title="bbox 1222 4792 1849 4864">
     <span class='ocr_line' id='line_1_49' title="bbox 1222 4792 1849 4864; baseline -0.006 -14"><span class='ocrx_word' id='word_1_289' title='bbox 1222 4794 1333 4850; x_wconf 87' lang='lat' dir='ltr'><strong><em>CX.</em></strong></span> <span class='ocrx_word' id='word_1_290' title='bbox 1368 4793 1643 4864; x_wconf 77' lang='lat' dir='ltr'><strong><em>Gregorius</em></strong></span> <span class='ocrx_word' id='word_1_291' title='bbox 1676 4792 1798 4844; x_wconf 85' lang='lat' dir='ltr'><strong><em>dicit</em></strong></span> <span class='ocrx_word' id='word_1_292' title='bbox 1827 4807 1849 4846; x_wconf 91' lang='lat'><strong><em>:</em></strong></span> 
     </span>
    </p>
   </div>
   <div class='ocr_carea' id='block_1_50' title="bbox 803 4879 2326 4960">
    <p class='ocr_par' dir='ltr' id='par_1_50' title="bbox 803 4879 2326 4960">
     <span class='ocr_line' id='line_1_50' title="bbox 803 4879 2326 4960; baseline -0.008 -14"><span class='ocrx_word' id='word_1_293' title='bbox 803 4890 859 4946; x_wconf 90' lang='lat' dir='ltr'><strong><em>Si</em></strong></span> <span class='ocrx_word' id='word_1_294' title='bbox 889 4889 1008 4960; x_wconf 89' lang='lat' dir='ltr'><strong><em>quis</em></strong></span> <span class='ocrx_word' id='word_1_295' title='bbox 1028 4887 1306 4957; x_wconf 74' lang='lat' dir='ltr'><strong><em>coniugem</em></strong></span> <span class='ocrx_word' id='word_1_296' title='bbox 1339 4901 1512 4950; x_wconf 86' lang='lat' dir='ltr'><strong><em>suam,</em></strong></span> <span class='ocrx_word' id='word_1_297' title='bbox 1545 4885 1590 4939; x_wconf 86' lang='lat' dir='ltr'><strong><em>si</em></strong></span> <span class='ocrx_word' id='word_1_298' title='bbox 1623 4883 1738 4940; x_wconf 83' lang='lat' dir='ltr'><strong><em>ﬁeri</em></strong></span> <span class='ocrx_word' id='word_1_299' title='bbox 1785 4889 1981 4952; x_wconf 86' lang='lat' dir='ltr'><strong><em>potest,</em></strong></span> <span class='ocrx_word' id='word_1_300' title='bbox 2032 4895 2139 4936; x_wconf 91' lang='lat' dir='ltr'><strong><em>non</em></strong></span> <span class='ocrx_word' id='word_1_301' title='bbox 2178 4879 2326 4949; x_wconf 85' lang='lat' dir='ltr'><strong><em>cupi-</em></strong></span> 
     </span>
    </p>
   </div>
   <div class='ocr_carea' id='block_1_51' title="bbox 736 4971 2327 5043">
    <p class='ocr_par' dir='ltr' id='par_1_51' title="bbox 736 4971 2327 5043">
     <span class='ocr_line' id='line_1_51' title="bbox 736 4971 2327 5043; baseline -0.006 -8"><span class='ocrx_word' id='word_1_302' title='bbox 736 4983 863 5036; x_wconf 86' lang='lat' dir='ltr'><strong><em>dine</em></strong></span> <span class='ocrx_word' id='word_1_303' title='bbox 891 4979 1202 5043; x_wconf 83' lang='lat' dir='ltr'><strong><em>voluntatis,</em></strong></span> <span class='ocrx_word' id='word_1_304' title='bbox 1233 4977 1328 5032; x_wconf 90' lang='lat' dir='ltr'><strong><em>sed</em></strong></span> <span class='ocrx_word' id='word_1_305' title='bbox 1367 4974 1707 5030; x_wconf 82' lang='lat' dir='ltr'><strong><em>solummodo</em></strong></span> <span class='ocrx_word' id='word_1_306' title='bbox 1734 4972 2089 5028; x_wconf 87' lang='lat' dir='ltr'><strong><em>creandorum</em></strong></span> <span class='ocrx_word' id='word_1_307' title='bbox 2132 4971 2327 5026; x_wconf 59' lang='lat' dir='ltr'><strong><em>libero-</em></strong></span> 
     </span>
    </p>
   </div>
   <div class='ocr_carea' id='block_1_52' title="bbox 739 5065 2325 5143">
    <p class='ocr_par' dir='ltr' id='par_1_52' title="bbox 739 5065 2325 5143">
     <span class='ocr_line' id='line_1_52' title="bbox 739 5065 2325 5143; baseline -0.006 -14"><span class='ocrx_word' id='word_1_308' title='bbox 739 5091 855 5129; x_wconf 89' lang='lat' dir='ltr'><strong><em>rum</em></strong></span> <span class='ocrx_word' id='word_1_309' title='bbox 886 5075 1054 5143; x_wconf 78' lang='lat' dir='ltr'><strong><em>gratia</em></strong></span> <span class='ocrx_word' id='word_1_310' title='bbox 1078 5074 1265 5136; x_wconf 88' lang='lat' dir='ltr'><strong><em>utitur,</em></strong></span> <span class='ocrx_word' id='word_1_311' title='bbox 1297 5070 1399 5124; x_wconf 90' lang='lat' dir='ltr'><strong><em>iste</em></strong></span> <span class='ocrx_word' id='word_1_312' title='bbox 1428 5067 1667 5136; x_wconf 79' lang='lat' dir='ltr'><strong><em>profecto</em></strong></span> <span class='ocrx_word' id='word_1_313' title='bbox 1700 5066 1820 5122; x_wconf 87' lang='lat' dir='ltr'><strong><em>sive</em></strong></span> <span class='ocrx_word' id='word_1_314' title='bbox 1865 5065 1931 5120; x_wconf 88' lang='lat' dir='ltr'><strong><em>de</em></strong></span> <span class='ocrx_word' id='word_1_315' title='bbox 1961 5065 2204 5132; x_wconf 74' lang='lat' dir='ltr'><strong><em>ingressu</em></strong></span> <span class='ocrx_word' id='word_1_316' title='bbox 2235 5079 2325 5120; x_wconf 86' lang='lat' dir='ltr'><strong><em>ec-</em></strong></span> 
     </span>
    </p>
   </div>
   <div class='ocr_carea' id='block_1_53' title="bbox 731 5157 2324 5227">
    <p class='ocr_par' dir='ltr' id='par_1_53' title="bbox 731 5157 2324 5227">
     <span class='ocr_line' id='line_1_53' title="bbox 731 5157 2324 5227; baseline -0.004 -9"><span class='ocrx_word' id='word_1_317' title='bbox 731 5165 933 5227; x_wconf 73' lang='lat' dir='ltr'><strong><em>clcsite,</em></strong></span> <span class='ocrx_word' id='word_1_318' title='bbox 967 5179 1062 5218; x_wconf 82' lang='lat' dir='ltr'><strong><em>seu</em></strong></span> <span class='ocrx_word' id='word_1_319' title='bbox 1088 5163 1156 5218; x_wconf 91' lang='lat' dir='ltr'><strong><em>de</em></strong></span> <span class='ocrx_word' id='word_1_320' title='bbox 1190 5161 1452 5216; x_wconf 88' lang='lat' dir='ltr'><strong><em>sumendo</em></strong></span> <span class='ocrx_word' id='word_1_321' title='bbox 1487 5158 1738 5212; x_wconf 90' lang='lat' dir='ltr'><strong><em>dominici</em></strong></span> <span class='ocrx_word' id='word_1_322' title='bbox 1762 5157 2002 5226; x_wconf 85' lang='lat' dir='ltr'><strong><em>corporis</em></strong></span> <span class='ocrx_word' id='word_1_323' title='bbox 2031 5157 2324 5225; x_wconf 77' lang='lat' dir='ltr'><strong><em>sanguinis-</em></strong></span> 
     </span>
    </p>
   </div>
   <div class='ocr_carea' id='block_1_54' title="bbox 735 5246 2319 5324">
    <p class='ocr_par' dir='ltr' id='par_1_54' title="bbox 735 5246 2319 5324">
     <span class='ocr_line' id='line_1_54' title="bbox 735 5246 2319 5324; baseline -0.003 -18"><span class='ocrx_word' id='word_1_324' title='bbox 735 5271 839 5324; x_wconf 90' lang='lat' dir='ltr'><strong><em>que</em></strong></span> <span class='ocrx_word' id='word_1_325' title='bbox 878 5253 1156 5323; x_wconf 78' lang='lat' dir='ltr'><strong><em>mysterio,</em></strong></span> <span class='ocrx_word' id='word_1_326' title='bbox 1210 5265 1308 5306; x_wconf 87' lang='lat' dir='ltr'><strong><em>suo</em></strong></span> <span class='ocrx_word' id='word_1_327' title='bbox 1337 5262 1419 5306; x_wconf 88' lang='lat' dir='ltr'><strong><em>est</em></strong></span> <span class='ocrx_word' id='word_1_328' title='bbox 1468 5248 1850 5318; x_wconf 87' lang='lat' dir='ltr'><strong><em>relinquendus</em></strong></span> <span class='ocrx_word' id='word_1_329' title='bbox 1890 5246 2112 5317; x_wconf 85' lang='lat' dir='ltr'><strong><em>judicio,</em></strong></span> <span class='ocrx_word' id='word_1_330' title='bbox 2140 5249 2258 5316; x_wconf 84' lang='lat' dir='ltr'><strong><em>quia</em></strong></span> <span class='ocrx_word' id='word_1_331' title='bbox 2290 5263 2319 5302; x_wconf 87' lang='lat' dir='ltr'><strong><em>a</em></strong></span> 
     </span>
    </p>
   </div>
   <div class='ocr_carea' id='block_1_55' title="bbox 738 5340 2318 5412">
    <p class='ocr_par' dir='ltr' id='par_1_55' title="bbox 738 5340 2318 5412">
     <span class='ocr_line' id='line_1_55' title="bbox 738 5340 2318 5412; baseline -0.002 -14"><span class='ocrx_word' id='word_1_332' title='bbox 738 5345 892 5399; x_wconf 63' lang='lat' dir='ltr'><strong><em>nobis</em></strong></span> <span class='ocrx_word' id='word_1_333' title='bbox 916 5343 1186 5412; x_wconf 89' lang='lat' dir='ltr'><strong><em>prohiberi</em></strong></span> <span class='ocrx_word' id='word_1_334' title='bbox 1217 5358 1324 5396; x_wconf 92' lang='lat' dir='ltr'><strong><em>non</em></strong></span> <span class='ocrx_word' id='word_1_335' title='bbox 1360 5343 1538 5406; x_wconf 86' lang='lat' dir='ltr'><strong><em>debet,</em></strong></span> <span class='ocrx_word' id='word_1_336' title='bbox 1567 5355 1687 5394; x_wconf 89' lang='lat' dir='ltr'><strong><em>eum</em></strong></span> <span class='ocrx_word' id='word_1_337' title='bbox 1714 5340 1786 5406; x_wconf 90' lang='lat' dir='ltr'><strong><em>ei,</em></strong></span> <span class='ocrx_word' id='word_1_338' title='bbox 1821 5340 1970 5408; x_wconf 79' lang='lat' dir='ltr'><strong><em>juxta</em></strong></span> <span class='ocrx_word' id='word_1_339' title='bbox 2006 5340 2318 5408; x_wconf 67' lang='lat' dir='ltr'><strong><em>praeﬁnitam</em></strong></span> 
     </span>
    </p>
   </div>
   <div class='ocr_carea' id='block_1_56' title="bbox 731 5430 2318 5498">
    <p class='ocr_par' dir='ltr' id='par_1_56' title="bbox 731 5430 2318 5498">
     <span class='ocr_line' id='line_1_56' title="bbox 731 5430 2318 5498; baseline -0.001 -10"><span class='ocrx_word' id='word_1_340' title='bbox 731 5436 1071 5498; x_wconf 82' lang='lat' dir='ltr'><strong><em>sententiam,</em></strong></span> <span class='ocrx_word' id='word_1_341' title='bbox 1099 5436 1257 5487; x_wconf 87' lang='lat' dir='ltr'><strong><em>etiam</em></strong></span> <span class='ocrx_word' id='word_1_342' title='bbox 1281 5431 1562 5486; x_wconf 82' lang='lat' dir='ltr'><strong><em>ecclesiam</em></strong></span> <span class='ocrx_word' id='word_1_343' title='bbox 1594 5430 1803 5485; x_wconf 89' lang='lat' dir='ltr'><strong><em>licuerit</em></strong></span> <span class='ocrx_word' id='word_1_344' title='bbox 1828 5431 2031 5485; x_wconf 87' lang='lat' dir='ltr'><strong><em>intrare</em></strong></span> <span class='ocrx_word' id='word_1_345' title='bbox 2057 5448 2071 5496; x_wconf 90' lang='lat'><strong>;</strong></span> <span class='ocrx_word' id='word_1_346' title='bbox 2105 5446 2318 5486; x_wconf 82' lang='lat' dir='ltr'><strong><em>verum-</em></strong></span> 
     </span>
    </p>
   </div>
   <div class='ocr_carea' id='block_1_57' title="bbox 735 5521 2317 5592">
    <p class='ocr_par' dir='ltr' id='par_1_57' title="bbox 735 5521 2317 5592">
     <span class='ocr_line' id='line_1_57' title="bbox 735 5521 2317 5592; baseline -0.001 -14"><span class='ocrx_word' id='word_1_347' title='bbox 735 5534 908 5578; x_wconf 64' lang='lat' dir='ltr'><strong><em>t&#39;unen</em></strong></span> <span class='ocrx_word' id='word_1_348' title='bbox 939 5524 1057 5592; x_wconf 82' lang='lat' dir='ltr'><strong><em>quia</em></strong></span> <span class='ocrx_word' id='word_1_349' title='bbox 1087 5524 1198 5589; x_wconf 82' lang='lat' dir='ltr'><strong><em>ipsa</em></strong></span> <span class='ocrx_word' id='word_1_350' title='bbox 1228 5523 1370 5576; x_wconf 87' lang='lat' dir='ltr'><strong><em>licita</em></strong></span> <span class='ocrx_word' id='word_1_351' title='bbox 1415 5521 1665 5574; x_wconf 85' lang='lat' dir='ltr'><strong><em>admistio</em></strong></span> <span class='ocrx_word' id='word_1_352' title='bbox 1706 5521 1950 5590; x_wconf 76' lang='lat' dir='ltr'><strong><em>coniugis</em></strong></span> <span class='ocrx_word' id='word_1_353' title='bbox 1985 5524 2100 5576; x_wconf 90' lang='lat' dir='ltr'><strong><em>sine</em></strong></span> <span class='ocrx_word' id='word_1_354' title='bbox 2130 5522 2317 5577; x_wconf 90' lang='lat' dir='ltr'><strong><em>volun-</em></strong></span> 
     </span>
    </p>
   </div>
   <div class='ocr_carea' id='block_1_58' title="bbox 736 5613 2313 5682">
    <p class='ocr_par' dir='ltr' id='par_1_58' title="bbox 736 5613 2313 5682">
     <span class='ocr_line' id='line_1_58' title="bbox 736 5613 2313 5682; baseline -0.003 -12"><span class='ocrx_word' id='word_1_355' title='bbox 736 5628 842 5670; x_wconf 89' lang='lat' dir='ltr'><strong><em>tate</em></strong></span> <span class='ocrx_word' id='word_1_356' title='bbox 872 5616 1052 5672; x_wconf 84' lang='lat' dir='ltr'><strong><em>carnis</em></strong></span> <span class='ocrx_word' id='word_1_357' title='bbox 1083 5614 1195 5669; x_wconf 85' lang='lat' dir='ltr'><strong><em>ﬁeri</em></strong></span> <span class='ocrx_word' id='word_1_358' title='bbox 1225 5629 1326 5667; x_wconf 91' lang='lat' dir='ltr'><strong><em>non</em></strong></span> <span class='ocrx_word' id='word_1_359' title='bbox 1368 5623 1560 5681; x_wconf 88' lang='lat' dir='ltr'><strong><em>potest,</em></strong></span> <span class='ocrx_word' id='word_1_360' title='bbox 1606 5613 1726 5667; x_wconf 90' lang='lat' dir='ltr'><strong><em>ideo</em></strong></span> <span class='ocrx_word' id='word_1_361' title='bbox 1771 5613 2059 5682; x_wconf 84' lang='lat' dir='ltr'><strong><em>aliquando</em></strong></span> <span class='ocrx_word' id='word_1_362' title='bbox 2106 5630 2132 5666; x_wconf 89' lang='lat' dir='ltr'><strong><em>a</em></strong></span> <span class='ocrx_word' id='word_1_363' title='bbox 2178 5617 2313 5668; x_wconf 87' lang='lat' dir='ltr'><strong><em>sacri</em></strong></span> 
     </span>
    </p>
   </div>
   <div class='ocr_carea' id='block_1_59' title="bbox 735 5705 2314 5774">
    <p class='ocr_par' dir='ltr' id='par_1_59' title="bbox 735 5705 2314 5774">
     <span class='ocr_line' id='line_1_59' title="bbox 735 5705 2314 5774; baseline 0.001 -14"><span class='ocrx_word' id='word_1_364' title='bbox 735 5708 834 5761; x_wconf 86' lang='lat' dir='ltr'><strong><em>loci</em></strong></span> <span class='ocrx_word' id='word_1_365' title='bbox 865 5709 1108 5774; x_wconf 74' lang='lat' dir='ltr'><strong><em>ingressu</em></strong></span> <span class='ocrx_word' id='word_1_366' title='bbox 1132 5706 1506 5759; x_wconf 87' lang='lat' dir='ltr'><strong><em>abstinendum</em></strong></span> <span class='ocrx_word' id='word_1_367' title='bbox 1529 5715 1634 5770; x_wconf 74' lang='grc' dir='ltr'><strong><em>ρει,</em></strong></span> <span class='ocrx_word' id='word_1_368' title='bbox 1654 5706 1770 5772; x_wconf 73' lang='lat' dir='ltr'><strong><em>quia</em></strong></span> <span class='ocrx_word' id='word_1_369' title='bbox 1787 5705 2032 5760; x_wconf 83' lang='lat' dir='ltr'><strong><em>voluntas</em></strong></span> <span class='ocrx_word' id='word_1_370' title='bbox 2060 5706 2168 5774; x_wconf 85' lang='lat' dir='ltr'><strong><em>ipsa</em></strong></span> <span class='ocrx_word' id='word_1_371' title='bbox 2191 5720 2314 5762; x_wconf 87' lang='lat' dir='ltr'><strong><em>esse</em></strong></span> 
     </span>
    </p>
   </div>
   <div class='ocr_carea' id='block_1_60' title="bbox 736 5799 1591 5865">
    <p class='ocr_par' dir='ltr' id='par_1_60' title="bbox 736 5799 1591 5865">
     <span class='ocr_line' id='line_1_60' title="bbox 736 5799 1591 5865; baseline -0.002 -13"><span class='ocrx_word' id='word_1_372' title='bbox 736 5801 852 5852; x_wconf 79' lang='lat' dir='ltr'><strong><em>sine</em></strong></span> <span class='ocrx_word' id='word_1_373' title='bbox 883 5799 1038 5865; x_wconf 83' lang='lat' dir='ltr'><strong><em>culpa</em></strong></span> <span class='ocrx_word' id='word_1_374' title='bbox 1068 5799 1369 5850; x_wconf 87' lang='lat' dir='ltr'><strong><em>nullatenus</em></strong></span> <span class='ocrx_word' id='word_1_375' title='bbox 1398 5806 1591 5863; x_wconf 79' lang='lat' dir='ltr'><strong><em>potest.</em></strong></span> 
     </span>
    </p>
   </div>
   <div class='ocr_carea' id='block_1_61' title="bbox 968 5889 2074 5960">
    <p class='ocr_par' dir='ltr' id='par_1_61' title="bbox 968 5889 2074 5960">
     <span class='ocr_line' id='line_1_61' title="bbox 968 5889 2074 5960; baseline 0.007 -19"><span class='ocrx_word' id='word_1_376' title='bbox 968 5889 1102 5942; x_wconf 94' lang='lat' dir='ltr'><strong><em>CXI.</em></strong></span> <span class='ocrx_word' id='word_1_377' title='bbox 1131 5889 1201 5943; x_wconf 82' lang='lat' dir='ltr'><strong><em>De</em></strong></span> <span class='ocrx_word' id='word_1_378' title='bbox 1229 5891 1468 5960; x_wconf 86' lang='lat' dir='ltr'><strong><em>conjugio</em></strong></span> <span class='ocrx_word' id='word_1_379' title='bbox 1497 5891 1736 5958; x_wconf 79' lang='lat' dir='ltr'><strong><em>scriptum</em></strong></span> <span class='ocrx_word' id='word_1_380' title='bbox 1769 5905 1838 5943; x_wconf 90' lang='lat' dir='ltr'><strong><em>est</em></strong></span> <span class='ocrx_word' id='word_1_381' title='bbox 1864 5894 1914 5944; x_wconf 89' lang='lat' dir='ltr'><strong><em>in</em></strong></span> <span class='ocrx_word' id='word_1_382' title='bbox 1944 5894 2074 5960; x_wconf 67' lang='lat' dir='ltr'><strong><em>lege:</em></strong></span> 
     </span>
    </p>
   </div>
   <div class='ocr_carea' id='block_1_62' title="bbox 798 5981 2310 6054">
    <p class='ocr_par' dir='ltr' id='par_1_62' title="bbox 798 5981 2310 6054">
     <span class='ocr_line' id='line_1_62' title="bbox 798 5981 2310 6054; baseline 0.004 -22"><span class='ocrx_word' id='word_1_383' title='bbox 798 5981 857 6032; x_wconf 68' lang='lat' dir='ltr'><strong><em>Si</em></strong></span> <span class='ocrx_word' id='word_1_384' title='bbox 889 5981 1260 6053; x_wconf 73' lang='lat' dir='ltr'><strong><em>seduxeritquis</em></strong></span> <span class='ocrx_word' id='word_1_385' title='bbox 1288 5981 1530 6052; x_wconf 79' lang='lat' dir='ltr'><strong><em>virginem</em></strong></span> <span class='ocrx_word' id='word_1_386' title='bbox 1555 5983 1768 6038; x_wconf 80' lang='lat' dir='ltr'><strong><em>necdum</em></strong></span> <span class='ocrx_word' id='word_1_387' title='bbox 1785 5985 2162 6054; x_wconf 68' lang='lat' dir='ltr'><strong><em>desponsatam,</em></strong></span> <span class='ocrx_word' id='word_1_388' title='bbox 2193 5987 2310 6040; x_wconf 76' lang='lat' dir='ltr'><strong><em>dor-</em></strong></span> 
     </span>
    </p>
   </div>
   <div class='ocr_carea' id='block_1_63' title="bbox 2370 3323 3073 3406">
    <p class='ocr_par' dir='ltr' id='par_1_63' title="bbox 2370 3323 3073 3406">
     <span class='ocr_line' id='line_1_63' title="bbox 2370 3323 3073 3406; baseline 0.003 -30"><span class='ocrx_word' id='word_1_389' title='bbox 2370 3342 2415 3406; x_wconf 80' lang='lat' dir='ltr'><strong><em>C</em></strong></span> <span class='ocrx_word' id='word_1_390' title='bbox 2447 3335 2712 3376; x_wconf 88' lang='lat' dir='ltr'><strong><em>consensu</em></strong></span> <span class='ocrx_word' id='word_1_391' title='bbox 2736 3323 3016 3378; x_wconf 88' lang='lat' dir='ltr'><strong><em>amborum</em></strong></span> <span class='ocrx_word' id='word_1_392' title='bbox 3061 3343 3073 3378; x_wconf 88' lang='lat'>:</span> 
     </span>
    </p>
   </div>
   <div class='ocr_carea' id='block_1_64' title="bbox 2455 722 2814 796">
    <p class='ocr_par' dir='ltr' id='par_1_64' title="bbox 2455 722 2814 796">
     <span class='ocr_line' id='line_1_64' title="bbox 2455 722 2814 796; baseline 0.003 -21"><span class='ocrx_word' id='word_1_393' title='bbox 2455 722 2651 793; x_wconf 75' lang='lat' dir='ltr'><strong><em>(Exod.</em></strong></span> <span class='ocrx_word' id='word_1_394' title='bbox 2684 725 2814 796; x_wconf 68' lang='lat' dir='ltr'><strong><em>ut).</em></strong></span> 
     </span>
    </p>
   </div>
   <div class='ocr_carea' id='block_1_65' title="bbox 2882 796 3589 867">
    <p class='ocr_par' dir='ltr' id='par_1_65' title="bbox 2882 796 3589 867">
     <span class='ocr_line' id='line_1_65' title="bbox 2882 796 3589 867; baseline 0.004 -17"><span class='ocrx_word' id='word_1_395' title='bbox 2882 796 3041 850; x_wconf 91' lang='lat' dir='ltr'><strong><em>CXII.</em></strong></span> <span class='ocrx_word' id='word_1_396' title='bbox 3072 799 3386 867; x_wconf 83' lang='lat' dir='ltr'><strong><em>Augustinus</em></strong></span> <span class='ocrx_word' id='word_1_397' title='bbox 3415 800 3537 853; x_wconf 83' lang='lat' dir='ltr'><strong><em>dicit</em></strong></span> <span class='ocrx_word' id='word_1_398' title='bbox 3570 815 3589 853; x_wconf 88' lang='lat'><strong><em>:</em></strong></span> 
     </span>
    </p>
   </div>
   <div class='ocr_carea' id='block_1_66' title="bbox 2525 887 4016 963">
    <p class='ocr_par' dir='ltr' id='par_1_66' title="bbox 2525 887 4016 963">
     <span class='ocr_line' id='line_1_66' title="bbox 2525 887 4016 963; baseline 0.005 -24"><span class='ocrx_word' id='word_1_399' title='bbox 2525 887 2623 954; x_wconf 89' lang='lat' dir='ltr'><strong><em>Qui</em></strong></span> <span class='ocrx_word' id='word_1_400' title='bbox 2665 902 2889 942; x_wconf 80' lang='lat' dir='ltr'><strong><em>uxorem</em></strong></span> <span class='ocrx_word' id='word_1_401' title='bbox 2931 898 3079 956; x_wconf 79' lang='lat' dir='ltr'><strong><em>aptat</em></strong></span> <span class='ocrx_word' id='word_1_402' title='bbox 3108 891 3373 959; x_wconf 87' lang='lat' dir='ltr'><strong><em>accipere,</em></strong></span> <span class='ocrx_word' id='word_1_403' title='bbox 3416 893 3552 946; x_wconf 90' lang='lat' dir='ltr'><strong><em>sicut</em></strong></span> <span class='ocrx_word' id='word_1_404' title='bbox 3581 891 3725 946; x_wconf 89' lang='lat' dir='ltr'><strong><em>illam</em></strong></span> <span class='ocrx_word' id='word_1_405' title='bbox 3775 894 4016 963; x_wconf 74' lang='lat' dir='ltr'><strong><em>virginem</em></strong></span> 
     </span>
    </p>
   </div>
   <div class='ocr_carea' id='block_1_67' title="bbox 2452 981 4007 1056">
    <p class='ocr_par' dir='ltr' id='par_1_67' title="bbox 2452 981 4007 1056">
     <span class='ocr_line' id='line_1_67' title="bbox 2452 981 4007 1056; baseline 0.003 -22"><span class='ocrx_word' id='word_1_406' title='bbox 2452 981 2692 1036; x_wconf 80' lang='lat' dir='ltr'><strong><em>invenire</em></strong></span> <span class='ocrx_word' id='word_1_407' title='bbox 2722 981 3008 1047; x_wconf 66' lang='lat' dir='ltr'><strong><em>deside-rat,</em></strong></span> <span class='ocrx_word' id='word_1_408' title='bbox 3041 983 3111 1036; x_wconf 89' lang='lat' dir='ltr'><strong><em>ita</em></strong></span> <span class='ocrx_word' id='word_1_409' title='bbox 3141 993 3193 1038; x_wconf 90' lang='lat' dir='ltr'><strong><em>ct</em></strong></span> <span class='ocrx_word' id='word_1_410' title='bbox 3224 984 3337 1052; x_wconf 86' lang='lat' dir='ltr'><strong><em>ipse</em></strong></span> <span class='ocrx_word' id='word_1_411' title='bbox 3367 1000 3534 1055; x_wconf 88' lang='lat' dir='ltr'><strong><em>usque</em></strong></span> <span class='ocrx_word' id='word_1_412' title='bbox 3555 985 3620 1040; x_wconf 85' lang='lat' dir='ltr'><strong><em>ad</em></strong></span> <span class='ocrx_word' id='word_1_413' title='bbox 3643 987 3859 1056; x_wconf 89' lang='lat' dir='ltr'><strong><em>nuptias</em></strong></span> <span class='ocrx_word' id='word_1_414' title='bbox 3883 991 4007 1055; x_wconf 73' lang='lat' dir='ltr'><strong><em>virgi</em></strong></span> 
     </span>
    </p>
   </div>
   <div class='ocr_carea' id='block_1_68' title="bbox 2451 1075 2983 1129">
    <p class='ocr_par' dir='ltr' id='par_1_68' title="bbox 2451 1075 2983 1129">
     <span class='ocr_line' id='line_1_68' title="bbox 2451 1075 2983 1129; baseline 0.002 -1"><span class='ocrx_word' id='word_1_415' title='bbox 2451 1077 2670 1128; x_wconf 77' lang='lat' dir='ltr'><strong><em>nitatem</em></strong></span> <span class='ocrx_word' id='word_1_416' title='bbox 2699 1075 2983 1129; x_wconf 80' lang='lat' dir='ltr'><strong><em>custodiat.</em></strong></span> 
     </span>
    </p>
   </div>
   <div class='ocr_carea' id='block_1_69' title="bbox 2770 1166 3687 1237">
    <p class='ocr_par' dir='ltr' id='par_1_69' title="bbox 2770 1166 3687 1237">
     <span class='ocr_line' id='line_1_69' title="bbox 2770 1166 3687 1237; baseline 0.004 -17"><span class='ocrx_word' id='word_1_417' title='bbox 2770 1166 2950 1220; x_wconf 88' lang='lat' dir='ltr'><strong><em>CXIII.</em></strong></span> <span class='ocrx_word' id='word_1_418' title='bbox 2982 1167 3223 1237; x_wconf 81' lang='lat' dir='ltr'><strong><em>Synodus</em></strong></span> <span class='ocrx_word' id='word_1_419' title='bbox 3260 1168 3492 1222; x_wconf 87' lang='lat' dir='ltr'><strong><em>Romana</em></strong></span> <span class='ocrx_word' id='word_1_420' title='bbox 3519 1169 3639 1222; x_wconf 90' lang='lat' dir='ltr'><strong><em>dicit</em></strong></span> <span class='ocrx_word' id='word_1_421' title='bbox 3668 1185 3687 1224; x_wconf 90' lang='lat'><strong><em>:</em></strong></span> 
     </span>
    </p>
   </div>
   <div class='ocr_carea' id='block_1_70' title="bbox 2525 1258 4024 1333">
    <p class='ocr_par' dir='ltr' id='par_1_70' title="bbox 2525 1258 4024 1333">
     <span class='ocr_line' id='line_1_70' title="bbox 2525 1258 4024 1333; baseline 0.002 -21"><span class='ocrx_word' id='word_1_422' title='bbox 2525 1258 2640 1313; x_wconf 82' lang='lat' dir='ltr'><strong><em>Filii</em></strong></span> <span class='ocrx_word' id='word_1_423' title='bbox 2672 1274 2792 1314; x_wconf 90' lang='lat' dir='ltr'><strong><em>cum</em></strong></span> <span class='ocrx_word' id='word_1_424' title='bbox 2822 1260 2888 1313; x_wconf 87' lang='lat' dir='ltr'><strong><em>ad</em></strong></span> <span class='ocrx_word' id='word_1_425' title='bbox 2935 1275 3102 1316; x_wconf 89' lang='lat' dir='ltr'><strong><em>annos</em></strong></span> <span class='ocrx_word' id='word_1_426' title='bbox 3135 1263 3428 1330; x_wconf 88' lang='lat' dir='ltr'><strong><em>pubertatis</em></strong></span> <span class='ocrx_word' id='word_1_427' title='bbox 3470 1261 3733 1330; x_wconf 85' lang='lat' dir='ltr'><strong><em>venerint,</em></strong></span> <span class='ocrx_word' id='word_1_428' title='bbox 3782 1273 4024 1333; x_wconf 76' lang='lat' dir='ltr'><strong><em>cogantur</em></strong></span> 
     </span>
    </p>
   </div>
   <div class='ocr_carea' id='block_1_71' title="bbox 2454 1353 4024 1424">
    <p class='ocr_par' dir='ltr' id='par_1_71' title="bbox 2454 1353 4024 1424">
     <span class='ocr_line' id='line_1_71' title="bbox 2454 1353 4024 1424; baseline 0.004 -22"><span class='ocrx_word' id='word_1_429' title='bbox 2454 1359 2544 1404; x_wconf 87' lang='lat' dir='ltr'><strong><em>aut</em></strong></span> <span class='ocrx_word' id='word_1_430' title='bbox 2570 1368 2763 1407; x_wconf 75' lang='lat' dir='ltr'><strong><em>uxores</em></strong></span> <span class='ocrx_word' id='word_1_431' title='bbox 2793 1353 3009 1416; x_wconf 88' lang='lat' dir='ltr'><strong><em>ducere,</em></strong></span> <span class='ocrx_word' id='word_1_432' title='bbox 3050 1365 3141 1407; x_wconf 89' lang='lat' dir='ltr'><strong><em>aut</em></strong></span> <span class='ocrx_word' id='word_1_433' title='bbox 3169 1357 3547 1410; x_wconf 89' lang='lat' dir='ltr'><strong><em>continentiam</em></strong></span> <span class='ocrx_word' id='word_1_434' title='bbox 3592 1357 3851 1424; x_wconf 87' lang='lat' dir='ltr'><strong><em>protiteri,</em></strong></span> <span class='ocrx_word' id='word_1_435' title='bbox 3883 1361 3956 1410; x_wconf 83' lang='lat' dir='ltr'><strong><em>sic</em></strong></span> <span class='ocrx_word' id='word_1_436' title='bbox 3980 1368 4024 1411; x_wconf 77' lang='lat' dir='ltr'><strong><em>ct</em></strong></span> 
     </span>
    </p>
   </div>
   <div class='ocr_carea' id='block_1_72' title="bbox 2454 1443 3930 1515">
    <p class='ocr_par' dir='ltr' id='par_1_72' title="bbox 2454 1443 3930 1515">
     <span class='ocr_line' id='line_1_72' title="bbox 2454 1443 3930 1515; baseline 0.005 -21"><span class='ocrx_word' id='word_1_437' title='bbox 2454 1443 2576 1496; x_wconf 74' lang='lat' dir='ltr'><strong><em>lilia:</em></strong></span> <span class='ocrx_word' id='word_1_438' title='bbox 2605 1444 2791 1498; x_wconf 88' lang='lat' dir='ltr'><strong><em>eadem</em></strong></span> <span class='ocrx_word' id='word_1_439' title='bbox 2816 1455 2974 1498; x_wconf 69' lang='lat' dir='ltr'><strong><em>mtate</em></strong></span> <span class='ocrx_word' id='word_1_440' title='bbox 2995 1446 3189 1499; x_wconf 86' lang='lat' dir='ltr'><strong><em>debent</em></strong></span> <span class='ocrx_word' id='word_1_441' title='bbox 3218 1447 3462 1501; x_wconf 83' lang='lat' dir='ltr'><strong><em>eamdem</em></strong></span> <span class='ocrx_word' id='word_1_442' title='bbox 3485 1447 3653 1515; x_wconf 81' lang='lat' dir='ltr'><strong><em>legem</em></strong></span> <span class='ocrx_word' id='word_1_443' title='bbox 3686 1464 3930 1504; x_wconf 84' lang='lat' dir='ltr'><strong><em>servare.</em></strong></span> 
     </span>
    </p>
   </div>
   <div class='ocr_carea' id='block_1_73' title="bbox 2813 1538 3684 1606">
    <p class='ocr_par' dir='ltr' id='par_1_73' title="bbox 2813 1538 3684 1606">
     <span class='ocr_line' id='line_1_73' title="bbox 2813 1538 3684 1606; baseline 0.006 -15"><span class='ocrx_word' id='word_1_444' title='bbox 2813 1538 2993 1594; x_wconf 84' lang='lat' dir='ltr'><strong><em>CXIV.</em></strong></span> <span class='ocrx_word' id='word_1_445' title='bbox 3026 1539 3224 1593; x_wconf 85' lang='lat' dir='ltr'><strong><em>Paulus</em></strong></span> <span class='ocrx_word' id='word_1_446' title='bbox 3245 1543 3503 1606; x_wconf 83' lang='lat' dir='ltr'><strong><em>apostolus</em></strong></span> <span class='ocrx_word' id='word_1_447' title='bbox 3521 1543 3639 1595; x_wconf 89' lang='lat' dir='ltr'><strong><em>dicit</em></strong></span> <span class='ocrx_word' id='word_1_448' title='bbox 3663 1559 3684 1596; x_wconf 90' lang='lat'><strong><em>:</em></strong></span> 
     </span>
    </p>
   </div>
   <div class='ocr_carea' id='block_1_74' title="bbox 2523 1625 4024 1703">
    <p class='ocr_par' dir='ltr' id='par_1_74' title="bbox 2523 1625 4024 1703">
     <span class='ocr_line' id='line_1_74' title="bbox 2523 1625 4024 1703; baseline 0.005 -25"><span class='ocrx_word' id='word_1_449' title='bbox 2523 1625 2743 1696; x_wconf 80' lang='lat' dir='ltr'><strong><em>PrOpter</em></strong></span> <span class='ocrx_word' id='word_1_450' title='bbox 2791 1629 3180 1696; x_wconf 81' lang='lat' dir='ltr'><strong><em>fornicationem</em></strong></span> <span class='ocrx_word' id='word_1_451' title='bbox 3211 1635 3556 1699; x_wconf 79' lang='lat' dir='ltr'><strong><em>unusquisque</em></strong></span> <span class='ocrx_word' id='word_1_452' title='bbox 3598 1649 3742 1686; x_wconf 88' lang='lat' dir='ltr'><strong><em>suam</em></strong></span> <span class='ocrx_word' id='word_1_453' title='bbox 3784 1637 4024 1703; x_wconf 68' lang='lat' dir='ltr'><strong><em>proprium</em></strong></span> 
     </span>
    </p>
   </div>
   <div class='ocr_carea' id='block_1_75' title="bbox 2454 1719 4022 1793">
    <p class='ocr_par' dir='ltr' id='par_1_75' title="bbox 2454 1719 4022 1793">
     <span class='ocr_line' id='line_1_75' title="bbox 2454 1719 4022 1793; baseline 0.004 -23"><span class='ocrx_word' id='word_1_454' title='bbox 2454 1733 2666 1770; x_wconf 70' lang='lat' dir='ltr'><strong><em>uxorem</em></strong></span> <span class='ocrx_word' id='word_1_455' title='bbox 2691 1719 2892 1785; x_wconf 79' lang='lat' dir='ltr'><strong><em>habeat,</em></strong></span> <span class='ocrx_word' id='word_1_456' title='bbox 2916 1728 2963 1771; x_wconf 89' lang='lat' dir='ltr'><strong><em>et</em></strong></span> <span class='ocrx_word' id='word_1_457' title='bbox 2989 1735 3303 1788; x_wconf 75' lang='lat' dir='ltr'><strong><em>unaqquue</em></strong></span> <span class='ocrx_word' id='word_1_458' title='bbox 3327 1725 3490 1774; x_wconf 80' lang='lat' dir='ltr'><strong><em>virum</em></strong></span> <span class='ocrx_word' id='word_1_459' title='bbox 3515 1741 3662 1776; x_wconf 88' lang='lat' dir='ltr'><strong><em>suum</em></strong></span> <span class='ocrx_word' id='word_1_460' title='bbox 3691 1723 3739 1793; x_wconf 87' lang='lat' dir='ltr'><strong><em>(I</em></strong></span> <span class='ocrx_word' id='word_1_461' title='bbox 3772 1727 3891 1779; x_wconf 82' lang='lat' dir='ltr'><strong><em>Cor.</em></strong></span> <span class='ocrx_word' id='word_1_462' title='bbox 3923 1735 4022 1779; x_wconf 77' lang='lat' dir='ltr'><strong><em>vni.</em></strong></span> 
     </span>
    </p>
   </div>
   <div class='ocr_carea' id='block_1_76' title="bbox 2453 1807 4024 1886">
    <p class='ocr_par' dir='ltr' id='par_1_76' title="bbox 2453 1807 4024 1886">
     <span class='ocr_line' id='line_1_76' title="bbox 2453 1807 4024 1886; baseline 0.009 -27"><span class='ocrx_word' id='word_1_463' title='bbox 2453 1807 2776 1874; x_wconf 78' lang='lat' dir='ltr'><strong><em>Legitimum</em></strong></span> <span class='ocrx_word' id='word_1_464' title='bbox 2800 1824 3012 1877; x_wconf 80' lang='lat' dir='ltr'><strong><em>qunque</em></strong></span> <span class='ocrx_word' id='word_1_465' title='bbox 3029 1811 3334 1882; x_wconf 73' lang='lat' dir='ltr'><strong><em>COIIjllglllm</em></strong></span> <span class='ocrx_word' id='word_1_466' title='bbox 3365 1814 3538 1867; x_wconf 86' lang='lat' dir='ltr'><strong><em>nullus</em></strong></span> <span class='ocrx_word' id='word_1_467' title='bbox 3560 1831 3814 1884; x_wconf 79' lang='lat' dir='ltr'><strong><em>separare</em></strong></span> <span class='ocrx_word' id='word_1_468' title='bbox 3844 1836 4024 1886; x_wconf 69' lang='lat' dir='ltr'><strong><em>pursu-</em></strong></span> 
     </span>
    </p>
   </div>
   <div class='ocr_carea' id='block_1_77' title="bbox 2455 1897 3963 1978">
    <p class='ocr_par' dir='ltr' id='par_1_77' title="bbox 2455 1897 3963 1978">
     <span class='ocr_line' id='line_1_77' title="bbox 2455 1897 3963 1978; baseline 0.011 -28"><span class='ocrx_word' id='word_1_469' title='bbox 2455 1906 2564 1950; x_wconf 87' lang='lat' dir='ltr'><strong><em>tnat.</em></strong></span> <span class='ocrx_word' id='word_1_470' title='bbox 2589 1913 2604 1951; x_wconf 88' lang='lat'>:</span> <span class='ocrx_word' id='word_1_471' title='bbox 2639 1897 2791 1962; x_wconf 80' lang='lat' dir='ltr'><strong><em>Quod</em></strong></span> <span class='ocrx_word' id='word_1_472' title='bbox 2814 1916 2933 1969; x_wconf 84' lang='lat' dir='ltr'><strong><em>ergo</em></strong></span> <span class='ocrx_word' id='word_1_473' title='bbox 2964 1900 3101 1953; x_wconf 87' lang='lat' dir='ltr'><strong><em>Deus</em></strong></span> <span class='ocrx_word' id='word_1_474' title='bbox 3123 1905 3410 1970; x_wconf 77' lang='lat' dir='ltr'><strong><em>conjunxit,</em></strong></span> <span class='ocrx_word' id='word_1_475' title='bbox 3442 1904 3592 1958; x_wconf 79' lang='lat' dir='ltr'><strong><em>homo</em></strong></span> <span class='ocrx_word' id='word_1_476' title='bbox 3618 1923 3719 1960; x_wconf 87' lang='lat' dir='ltr'><strong><em>non</em></strong></span> <span class='ocrx_word' id='word_1_477' title='bbox 3748 1922 3963 1978; x_wconf 83' lang='lat' dir='ltr'><strong><em>separet.</em></strong></span> 
     </span>
    </p>
   </div>
   <div class='ocr_carea' id='block_1_78' title="bbox 2953 1990 3541 2050">
    <p class='ocr_par' dir='ltr' id='par_1_78' title="bbox 2953 1990 3541 2050">
     <span class='ocr_line' id='line_1_78' title="bbox 2953 1990 3541 2050; baseline 0.01 -6"><span class='ocrx_word' id='word_1_478' title='bbox 2953 1990 3113 2044; x_wconf 88' lang='lat' dir='ltr'><strong><em>CXV.</em></strong></span> <span class='ocrx_word' id='word_1_479' title='bbox 3143 1990 3345 2047; x_wconf 78' lang='lat' dir='ltr'><strong><em>Paulus</em></strong></span> <span class='ocrx_word' id='word_1_480' title='bbox 3373 1995 3494 2047; x_wconf 82' lang='lat' dir='ltr'><strong><em>dicit</em></strong></span> <span class='ocrx_word' id='word_1_481' title='bbox 3521 2011 3541 2050; x_wconf 84' lang='lat'><strong><em>.&#39;</em></strong></span> 
     </span>
    </p>
   </div>
   <div class='ocr_carea' id='block_1_79' title="bbox 2524 2080 4026 2158">
    <p class='ocr_par' dir='ltr' id='par_1_79' title="bbox 2524 2080 4026 2158">
     <span class='ocr_line' id='line_1_79' title="bbox 2524 2080 4026 2158; baseline 0.007 -25"><span class='ocrx_word' id='word_1_482' title='bbox 2524 2080 2715 2133; x_wconf 80' lang='lat' dir='ltr'><strong><em>Mulier</em></strong></span> <span class='ocrx_word' id='word_1_483' title='bbox 2741 2081 2822 2134; x_wconf 87' lang='lat' dir='ltr'><strong><em>sui</em></strong></span> <span class='ocrx_word' id='word_1_484' title='bbox 2867 2082 3094 2151; x_wconf 85' lang='lat' dir='ltr'><strong><em>corporis</em></strong></span> <span class='ocrx_word' id='word_1_485' title='bbox 3128 2094 3419 2150; x_wconf 85' lang='lat' dir='ltr'><strong><em>patestatem</em></strong></span> <span class='ocrx_word' id='word_1_486' title='bbox 3459 2104 3557 2140; x_wconf 89' lang='lat' dir='ltr'><strong><em>non</em></strong></span> <span class='ocrx_word' id='word_1_487' title='bbox 3599 2090 3771 2158; x_wconf 77' lang='lat' dir='ltr'><strong><em>habet,</em></strong></span> <span class='ocrx_word' id='word_1_488' title='bbox 3815 2094 3903 2145; x_wconf 85' lang='lat' dir='ltr'><strong><em>sed</em></strong></span> <span class='ocrx_word' id='word_1_489' title='bbox 3928 2093 4026 2152; x_wconf 58' lang='grc' dir='ltr'><strong><em>εἴη</em></strong></span> 
     </span>
    </p>
   </div>
   <div class='ocr_carea' id='block_1_80' title="bbox 2449 2173 4027 2250">
    <p class='ocr_par' dir='ltr' id='par_1_80' title="bbox 2449 2173 4027 2250">
     <span class='ocr_line' id='line_1_80' title="bbox 2449 2173 4027 2250; baseline 0.005 -26"><span class='ocrx_word' id='word_1_490' title='bbox 2449 2173 2683 2225; x_wconf 85' lang='lat' dir='ltr'><strong><em>similiter</em></strong></span> <span class='ocrx_word' id='word_1_491' title='bbox 2721 2182 2766 2224; x_wconf 91' lang='lat' dir='ltr'><strong><em>et</em></strong></span> <span class='ocrx_word' id='word_1_492' title='bbox 2795 2174 2870 2225; x_wconf 82' lang='lat' dir='ltr'><strong><em>vir</em></strong></span> <span class='ocrx_word' id='word_1_493' title='bbox 2900 2175 2978 2226; x_wconf 87' lang='lat' dir='ltr'><strong><em>sui</em></strong></span> <span class='ocrx_word' id='word_1_494' title='bbox 3006 2176 3232 2242; x_wconf 86' lang='lat' dir='ltr'><strong><em>corporis</em></strong></span> <span class='ocrx_word' id='word_1_495' title='bbox 3263 2187 3558 2244; x_wconf 87' lang='lat' dir='ltr'><strong><em>potestatem</em></strong></span> <span class='ocrx_word' id='word_1_496' title='bbox 3603 2197 3704 2233; x_wconf 86' lang='lat' dir='ltr'><strong><em>non</em></strong></span> <span class='ocrx_word' id='word_1_497' title='bbox 3747 2184 3920 2250; x_wconf 72' lang='lat' dir='ltr'><strong><em>habet,</em></strong></span> <span class='ocrx_word' id='word_1_498' title='bbox 3951 2187 4027 2236; x_wconf 75' lang='lat' dir='ltr'><strong><em>sed</em></strong></span> 
     </span>
    </p>
   </div>
   <div class='ocr_carea' id='block_1_81' title="bbox 2451 2263 3037 2334">
    <p class='ocr_par' dir='ltr' id='par_1_81' title="bbox 2451 2263 3037 2334">
     <span class='ocr_line' id='line_1_81' title="bbox 2451 2263 3037 2334; baseline 0.012 -20"><span class='ocrx_word' id='word_1_499' title='bbox 2451 2267 2631 2317; x_wconf 71' lang='lat' dir='ltr'><strong><em>mulier</em></strong></span> <span class='ocrx_word' id='word_1_500' title='bbox 2656 2263 2707 2334; x_wconf 92' lang='lat' dir='ltr'><strong><em>(I</em></strong></span> <span class='ocrx_word' id='word_1_501' title='bbox 2732 2265 2851 2322; x_wconf 85' lang='lat' dir='ltr'><strong><em>Cor.</em></strong></span> <span class='ocrx_word' id='word_1_502' title='bbox 2882 2270 3037 2332; x_wconf 77' lang='lat' dir='ltr'><strong><em>xv&quot;).</em></strong></span> 
     </span>
    </p>
   </div>
   <div class='ocr_carea' id='block_1_82' title="bbox 2908 2357 3540 2428">
    <p class='ocr_par' dir='ltr' id='par_1_82' title="bbox 2908 2357 3540 2428">
     <span class='ocr_line' id='line_1_82' title="bbox 2908 2357 3540 2428; baseline 0.005 -15"><span class='ocrx_word' id='word_1_503' title='bbox 2908 2358 2948 2413; x_wconf 90' lang='lat' dir='ltr'><strong><em>C</em></strong></span> <span class='ocrx_word' id='word_1_504' title='bbox 2959 2358 2996 2411; x_wconf 82' lang='grc' dir='ltr'><strong>Χ</strong></span> <span class='ocrx_word' id='word_1_505' title='bbox 3010 2357 3093 2412; x_wconf 87' lang='lat' dir='ltr'><strong><em>Vl.</em></strong></span> <span class='ocrx_word' id='word_1_506' title='bbox 3128 2358 3366 2428; x_wconf 84' lang='lat' dir='ltr'><strong><em>Synodus</em></strong></span> <span class='ocrx_word' id='word_1_507' title='bbox 3379 2362 3498 2415; x_wconf 89' lang='lat' dir='ltr'><strong><em>dicit</em></strong></span> <span class='ocrx_word' id='word_1_508' title='bbox 3520 2377 3540 2416; x_wconf 82' lang='lat'><strong><em>.°</em></strong></span> 
     </span>
    </p>
   </div>
   <div class='ocr_carea' id='block_1_83' title="bbox 2517 2445 4028 2523">
    <p class='ocr_par' dir='ltr' id='par_1_83' title="bbox 2517 2445 4028 2523">
     <span class='ocr_line' id='line_1_83' title="bbox 2517 2445 4028 2523; baseline 0.009 -24"><span class='ocrx_word' id='word_1_509' title='bbox 2517 2445 2733 2502; x_wconf 68' lang='lat' dir='ltr'><strong><em>bluliere</em></strong></span> <span class='ocrx_word' id='word_1_510' title='bbox 2754 2458 2999 2514; x_wconf 81' lang='lat' dir='ltr'><strong><em>mortua,</em></strong></span> <span class='ocrx_word' id='word_1_511' title='bbox 3054 2449 3176 2504; x_wconf 88' lang='lat' dir='ltr'><strong><em>licet</em></strong></span> <span class='ocrx_word' id='word_1_512' title='bbox 3203 2453 3316 2504; x_wconf 86' lang='lat' dir='ltr'><strong><em>viro</em></strong></span> <span class='ocrx_word' id='word_1_513' title='bbox 3362 2462 3482 2519; x_wconf 83' lang='lat' dir='ltr'><strong><em>post</em></strong></span> <span class='ocrx_word' id='word_1_514' title='bbox 3507 2469 3744 2509; x_wconf 90' lang='lat' dir='ltr'><strong><em>mensem</em></strong></span> <span class='ocrx_word' id='word_1_515' title='bbox 3792 2459 4028 2523; x_wconf 80' lang='lat' dir='ltr'><strong><em>accipere</em></strong></span> 
     </span>
    </p>
   </div>
   <div class='ocr_carea' id='block_1_84' title="bbox 2450 2537 4027 2620">
    <p class='ocr_par' dir='ltr' id='par_1_84' title="bbox 2450 2537 4027 2620">
     <span class='ocr_line' id='line_1_84' title="bbox 2450 2537 4027 2620; baseline 0.011 -30"><span class='ocrx_word' id='word_1_516' title='bbox 2450 2537 2668 2592; x_wconf 86' lang='lat' dir='ltr'><strong><em>alteram</em></strong></span> <span class='ocrx_word' id='word_1_517' title='bbox 2699 2556 2713 2592; x_wconf 92' lang='lat'>:</span> <span class='ocrx_word' id='word_1_518' title='bbox 2740 2550 2859 2608; x_wconf 87' lang='lat' dir='ltr'><strong><em>post</em></strong></span> <span class='ocrx_word' id='word_1_519' title='bbox 2883 2557 3081 2595; x_wconf 91' lang='lat' dir='ltr'><strong><em>annum</em></strong></span> <span class='ocrx_word' id='word_1_520' title='bbox 3099 2558 3227 2598; x_wconf 88' lang='lat' dir='ltr'><strong><em>vero</em></strong></span> <span class='ocrx_word' id='word_1_521' title='bbox 3257 2544 3378 2598; x_wconf 88' lang='lat' dir='ltr'><strong><em>licet.</em></strong></span> <span class='ocrx_word' id='word_1_522' title='bbox 3399 2547 3605 2602; x_wconf 89' lang='lat' dir='ltr'><strong><em>mulieri</em></strong></span> <span class='ocrx_word' id='word_1_523' title='bbox 3631 2550 3876 2620; x_wconf 83' lang='lat' dir='ltr'><strong><em>accipere</em></strong></span> <span class='ocrx_word' id='word_1_524' title='bbox 3905 2556 4027 2606; x_wconf 88' lang='lat' dir='ltr'><strong><em>alte-</em></strong></span> 
     </span>
    </p>
   </div>
   <div class='ocr_carea' id='block_1_85' title="bbox 2449 2632 2783 2684">
    <p class='ocr_par' dir='ltr' id='par_1_85' title="bbox 2449 2632 2783 2684">
     <span class='ocr_line' id='line_1_85' title="bbox 2449 2632 2783 2684; baseline 0.006 -2"><span class='ocrx_word' id='word_1_525' title='bbox 2449 2645 2566 2683; x_wconf 88' lang='lat' dir='ltr'><strong><em>rum</em></strong></span> <span class='ocrx_word' id='word_1_526' title='bbox 2590 2632 2783 2684; x_wconf 85' lang='lat' dir='ltr'><strong><em>virum.</em></strong></span> 
     </span>
    </p>
   </div>
   <div class='ocr_carea' id='block_1_86' title="bbox 2811 2700 3710 2776">
    <p class='ocr_par' dir='ltr' id='par_1_86' title="bbox 2811 2700 3710 2776">
     <span class='ocr_line' id='line_1_86' title="bbox 2811 2700 3710 2776; baseline 0.011 -21"><span class='ocrx_word' id='word_1_527' title='bbox 2811 2700 3016 2756; x_wconf 83' lang='lat' dir='ltr'><strong><em>CXVII.</em></strong></span> <span class='ocrx_word' id='word_1_528' title='bbox 3044 2703 3243 2759; x_wconf 84' lang='lat' dir='ltr'><strong><em>Paulus</em></strong></span> <span class='ocrx_word' id='word_1_529' title='bbox 3269 2707 3531 2776; x_wconf 83' lang='lat' dir='ltr'><strong><em>apostolus</em></strong></span> <span class='ocrx_word' id='word_1_530' title='bbox 3552 2710 3674 2764; x_wconf 89' lang='lat' dir='ltr'><strong><em>dicit</em></strong></span> <span class='ocrx_word' id='word_1_531' title='bbox 3697 2752 3710 2765; x_wconf 94' lang='lat'><strong><em>.</em></strong></span> 
     </span>
    </p>
   </div>
   <div class='ocr_carea' id='block_1_87' title="bbox 2519 2788 4024 2875">
    <p class='ocr_par' dir='ltr' id='par_1_87' title="bbox 2519 2788 4024 2875">
     <span class='ocr_line' id='line_1_87' title="bbox 2519 2788 4024 2875; baseline 0.011 -33"><span class='ocrx_word' id='word_1_532' title='bbox 2519 2788 2709 2844; x_wconf 77' lang='lat' dir='ltr'><strong><em>Mulier</em></strong></span> <span class='ocrx_word' id='word_1_533' title='bbox 2726 2792 2940 2864; x_wconf 87' lang='lat' dir='ltr'><strong><em>alligata</em></strong></span> <span class='ocrx_word' id='word_1_534' title='bbox 2960 2806 3032 2849; x_wconf 81' lang='lat' dir='ltr'><strong><em>est</em></strong></span> <span class='ocrx_word' id='word_1_535' title='bbox 3054 2796 3174 2867; x_wconf 89' lang='lat' dir='ltr'><strong><em>legi,</em></strong></span> <span class='ocrx_word' id='word_1_536' title='bbox 3199 2808 3391 2866; x_wconf 87' lang='lat' dir='ltr'><strong><em>quanto</em></strong></span> <span class='ocrx_word' id='word_1_537' title='bbox 3418 2810 3642 2869; x_wconf 86' lang='lat' dir='ltr'><strong><em>tempore</em></strong></span> <span class='ocrx_word' id='word_1_538' title='bbox 3658 2805 3777 2856; x_wconf 81' lang='lat' dir='ltr'><strong><em>vivit</em></strong></span> <span class='ocrx_word' id='word_1_539' title='bbox 3801 2805 3878 2857; x_wconf 73' lang='lat' dir='ltr'><strong><em>vir</em></strong></span> <span class='ocrx_word' id='word_1_540' title='bbox 3899 2809 4024 2875; x_wconf 81' lang='lat' dir='ltr'><strong><em>ejus.</em></strong></span> 
     </span>
    </p>
   </div>
   <div class='ocr_carea' id='block_1_88' title="bbox 2449 2880 4028 2959">
    <p class='ocr_par' dir='ltr' id='par_1_88' title="bbox 2449 2880 4028 2959">
     <span class='ocr_line' id='line_1_88' title="bbox 2449 2880 4028 2959; baseline 0.01 -26"><span class='ocrx_word' id='word_1_541' title='bbox 2449 2880 2600 2948; x_wconf 85' lang='lat' dir='ltr'><strong><em>Quod</em></strong></span> <span class='ocrx_word' id='word_1_542' title='bbox 2629 2884 2673 2936; x_wconf 83' lang='lat' dir='ltr'><strong><em>si</em></strong></span> <span class='ocrx_word' id='word_1_543' title='bbox 2699 2883 2960 2938; x_wconf 88' lang='lat' dir='ltr'><strong><em>dormierit</em></strong></span> <span class='ocrx_word' id='word_1_544' title='bbox 2987 2887 3061 2939; x_wconf 74' lang='lat' dir='ltr'><strong><em>vir</em></strong></span> <span class='ocrx_word' id='word_1_545' title='bbox 3088 2891 3218 2957; x_wconf 86' lang='lat' dir='ltr'><strong><em>ejus,</em></strong></span> <span class='ocrx_word' id='word_1_546' title='bbox 3252 2891 3464 2944; x_wconf 88' lang='lat' dir='ltr'><strong><em>liberata</em></strong></span> <span class='ocrx_word' id='word_1_547' title='bbox 3490 2901 3582 2957; x_wconf 88' lang='lat' dir='ltr'><strong><em>est,</em></strong></span> <span class='ocrx_word' id='word_1_548' title='bbox 3615 2896 3696 2947; x_wconf 88' lang='lat' dir='ltr'><strong><em>cui</em></strong></span> <span class='ocrx_word' id='word_1_549' title='bbox 3725 2898 3829 2950; x_wconf 79' lang='lat' dir='ltr'><strong><em>vult</em></strong></span> <span class='ocrx_word' id='word_1_550' title='bbox 3858 2901 4028 2959; x_wconf 81' lang='lat' dir='ltr'><strong><em>nubat,</em></strong></span> 
     </span>
    </p>
   </div>
   <div class='ocr_carea' id='block_1_89' title="bbox 2447 2975 4033 3057">
    <p class='ocr_par' dir='ltr' id='par_1_89' title="bbox 2447 2975 4033 3057">
     <span class='ocr_line' id='line_1_89' title="bbox 2447 2975 4033 3057; baseline 0.013 -32"><span class='ocrx_word' id='word_1_551' title='bbox 2447 2983 2646 3027; x_wconf 88' lang='lat' dir='ltr'><strong><em>tantum</em></strong></span> <span class='ocrx_word' id='word_1_552' title='bbox 2680 2975 2732 3029; x_wconf 88' lang='lat' dir='ltr'><strong><em>in</em></strong></span> <span class='ocrx_word' id='word_1_553' title='bbox 2756 2976 2993 3032; x_wconf 89' lang='lat' dir='ltr'><strong><em>Domino.</em></strong></span> <span class='ocrx_word' id='word_1_554' title='bbox 3019 2978 3223 3033; x_wconf 86' lang='lat' dir='ltr'><strong><em>Beatior</em></strong></span> <span class='ocrx_word' id='word_1_555' title='bbox 3242 2992 3411 3035; x_wconf 87' lang='lat' dir='ltr'><strong><em>autem</em></strong></span> <span class='ocrx_word' id='word_1_556' title='bbox 3436 2986 3552 3050; x_wconf 85' lang='lat' dir='ltr'><strong><em>erit,</em></strong></span> <span class='ocrx_word' id='word_1_557' title='bbox 3579 2987 3621 3038; x_wconf 88' lang='lat' dir='ltr'><strong><em>si</em></strong></span> <span class='ocrx_word' id='word_1_558' title='bbox 3645 2988 3717 3038; x_wconf 72' lang='lat' dir='ltr'><strong><em>sic</em></strong></span> <span class='ocrx_word' id='word_1_559' title='bbox 3743 3005 4033 3057; x_wconf 79' lang='lat' dir='ltr'><strong><em>permanse-</em></strong></span> 
     </span>
    </p>
   </div>
   <div class='ocr_carea' id='block_1_90' title="bbox 2444 3067 2887 3139">
    <p class='ocr_par' dir='ltr' id='par_1_90' title="bbox 2444 3067 2887 3139">
     <span class='ocr_line' id='line_1_90' title="bbox 2444 3067 2887 3139; baseline 0.002 -19"><span class='ocrx_word' id='word_1_560' title='bbox 2444 3067 2510 3120; x_wconf 86' lang='lat' dir='ltr'><strong><em>rit</em></strong></span> <span class='ocrx_word' id='word_1_561' title='bbox 2536 3067 2586 3139; x_wconf 92' lang='lat' dir='ltr'><strong><em>(I</em></strong></span> <span class='ocrx_word' id='word_1_562' title='bbox 2616 3068 2734 3122; x_wconf 92' lang='lat' dir='ltr'><strong><em>Cor.</em></strong></span> <span class='ocrx_word' id='word_1_563' title='bbox 2767 3070 2887 3132; x_wconf 74' lang='lat' dir='ltr'><strong><em>vlt).</em></strong></span> 
     </span>
    </p>
   </div>
   <div class='ocr_carea' id='block_1_91' title="bbox 2751 3139 3719 3216">
    <p class='ocr_par' dir='ltr' id='par_1_91' title="bbox 2751 3139 3719 3216">
     <span class='ocr_line' id='line_1_91' title="bbox 2751 3139 3719 3216; baseline 0.007 -22"><span class='ocrx_word' id='word_1_564' title='bbox 2751 3139 2980 3196; x_wconf 83' lang='lat' dir='ltr'><strong><em>CXVIII.</em></strong></span> <span class='ocrx_word' id='word_1_565' title='bbox 3007 3140 3139 3197; x_wconf 91' lang='lat' dir='ltr'><strong><em>Item</em></strong></span> <span class='ocrx_word' id='word_1_566' title='bbox 3165 3159 3328 3198; x_wconf 85' lang='lat' dir='ltr'><strong><em>canon</em></strong></span> <span class='ocrx_word' id='word_1_567' title='bbox 3355 3145 3719 3216; x_wconf 76' lang='lat' dir='ltr'><strong><em>Africanensis.</em></strong></span> 
     </span>
    </p>
   </div>
   <div class='ocr_carea' id='block_1_92' title="bbox 2516 3231 4032 3310">
    <p class='ocr_par' dir='ltr' id='par_1_92' title="bbox 2516 3231 4032 3310">
     <span class='ocr_line' id='line_1_92' title="bbox 2516 3231 4032 3310; baseline 0.011 -26"><span class='ocrx_word' id='word_1_568' title='bbox 2516 3231 2835 3299; x_wconf 87' lang='lat' dir='ltr'><strong><em>Legitimum</em></strong></span> <span class='ocrx_word' id='word_1_569' title='bbox 2863 3233 3022 3301; x_wconf 85' lang='lat' dir='ltr'><strong><em>igitur</em></strong></span> <span class='ocrx_word' id='word_1_570' title='bbox 3044 3233 3347 3304; x_wconf 78' lang='lat' dir='ltr'><strong><em>conjugium</em></strong></span> <span class='ocrx_word' id='word_1_571' title='bbox 3379 3253 3482 3292; x_wconf 92' lang='lat' dir='ltr'><strong><em>non</em></strong></span> <span class='ocrx_word' id='word_1_572' title='bbox 3511 3239 3633 3294; x_wconf 86' lang='lat' dir='ltr'><strong><em>licet</em></strong></span> <span class='ocrx_word' id='word_1_573' title='bbox 3655 3244 3894 3310; x_wconf 82' lang='lat' dir='ltr'><strong><em>separari</em></strong></span> <span class='ocrx_word' id='word_1_574' title='bbox 3916 3245 4032 3301; x_wconf 88' lang='lat' dir='ltr'><strong><em>sine</em></strong></span> 
     </span>
    </p>
   </div>
   <div class='ocr_carea' id='block_1_93' title="bbox 3124 3329 4026 3392">
    <p class='ocr_par' dir='ltr' id='par_1_93' title="bbox 3124 3329 4026 3392">
     <span class='ocr_line' id='line_1_93' title="bbox 3124 3329 4026 3392; baseline 0.01 -14"><span class='ocrx_word' id='word_1_575' title='bbox 3124 3335 3300 3392; x_wconf 89' lang='lat' dir='ltr'><strong><em>potest</em></strong></span> <span class='ocrx_word' id='word_1_576' title='bbox 3348 3339 3525 3383; x_wconf 88' lang='lat' dir='ltr'><strong><em>tamen</em></strong></span> <span class='ocrx_word' id='word_1_577' title='bbox 3556 3329 3687 3385; x_wconf 89' lang='lat' dir='ltr'><strong><em>alter</em></strong></span> <span class='ocrx_word' id='word_1_578' title='bbox 3731 3334 4026 3389; x_wconf 86' lang='lat' dir='ltr'><strong><em>altericum</em></strong></span> 
     </span>
    </p>
   </div>
   <div class='ocr_carea' id='block_1_94' title="bbox 2446 3413 4026 3484">
    <p class='ocr_par' dir='ltr' id='par_1_94' title="bbox 2446 3413 4026 3484">
     <span class='ocr_line' id='line_1_94' title="bbox 2446 3413 4026 3484; baseline 0.009 -17"><span class='ocrx_word' id='word_1_579' title='bbox 2446 3413 2672 3467; x_wconf 89' lang='lat' dir='ltr'><strong><em>consilio</em></strong></span> <span class='ocrx_word' id='word_1_580' title='bbox 2702 3415 2939 3484; x_wconf 86' lang='lat' dir='ltr'><strong><em>episcopi</em></strong></span> <span class='ocrx_word' id='word_1_581' title='bbox 2990 3416 3258 3471; x_wconf 87' lang='lat' dir='ltr'><strong><em>licentiam</em></strong></span> <span class='ocrx_word' id='word_1_582' title='bbox 3287 3419 3415 3474; x_wconf 84' lang='lat' dir='ltr'><strong><em>dare</em></strong></span> <span class='ocrx_word' id='word_1_583' title='bbox 3457 3421 3523 3476; x_wconf 91' lang='lat' dir='ltr'><strong><em>ad</em></strong></span> <span class='ocrx_word' id='word_1_584' title='bbox 3577 3425 3888 3481; x_wconf 89' lang='lat' dir='ltr'><strong><em>servitutem</em></strong></span> <span class='ocrx_word' id='word_1_585' title='bbox 3936 3427 4026 3482; x_wconf 93' lang='lat' dir='ltr'><strong><em>Dei</em></strong></span> 
     </span>
    </p>
   </div>
   <div class='ocr_carea' id='block_1_95' title="bbox 2444 3508 4027 3584">
    <p class='ocr_par' dir='ltr' id='par_1_95' title="bbox 2444 3508 4027 3584">
     <span class='ocr_line' id='line_1_95' title="bbox 2444 3508 4027 3584; baseline 0.008 -23"><span class='ocrx_word' id='word_1_586' title='bbox 2444 3508 2721 3562; x_wconf 86' lang='lat' dir='ltr'><strong><em>accedere.</em></strong></span> <span class='ocrx_word' id='word_1_587' title='bbox 2756 3509 2982 3576; x_wconf 87' lang='lat' dir='ltr'><strong><em>Quidam</em></strong></span> <span class='ocrx_word' id='word_1_588' title='bbox 3006 3515 3166 3567; x_wconf 85' lang='lat' dir='ltr'><strong><em>etiam</em></strong></span> <span class='ocrx_word' id='word_1_589' title='bbox 3195 3513 3380 3569; x_wconf 88' lang='lat' dir='ltr'><strong><em>dicunt</em></strong></span> <span class='ocrx_word' id='word_1_590' title='bbox 3406 3533 3416 3567; x_wconf 93' lang='lat'>:</span> <span class='ocrx_word' id='word_1_591' title='bbox 3450 3515 3504 3570; x_wconf 89' lang='lat' dir='ltr'><strong><em>Si</em></strong></span> <span class='ocrx_word' id='word_1_592' title='bbox 3533 3517 3633 3584; x_wconf 89' lang='lat' dir='ltr'><strong><em>vir,</em></strong></span> <span class='ocrx_word' id='word_1_593' title='bbox 3663 3519 3784 3572; x_wconf 88' lang='lat' dir='ltr'><strong><em>sive</em></strong></span> <span class='ocrx_word' id='word_1_594' title='bbox 3814 3521 4027 3583; x_wconf 88' lang='lat' dir='ltr'><strong><em>mulier,</em></strong></span> 
     </span>
    </p>
   </div>
   <div class='ocr_carea' id='block_1_96' title="bbox 2441 3607 4029 3678">
    <p class='ocr_par' dir='ltr' id='par_1_96' title="bbox 2441 3607 4029 3678">
     <span class='ocr_line' id='line_1_96' title="bbox 2441 3607 4029 3678; baseline 0.006 -20"><span class='ocrx_word' id='word_1_595' title='bbox 2441 3617 2505 3658; x_wconf 79' lang='lat' dir='ltr'><strong><em>ex</em></strong></span> <span class='ocrx_word' id='word_1_596' title='bbox 2537 3620 2799 3658; x_wconf 88' lang='lat' dir='ltr'><strong><em>consensu</em></strong></span> <span class='ocrx_word' id='word_1_597' title='bbox 2831 3607 3140 3676; x_wconf 79' lang='lat' dir='ltr'><strong><em>religionem</em></strong></span> <span class='ocrx_word' id='word_1_598' title='bbox 3171 3611 3407 3678; x_wconf 88' lang='lat' dir='ltr'><strong><em>ceperit,</em></strong></span> <span class='ocrx_word' id='word_1_599' title='bbox 3458 3609 3583 3666; x_wconf 89' lang='lat' dir='ltr'><strong><em>licet</em></strong></span> <span class='ocrx_word' id='word_1_600' title='bbox 3611 3611 3843 3666; x_wconf 88' lang='lat' dir='ltr'><strong><em>alterum</em></strong></span> <span class='ocrx_word' id='word_1_601' title='bbox 3891 3617 4029 3669; x_wconf 73' lang='lat' dir='ltr'><strong><em>acci-</em></strong></span> 
     </span>
    </p>
   </div>
   <div class='ocr_carea' id='block_1_97' title="bbox 2440 3698 4026 3772">
    <p class='ocr_par' dir='ltr' id='par_1_97' title="bbox 2440 3698 4026 3772">
     <span class='ocr_line' id='line_1_97' title="bbox 2440 3698 4026 3772; baseline 0.007 -23"><span class='ocrx_word' id='word_1_602' title='bbox 2440 3710 2570 3763; x_wconf 91' lang='lat' dir='ltr'><strong><em>pere</em></strong></span> <span class='ocrx_word' id='word_1_603' title='bbox 2598 3711 2795 3750; x_wconf 87' lang='lat' dir='ltr'><strong><em>novum</em></strong></span> <span class='ocrx_word' id='word_1_604' title='bbox 2841 3698 3167 3768; x_wconf 85' lang='lat' dir='ltr'><strong><em>conjugium,</em></strong></span> <span class='ocrx_word' id='word_1_605' title='bbox 3200 3702 3293 3756; x_wconf 90' lang='lat' dir='ltr'><strong><em>sed</em></strong></span> <span class='ocrx_word' id='word_1_606' title='bbox 3327 3701 3553 3771; x_wconf 88' lang='lat' dir='ltr'><strong><em>puellam</em></strong></span> <span class='ocrx_word' id='word_1_607' title='bbox 3581 3703 3662 3758; x_wconf 90' lang='lat' dir='ltr'><strong><em>vel</em></strong></span> <span class='ocrx_word' id='word_1_608' title='bbox 3692 3718 3941 3772; x_wconf 83' lang='lat' dir='ltr'><strong><em>puerum,</em></strong></span> <span class='ocrx_word' id='word_1_609' title='bbox 3982 3706 4026 3760; x_wconf 91' lang='lat' dir='ltr'><strong><em>si</em></strong></span> 
     </span>
    </p>
   </div>
   <div class='ocr_carea' id='block_1_98' title="bbox 2441 3787 4026 3860">
    <p class='ocr_par' dir='ltr' id='par_1_98' title="bbox 2441 3787 4026 3860">
     <span class='ocr_line' id='line_1_98' title="bbox 2441 3787 4026 3860; baseline 0.008 -21"><span class='ocrx_word' id='word_1_610' title='bbox 2441 3787 2719 3842; x_wconf 90' lang='lat' dir='ltr'><strong><em>continens</em></strong></span> <span class='ocrx_word' id='word_1_611' title='bbox 2741 3802 2862 3844; x_wconf 90' lang='lat' dir='ltr'><strong><em>esse</em></strong></span> <span class='ocrx_word' id='word_1_612' title='bbox 2911 3805 3016 3844; x_wconf 92' lang='lat' dir='ltr'><strong><em>non</em></strong></span> <span class='ocrx_word' id='word_1_613' title='bbox 3047 3793 3260 3860; x_wconf 88' lang='lat' dir='ltr'><strong><em>poterit.</em></strong></span> <span class='ocrx_word' id='word_1_614' title='bbox 3290 3793 3440 3860; x_wconf 90' lang='lat' dir='ltr'><strong><em>Quod</em></strong></span> <span class='ocrx_word' id='word_1_615' title='bbox 3471 3809 3575 3848; x_wconf 92' lang='lat' dir='ltr'><strong><em>non</em></strong></span> <span class='ocrx_word' id='word_1_616' title='bbox 3622 3794 3796 3849; x_wconf 86' lang='lat' dir='ltr'><strong><em>laudo.</em></strong></span> <span class='ocrx_word' id='word_1_617' title='bbox 3828 3795 3936 3851; x_wconf 85' lang='lat' dir='ltr'><strong><em>Sed</em></strong></span> <span class='ocrx_word' id='word_1_618' title='bbox 3982 3799 4026 3851; x_wconf 85' lang='lat' dir='ltr'><strong><em>si</em></strong></span> 
     </span>
    </p>
   </div>
   <div class='ocr_carea' id='block_1_99' title="bbox 2438 3878 4022 3953">
    <p class='ocr_par' dir='ltr' id='par_1_99' title="bbox 2438 3878 4022 3953">
     <span class='ocr_line' id='line_1_99' title="bbox 2438 3878 4022 3953; baseline 0.008 -23"><span class='ocrx_word' id='word_1_619' title='bbox 2438 3878 2558 3946; x_wconf 89' lang='lat' dir='ltr'><strong><em>quis</em></strong></span> <span class='ocrx_word' id='word_1_620' title='bbox 2594 3880 2707 3931; x_wconf 89' lang='lat' dir='ltr'><strong><em>vult</em></strong></span> <span class='ocrx_word' id='word_1_621' title='bbox 2737 3879 3050 3948; x_wconf 79' lang='lat' dir='ltr'><strong><em>conjugatus</em></strong></span> <span class='ocrx_word' id='word_1_622' title='bbox 3089 3885 3327 3938; x_wconf 89' lang='lat' dir='ltr'><strong><em>converti</em></strong></span> <span class='ocrx_word' id='word_1_623' title='bbox 3362 3884 3426 3939; x_wconf 88' lang='lat' dir='ltr'><strong><em>ad</em></strong></span> <span class='ocrx_word' id='word_1_624' title='bbox 3460 3889 3870 3953; x_wconf 88' lang='lat' dir='ltr'><strong><em>monasterium,</em></strong></span> <span class='ocrx_word' id='word_1_625' title='bbox 3918 3905 4022 3945; x_wconf 88' lang='lat' dir='ltr'><strong><em>non</em></strong></span> 
     </span>
    </p>
   </div>
   <div class='ocr_carea' id='block_1_100' title="bbox 2437 3969 4022 4046">
    <p class='ocr_par' dir='ltr' id='par_1_100' title="bbox 2437 3969 4022 4046">
     <span class='ocr_line' id='line_1_100' title="bbox 2437 3969 4022 4046; baseline 0.008 -24"><span class='ocrx_word' id='word_1_626' title='bbox 2437 3969 2908 4036; x_wconf 88' lang='lat' dir='ltr'><strong><em>estreeipiendus,</em></strong></span> <span class='ocrx_word' id='word_1_627' title='bbox 2950 3970 3050 4025; x_wconf 91' lang='lat' dir='ltr'><strong><em>nisi</em></strong></span> <span class='ocrx_word' id='word_1_628' title='bbox 3106 3975 3252 4040; x_wconf 86' lang='lat' dir='ltr'><strong><em>prius</em></strong></span> <span class='ocrx_word' id='word_1_629' title='bbox 3296 3988 3326 4026; x_wconf 85' lang='lat' dir='ltr'><strong><em>a</em></strong></span> <span class='ocrx_word' id='word_1_630' title='bbox 3378 3974 3604 4046; x_wconf 74' lang='lat' dir='ltr'><strong><em>COthttge</em></strong></span> <span class='ocrx_word' id='word_1_631' title='bbox 3650 3979 4022 4034; x_wconf 82' lang='lat' dir='ltr'><strong><em>castimoaiam</em></strong></span> 
     </span>
    </p>
   </div>
   <div class='ocr_carea' id='block_1_101' title="bbox 2437 4061 4023 4140">
    <p class='ocr_par' dir='ltr' id='par_1_101' title="bbox 2437 4061 4023 4140">
     <span class='ocr_line' id='line_1_101' title="bbox 2437 4061 4023 4140; baseline 0.008 -27"><span class='ocrx_word' id='word_1_632' title='bbox 2437 4061 2721 4128; x_wconf 74' lang='lat' dir='ltr'><strong><em>profitente</em></strong></span> <span class='ocrx_word' id='word_1_633' title='bbox 2745 4062 2904 4117; x_wconf 77' lang='lat' dir='ltr'><strong><em>fuerit</em></strong></span> <span class='ocrx_word' id='word_1_634' title='bbox 2927 4063 3221 4120; x_wconf 86' lang='lat' dir='ltr'><strong><em>absolutus.</em></strong></span> <span class='ocrx_word' id='word_1_635' title='bbox 3253 4066 3382 4121; x_wconf 85' lang='lat' dir='ltr'><strong><em>Nam</em></strong></span> <span class='ocrx_word' id='word_1_636' title='bbox 3412 4069 3476 4132; x_wconf 89' lang='lat' dir='ltr'><strong><em>si,</em></strong></span> <span class='ocrx_word' id='word_1_637' title='bbox 3528 4071 3616 4124; x_wconf 87' lang='lat' dir='ltr'><strong><em>illo</em></strong></span> <span class='ocrx_word' id='word_1_638' title='bbox 3647 4072 3884 4135; x_wconf 83' lang='lat' dir='ltr'><strong><em>vivente,</em></strong></span> <span class='ocrx_word' id='word_1_639' title='bbox 3931 4090 4023 4140; x_wconf 83' lang='lat' dir='ltr'><strong><em>per</em></strong></span> 
     </span>
    </p>
   </div>
   <div class='ocr_carea' id='block_1_102' title="bbox 2435 4150 4022 4227">
    <p class='ocr_par' dir='ltr' id='par_1_102' title="bbox 2435 4150 4022 4227">
     <span class='ocr_line' id='line_1_102' title="bbox 2435 4150 4022 4227; baseline 0.008 -23"><span class='ocrx_word' id='word_1_640' title='bbox 2435 4150 2875 4207; x_wconf 87' lang='lat' dir='ltr'><strong><em>incontinentiam</em></strong></span> <span class='ocrx_word' id='word_1_641' title='bbox 2907 4154 3061 4209; x_wconf 88' lang='lat' dir='ltr'><strong><em>alteri</em></strong></span> <span class='ocrx_word' id='word_1_642' title='bbox 3088 4157 3347 4225; x_wconf 91' lang='lat' dir='ltr'><strong><em>nupserit,</em></strong></span> <span class='ocrx_word' id='word_1_643' title='bbox 3384 4159 3566 4227; x_wconf 89' lang='lat' dir='ltr'><strong><em>procul</em></strong></span> <span class='ocrx_word' id='word_1_644' title='bbox 3589 4162 3750 4216; x_wconf 90' lang='lat' dir='ltr'><strong><em>dubio</em></strong></span> <span class='ocrx_word' id='word_1_645' title='bbox 3776 4164 4022 4218; x_wconf 80' lang='lat' dir='ltr'><strong><em>adultera</em></strong></span> 
     </span>
    </p>
   </div>
   <div class='ocr_carea' id='block_1_103' title="bbox 2433 4243 4018 4323">
    <p class='ocr_par' dir='ltr' id='par_1_103' title="bbox 2433 4243 4018 4323">
     <span class='ocr_line' id='line_1_103' title="bbox 2433 4243 4018 4323; baseline 0.008 -26"><span class='ocrx_word' id='word_1_646' title='bbox 2433 4243 2569 4310; x_wconf 89' lang='lat' dir='ltr'><strong><em>erit;</em></strong></span> <span class='ocrx_word' id='word_1_647' title='bbox 2603 4255 2657 4300; x_wconf 91' lang='lat' dir='ltr'><strong><em>et</em></strong></span> <span class='ocrx_word' id='word_1_648' title='bbox 2681 4246 2768 4314; x_wconf 91' lang='lat' dir='ltr'><strong><em>qui</em></strong></span> <span class='ocrx_word' id='word_1_649' title='bbox 2800 4260 2916 4300; x_wconf 88' lang='lat' dir='ltr'><strong><em>eam</em></strong></span> <span class='ocrx_word' id='word_1_650' title='bbox 2947 4246 3167 4313; x_wconf 88' lang='lat' dir='ltr'><strong><em>dimisit,</em></strong></span> <span class='ocrx_word' id='word_1_651' title='bbox 3201 4252 3468 4321; x_wconf 87' lang='lat' dir='ltr'><strong><em>particeps</em></strong></span> <span class='ocrx_word' id='word_1_652' title='bbox 3496 4255 3599 4309; x_wconf 88' lang='lat' dir='ltr'><strong><em>erit</em></strong></span> <span class='ocrx_word' id='word_1_653' title='bbox 3627 4259 3830 4323; x_wconf 87' lang='lat' dir='ltr'><strong><em>peccati</em></strong></span> <span class='ocrx_word' id='word_1_654' title='bbox 3858 4261 4018 4313; x_wconf 78' lang='lat' dir='ltr'><strong><em>illius.</em></strong></span> 
     </span>
    </p>
   </div>
   <div class='ocr_carea' id='block_1_104' title="bbox 2741 4333 3713 4416">
    <p class='ocr_par' dir='ltr' id='par_1_104' title="bbox 2741 4333 3713 4416">
     <span class='ocr_line' id='line_1_104' title="bbox 2741 4333 3713 4416; baseline 0.011 -27"><span class='ocrx_word' id='word_1_655' title='bbox 2741 4333 2925 4390; x_wconf 86' lang='lat' dir='ltr'><strong><em>CXIX.</em></strong></span> <span class='ocrx_word' id='word_1_656' title='bbox 2960 4335 3092 4391; x_wconf 88' lang='lat' dir='ltr'><strong><em>Item</em></strong></span> <span class='ocrx_word' id='word_1_657' title='bbox 3120 4339 3182 4392; x_wconf 87' lang='lat' dir='ltr'><strong><em>de</em></strong></span> <span class='ocrx_word' id='word_1_658' title='bbox 3205 4340 3426 4410; x_wconf 87' lang='lat' dir='ltr'><strong><em>legitimo</em></strong></span> <span class='ocrx_word' id='word_1_659' title='bbox 3455 4345 3713 4416; x_wconf 85' lang='lat' dir='ltr'><strong><em>conjugio.</em></strong></span> 
     </span>
    </p>
   </div>
   <div class='ocr_carea' id='block_1_105' title="bbox 2501 4428 4021 4508">
    <p class='ocr_par' dir='ltr' id='par_1_105' title="bbox 2501 4428 4021 4508">
     <span class='ocr_line' id='line_1_105' title="bbox 2501 4428 4021 4508; baseline 0.007 -26"><span class='ocrx_word' id='word_1_660' title='bbox 2501 4428 2817 4498; x_wconf 74' lang='lat' dir='ltr'><strong><em>Legitimum</em></strong></span> <span class='ocrx_word' id='word_1_661' title='bbox 2841 4430 2982 4485; x_wconf 89' lang='lat' dir='ltr'><strong><em>enim</em></strong></span> <span class='ocrx_word' id='word_1_662' title='bbox 3012 4431 3317 4502; x_wconf 81' lang='lat' dir='ltr'><strong><em>conjugium</em></strong></span> <span class='ocrx_word' id='word_1_663' title='bbox 3342 4434 3518 4490; x_wconf 89' lang='lat' dir='ltr'><strong><em>nullus</em></strong></span> <span class='ocrx_word' id='word_1_664' title='bbox 3541 4451 3790 4506; x_wconf 84' lang='lat' dir='ltr'><strong><em>separare</em></strong></span> <span class='ocrx_word' id='word_1_665' title='bbox 3818 4454 4021 4508; x_wconf 73' lang='lat' dir='ltr'><strong><em>praesn-</em></strong></span> 
     </span>
    </p>
   </div>
   <div class='ocr_carea' id='block_1_106' title="bbox 2430 4519 4016 4596">
    <p class='ocr_par' dir='ltr' id='par_1_106' title="bbox 2430 4519 4016 4596">
     <span class='ocr_line' id='line_1_106' title="bbox 2430 4519 4016 4596; baseline 0.008 -24"><span class='ocrx_word' id='word_1_666' title='bbox 2430 4527 2560 4583; x_wconf 88' lang='lat' dir='ltr'><strong><em>mat,</em></strong></span> <span class='ocrx_word' id='word_1_667' title='bbox 2593 4519 2694 4572; x_wconf 89' lang='lat' dir='ltr'><strong><em>nisi</em></strong></span> <span class='ocrx_word' id='word_1_668' title='bbox 2726 4535 2790 4574; x_wconf 81' lang='lat' dir='ltr'><strong><em>ex</em></strong></span> <span class='ocrx_word' id='word_1_669' title='bbox 2813 4521 3092 4574; x_wconf 88' lang='lat' dir='ltr'><strong><em>amborum</em></strong></span> <span class='ocrx_word' id='word_1_670' title='bbox 3125 4537 3408 4587; x_wconf 88' lang='lat' dir='ltr'><strong><em>consensu,</em></strong></span> <span class='ocrx_word' id='word_1_671' title='bbox 3442 4534 3498 4579; x_wconf 90' lang='lat' dir='ltr'><strong><em>et</em></strong></span> <span class='ocrx_word' id='word_1_672' title='bbox 3527 4537 3740 4596; x_wconf 88' lang='lat' dir='ltr'><strong><em>propter</em></strong></span> <span class='ocrx_word' id='word_1_673' title='bbox 3767 4545 4016 4585; x_wconf 85' lang='lat' dir='ltr'><strong><em>amorem</em></strong></span> 
     </span>
    </p>
   </div>
   <div class='ocr_carea' id='block_1_107' title="bbox 2427 4607 4014 4692">
    <p class='ocr_par' dir='ltr' id='par_1_107' title="bbox 2427 4607 4014 4692">
     <span class='ocr_line' id='line_1_107' title="bbox 2427 4607 4014 4692; baseline 0.008 -30"><span class='ocrx_word' id='word_1_674' title='bbox 2427 4607 2622 4663; x_wconf 89' lang='lat' dir='ltr'><strong><em>Christi</em></strong></span> <span class='ocrx_word' id='word_1_675' title='bbox 2670 4611 2759 4680; x_wconf 91' lang='lat' dir='ltr'><strong><em>qui</em></strong></span> <span class='ocrx_word' id='word_1_676' title='bbox 2801 4610 2914 4664; x_wconf 89' lang='lat' dir='ltr'><strong><em>ait:</em></strong></span> <span class='ocrx_word' id='word_1_677' title='bbox 2951 4612 3052 4680; x_wconf 89' lang='lat' dir='ltr'><strong><em>Qui</em></strong></span> <span class='ocrx_word' id='word_1_678' title='bbox 3093 4615 3353 4686; x_wconf 88' lang='lat' dir='ltr'><strong><em>reliquerit</em></strong></span> <span class='ocrx_word' id='word_1_679' title='bbox 3401 4632 3637 4686; x_wconf 77' lang='lat' dir='ltr'><strong><em>uxorem,</em></strong></span> <span class='ocrx_word' id='word_1_680' title='bbox 3687 4629 3740 4674; x_wconf 88' lang='lat' dir='ltr'><strong><em>et</em></strong></span> <span class='ocrx_word' id='word_1_681' title='bbox 3788 4623 4014 4692; x_wconf 84' lang='lat' dir='ltr'><strong><em>reliqua,</em></strong></span> 
     </span>
    </p>
   </div>
   <div class='ocr_carea' id='block_1_108' title="bbox 2353 4692 4011 4782">
    <p class='ocr_par' dir='ltr' id='par_1_108' title="bbox 2353 4692 4011 4782">
     <span class='ocr_line' id='line_1_108' title="bbox 2353 4692 4011 4782; baseline 0.008 -30"><span class='ocrx_word' id='word_1_682' title='bbox 2353 4692 2407 4753; x_wconf 88' lang='lat' dir='ltr'><strong><em>D</em></strong></span> <span class='ocrx_word' id='word_1_683' title='bbox 2431 4701 2720 4771; x_wconf 85' lang='lat' dir='ltr'><strong><em>centuplum</em></strong></span> <span class='ocrx_word' id='word_1_684' title='bbox 2735 4701 2964 4772; x_wconf 87' lang='lat' dir='ltr'><strong><em>accipiet,</em></strong></span> <span class='ocrx_word' id='word_1_685' title='bbox 2989 4713 3035 4757; x_wconf 88' lang='lat' dir='ltr'><strong><em>et</em></strong></span> <span class='ocrx_word' id='word_1_686' title='bbox 3055 4705 3205 4756; x_wconf 80' lang='lat' dir='ltr'><strong><em>vitam</em></strong></span> <span class='ocrx_word' id='word_1_687' title='bbox 3219 4716 3456 4760; x_wconf 66' lang='lat' dir='ltr'><strong><em>aiternam</em></strong></span> <span class='ocrx_word' id='word_1_688' title='bbox 3496 4710 3764 4775; x_wconf 85' lang='lat' dir='ltr'><strong><em>possidebit</em></strong></span> <span class='ocrx_word' id='word_1_689' title='bbox 3797 4711 4011 4782; x_wconf 70' lang='lat' dir='ltr'><strong><em>(Matth.</em></strong></span> 
     </span>
    </p>
   </div>
   <div class='ocr_carea' id='block_1_109' title="bbox 2428 4791 4017 4871">
    <p class='ocr_par' dir='ltr' id='par_1_109' title="bbox 2428 4791 4017 4871">
     <span class='ocr_line' id='line_1_109' title="bbox 2428 4791 4017 4871; baseline 0.009 -28"><span class='ocrx_word' id='word_1_690' title='bbox 2428 4791 2563 4859; x_wconf 76' lang='lat' dir='ltr'><strong><em>xu).</em></strong></span> <span class='ocrx_word' id='word_1_691' title='bbox 2616 4791 2682 4845; x_wconf 89' lang='lat' dir='ltr'><strong><em>Et</em></strong></span> <span class='ocrx_word' id='word_1_692' title='bbox 2720 4806 2879 4847; x_wconf 88' lang='lat' dir='ltr'><strong><em>nemo</em></strong></span> <span class='ocrx_word' id='word_1_693' title='bbox 2923 4794 3080 4849; x_wconf 86' lang='lat' dir='ltr'><strong><em>aliter</em></strong></span> <span class='ocrx_word' id='word_1_694' title='bbox 3111 4811 3328 4850; x_wconf 80' lang='lat' dir='ltr'><strong><em>uxorem</em></strong></span> <span class='ocrx_word' id='word_1_695' title='bbox 3360 4795 3588 4852; x_wconf 88' lang='lat' dir='ltr'><strong><em>dimittat</em></strong></span> <span class='ocrx_word' id='word_1_696' title='bbox 3640 4799 3740 4854; x_wconf 88' lang='lat' dir='ltr'><strong><em>nisi</em></strong></span> <span class='ocrx_word' id='word_1_697' title='bbox 3797 4816 4017 4871; x_wconf 73' lang='lat' dir='ltr'><strong><em>propter</em></strong></span> 
     </span>
    </p>
   </div>
   <div class='ocr_carea' id='block_1_110' title="bbox 2428 4881 4016 4954">
    <p class='ocr_par' dir='ltr' id='par_1_110' title="bbox 2428 4881 4016 4954">
     <span class='ocr_line' id='line_1_110' title="bbox 2428 4881 4016 4954; baseline 0.008 -20"><span class='ocrx_word' id='word_1_698' title='bbox 2428 4881 2858 4948; x_wconf 78' lang='lat' dir='ltr'><strong><em>fornicationem,</em></strong></span> <span class='ocrx_word' id='word_1_699' title='bbox 2893 4885 3012 4954; x_wconf 87' lang='lat' dir='ltr'><strong><em>quia</em></strong></span> <span class='ocrx_word' id='word_1_700' title='bbox 3047 4884 3301 4941; x_wconf 78' lang='lat' dir='ltr'><strong><em>Pltaristei</em></strong></span> <span class='ocrx_word' id='word_1_701' title='bbox 3329 4897 3575 4944; x_wconf 85' lang='lat' dir='ltr'><strong><em>tentantes</em></strong></span> <span class='ocrx_word' id='word_1_702' title='bbox 3623 4889 3900 4946; x_wconf 81' lang='lat' dir='ltr'><strong><em>Dominum</em></strong></span> <span class='ocrx_word' id='word_1_703' title='bbox 3923 4893 4016 4947; x_wconf 81' lang='lat' dir='ltr'><strong><em>Je-</em></strong></span> 
     </span>
    </p>
   </div>
   <div class='ocr_carea' id='block_1_111' title="bbox 2425 4971 4015 5046">
    <p class='ocr_par' dir='ltr' id='par_1_111' title="bbox 2425 4971 4015 5046">
     <span class='ocr_line' id='line_1_111' title="bbox 2425 4971 4015 5046; baseline 0.008 -21"><span class='ocrx_word' id='word_1_704' title='bbox 2425 4988 2537 5026; x_wconf 89' lang='lat' dir='ltr'><strong><em>sum</em></strong></span> <span class='ocrx_word' id='word_1_705' title='bbox 2558 4971 2817 5028; x_wconf 80' lang='lat' dir='ltr'><strong><em>Christum</em></strong></span> <span class='ocrx_word' id='word_1_706' title='bbox 2863 4975 3300 5046; x_wconf 85' lang='lat' dir='ltr'><strong><em>interrogaverunt</em></strong></span> <span class='ocrx_word' id='word_1_707' title='bbox 3345 4995 3493 5044; x_wconf 89' lang='lat' dir='ltr'><strong><em>eum,</em></strong></span> <span class='ocrx_word' id='word_1_708' title='bbox 3541 4981 3587 5034; x_wconf 92' lang='lat' dir='ltr'><strong><em>si</em></strong></span> <span class='ocrx_word' id='word_1_709' title='bbox 3611 4981 3728 5036; x_wconf 85' lang='lat' dir='ltr'><strong><em>licet</em></strong></span> <span class='ocrx_word' id='word_1_710' title='bbox 3755 4983 4015 5038; x_wconf 66' lang='lat' dir='ltr'><strong><em>[nantium</em></strong></span> 
     </span>
    </p>
   </div>
   <div class='ocr_carea' id='block_1_112' title="bbox 2425 5070 4011 5141">
    <p class='ocr_par' dir='ltr' id='par_1_112' title="bbox 2425 5070 4011 5141">
     <span class='ocr_line' id='line_1_112' title="bbox 2425 5070 4011 5141; baseline 0.008 -21"><span class='ocrx_word' id='word_1_711' title='bbox 2425 5070 2681 5122; x_wconf 85' lang='lat' dir='ltr'><strong><em>dimittere</em></strong></span> <span class='ocrx_word' id='word_1_712' title='bbox 2703 5085 2914 5122; x_wconf 73' lang='lat' dir='ltr'><strong><em>uxorem</em></strong></span> <span class='ocrx_word' id='word_1_713' title='bbox 2941 5085 3086 5124; x_wconf 88' lang='lat' dir='ltr'><strong><em>suam</em></strong></span> <span class='ocrx_word' id='word_1_714' title='bbox 3116 5086 3210 5139; x_wconf 86' lang='lat' dir='ltr'><strong><em>pro</em></strong></span> <span class='ocrx_word' id='word_1_715' title='bbox 3247 5087 3549 5141; x_wconf 80' lang='lat' dir='ltr'><strong><em>quacunque</em></strong></span> <span class='ocrx_word' id='word_1_716' title='bbox 3566 5088 3740 5129; x_wconf 86' lang='lat' dir='ltr'><strong><em>causa.</em></strong></span> <span class='ocrx_word' id='word_1_717' title='bbox 3777 5074 4011 5140; x_wconf 80' lang='lat' dir='ltr'><strong><em>Respon-</em></strong></span> 
     </span>
    </p>
   </div>
   <div class='ocr_carea' id='block_1_113' title="bbox 2424 5158 4010 5234">
    <p class='ocr_par' dir='ltr' id='par_1_113' title="bbox 2424 5158 4010 5234">
     <span class='ocr_line' id='line_1_113' title="bbox 2424 5158 4010 5234; baseline 0.007 -22"><span class='ocrx_word' id='word_1_718' title='bbox 2424 5161 2498 5212; x_wconf 83' lang='lat' dir='ltr'><strong><em>dit</em></strong></span> <span class='ocrx_word' id='word_1_719' title='bbox 2513 5158 2683 5227; x_wconf 85' lang='lat' dir='ltr'><strong><em>Iesus,</em></strong></span> <span class='ocrx_word' id='word_1_720' title='bbox 2707 5170 2753 5214; x_wconf 89' lang='lat' dir='ltr'><strong><em>et</em></strong></span> <span class='ocrx_word' id='word_1_721' title='bbox 2775 5163 2845 5214; x_wconf 83' lang='lat' dir='ltr'><strong><em>ait</em></strong></span> <span class='ocrx_word' id='word_1_722' title='bbox 2861 5162 2965 5215; x_wconf 87' lang='lat' dir='ltr'><strong><em>eis:</em></strong></span> <span class='ocrx_word' id='word_1_723' title='bbox 2991 5161 3111 5216; x_wconf 87' lang='lat' dir='ltr'><strong><em>Non</em></strong></span> <span class='ocrx_word' id='word_1_724' title='bbox 3136 5163 3327 5232; x_wconf 84' lang='lat' dir='ltr'><strong><em>legistis</em></strong></span> <span class='ocrx_word' id='word_1_725' title='bbox 3357 5166 3478 5234; x_wconf 88' lang='lat' dir='ltr'><strong><em>quia</em></strong></span> <span class='ocrx_word' id='word_1_726' title='bbox 3501 5165 3587 5234; x_wconf 86' lang='lat' dir='ltr'><strong><em>qui</em></strong></span> <span class='ocrx_word' id='word_1_727' title='bbox 3607 5166 3726 5233; x_wconf 78' lang='lat' dir='ltr'><strong><em>fecit</em></strong></span> <span class='ocrx_word' id='word_1_728' title='bbox 3753 5170 3819 5221; x_wconf 88' lang='lat' dir='ltr'><strong><em>ab</em></strong></span> <span class='ocrx_word' id='word_1_729' title='bbox 3840 5171 4010 5231; x_wconf 84' lang='lat' dir='ltr'><strong><em>initio,</em></strong></span> 
     </span>
    </p>
   </div>
   <div class='ocr_carea' id='block_1_114' title="bbox 2422 5252 4015 5324">
    <p class='ocr_par' dir='ltr' id='par_1_114' title="bbox 2422 5252 4015 5324">
     <span class='ocr_line' id='line_1_114' title="bbox 2422 5252 4015 5324; baseline 0.006 -21"><span class='ocrx_word' id='word_1_730' title='bbox 2422 5253 2704 5304; x_wconf 84' lang='lat' dir='ltr'><strong><em>masculum</em></strong></span> <span class='ocrx_word' id='word_1_731' title='bbox 2730 5261 2777 5305; x_wconf 91' lang='lat' dir='ltr'><strong><em>et</em></strong></span> <span class='ocrx_word' id='word_1_732' title='bbox 2807 5252 3050 5320; x_wconf 80' lang='lat' dir='ltr'><strong><em>feminam</em></strong></span> <span class='ocrx_word' id='word_1_733' title='bbox 3077 5255 3194 5323; x_wconf 78' lang='lat' dir='ltr'><strong><em>fecit</em></strong></span> <span class='ocrx_word' id='word_1_734' title='bbox 3225 5255 3351 5308; x_wconf 88' lang='lat' dir='ltr'><strong><em>eos?</em></strong></span> <span class='ocrx_word' id='word_1_735' title='bbox 3379 5263 3424 5308; x_wconf 89' lang='lat' dir='ltr'><strong><em>et</em></strong></span> <span class='ocrx_word' id='word_1_736' title='bbox 3463 5255 3628 5309; x_wconf 70' lang='lat' dir='ltr'><strong><em>dixit:</em></strong></span> <span class='ocrx_word' id='word_1_737' title='bbox 3667 5257 3891 5324; x_wconf 82' lang='lat' dir='ltr'><strong><em>Propter</em></strong></span> <span class='ocrx_word' id='word_1_738' title='bbox 3919 5262 4015 5312; x_wconf 70' lang='lat' dir='ltr'><strong><em>hoc</em></strong></span> 
     </span>
    </p>
   </div>
   <div class='ocr_carea' id='block_1_115' title="bbox 2419 5343 4013 5413">
    <p class='ocr_par' dir='ltr' id='par_1_115' title="bbox 2419 5343 4013 5413">
     <span class='ocr_line' id='line_1_115' title="bbox 2419 5343 4013 5413; baseline 0.006 -18"><span class='ocrx_word' id='word_1_739' title='bbox 2419 5344 2670 5413; x_wconf 87' lang='lat' dir='ltr'><strong><em>relinquet</em></strong></span> <span class='ocrx_word' id='word_1_740' title='bbox 2710 5343 2861 5396; x_wconf 79' lang='lat' dir='ltr'><strong><em>homo</em></strong></span> <span class='ocrx_word' id='word_1_741' title='bbox 2890 5353 3090 5408; x_wconf 84' lang='lat' dir='ltr'><strong><em>patrem</em></strong></span> <span class='ocrx_word' id='word_1_742' title='bbox 3125 5356 3172 5400; x_wconf 88' lang='lat' dir='ltr'><strong><em>et</em></strong></span> <span class='ocrx_word' id='word_1_743' title='bbox 3220 5355 3453 5409; x_wconf 78' lang='lat' dir='ltr'><strong><em>matrem,</em></strong></span> <span class='ocrx_word' id='word_1_744' title='bbox 3478 5355 3526 5400; x_wconf 89' lang='lat' dir='ltr'><strong><em>et</em></strong></span> <span class='ocrx_word' id='word_1_745' title='bbox 3553 5347 3833 5402; x_wconf 73' lang='lat' dir='ltr'><strong><em>adltcrebit</em></strong></span> <span class='ocrx_word' id='word_1_746' title='bbox 3861 5356 4013 5404; x_wconf 74' lang='lat' dir='ltr'><strong><em>uxon‘</em></strong></span> 
     </span>
    </p>
   </div>
   <div class='ocr_carea' id='block_1_116' title="bbox 2419 5432 4009 5504">
    <p class='ocr_par' dir='ltr' id='par_1_116' title="bbox 2419 5432 4009 5504">
     <span class='ocr_line' id='line_1_116' title="bbox 2419 5432 4009 5504; baseline 0.005 -18"><span class='ocrx_word' id='word_1_747' title='bbox 2419 5449 2543 5492; x_wconf 72' lang='lat' dir='ltr'><strong><em>sum.</em></strong></span> <span class='ocrx_word' id='word_1_748' title='bbox 2561 5442 2604 5488; x_wconf 90' lang='lat' dir='ltr'><strong><em>et</em></strong></span> <span class='ocrx_word' id='word_1_749' title='bbox 2619 5441 2766 5486; x_wconf 89' lang='lat' dir='ltr'><strong><em>erunt</em></strong></span> <span class='ocrx_word' id='word_1_750' title='bbox 2785 5432 2885 5485; x_wconf 84' lang='lat' dir='ltr'><strong><em>duo</em></strong></span> <span class='ocrx_word' id='word_1_751' title='bbox 2900 5433 2950 5486; x_wconf 90' lang='lat' dir='ltr'><strong><em>in</em></strong></span> <span class='ocrx_word' id='word_1_752' title='bbox 2969 5449 3118 5487; x_wconf 81' lang='lat' dir='ltr'><strong><em>carne</em></strong></span> <span class='ocrx_word' id='word_1_753' title='bbox 3141 5449 3260 5487; x_wconf 87' lang='lat' dir='ltr'><strong><em>una.</em></strong></span> <span class='ocrx_word' id='word_1_754' title='bbox 3287 5432 3466 5500; x_wconf 86' lang='lat' dir='ltr'><strong><em>Itaque</em></strong></span> <span class='ocrx_word' id='word_1_755' title='bbox 3474 5437 3586 5504; x_wconf 88' lang='lat' dir='ltr'><strong><em>jam</em></strong></span> <span class='ocrx_word' id='word_1_756' title='bbox 3613 5453 3712 5489; x_wconf 88' lang='lat' dir='ltr'><strong><em>non</em></strong></span> <span class='ocrx_word' id='word_1_757' title='bbox 3733 5451 3855 5493; x_wconf 86' lang='lat' dir='ltr'><strong><em>snnt</em></strong></span> <span class='ocrx_word' id='word_1_758' title='bbox 3880 5443 4009 5504; x_wconf 72' lang='lat' dir='ltr'><strong><em>duo,</em></strong></span> 
     </span>
    </p>
   </div>
   <div class='ocr_carea' id='block_1_117' title="bbox 2419 5523 4015 5596">
    <p class='ocr_par' dir='ltr' id='par_1_117' title="bbox 2419 5523 4015 5596">
     <span class='ocr_line' id='line_1_117' title="bbox 2419 5523 4015 5596; baseline 0.005 -20"><span class='ocrx_word' id='word_1_759' title='bbox 2419 5525 2507 5577; x_wconf 86' lang='lat' dir='ltr'><strong><em>sed</em></strong></span> <span class='ocrx_word' id='word_1_760' title='bbox 2535 5541 2637 5577; x_wconf 89' lang='lat' dir='ltr'><strong><em>una</em></strong></span> <span class='ocrx_word' id='word_1_761' title='bbox 2670 5540 2808 5578; x_wconf 85' lang='lat' dir='ltr'><strong><em>caro.</em></strong></span> <span class='ocrx_word' id='word_1_762' title='bbox 2845 5525 2996 5589; x_wconf 82' lang='lat' dir='ltr'><strong><em>Quod</em></strong></span> <span class='ocrx_word' id='word_1_763' title='bbox 3029 5540 3151 5596; x_wconf 83' lang='lat' dir='ltr'><strong><em>ergo</em></strong></span> <span class='ocrx_word' id='word_1_764' title='bbox 3200 5523 3339 5578; x_wconf 87' lang='lat' dir='ltr'><strong><em>Deus</em></strong></span> <span class='ocrx_word' id='word_1_765' title='bbox 3386 5528 3674 5596; x_wconf 76' lang='lat' dir='ltr'><strong><em>conjunxit,</em></strong></span> <span class='ocrx_word' id='word_1_766' title='bbox 3707 5530 3859 5583; x_wconf 80' lang='lat' dir='ltr'><strong><em>homo</em></strong></span> <span class='ocrx_word' id='word_1_767' title='bbox 3907 5548 4015 5588; x_wconf 72' lang='lat' dir='ltr'><strong><em>non</em></strong></span> 
     </span>
    </p>
   </div>
   <div class='ocr_carea' id='block_1_118' title="bbox 2417 5616 4016 5686">
    <p class='ocr_par' dir='ltr' id='par_1_118' title="bbox 2417 5616 4016 5686">
     <span class='ocr_line' id='line_1_118' title="bbox 2417 5616 4016 5686; baseline 0.004 -14"><span class='ocrx_word' id='word_1_768' title='bbox 2417 5627 2636 5683; x_wconf 84' lang='lat' dir='ltr'><strong><em>separet.</em></strong></span> <span class='ocrx_word' id='word_1_769' title='bbox 2671 5617 2854 5670; x_wconf 85' lang='lat' dir='ltr'><strong><em>Dicunt</em></strong></span> <span class='ocrx_word' id='word_1_770' title='bbox 2878 5616 2954 5670; x_wconf 89' lang='lat' dir='ltr'><strong><em>illi</em></strong></span> <span class='ocrx_word' id='word_1_771' title='bbox 2982 5631 3000 5669; x_wconf 91' lang='lat'><strong><em>:</em></strong></span> <span class='ocrx_word' id='word_1_772' title='bbox 3036 5617 3172 5682; x_wconf 88' lang='lat' dir='ltr'><strong><em>Quid</em></strong></span> <span class='ocrx_word' id='word_1_773' title='bbox 3197 5633 3320 5686; x_wconf 83' lang='lat' dir='ltr'><strong><em>ergo</em></strong></span> <span class='ocrx_word' id='word_1_774' title='bbox 3362 5616 3564 5686; x_wconf 79' lang='lat' dir='ltr'><strong><em>Moyses</em></strong></span> <span class='ocrx_word' id='word_1_775' title='bbox 3593 5621 3855 5680; x_wconf 78' lang='lat' dir='ltr'><strong><em>mandauit</em></strong></span> <span class='ocrx_word' id='word_1_776' title='bbox 3885 5628 4016 5680; x_wconf 78' lang='lat' dir='ltr'><strong><em>dare</em></strong></span> 
     </span>
    </p>
   </div>
   <div class='ocr_carea' id='block_1_119' title="bbox 2416 5708 4013 5780">
    <p class='ocr_par' dir='ltr' id='par_1_119' title="bbox 2416 5708 4013 5780">
     <span class='ocr_line' id='line_1_119' title="bbox 2416 5708 4013 5780; baseline 0.001 -17"><span class='ocrx_word' id='word_1_777' title='bbox 2416 5711 2641 5763; x_wconf 85' lang='lat' dir='ltr'><strong><em>libellum</em></strong></span> <span class='ocrx_word' id='word_1_778' title='bbox 2671 5710 2892 5775; x_wconf 86' lang='lat' dir='ltr'><strong><em>repudii,</em></strong></span> <span class='ocrx_word' id='word_1_779' title='bbox 2942 5716 2986 5761; x_wconf 91' lang='lat' dir='ltr'><strong><em>et</em></strong></span> <span class='ocrx_word' id='word_1_780' title='bbox 3037 5708 3327 5762; x_wconf 76' lang='lat' dir='ltr'><strong><em>dimittere?</em></strong></span> <span class='ocrx_word' id='word_1_781' title='bbox 3370 5708 3452 5760; x_wconf 84' lang='lat' dir='ltr'><strong><em>Ait</em></strong></span> <span class='ocrx_word' id='word_1_782' title='bbox 3497 5708 3600 5762; x_wconf 89' lang='lat' dir='ltr'><strong><em>illis</em></strong></span> <span class='ocrx_word' id='word_1_783' title='bbox 3627 5727 3648 5763; x_wconf 90' lang='lat'><strong><em>:</em></strong></span> <span class='ocrx_word' id='word_1_784' title='bbox 3697 5712 4013 5780; x_wconf 65' lang='lat' dir='ltr'><strong><em>Quanquam</em></strong></span> 
     </span>
    </p>
   </div>
   <div class='ocr_carea' id='block_1_120' title="bbox 2417 5799 4014 5871">
    <p class='ocr_par' dir='ltr' id='par_1_120' title="bbox 2417 5799 4014 5871">
     <span class='ocr_line' id='line_1_120' title="bbox 2417 5799 4014 5871; baseline -0.005 -14"><span class='ocrx_word' id='word_1_785' title='bbox 2417 5801 2625 5871; x_wconf 65' lang='lat' dir='ltr'><strong><em>Moyses</em></strong></span> <span class='ocrx_word' id='word_1_786' title='bbox 2651 5803 2719 5854; x_wconf 81' lang='lat' dir='ltr'><strong><em>ad</em></strong></span> <span class='ocrx_word' id='word_1_787' title='bbox 2745 5801 2988 5854; x_wconf 85' lang='lat' dir='ltr'><strong><em>duritiam</em></strong></span> <span class='ocrx_word' id='word_1_788' title='bbox 3035 5801 3202 5853; x_wconf 89' lang='lat' dir='ltr'><strong><em>cordis</em></strong></span> <span class='ocrx_word' id='word_1_789' title='bbox 3230 5799 3374 5852; x_wconf 80' lang='lat' dir='ltr'><strong><em>t&#39;estri</em></strong></span> <span class='ocrx_word' id='word_1_790' title='bbox 3414 5801 3644 5868; x_wconf 87' lang='lat' dir='ltr'><strong><em>permisit</em></strong></span> <span class='ocrx_word' id='word_1_791' title='bbox 3675 5810 3813 5862; x_wconf 72' lang='lat' dir='ltr'><strong><em>robis</em></strong></span> <span class='ocrx_word' id='word_1_792' title='bbox 3833 5811 4014 5861; x_wconf 65' lang='grc' dir='ltr'><strong><em>άξιηη-</em></strong></span> 
     </span>
    </p>
   </div>
   <div class='ocr_carea' id='block_1_121' title="bbox 2416 5889 4010 5966">
    <p class='ocr_par' dir='ltr' id='par_1_121' title="bbox 2416 5889 4010 5966">
     <span class='ocr_line' id='line_1_121' title="bbox 2416 5889 4010 5966; baseline -0.002 -22"><span class='ocrx_word' id='word_1_793' title='bbox 2416 5904 2519 5945; x_wconf 82' lang='lat' dir='ltr'><strong><em>tere</em></strong></span> <span class='ocrx_word' id='word_1_794' title='bbox 2547 5909 2729 5946; x_wconf 77' lang='lat' dir='ltr'><strong><em>uxores</em></strong></span> <span class='ocrx_word' id='word_1_795' title='bbox 2766 5901 2978 5954; x_wconf 84' lang='lat' dir='ltr'><strong><em>vestras,</em></strong></span> <span class='ocrx_word' id='word_1_796' title='bbox 3025 5890 3086 5942; x_wconf 92' lang='lat' dir='ltr'><strong><em>ab</em></strong></span> <span class='ocrx_word' id='word_1_797' title='bbox 3111 5889 3253 5942; x_wconf 88' lang='lat' dir='ltr'><strong><em>initio</em></strong></span> <span class='ocrx_word' id='word_1_798' title='bbox 3279 5899 3444 5942; x_wconf 90' lang='lat' dir='ltr'><strong><em>autem</em></strong></span> <span class='ocrx_word' id='word_1_799' title='bbox 3489 5906 3588 5942; x_wconf 88' lang='lat' dir='ltr'><strong><em>non</em></strong></span> <span class='ocrx_word' id='word_1_800' title='bbox 3624 5898 3719 5966; x_wconf 67' lang='grc' dir='ltr'>[ιλιι</span> <span class='ocrx_word' id='word_1_801' title='bbox 3749 5900 3842 5951; x_wconf 72' lang='grc' dir='ltr'><strong><em>δίε,</em></strong></span> <span class='ocrx_word' id='word_1_802' title='bbox 3871 5895 4010 5950; x_wconf 64' lang='lat' dir='ltr'><strong><em>Dim</em></strong></span> 
     </span>
    </p>
   </div>
   <div class='ocr_carea' id='block_1_122' title="bbox 2416 5979 4004 6053">
    <p class='ocr_par' dir='ltr' id='par_1_122' title="bbox 2416 5979 4004 6053">
     <span class='ocr_line' id='line_1_122' title="bbox 2416 5979 4004 6053; baseline 0.001 -16"><span class='ocrx_word' id='word_1_803' title='bbox 2416 5997 2578 6038; x_wconf 75' lang='lat' dir='ltr'><strong><em>autem</em></strong></span> <span class='ocrx_word' id='word_1_804' title='bbox 2607 5984 2746 6038; x_wconf 70' lang='lat' dir='ltr'><strong><em>vobis</em></strong></span> <span class='ocrx_word' id='word_1_805' title='bbox 2796 5984 2916 6052; x_wconf 75' lang='lat' dir='ltr'><strong><em>qu’a</em></strong></span> <span class='ocrx_word' id='word_1_806' title='bbox 2968 5981 3251 6051; x_wconf 83' lang='lat' dir='ltr'><strong><em>quicunque</em></strong></span> <span class='ocrx_word' id='word_1_807' title='bbox 3297 5979 3544 6038; x_wconf 73' lang='lat' dir='ltr'><strong><em>dimiserit</em></strong></span> <span class='ocrx_word' id='word_1_808' title='bbox 3577 6004 3786 6043; x_wconf 68' lang='lat' dir='ltr'><strong><em>uxorem</em></strong></span> <span class='ocrx_word' id='word_1_809' title='bbox 3834 6006 4004 6053; x_wconf 71' lang='lat' dir='ltr'><strong><em>sum,</em></strong></span> 
     </span>
    </p>
   </div>
  </div>
