4168 6606
252 522 351 576 393

926 520 1445 576 EXCERPTIUNPLS
1490 536 1525 571 ν.
1570 516 1787 571 IIICTIS
1832 516 1919 568 ET
1956 516 2347 575 CANONIBUS
2389 521 2481 575 SS.
2529 520 2827 576 PATIILTII.

3401 530 3500 581 δεδι

256 642 354 693 nisi
385 643 445 691 ob
473 654 672 691 causam
707 640 1072 705 fornicationis,
1102 646 1147 689 et
1176 639 1330 689 aliam
1357 635 1579 697 duxerit,
1610 631 1826 684 macha-
1855 628 1901 686 Α
1934 642 2070 689 eam,
2098 641 2148 683 et
2182 632 2335 684 aliam
2365 632 2507 686 ducit
2535 649 2771 695 uxori-III,
2801 635 2915 686 sive
2942 633 3209 700 ancillam,
3242 641 3354 693 sive
3378 642 3495 692 libo.

260 742 342 781 Inr
376 728 585 796 (Ibid.).
636 727 785 781 lIIIde
823 736 871 779 et
902 728 1171 793 apostolus
1199 727 1318 779 dicit
1357 744 1368 779 :
1426 723 1694 791 I’ra'cipio,
1730 739 1827 774 non

253 836 366 887 ego,
395 824 480 872 sed
507 817 772 882 Dominus,
803 835 1009 871 uxorem
1038 838 1067 871 a
1093 822 1196 872 I'II‘O
1219 835 1316 869 non
1346 818 1599 869 discedre
1626 812 1677 876 (I
1708 814 1825 867 Cor.

252 913 371 981 vn);
404 921 457 967 et
482 913 669 966 iterum
698 928 710 962 :
744 911 997 981 Alligatus
1027 928 1079 965 es
1100 912 1285 964 uxori?
1307 909 1413 961 noli
1440 923 1665 977 quwrere
1690 907 1827 959 solu-

248 1005 480 1056 tionem:
508 1005 703 1056 solutus
756 1020 807 1057 es
850 1005 912 1055 ab
966 1002 1163 1055 uxore?
1215 1018 1278 1053 ne
1313 1000 1571 1069 quwsieris
1616 1013 1824 1051 uxorem

248 1092 460 1161 (Ibid.).
494 1092 633 1147 Alibi
665 1108 895 1162 namque
938 1093 1005 1146 de
1039 1094 1298 1145 adulterio
1342 1093 1425 1146 vel
1476 1090 1824 1145 fornicatione

244 1188 504 1254 scriptum
535 1196 617 1241 est
647 1205 658 1238 :
689 1188 789 1252 Qui
832 1187 1119 1239 adulteram
1150 1196 1306 1248 tenet,
1340 1186 1523 1237 stultus
1550 1193 1597 1237 et
1633 1184 1824 1252 impius

243 1288 320 1329 est
350 1276 530 1346 (Prov.
572 1279 751 1346 vaII);
784 1277 852 1331 de
894 1278 1013 1331 filiis
1059 1292 1272 1346 quoque
1314 1278 1673 1330 adulterarum
1722 1275 1820 1340 eii-

241 1369 454 1423 ciendis
485 1384 603 1423 cum
632 1370 893 1423 matribus
929 1371 1060 1433 suis,
1096 1379 1146 1421 et
1180 1368 1422 1421 Ezechiel
1451 1366 1635 1420 dicens
1663 1383 1674 1419 :
1710 1365 1822 1435 Eji-

242 1463 342 1512 cite
372 1472 580 1514 matrem
612 1463 940 1530 fornicariam
980 1471 1026 1514 et
1056 1463 1193 1530 ﬁlios
1231 1460 1601 1529 fornicationis.
1644 1460 1705 1512 Et
1738 1476 1821 1513 rc-

246 1553 412 1622 liqua.
436 1555 499 1607 Et
524 1555 847 1622 Augustinus
870 1554 997 1607 dicit
1021 1571 1032 1605 :
1056 1553 1111 1607 Si
1136 1554 1326 1606 mulier
1351 1550 1608 1605 fornicata
1642 1551 1819 1615 fuerit,

243 1645 593 1713 relinquenda
635 1652 735 1705 est,
765 1644 857 1698 sed
892 1644 978 1698 illa
1029 1646 1238 1697 vivente
1268 1644 1433 1697 altera
1464 1658 1568 1695 non
1615 1651 1699 1695 est
1725 1642 1821 1693 du-

239 1736 435 1791 cenda.
473 1734 780 1803 Ubicunque
820 1736 976 1804 igitur
997 1744 1079 1788 est
1108 1734 1402 1796 fornicatio,
1435 1741 1491 1787 et
1518 1732 1822 1786 fornicatio-

240 1828 326 1881 nis
352 1842 474 1881 vera
505 1829 758 1894 susp‘cio,
794 1828 957 1881 libere
982 1844 1116 1882 uxor
1145 1828 1453 1889 dimittitur;
1487 1828 1642 1879 aliter
1667 1839 1814 1893 ergo,

238 1919 452 1972 etiamsi
494 1919 691 1972 sterilis
734 1927 833 1979 est,
866 1920 909 1971 si
936 1916 1211 1983 deformis,
1257 1919 1301 1971 si
1346 1917 1526 1979 fetida,
1559 1917 1602 1969 si
1640 1924 1812 1969 temu-

237 2010 406 2072 lenta,
449 2010 492 2063 si
527 2010 797 2073 iracunda,
824 2010 867 2063 si
901 2011 1050 2061 malis
1080 2010 1335 2067 moribus.
1367 2008 1410 2060 si
1443 2008 1732 2066 luxuriosa,
1766 2005 1807 2058 si

234 2103 405 2167 fatua,
455 2102 499 2157 si
545 2102 752 2172 gulosa,
805 2103 850 2156 si
875 2117 1028 2171 vaga,
1058 2104 1102 2155 si
1150 2100 1418 2170 nugatrix,
1459 2099 1501 2153 si
1532 2098 1811 2162 maledica,

233 2196 466 2250 tenenda
496 2198 594 2250 crit
627 2196 758 2249 velis
788 2196 943 2259 nolis,
970 2205 1022 2248 et
1049 2194 1435 2263 qualiscunque
1466 2200 1682 2259 accepta
1710 2200 1813 2253 est,

235 2289 479 2339 habenda
519 2288 618 2340 erit
650 2306 660 2339 :
688 2288 972 2350 Apostolus
1004 2288 1145 2340 enim
1183 2286 1309 2339 dicit
1338 2306 1348 2336 :
1376 2284 1502 2337 Cum
1545 2285 1678 2335 enim
1702 2302 1727 2336 e
1758 2300 1814 2334 as

234 2378 383 2440 liber,
415 2388 592 2445 sponte
620 2378 841 2429 servituti
874 2387 917 2429 te
936 2376 1194 2447 subjeciin
1218 2374 1303 2444 (ll
1335 2375 1455 2430 Cor.
1492 2376 1587 2442 Is).

644 2486 807 2542 CXX.
840 2488 1014 2541 Conon
1046 2489 1408 2552 Africanensis.

310 2579 613 2635 Secundum
661 2579 1028 2647 evangelicatn
1078 2578 1433 2645 disciplinam,
1480 2588 1576 2628 nec
1622 2588 1757 2625 uxor
1786 2587 1813 2623 a

231 2670 358 2724 viro
389 2671 603 2723 dimissa
635 2670 794 2723 alium
831 2669 1056 2736 accipiat
1084 2668 1255 2721 virum
1288 2666 1495 2720 vivente
1524 2664 1638 2716 viro
1691 2678 1811 2722 suo.

232 2776 335 2817 nec
366 2764 446 2815 vir
472 2764 627 2816 aliam
651 2761 875 2831 accipiat
901 2775 1150 2817 uxorem.
1179 2760 1388 2814 vivente
1418 2771 1581 2812 uxore
1612 2756 1811 2826 priore;

228 2854 328 2909 sed
359 2856 428 2908 ita
462 2862 731 2917 maneant,
762 2862 853 2905 aut
881 2852 1094 2905 sibimet
1122 2848 1551 2904 reconcilientur.

662 2951 850 3007 CXXI.
883 2952 1193 3020 Augustinus
1222 2950 1384 3002 die't:

310 3041 367 3095 Si
391 3041 580 3096 mulier
617 3040 875 3097 fornicata
907 3039 1086 3103 fuerit,
1117 3037 1456 3108 relinquenda
1489 3046 1589 3102 est,
1610 3035 1703 3093 sed
1728 3036 1813 3093 illa

230 3131 470 3195 vivente,
505 3133 669 3185 altera
703 3147 805 3185 non
836 3141 918 3186 est
950 3130 1211 3183 ducenda.

720 3232 928 3287 CXXII.
959 3231 1137 3285 Conon
1166 3232 1285 3283 dicit
1314 3247 1332 3284 .'

306 3321 365 3375 St
396 3321 586 3375 mulier
607 3320 918 3376 discesserit
944 3334 974 3373 a
1019 3321 1137 3375 vito
1169 3334 1288 3382 suo,
1334 3318 1637 3389 despiciens
1665 3334 1808 3385 eum,
1840 3333 1889 3395 ο

229 3412 426 3466 nolens
474 3422 743 3467 revertere
788 3422 843 3468 et
883 3412 1214 3468 reconciliari
1264 3413 1377 3467 viro
1411 3421 1529 3482 post
1576 3413 1813 3481 quinque

231 3501 317 3554 vel
344 3510 547 3569 septem
581 3515 770 3567 annos,
821 3515 940 3556 cum
971 3515 1235 3557 consensu
1260 3500 1493 3571 episcopi
1520 3503 1631 3570 ipse
1653 3503 1810 3555 aliam

230 3596 465 3662 accipiat
510 3610 752 3659 uxorem,
801 3596 846 3650 si
884 3598 1163 3651 continens
1212 3611 1332 3651 esse
1362 3609 1465 3649 non
1501 3595 1727 3663 poterit,
1760 3603 1815 3647 et

233 3689 499 3757 pmniteat
528 3695 634 3741 tres
658 3701 846 3751 annos,
880 3686 962 3740 vel
994 3685 1152 3741 etiam
1185 3686 1416 3755 quandiu
1448 3684 1652 3745 vixerit,
1686 3685 1811 3753 quia

229 3778 386 3845 juxta
416 3776 733 3830 sententiam
764 3775 970 3829 Domini
1003 3775 1245 3831 machus
1270 3777 1669 3845 comprobatur.

822 3868 1051 3923 CXXIII.
1086 3868 1236 3923 Item.

308 3960 367 4014 Si
409 3960 558 4029 cujus
599 3975 734 4015 uxor
762 3960 813 4014 in
842 3962 1210 4030 captivitatem
1248 3961 1407 4016 ducta
1452 3959 1629 4025 fuerit,
1669 3971 1722 4013 et
1752 3977 1811 4013 ea

229 4048 427 4103 redimi
460 4063 564 4101 non
614 4050 831 4116 poterit,
870 4058 986 4116 post
1016 4065 1212 4103 annum
1263 4049 1545 4116 septimum
1592 4052 1810 4103 alterum

228 4137 489 4203 accipiat,
515 4144 572 4192 et
597 4139 639 4193 si
669 4147 846 4206 postea
881 4140 1117 4207 proin-ia,
1151 4141 1200 4192 id
1227 4151 1306 4194 est
1338 4142 1481 4208 prior
1507 4141 1720 4201 mulier,
1746 4140 1812 4193 de

226 4228 544 4296 captivitate
590 4243 806 4282 reversa
857 4229 1033 4295 fuerit,
1074 4230 1301 4299 accipiat
1346 4245 1486 4295 eam,
1541 4233 1807 4299 posterio-

228 4338 462 4391 reInque
489 4322 739 4377 dimittat.
771 4324 1027 4378 Similiter
1051 4334 1227 4378 autem
1258 4334 1310 4378 et
1351 4326 1459 4387 illa,
1488 4326 1620 4379 sicut
1649 4340 1809 4393 supo.

228 4418 344 4469 I'IttS
376 4415 625 4479 diximus,
655 4416 698 4469 si
732 4416 845 4470 viro
877 4417 996 4468 talia
1024 4420 1361 4486 contigerint,
1394 4416 1571 4472 faciat.

486 4514 714 4569 CXXIV.
752 4516 827 4569 De
852 4518 1178 4571 matrimonio
1206 4520 1542 4571 servulorum.

304 4595 363 4650 SI
395 4610 607 4649 servum
632 4605 686 4649 et
712 4595 960 4649 ancillam
992 4598 1239 4651 dominus
1280 4597 1557 4651 amborum
1609 4598 1659 4649 itt
1694 4613 1812 4649 ma-

1935 738 2070 785 rant,
2104 736 2155 776 ut
2182 741 2337 794 supra
2369 726 2625 790 scriptum
2658 736 2753 787 est,
2790 730 3060 794 pthlIIeal.

2389 822 2599 875 CXXV.
2637 823 2708 875 De
2738 828 3050 878 concubinis.

2001 911 2323 979 Augustinus
2350 914 2514 967 dicit:
2561 916 2729 981 Qua'e
2778 924 2862 968 est
2901 919 3038 984 quod
3091 921 3235 972 multi
3270 922 3498 973 virorum

1927 1014 2052 1057 ante
2102 1006 2313 1072 nuptias
2364 1007 2685 1060 concubinas
2732 1008 2832 1059 sibi
2874 1009 3128 1064 adhibere
3167 1028 3268 1063 non
3300 1016 3501 1065 erube-

1927 1101 2104 1156 scunt,
2137 1107 2269 1160 quas
2302 1104 2420 1160 post
2466 1109 2634 1149 annos
2664 1097 2931 1149 dimittant
2958 1108 3011 1150 et.
3042 1099 3119 1150 sic
3160 1110 3339 1166 postea
3371 1104 3499 1170 legi-

1926 1185 2081 1236 timas
2114 1201 2308 1240 uxores
2332 1186 2643 1254 accipiant?
2689 1189 2839 1242 Unde
2869 1205 3047 1242 coram
3080 1190 3301 1245 Domino
3326 1204 3379 1247 et
3409 1210 3498 1248 co-

1928 1290 2037 1327 ram
2070 1276 2271 1343 angelis
2299 1278 2416 1345 eius
2463 1287 2631 1331 testor
2677 1288 2835 1347 atque
2862 1282 3139 1345 denuntio,
3191 1282 3354 1336 Deum
3400 1285 3500 1337 ista

1926 1364 2173 1431 coniugia
2200 1380 2413 1433 semper
2445 1367 2803 1435 prohibuisse,
2836 1379 2889 1422 et
2918 1386 3182 1439 nunquam
3217 1375 3479 1443 placuisse

1924 1462 1980 1507 et
2011 1455 2279 1522 prmeiptte
2322 1459 2650 1526 temporibus
2677 1459 2997 1515 Christianis
3041 1467 3368 1520 concubinas
3400 1466 3470 1520 ha

1924 1545 2053 1599 bere
2102 1561 2367 1613 nunquam
2403 1548 2570 1611 licuit,
2623 1565 2887 1615 nunquam
2937 1554 3078 1619 licet,
3133 1572 3399 1625 nunquam
3430 1560 3489 1611 li.

1924 1636 2082 1687 t'ebit.

2380 1732 2610 1786 CXXVI.
2649 1733 2775 1785 Item
2808 1735 2858 1786 in
2885 1735 3034 1807 lege:

1994 1818 2160 1874 Nemo
2192 1822 2409 1875 incestis
2450 1824 2918 1890 coniunctionibus
2966 1841 3026 1879 se
3071 1829 3327 1896 inquinet,
3377 1830 3497 1899 quia

1924 1912 1976 1965 in
2008 1914 2245 1969 chitico
2272 1917 2528 1984 scriptum
2560 1927 2675 1971 est:
2714 1917 2894 1972 Omnis
2923 1919 3074 1972 homo
3114 1923 3180 1973 ad
3208 1924 3497 1989 proximam

1916 2010 2181 2077 sanguinis
2233 2011 2315 2062 sui
2368 2026 2469 2062 non
2519 2012 2745 2073 accedat,
2797 2021 2851 2063 ut
2903 2014 3087 2065 rerelet
3136 2016 3502 2083 turpitudinem

1918 2099 2051 2165 ejus.
2090 2098 2154 2150 Et
2178 2101 2403 2152 iterum:
2444 2101 2622 2151 Anima
2656 2117 2769 2167 quc
2791 2106 2963 2167 fecerit
2986 2105 3249 2170 quidpiam
3277 2108 3496 2167 existis,

1920 2190 2103 2254 peribit
2129 2194 2191 2244 de
2223 2195 2387 2246 medio
2409 2194 2584 2263 populi
2605 2195 2684 2245 sui
2718 2193 2901 2262 (Leuit.
2938 2196 3108 2263 vaII).
3140 2196 3281 2250 Sane
3307 2199 3499 2266 quibus

1925 2282 2229 2347 coniunctio
2261 2284 2438 2337 illicita
2480 2284 2813 2338 interdicitur
2843 2286 3114 2340 habebunt
3138 2288 3350 2341 ineundi
3381 2304 3493 2342 me-

1923 2372 2071 2426 lioris
2100 2374 2330 2443 c0ningii
2366 2376 2685 2429 libertatem.

2356 2474 2612 2529 CXXVII.
2648 2478 2891 2545 Synodus
2918 2481 3069 2531 dicit.

1988 2562 2299 2632 Quicunque
2353 2566 2537 2622 illicito
2585 2570 2920 2623 matrimonio
2972 2570 3167 2625 fuerint
3197 2574 3488 2633 commisti.

1924 2663 2046 2722 post
2076 2658 2440 2722 paenitentiam
2475 2672 2579 2711 non
2610 2659 2805 2712 debent
2839 2661 2951 2714 fieri
2982 2663 3033 2714 in
3064 2676 3167 2714 una
3209 2665 3392 2728 domu,
3425 2680 3495 2718 ne

1916 2759 1974 2798 se
2004 2747 2230 2801 invicem
2259 2763 2418 2802 causa
2446 2750 2649 2804 amoris
2679 2752 2956 2818 copulent.

2004 2840 2283 2895 CXXVIII.
2320 2842 2451 2895 Item
2475 2845 2702 2913 synodus
2732 2846 2794 2898 de
2820 2854 2932 2900 toro
2960 2848 3138 2914 fratris
3160 2847 3407 2914 defuncti.

1992 2938 2126 2992 Audi
2156 2937 2373 2992 decreta
2402 2939 2590 3008 synodi
2621 2956 2633 2991 :
2666 2939 2950 3007 Superstes
2988 2940 3152 2995 frater
3183 2951 3353 2995 torum
3385 2943 3492 2996 de-

1919 3028 2083 3083 functi
2114 3029 2292 3084 fratris
2319 3045 2421 3084 non
2449 3029 2725 3093 ascendat,
2780 3030 3004 3085 Demino
3030 3031 3243 3087 dicente
3268 3050 3280 3086 :
3329 3034 3494 3086 Erunt

1918 3124 2021 3174 duo
2051 3122 2102 3173 in
2134 3138 2286 3174 carne
2334 3138 2433 3174 una
2464 3119 2669 3189 (Cenes.
2727 3123 2808 3189 II).
2845 3122 2986 3192 Ergo
3040 3140 3173 3178 ttxrr
3216 3125 3393 3179 fratris
3420 3128 3493 3180 tui

1920 3225 2071 3265 SOI‘OI’
2102 3219 2189 3262 tua
2213 3218 2315 3263 est.

2343 3298 2575 3352 CXXIX.
2604 3299 2880 3369 (iregmius
2910 3301 3072 3352 dicit:

1992 3390 2045 3445 Si
2096 3390 2215 3459 quis
2255 3390 2593 3453 monacham,
2641 3393 2722 3440 vel
2781 3404 3127 3443 commaticm
3176 3392 3493 3459 spitialem,

1922 3481 2004 3535 vel
2045 3483 2224 3535 fratris
2248 3495 2499 3544 uxorem,
2554 3480 2637 3535 vel
2674 3490 2908 3548 neptem,
2945 3482 3025 3535 vel
3061 3498 3365 3547 novercam,
3410 3487 3494 3538 vel

1921 3570 2325 3636 consobrinam,
2357 3572 2439 3625 vel
2471 3570 2535 3624 de
2566 3573 2775 3640 prapria
2818 3574 3157 3642 cognatione,
3189 3576 3272 3630 vel
3326 3592 3483 3647 quam

1919 3671 2174 3729 cognatus
2205 3663 2411 3727 habuit,
2443 3660 2655 3717 duxerit
2688 3678 2928 3725 uxorem,
2961 3665 3243 3720 anathema
3275 3669 3361 3721 sit.

1920 3778 2131 3831 CXXX.
2165 3776 2294 3829 Item
2329 3776 2399 3849 de
2428 3777 2843 3849 consanguineis,
2883 3777 3161 3845 Gregorius
3198 3778 3487 3849 interroga-

2208 3848 2430 3899 tionibus
2460 3846 2732 3915 Augustini
2758 3848 2829 3899 ita
2860 3848 3120 3914 respondit
3146 3854 3195 3902 ⁸.

1989 3957 2244 4022 Quasdam
2276 3966 2485 4010 terrena
2519 3956 2675 4010 lexin
2706 3956 2944 4011 Romana
2974 3955 3244 4025 republica
3277 3961 3503 4027 permit-

1924 4049 1983 4099 tit
2014 4055 2072 4100 ut
2099 4046 2212 4101 sive
2241 4045 2403 4101 frater
2428 4054 2483 4099 et
2517 4061 2689 4109 soror,
2732 4060 2823 4099 seu
2864 4046 3092 4101 duorum
3122 4046 3341 4115 fratrum
3372 4063 3502 4119 ger-

1924 4152 2221 4198 manorum,
2274 4135 2357 4190 vel
2404 4136 2627 4189 duarum
2668 4151 2907 4187 sororum
2961 4135 3099 4189 fiiitIs
3141 4145 3193 4189 et
3242 4137 3347 4190 lilia
3393 4138 3493 4192 mi-

1922 4240 2211 4289 sceantur;
2258 4228 2349 4280 sed
2402 4228 2769 4294 experimento
2818 4228 3107 4282 didicimus
3143 4244 3206 4283 ex
3244 4230 3331 4283 tali
3361 4246 3491 4285 con-

1918 4318 2065 4388 ingio
2101 4319 2337 4372 sobolem
2370 4333 2472 4371 non
2523 4332 2682 4385 posse
2713 4332 3076 4383 soccrescere,
3131 4328 3183 4372 et
3213 4334 3363 4374 sacra
3411 4322 3494 4374 lex

1924 4408 2150 4463 Mosaica
2178 4410 2426 4476 prohibet
2444 4409 2775 4476 cognationis
2809 4409 3188 4474 turpitudinem
3221 4413 3490 4471 revelare:

1924 4501 2062 4553 unde
2093 4515 2307 4553 necesse
2336 4509 2419 4553 est
2447 4508 2504 4551 ut
2533 4499 2635 4566 iam
2688 4500 2837 4553 tertia
2893 4500 2975 4554 vel
3005 4511 3191 4568 quarta
3221 4502 3495 4569 generatio

1926 4596 2156 4648 fidelium
2189 4596 2408 4648 licenter
2438 4594 2584 4662 iungi
2616 4594 2808 4647 debeat
2837 4610 2851 4658 ;
2894 4609 3013 4648 nam
3049 4598 3282 4651 secunda
3329 4613 3488 4668 quam

228 4684 493 4741 triInonio
520 4685 879 4753 coniunxerit,
924 4697 1105 4756 postea
1156 4687 1376 4742 liberato
1418 4703 1572 4742 servo
1600 4690 1681 4742 vel
1715 4704 1812 4741 an-
1842 4678 1892 4734 D
1926 4686 2273 4752 praediximus
2292 4700 2330 4738 .a
2357 4699 2414 4738 se
2444 4684 2751 4737 omnimodo
2772 4684 3040 4740 abstinere
3065 4686 3242 4743 debet.

224 4777 380 4841 eilla,
411 4776 455 4829 si
484 4790 591 4830 non
623 4786 795 4845 potest
824 4778 1013 4832 redimi
1045 4776 1135 4847 qui
1162 4778 1213 4831 in
1256 4779 1477 4833 servitio
1506 4788 1611 4843 est,
1642 4780 1811 4834 libero

228 4874 364 4926 licet
401 4870 560 4938 (sicut
586 4871 900 4938 quibusdam
949 4869 1142 4942 placet)
1182 4872 1411 4942 ingenuo
1453 4872 1809 4942 coniungere;

223 4963 328 5018 sed
363 4969 565 5027 tamen,
591 4961 747 5028 iuxta
790 4963 1107 5016 sententiam
1142 4962 1370 5025 Domini,
1420 4963 1659 5017 mtecltus
1689 4977 1817 5030 pro-

222 5054 413 5107 batur.
464 5048 561 5118 Qu'i
607 5066 731 5106 vero
786 5051 962 5105 taliter
1006 5053 1192 5120 egerit,
1247 5051 1297 5104 id
1348 5060 1448 5121 est,
1499 5062 1555 5105 ut
1601 5061 1816 5121 propter

225 5146 464 5213 primam
517 5156 736 5196 uxorem
790 5142 1060 5195 servitium
1114 5142 1400 5194 humanum
1455 5142 1705 5206 dimittat,
1763 5151 1816 5197 et

226 5246 446 5309 posteat
478 5236 696 5289 liberam
736 5236 894 5291 ducat
938 5252 1179 5300 uxorem,
1233 5253 1290 5291 III
1335 5252 1503 5292 annos
1535 5239 1811 5306 paeniteat,

224 5344 402 5383 unum
436 5326 487 5381 in
521 5342 655 5395 pane
688 5338 740 5380 et
770 5342 935 5394 aqua;
972 5329 1063 5383 sed
1096 5338 1149 5382 et
1190 5329 1638 5399 quandiucunque
1670 5332 1817 5387 vixe-

226 5421 322 5480 rit,
381 5431 593 5484 semper
638 5416 837 5484 aliquid
888 5419 1161 5484 pmniteat.
1212 5419 1467 5475 Similiter
1509 5436 1723 5491 quoque
1764 5433 1818 5478 et

228 5508 433 5563 mulier
468 5507 747 5573 paeniteat,
780 5507 824 5560 si
856 5507 1032 5561 taliter
1064 5508 1265 5563 fecerit.
1299 5508 1354 5565 Si
1397 5511 1515 5579 quis
1557 5510 1692 5565 liber
1719 5527 1816 5565 an-

224 5600 417 5653 cillam
446 5608 537 5650 aut
567 5611 716 5650 suam
748 5608 836 5650 aut
866 5599 1087 5653 alterius
1129 5602 1179 5654 in
1222 5603 1558 5657 matrimonio
1597 5618 1820 5674 accepe-

227 5694 323 5750 rt't,
359 5702 463 5739 non
499 5687 656 5740 habet
685 5689 951 5742 licentiam
988 5690 1257 5747 dimittere
1286 5709 1426 5756 eam,
1468 5695 1511 5749 si
1543 5705 1665 5749 ante
1695 5712 1817 5749 eum

226 5794 501 5833 c..nsensu
534 5779 811 5833 amborum
840 5781 1108 5850 coniuncti
1150 5786 1283 5849 sint;
1312 5787 1354 5840 si
1400 5802 1524 5841 vero
1556 5788 1821 5843 dim?serit

306 5920 330 5946 ιι
363 5910 416 5964 In
445 5910 611 5980 Resp.
643 5910 708 5964 ad
740 5911 1000 5983 Interrog.
1032 5914 1084 5970 6.
1121 5916 1288 5971 "ARD.

485 6029 760 6087 ΡΑτιιοι..
794 6028 1024 6090 L'XXX
1044 6031 1153 6091 IX.

2197 4772 2433 4827 CXXXI.
2468 4772 2598 4826 Item
2625 4776 2688 4826 de
2712 4774 3004 4827 rationabili
3033 4792 3209 4831 causa.

1994 4865 2130 4919 Vere
2155 4876 2271 4933 post
2299 4866 2516 4918 multum
2562 4868 2817 4933 temporis
2846 4881 2874 4918 a
2904 4866 3078 4921 Felice
3120 4868 3376 4925 Messana!
3408 4871 3496 4927 Si-

1922 4958 2057 5011 cilia:
2090 4959 2318 5025 prtesule
2346 4959 2631 5027 requisitos
2657 4958 2965 5027 Gregorius,
2997 4968 3172 5013 utrum
3198 4962 3494 5031 Augustino

1923 5051 2244 5114 scripsisset,
2275 5058 2332 5103 ut
2372 5050 2661 5120 Anglorum
2690 5060 2875 5120 quarta
2906 5050 3250 5119 generatione
3280 5063 3493 5108 contra-

1922 5158 2005 5200 cta
2035 5146 2373 5199 matrimonia
2409 5147 2627 5199 minime
2655 5146 3011 5211 solverentur,
3045 5146 3374 5201 humillimus
3403 5163 3492 5216 pa-

1924 5246 2001 5290 ter
2028 5236 2167 5289 inter
2195 5246 2384 5290 caetera
2414 5237 2570 5289 talem
2599 5235 2829 5288 reddidit
2853 5236 3115 5290 rationem
3144 5254 3155 5288 :
3182 5236 3330 5302 Quod
3357 5238 3493 5292 scri-

1924 5327 2001 5396 psi
2053 5327 2352 5396 Augustino
2398 5326 2685 5393 Anglorum
2735 5325 2907 5393 gentis
2957 5326 3255 5393 episcopo,
3312 5334 3498 5379 nostro

1922 5419 2157 5483 alumno,
2194 5420 2441 5473 videlicet
2468 5418 2535 5472 de
2565 5418 3038 5486 eonsanguinitatis
3089 5418 3493 5485 conjunCIione,

1924 5512 2021 5579 ipsi
2054 5522 2106 5565 et
2131 5512 2421 5580 Anglorum
2458 5511 2598 5580 genti
2630 5524 2746 5579 quae
2776 5524 2944 5577 nuper
2972 5508 3038 5561 ad
3074 5508 3231 5562 fidem
3255 5518 3494 5570 venerat,

1922 5618 1989 5656 ne
2011 5617 2037 5653 a
2068 5600 2208 5655 bono
2232 5602 2370 5669 quod
2402 5608 2657 5669 cmperat,
2705 5598 2993 5652 metuendo
3043 5598 3357 5655 austeriora.
3406 5611 3493 5650 re-

1926 5692 2157 5755 cederet,
2202 5693 2505 5760 specialiter
2554 5700 2609 5744 et
2651 5705 2753 5741 non
2801 5687 3124 5757 generaliter
3169 5685 3378 5739 czeteris
3412 5701 3498 5741 Ine

1926 5783 2198 5850 scripsisse
2227 5796 2538 5846 cognoscas.
2597 5781 2747 5831 l‘IIde
2791 5788 2842 5829 et
2894 5777 3023 5829 mihi
3055 5777 3228 5832 omnis
3261 5776 3493 5829 Romana

3071 6035 3140 6091 I3
