4168 6530
727 384 828 438 595

1610 381 1665 431 S.
1712 381 2007 433 ECBER'I'I
2049 380 2515 432 EBOIIACEXSIS
2560 382 3072 436 AIiCIIIIiI‘ISIZUI'l

3883 389 3983 441 396

727 500 913 552 civitas
947 497 1097 548 testis
1121 496 1319 559 existit,
1355 508 1447 545 nec
1482 507 1542 546 ea
1574 494 1870 548 intentione
1895 496 2009 547 lucc
2036 494 2144 545 illis
2174 491 2305 545 scri-
2336 494 2385 550 Α
2417 494 2597 545 mundi
2648 495 2922 560 generatio
2946 533 2960 556 ,
3016 504 3069 547 et
3117 496 3344 549 hominis
3384 507 3550 549 status
3598 496 3797 560 linitur,
3842 500 3908 551 ita
3936 513 3983 553 et

728 592 830 658 ptis
857 588 1131 654 mandavi,
1166 598 1219 640 ut
1248 596 1527 653 postquam
1575 588 1725 640 ﬁrma
1760 588 1934 640 radice
1965 588 2017 638 in
2068 585 2171 639 fide
2199 586 2309 638 fne-

727 682 831 733 rint
862 678 1098 741 solidati,
1128 678 1171 729 si
1206 676 1338 727 infra
1373 680 1644 744 propriam
1682 676 2196 744 consanguinitatem
2224 675 2307 728 in-

724 773 867 824 venti
918 769 1131 829 fuerint,
1183 783 1287 820 non
1342 778 1679 835 separentur,
1735 777 1827 819 aut
1860 767 1999 820 infra
2034 767 2309 820 affinitatis

726 863 941 925 lineam,
976 860 1027 912 id
1056 870 1139 913 est
1164 874 1330 928 usque
1353 859 1418 911 ad
1451 860 1729 926 septimam
1758 860 2162 928 generationem
2188 874 2311 912 con-

724 952 1032 1020 iungantur.
1059 950 1162 1003 Sed
1188 951 1359 1003 adhuc
1392 950 1513 1002 illos
1536 950 1831 1018 ncephytos
1860 951 2173 1015 existentes,
2200 964 2311 1004 coe-

726 1044 867 1110 pisse
893 1056 987 1097 eos
1018 1042 1163 1112 prius
1193 1041 1371 1094 illicita
1417 1040 1635 1105 docere,
1666 1050 1719 1095 et
1747 1040 1923 1094 verbis
1957 1048 2010 1095 et
2037 1041 2304 1109 exemplis

723 1138 1013 1197 instruere.
1040 1145 1092 1189 et
1119 1149 1239 1203 qua:
1270 1144 1390 1203 post
1418 1133 1486 1189 de
1529 1134 1725 1189 talibus
1753 1134 1984 1203 egerint,
2018 1131 2310 1188 rationabi~

725 1227 849 1282 liter
882 1236 933 1281 et
964 1224 1197 1279 fideliter
1225 1226 1512 1278 excludere
1541 1231 1751 1291 oportet
1781 1239 1794 1285 ;
1827 1237 1947 1277 nam
1975 1222 2125 1292 juxta
2159 1226 2311 1290 Apo-

724 1318 952 1381 stolum,
1003 1318 1092 1384 qui
1135 1315 1247 1369 ait:
1301 1314 1406 1367 Lac
1458 1315 1593 1367 vobis
1623 1324 1796 1383 potum
1831 1315 1972 1382 dedi,
2006 1331 2109 1369 non
2147 1330 2309 1368 escam

729 1408 776 1477 (Ι
812 1410 930 1463 Cor.
964 1408 1068 1477 ιιι).
1113 1407 1211 1461 ista
1253 1407 1378 1471 illis,
1412 1405 1594 1470 modo,
1640 1420 1744 1461 non
1793 1406 2041 1472 posteris,
2092 1415 2148 1459 ut
2179 1419 2308 1473 prae-

727 1504 891 1554 fixum
924 1509 1029 1563 est,
1078 1498 1409 1567 temporibus
1437 1496 1665 1550 tenenda
1716 1496 2059 1559 indulsimus,
2107 1508 2174 1548 ne
2216 1496 2310 1548 bo-

728 1608 852 1645 num
894 1592 1034 1657 quod
1087 1590 1293 1645 infirma
1351 1587 1525 1641 adhuc
1583 1588 1760 1641 radice
1819 1587 2113 1657 plantatqu
2172 1597 2307 1653 erat,

730 1683 1213 1755 cxurcreturlLege
1243 1680 1566 1751 emeretur].
1593 1682 1686 1738 sed
1711 1684 2099 1752 aliquantulum
2126 1683 2307 1737 firma-

730 1786 895 1842 retur,
921 1786 974 1831 et
1005 1790 1172 1844 usque
1198 1776 1262 1827 ad
1298 1774 1676 1841 perfectionem
1709 1774 2090 1827 custodiretur.

1127 1866 1387 1921 CXXXII.
1424 1864 1599 1919 Canou
1629 1864 1911 1920 Romanus.

802 1965 994 2018 Laicus
1023 1963 1297 2017 maculans
1326 1977 1383 2016 se
1412 1976 1530 2015 cum
1574 1961 1764 2015 ancilla
1800 1962 1912 2026 Dei,
1948 1961 2029 2014 vel
2056 1976 2174 2014 cum
2207 1961 2315 2028 Spi-

734 2058 873 2112 ritali
905 2064 1218 2119 commatre,
1270 2055 1353 2108 vel
1386 2069 1502 2108 cum
1538 2054 1857 2122 prOpinqua,
1907 2062 1997 2107 aut
2026 2052 2162 2106 forte
2191 2067 2311 2105 cum

740 2151 825 2203 illa
849 2164 1005 2217 quam
1028 2157 1183 2201 antea
1210 2156 1469 2215 cognatus
1496 2146 1700 2207 habuit,
1727 2147 1971 2212 primitus
2003 2145 2311 2197 anathema-

732 2241 945 2301 tizetur,
980 2247 1034 2291 et
1066 2246 1249 2305 postea
1277 2249 1447 2288 annos
1475 2250 1547 2287 vn
1576 2233 1853 2301 poeniteat,
1889 2248 1945 2286 Ill
1995 2236 2045 2286 in
2098 2247 2233 2301 pane
2262 2242 2315 2286 et

729 2348 888 2401 aqua.
924 2329 1185 2386 Similiter
1211 2336 1264 2382 et
1294 2328 1384 2382 illa
1414 2325 1693 2396 paeniteat,
1740 2325 1863 2395 quia
1895 2326 2197 2379 Christiana
2232 2340 2317 2380 re-

735 2424 863 2491 ligio
911 2420 1318 2475 fornicationem
1373 2418 1425 2471 in
1479 2426 1704 2487 utroque
1755 2431 1887 2471 sexu
1944 2418 2057 2485 pari
2108 2418 2315 2472 ratione

734 2512 1072 2567 condemnat.

1292 2597 1573 2652 CXXXIII.
1608 2596 1762 2650 Item.

806 2693 1097 2763 Gregorius
1140 2691 1468 2759 apostolicus
1520 2704 1675 2757 papa,
1709 2698 1835 2744 ante
1884 2702 2079 2756 corpus
2120 2688 2319 2743 beatis-

736 2788 856 2841 simi
883 2787 1027 2841 Petri
1062 2788 1113 2839 in
1146 2785 1353 2857 syno'do
1381 2784 1643 2849 residens,
1673 2784 1804 2837 dixit
1832 2803 1841 2835 :
1869 2784 1921 2839 Si
1955 2784 2073 2853 quis
2098 2784 2318 2855 presby-

738 2888 905 2933 teram
934 2878 1152 2931 duxerit
1175 2878 1226 2931 in
1260 2878 1593 2945 conjugium,
1622 2876 1905 2929 anathema
1933 2876 2022 2929 sit.

1285 2975 1571 3029 CXXXIV.
1609 2974 1759 3029 Item.

807 3058 864 3113 Si
895 3056 1012 3125 quis
1045 3055 1379 3118 monacham,
1426 3068 1584 3121 quam
1632 3053 1724 3107 Dei
1757 3052 2003 3106 ancillam
2031 3051 2317 3123 appellant,

740 3148 956 3203 duxerit
982 3148 1034 3201 in
1066 3147 1394 3215 conjugiuin,
1428 3146 1709 3198 anathema
1739 3146 1827 3197 sit.

1300 3241 1563 3296 CXXXV.
1599 3241 1753 3295 Item.

822 3328 879 3382 Si
908 3328 1030 3393 quis
1060 3325 1127 3379 de
1156 3323 1368 3393 propria
1398 3321 1735 3391 cognatione,
1765 3322 1845 3375 vel
1876 3337 2032 3391 quam
2061 3332 2319 3390 cognatus

754 3418 961 3482 habuit,
1004 3418 1215 3471 duxerit
1243 3429 1484 3479 uxorem,
1531 3414 1814 3468 anathema
1861 3415 1950 3482 sit,
1998 3430 2060 3470 ac
2096 3429 2319 3485 respon-

755 3511 947 3566 dentes
972 3523 1160 3565 onines
1184 3508 1429 3562 dixerunt
1458 3510 1645 3561 Amen.

1286 3607 1572 3662 CXXXVI.
1609 3605 1761 3662 Item.

809 3690 862 3746 Si
894 3692 1012 3759 quis
1043 3704 1162 3743 cum
1212 3687 1418 3742 duabus
1449 3690 1692 3757 c0gnatis
1736 3686 2147 3742 fornicationem
2182 3688 2323 3742 fece-

736 3781 829 3846 rit,
863 3781 1111 3848 primitus
1140 3777 1643 3845 anathematizetur,
1701 3778 1894 3833 deinde
1922 3794 1993 3833 vn
2040 3781 2119 3834 vel
2164 3795 2191 3832 χ
2225 3794 2321 3832 an-

739 3885 837 3925 nos
869 3870 1143 3939 paeniteat.

888 3959 1201 4015 CXXXVII.
1231 3958 1363 4013 Item
1395 3958 1673 4030 Gregorius
1707 3957 1870 4013 Felici
1901 3960 2156 4029 episc0po.

811 4052 1129 4121 Progeniem
1175 4065 1329 4104 suam
1384 4064 1816 4118 unumquemque
1861 4063 2029 4119 usque
2057 4049 2121 4103 ad
2154 4051 2317 4117 septi-

739 4158 880 4198 mam
919 4157 1136 4197 servare
1162 4142 1503 4195 decernimus
1528 4142 1965 4211 generationem;
1998 4151 2051 4195 et
2082 4140 2314 4209 quandiu

746 4249 806 4288 se
834 4242 1130 4303 agnoscunt
1157 4230 1416 4285 afﬁnitate
1464 4232 1859 4300 proquinquos,
1913 4232 1966 4285 in
2012 4230 2317 4301 conjugium

736 4326 933 4379 ducere
963 4324 1091 4378 nulli
1116 4324 1353 4392 profecto
1382 4320 1805 4375 Christianorum
1840 4320 1965 4376 licet
1994 4319 2078 4374 vel
2108 4321 2310 4386 licebit,

740 4426 795 4468 et
824 4415 1071 4470 nolumus
1098 4426 1195 4467 nos
1222 4414 1275 4465 in
1307 4412 1404 4465 hac
1438 4426 1496 4466 re
1526 4427 1553 4463 a
1580 4411 1728 4465 vobis
1758 4412 1869 4465 sive
1889 4426 1916 4463 a
1945 4410 2153 4465 caeteris
2188 4410 2319 4464 Iide-

744 4509 887 4562 libus
930 4506 1275 4577 reprehendi,
1306 4505 1427 4575 quia
1459 4504 1509 4559 in
1541 4505 1621 4559 his
1645 4505 1933 4574 Anglorum
1966 4506 2108 4572 genti
2143 4505 2315 4559 indul-

737 4602 925 4664 simus,
981 4614 1085 4653 non
1127 4600 1351 4653 formam
1382 4600 1579 4663 dando,
1616 4600 1709 4651 sed
1740 4599 2197 4665 consideratione,
2250 4616 2315 4654 ne

742 4691 1156 4746 Christianitatis
1203 4691 1397 4744 bonum
1445 4689 1585 4758 quod
1654 4700 1903 4756 ceperant
1950 4690 2315 4757 imperfectum

735 4782 1089 4843 dimitterent,
1109 4780 1314 4849 egimus
1341 4776 1557 4851 (Regist.
1584 4778 1673 4831 lib.
1698 4793 1791 4843 xu,
1816 4779 1992 4831 indict.
2022 4778 2074 4843 7,
2099 4795 2177 4848 ep.
2204 4778 2315 4847 32).

823 4889 1160 4947 CXXXVIII.
1188 4892 1264 4947 De
1288 4892 1587 4946 scematt'bus
1613 4891 1773 4963 [Lege
1802 4889 2191 4963 stemmatibus].

806 4986 1050 5040 Scemata
1082 4984 1331 5039 dicuntur
1362 4982 1649 5037 ramusculi
1694 4983 1745 5037 in
1775 4999 1995 5052 genere,
2048 4999 2167 5037 cum
2200 4998 2319 5054 gra-

739 5079 843 5137 dus
872 5080 1249 5149 cognationum
1282 5080 1573 5148 patiuntur,
1620 5086 1677 5131 ut
1714 5089 1834 5147 puta
1881 5077 1969 5131 ille
2013 5076 2186 5143 filius,
2231 5078 2319 5132 ille

748 5184 941 5240 pater,
994 5172 1082 5225 ille
1127 5185 1276 5234 avus,
1326 5170 1410 5222 ille
1449 5179 1706 5239 agnatos,
1758 5179 1811 5223 et
1857 5171 2039 5223 carteri
2088 5184 2315 5237 quorum

743 5260 924 5329 figuras
974 5259 1026 5313 in
1067 5258 1512 5327 subsequentibus
1540 5270 1814 5324 apparent.
1846 5258 1909 5311 Et
1945 5259 2057 5311 h:cc
2087 5274 2314 5313 consun-

742 5350 973 5417 guinitas
1015 5346 1140 5400 dum
1186 5362 1244 5401 se
1272 5347 1520 5415 paulatim
1553 5348 1900 5416 propaginum
1934 5348 2209 5401 ordinibus
2239 5348 2318 5400 di-

742 5438 940 5491 rimens
991 5451 1161 5505 usque
1203 5437 1268 5489 ad
1314 5436 1555 5489 ultimum
1602 5438 1820 5506 gradum
1862 5438 2212 5506 subtraxerit,
2266 5450 2317 5493 et

744 5530 1110 5598 propinquitas
1155 5545 1273 5585 esse
1302 5531 1540 5590 desierit,
1580 5546 1694 5583 eam
1726 5547 1907 5585 rursus
1939 5534 2020 5587 lex
2046 5535 2318 5588 matrimo-

744 5619 813 5671 nii
846 5620 1055 5672 vinculo
1100 5620 1290 5685 repetit
1312 5659 1326 5681 ,
1367 5630 1417 5671 et
1448 5620 1838 5685 quodammodo
1868 5633 2086 5677 revocat
2112 5623 2317 5693 fugien-

744 5719 868 5761 tem.
899 5708 1025 5761 Ideo
1055 5720 1228 5762 autem
1264 5724 1431 5776 usque
1479 5710 1543 5762 ad
1592 5721 1799 5763 sextum
1832 5716 2042 5781 generis
2092 5716 2315 5782 gradum

744 5799 1173 5867 consanguinitas
1201 5799 1484 5853 consututa
1532 5810 1633 5861 est,
1669 5812 1723 5853 ut
1766 5799 1901 5856 sicut
1944 5819 2034 5859 sex
2069 5806 2314 5861 a‘tatibus

2346 4552 2397 4612 Ι)

2417 581 2781 651 propinquitas
2822 584 3032 652 generis
3082 594 3158 638 tot
3188 586 3442 653 gradibus
3475 587 3873 642 terminaretur.
3908 590 3985 643 ln-

2417 683 2496 726 ter
2527 673 2622 725 hos
2653 674 2833 743 itaque
2862 674 3272 743 propinquitatis
3303 677 3522 745 gradus,
3556 677 3620 731 ad
3648 680 3979 747 conjugalem

2412 765 2653 831 copulam
2688 768 2885 819 nemini
2912 766 3165 820 accedere
3193 770 3478 834 convenit;
3528 784 3625 824 nec
3667 784 3790 823 eam
3819 785 3971 838 quam

2420 855 2611 924 aliquis
2642 871 2705 911 ex
2732 857 2944 927 propria
2976 860 3434 927 consanguinitate
3463 860 3740 931 conjugetn
3773 862 3973 925 habuit,

2416 947 2470 1002 in
2520 948 2796 1017 conjugem
2851 949 3042 1004 ducere
3096 950 3221 1004 nulli
3270 947 3504 1019 profecto
3562 950 3979 1007 Christianorum

2414 1038 2535 1094 licet
2574 1039 2654 1093 vel
2706 1038 2925 1105 licebit,
2971 1040 3093 1110 quia
3126 1042 3456 1097 incestuosus
3504 1044 3622 1097 talis
3662 1045 3837 1099 coitus
3856 1046 3977 1099 abo-

2415 1129 2684 1183 minabilis
2712 1138 2793 1183 est
2820 1128 2950 1185 Deo.
2974 1130 3305 1186 Incestuosos
3354 1141 3407 1186 et
3461 1132 3602 1187 nullo
3628 1133 3866 1203 conjugis
3897 1134 3980 1206 [Ρ.

2414 1219 2674 1291 conjugii]
2721 1222 2933 1276 nomine
2961 1221 3295 1288 deputaudos
3325 1237 3351 1273 a
3383 1224 3579 1277 sanctis
3615 1222 3861 1279 Patribus
3889 1226 3981 1279 du-

2415 1310 2540 1364 dum
2568 1320 2824 1366 statutqu
2859 1327 2976 1367 esse
3007 1314 3252 1383 legimus.

2840 1403 3124 1459 CXXXIX.
3170 1404 3379 1475 Vigilius
3414 1422 3566 1475 papa.

2492 1492 2546 1548 Si
2570 1500 2769 1547 motum
2794 1491 2947 1548 fuerit
2968 1497 3152 1557 altare,
3186 1495 3359 1549 denuo
3382 1504 3721 1550 consecretur
3741 1496 3981 1552 ecclesia.

2420 1585 2475 1640 Si
2524 1585 2753 1653 parietes
2803 1594 3002 1639 tantum
3034 1594 3322 1653 mutantur,
3357 1595 3410 1641 et
3439 1601 3540 1641 non
3571 1587 3757 1653 altare,
3792 1590 3903 1643 sale
3938 1598 3986 1643 et

2417 1690 2549 1743 aqua
2581 1686 2848 1729 exoretur.
2875 1675 2929 1731 Si
2953 1675 3235 1730 homicidio
3262 1676 3344 1731 vel
3367 1676 3623 1730 adulterio
3642 1677 3799 1732 fuerit
3829 1677 3984 1732 viola-

2416 1778 2488 1834 ta,
2532 1768 2942 1837 diligentissime
2970 1776 3310 1836 expurgetur,
3347 1777 3400 1822 et
3426 1768 3599 1823 denuo
3627 1780 3983 1824 consecretur.

2341 1841 2387 1900 B
2450 1879 2604 1935 CXL.
2638 1879 2853 1950 I’igilius
2886 1898 3038 1951 papa.
3074 1880 3154 1935 Ea:
3182 1881 3334 1936 Cone.
3367 1882 3631 1952 Cartftag.,
3658 1881 3955 1953 Gregorius.

2494 1970 2643 2037 Quis,
2678 1987 2796 2026 cum
2839 1972 2904 2025 ad
2941 1972 3194 2040 judicntm
3228 1975 3452 2038 venerit,
3499 1974 3543 2027 si
3575 1974 3801 2030 voluerit
3830 1976 3981 2030 cleri-

2430 2076 2544 2127 cus,
2578 2073 2629 2116 et
2670 2075 2890 2116 necesse
2919 2061 3098 2127 fuerit,
3129 2062 3352 2117 induciae
3381 2064 3431 2118 ei
3461 2067 3655 2133 petenti
3684 2080 3713 2117 a
3745 2064 3987 2120 I'atribus

2428 2156 2728 2209 constitutae
2758 2156 2959 2223 absque
2990 2155 3367 2223 impedimento
3396 2158 3773 2221 concedantur,
3801 2168 3857 2212 et
3901 2159 3983 2227 ju-

2421 2247 2570 2301 dites
2624 2247 2839 2301 srelecn
2871 2248 3188 2311 tribuantur,
3332 2247 3374 2301 si
3407 2248 3595 2319 [Νέης.
3623 2264 3643 2303 :
3670 2251 3710 2303 Α
3741 2264 3803 2303 se
3837 2250 3987 2304 eleCti

2422 2338 2721 2391 tribuantur
2748 2352 2777 2390 a
2813 2348 2983 2405 patre.
3039 2339 3118 2404 Si,
3164 2338 3286 2410 etc.]
3320 2340 3389 2394 ibi
3422 2341 3524 2394 vim
3562 2340 3793 2409 aliquam
3827 2352 3988 2395 teme-

2424 2432 2579 2486 rarize
2618 2431 2973 2486 multitudinis
3004 2432 3274 2495 metuerit,
3308 2432 3483 2487 locum
3512 2433 3557 2487 is
3577 2447 3869 2503 congruum
3897 2434 3991 2487 eli-

2420 2532 2527 2590 gat,
2578 2535 2682 2588 quo
2712 2521 2911 2589 absque
2940 2521 3132 2576 timore
3171 2534 3316 2586 suos,
3349 2523 3392 2576 si
3421 2538 3637 2579 necesse
3683 2524 3840 2577 fuerit
3869 2566 3883 2587 ,
3914 2536 3989 2577 le-

2423 2622 2534 2669 stes
2564 2614 2786 2678 hahere,
2815 2622 2869 2667 et
2894 2613 3097 2684 absque
3142 2614 3521 2685 impedimento
3558 2629 3708 2671 suam
3735 2617 3993 2671 CJIIOIIICC

2423 2705 2743 2759 sententiam
2778 2705 2931 2760 (inire
2962 2706 3159 2771 valeat,
3188 2707 3310 2775 quia
3338 2707 3500 2761 multa
3527 2722 3622 2775 pro
3646 2707 3992 2775 subreptione

2424 2797 2638 2851 evenire
2662 2796 2863 2860 solent,
2907 2798 3225 2852 sententiam
3270 2797 3472 2865 fratris,
3522 2812 3637 2868 qua:
3684 2798 3986 2854 misericor-

2434 2890 2574 2943 dium
2605 2890 2748 2944 velat
2770 2903 2876 2943 non
2899 2890 3069 2943 solum
3104 2899 3305 2954 tenere,
3337 2889 3433 2945 sed
3460 2901 3513 2944 et
3535 2892 3718 2945 audire
3746 2891 3990 2961 refugite,

2422 2980 2545 3050 quia
2591 2981 2764 3049 potior
2810 2990 2894 3035 est
2936 2980 3189 3035 omnibus
3246 2980 3567 3036 holocaustis
3606 2982 3991 3037 misericordia.

2425 3070 2539 3123 Non
2567 3070 2637 3124 ita
2668 3071 2927 3139 agendum
2958 3069 3011 3124 in
3064 3071 3445 3126 ecclesiasticis
3486 3071 3709 3141 negotiis
3730 3113 3745 3136 ,
3778 3074 3915 3128 sicut
3945 3076 3993 3128 in

2425 3162 2770 3216 saecularibus
2798 3178 2811 3226 ;
2839 3176 2959 3214 nam
2994 3163 3044 3215 in
3074 3161 3439 3227 saecularibus,
3472 3163 3781 3232 priusquam
3809 3165 3900 3231 qui
3929 3165 3996 3219 le-

2421 3250 2578 3320 gibus
2609 3261 2691 3304 est
2715 3261 2930 3304 coactus
2953 3251 3180 3317 venerit,
3207 3261 3260 3305 et
3289 3251 3666 3315 deeantaverit,
3697 3262 3753 3308 et
3776 3269 3993 3325 respon-

2424 3357 2542 3396 sum
2570 3342 2797 3405 dederit,
2822 3352 2944 3396 ante
2969 3351 3239 3410 peractam
3265 3358 3480 3397 causam
3510 3360 3612 3398 non
3638 3354 3812 3414 potest
3842 3359 3993 3400 recc-

2425 3432 2573 3486 dere.
2605 3431 2659 3485 ln
2678 3431 3054 3486 ecclesiasticis
3076 3447 3203 3487 vero
3224 3432 3361 3486 dicta
3386 3447 3542 3486 causa
3568 3432 3690 3487 licet
3712 3433 3991 3500 recedere,

2424 3522 2467 3576 si
2498 3535 2717 3577 necesse
2744 3520 2928 3585 fuerit,
2962 3533 3054 3575 aut
3081 3522 3126 3575 si
3156 3536 3216 3577 se
3245 3522 3565 3591 pra'gravari
3594 3521 3808 3578 viderit.

2824 3611 3005 3667 CXLI.
3036 3609 3103 3666 In
3134 3611 3349 3667 Nicwna
3376 3614 3592 3683 synodo.

2502 3702 2765 3757 Statutum
2794 3712 2877 3757 est
2921 3703 3059 3773 quod
3087 3702 3289 3774 judices
3316 3704 3405 3759 alii
3444 3719 3549 3759 non
3595 3706 3798 3776 synodo
3836 3707 3995 3763 debe-

2428 3802 2546 3849 rent
2576 3808 2715 3860 esse,
2745 3795 2843 3849 nisi
2892 3810 3027 3863 quos
3058 3796 3170 3863 ipse
3197 3798 3285 3867 qui
3335 3796 3601 3866 impetitur
3629 3798 3874 3867 elegerit.
3905 3808 3994 3854 aut

2430 3900 2561 3956 quos
2592 3901 2856 3942 consensu
2898 3902 2997 3942 suo
3040 3887 3155 3957 ejus
3200 3889 3451 3958 primates
3494 3890 3805 3945 auctoritate
3842 3890 3996 3960 hujus

2433 3991 2600 4030 sacrae
2648 3976 2789 4031 sedis
2817 3978 3209 4044 constituerint,
3252 3979 3370 4043 quia
3415 3977 3683 4047 indignum
3712 3987 3797 4033 est
3846 3988 3904 4033 ut
3929 3982 3994 4032 ab

2430 4067 2667 4120 externis
2707 4066 2972 4134 judicctur
3002 4068 3087 4136 qui
3115 4067 3461 4138 provinciales
3484 4079 3534 4124 et
3554 4083 3585 4123 a
3606 4083 3663 4125 se
3687 4071 3889 4124 electos
3913 4070 3995 4124 de-

2434 4158 2522 4211 bet
2552 4156 2748 4212 habere
2773 4158 3001 4226 judices.

2501 4246 2650 4300 Irrita
2680 4249 2782 4301 erit
2814 4247 3031 4308 donatio
3055 4248 3312 4318 episcopi,
3344 4251 3429 4306 vel
3462 4251 3710 4316 venditio,
3740 4252 3820 4307 vel
3850 4266 3993 4308 com-

2429 4341 2650 4393 mutatio
2693 4341 2766 4394 rei
2806 4342 3176 4398 ecclesiasticte
3201 4382 3217 4409 ,
3262 4344 3462 4415 absque
3502 4344 3890 4401 collautlatione
3938 4355 3993 4400 et

2432 4430 2818 4498 sub~criptioue
2842 4430 3178 4488 clericorum.

2784 4530 2985 4586 CXLII.
3021 4531 3307 4587 Romanum
3338 4537 3627 4591 concilium.

2505 4621 2767 4689 Tempore
2784 4621 3113 4679 ConSIantini
3133 4627 3371 4695 Augusti,
3390 4629 3719 4699 congregavit
3737 4629 3991 4685 Silvester

2437 4728 2567 4782 papa
2598 4713 2855 4783 synodum
2888 4713 3070 4768 Roma:
3115 4731 3233 4770 cum
3263 4734 3426 4772 uxttt
3453 4721 3742 4787 episcOpis,
3769 4736 3988 4789 quorum

2438 4818 2697 4858 consensu
2722 4813 2775 4859 et
2798 4805 3248 4873 superscriptione
3269 4811 3612 4864 constitutum
3641 4820 3752 4864 est:
3780 4811 3848 4866 Ut
3877 4812 3990 4865 nul-

2438 4898 2515 4950 lus
2559 4896 2727 4951 laicus
2763 4896 2956 4951 clerico
2997 4901 3238 4967 cuiquam
3284 4899 3472 4955 audeat
3512 4901 3706 4956 inferre
3754 4904 3987 4957 testimo-

2434 4988 2577 5041 nium
2604 5005 2617 5053 ;
2651 5000 2778 5057 ergo
2807 4986 2925 5041 laici
2962 4988 3215 5043 adversus
3240 4990 3489 5044 clericum
3514 5006 3618 5045 non
3647 4993 3985 5061 recipiantur.

2430 5081 2797 5145 Accusatores,
2831 5078 3229 5151 consanguinei,
3255 5095 3351 5136 nec
3379 5083 3680 5149 familiares,
3706 5099 3802 5138 nec
3831 5085 3987 5139 domo

2423 5172 2780 5240 prodeuntes,
2829 5170 3084 5224 adversus
3138 5179 3419 5226 extraneos
3466 5173 3823 5227 testimonium
3885 5190 3985 5227 non

2425 5261 2623 5322 dicant,
2658 5273 2756 5313 nec
2784 5270 3143 5325 accusatores,
3170 5273 3268 5313 nec
3292 5269 3452 5314 testes
3473 5274 3576 5322 sust
3597 5260 3697 5315 ecti
3732 5261 3988 5328 recipian-

2427 5364 2529 5417 tur,
2564 5352 2685 5418 quia
2733 5348 3159 5419 propinquitatis,
3192 5365 3254 5405 ac
3282 5349 3681 5415 dominationis,
3732 5366 3794 5405 ac
3842 5350 3988 5407 fami—

2422 5443 2664 5497 liaritatis
2695 5440 2934 5504 affectus,
2960 5441 3268 5508 plerumque
3297 5443 3572 5496 veritatem
3612 5442 3869 5513 impedire
3897 5457 3986 5497 so-

2421 5535 2527 5595 let;
2562 5533 2674 5595 sed,
2710 5529 2752 5586 si
2783 5530 3075 5598 noluerint,
3108 5538 3163 5585 et
3206 5530 3431 5585 invicem
3460 5533 3827 5587 consenserint
3853 5534 3990 5586 inter

2426 5639 2486 5679 se
2516 5632 2784 5691 parentes,
2819 5620 3194 5685 testificentur,
3235 5636 3338 5675 non
3366 5620 3415 5673 in
3441 5621 3574 5676 alios
3605 5638 3619 5689 ;
3672 5636 3820 5677 amor
3846 5623 3987 5677 enim

2418 5713 2647 5769 carnalis
2679 5722 2838 5779 atque
2868 5711 3043 5774 timor,
3071 5711 3437 5766 etamaritudo
3464 5714 3769 5785 plerumque
3797 5729 3986 5771 sensus

2423 5806 2677 5862 hebetant
2709 5802 2997 5870 humanos,
3027 5811 3081 5856 et
3109 5813 3415 5872 pervertunt
3441 5806 3740 5877 opiniones.
