4168 6586
197 521 305 576 397

883 642 1105 696 CXLIII.

274 728 464 782 Nullus
491 733 870 785 monachorum
902 744 1183 801 pra'sumat
1207 736 1471 804 judicare,
1503 751 1600 790 nec
1628 751 1781 788 accu-

195 822 467 874 sationem
516 825 828 877 saecularem
875 825 926 878 in
985 827 1237 880 clericum
1292 830 1482 882 audeat
1514 829 1778 896 accipere.

194 915 353 976 Quod
381 915 424 965 si
452 915 570 982 quis
600 914 856 982 probatur
886 916 1194 982 admittere,
1247 919 1387 972 velut
1417 927 1674 973 exauctor
1706 919 1783 970 lu-

197 1001 342 1056 roris
369 1003 518 1074 [Leg.
551 1016 768 1060 exactor
812 1005 1054 1079 tenoris],
1107 1017 1200 1061 aut
1229 1023 1514 1063 usurarmn
1565 1023 1778 1078 posses-

193 1111 312 1152 sor.
346 1098 640 1151 secundum
679 1108 878 1153 statuta
911 1098 1128 1153 Patrum
1160 1115 1219 1155 se
1245 1101 1441 1154 sentiat
1486 1100 1782 1170 degradati-

193 1185 350 1238 dmn.
387 1185 441 1240 la
471 1188 728 1256 gravibus
775 1193 1010 1258 peccatis
1039 1190 1160 1261 quis
1205 1191 1445 1260 positus,
1495 1191 1622 1246 dum
1672 1194 1782 1245 suis

196 1281 481 1344 premitur,
511 1282 684 1336 aliena
712 1298 819 1338 non
843 1283 1018 1338 diluit.

557 1393 785 1448 CXLIV.
823 1395 895 1447 De
920 1400 1164 1467 conjugio
1185 1399 1415 1462 antiquo.

269 1483 417 1536 Satis
447 1485 605 1552 igitur
626 1487 969 1541 manifestum
997 1498 1079 1542 est
1107 1505 1209 1542 non
1245 1504 1401 1556 posse
1439 1488 1579 1543 IiIios
1611 1489 1778 1543 Atiam

195 1578 248 1625 in
285 1575 577 1641 primordio
605 1575 792 1630 swculi
825 1591 1023 1631 uxores
1066 1579 1359 1647 accepisse,
1392 1580 1492 1634 nisi
1538 1579 1780 1648 prpprias

191 1680 416 1717 sorores
446 1676 536 1719 aut
577 1667 902 1736 propinquas
950 1671 1396 1736 consanguineas.
1441 1671 1537 1725 sed
1569 1686 1782 1738 semper

195 1768 314 1809 erat
340 1758 579 1812 iliicitum
607 1761 674 1813 ab
697 1757 850 1815 initio
875 1778 1092 1817 uxorem
1115 1774 1205 1817 aut
1231 1766 1584 1818 concubinam
1617 1767 1780 1834 patris

197 1850 420 1902 violare.
454 1851 605 1906 [inde
633 1853 795 1906 .lacob
821 1855 1121 1922 patriarcha
1147 1856 1280 1910 dixit
1306 1856 1415 1910 ﬁlio
1437 1872 1532 1912 suo
1560 1858 1772 1912 Ruben:

195 1940 410 2005 If/l'usus
435 1960 487 1995 cs
510 1945 641 1995 sicut
671 1962 836 2012 aqua,
863 1962 963 1997 non
993 1965 1211 2012 cresras,
1250 1951 1365 2016 quia
1396 1952 1670 2002 ascendisti
1697 1969 1775 2002 cu-

191 2034 296 2083 bile
320 2037 476 2098 pultis
511 2037 603 2096 tui,
635 2046 678 2089 et
711 2039 977 2089 maculasti
1007 2049 1220 2090 stratum
1241 2042 1348 2108 ejus
1374 2039 1579 2105 (Cenes.
1610 2042 1773 2109 xxw).

196 2120 351 2174 llmle
383 2132 433 2175 et
471 2122 665 2177 Paulus
695 2126 966 2194 apostolus
995 2128 1182 2180 doctor
1206 2129 1441 2197 gentium
1473 2129 1539 2181 de
1571 2130 1656 2181 tali
1691 2147 1746 2182 sa
1761 2162 1787 2194 -_

193 2213 416 2280 crilegio
449 2214 661 2280 scripsit
701 2215 918 2268 dicens:
953 2217 1171 2268 Auditur
1205 2219 1335 2270 inter
1366 2237 1448 2270 ros
1481 2221 1774 2285 for-nivaria,

183 2317 232 2356 et
271 2306 385 2355 talis
415 2307 691 2372 fornicutio
733 2309 894 2374 qualis
936 2326 1028 2360 nec
1069 2311 1196 2362 inter
1236 2323 1422 2377 gentes,
1464 2313 1610 2362 itaut
1645 2329 1776 2364 uxo-

185 2411 297 2446 rem
329 2398 491 2460 patris
551 2399 687 2466 aliqu
714 2415 736 2448 s
777 2401 978 2465 habent,
1009 2411 1055 2454 et
1083 2418 1167 2454 eos
1207 2403 1374 2471 inflati
1415 2405 1554 2467 estis,
1590 2414 1633 2457 et
1676 2422 1775 2457 non

191 2489 361 2556 magis
386 2489 576 2540 luctum
617 2491 884 2553 habuistis,
916 2501 969 2542 ut
998 2493 1259 2545 tolleretur
1283 2496 1346 2546 de
1371 2497 1537 2546 medio
1561 2507 1776 2547 vestrum

183 2581 274 2645 qui
299 2578 395 2632 hoc
424 2597 552 2647 opus
577 2583 697 2649 [.cit
718 2579 772 2647 (ι
807 2579 927 2634 Cor.
959 2583 1033 2644 ν).
1064 2582 1201 2637 Ecce
1231 2584 1502 2651 apostolus
1527 2585 1776 2638 indicavit

191 2669 493 2742 iiudicavit]
521 2671 589 2725 de
627 2673 802 2726 tnedio
847 2672 1276 2728 Christianorum
1328 2674 1527 2728 auferri
1557 2677 1646 2745 qui
1679 2691 1774 2730 no-

199 2773 413 2814 vercam
444 2762 644 2816 violare
667 2765 1022 2831 prmsumpsit,
1049 2763 1232 2818 dicens
1258 2783 1268 2817 :
1305 2765 1412 2818 Nec
1433 2767 1563 2818 inter
1581 2776 1771 2833 grates,

210 2850 264 2903 id
295 2861 378 2904 est
407 2867 659 2922 paganos,
691 2853 795 2906 tale
824 2855 986 2907 scelus
1026 2855 1158 2923 ﬁeri.
1210 2855 1406 2910 Verum
1446 2857 1621 2926 itaque
1667 2868 1772 2922 est,

199 2953 258 2997 et
284 2945 410 2998 satis
435 2946 538 3000 late
571 2953 710 3012 patet
737 2946 901 3000 Deum
931 2948 1351 3016 omnipotentem
1380 2949 1432 3002 in
1461 2949 1578 3018 lege
1609 2950 1776 3018 Moysi

186 3036 536 3101 prohibuisse
559 3053 776 3091 uxorem
800 3039 984 3104 patris,
1009 3049 1060 3092 ct
1079 3041 1348 3108 lratris,et
1365 3042 1612 3110 proximi,
1637 3043 1776 3095 acci-

186 3139 342 3193 pere,
360 3135 452 3178 aut
469 3140 587 3180 cum
609 3142 671 3180 ea
696 3129 1084 3194 concumbere;
1109 3129 1200 3183 sed
1225 3141 1277 3183 et
1296 3132 1394 3184 hoc
1407 3133 1549 3200 quod
1569 3131 1619 3185 in
1643 3132 1776 3185 Deu-

185 3219 494 3273 teronomio
518 3220 778 3289 scriptum
805 3230 910 3285 est,
936 3231 989 3273 ut
1019 3222 1177 3288 frater
1199 3222 1388 3276 scilicet
1411 3225 1628 3293 accipiat
1650 3241 1774 3276 υπο-

180 3323 295 3359 rem
326 3309 556 3377 defuncti
589 3310 790 3378 fratris,
815 3319 860 3364 et
888 3311 1093 3364 suscitet
1115 3327 1279 3366 semen
1301 3313 1451 3380 fratri
1472 3329 1565 3368 suo
1588 3313 1768 3382 (Deut.
1801 3343 1846 3403 ρ

183 3399 343 3467 xxv),
381 3415 488 3452 non
518 3401 808 3454 carnaliter
837 3400 1240 3470 intelligendum
1274 3411 1378 3470 est,
1401 3404 1494 3458 sed
1524 3404 1773 3472 spiritali-

181 3503 269 3544 ter
292 3492 603 3546 tenendum.
637 3491 703 3546 Et
730 3493 885 3547 valde
916 3507 1095 3548 emcus
1135 3491 1325 3548 doctor
1352 3504 1457 3562 est,
1481 3495 1572 3562 qui
1607 3495 1773 3549 nescit

182 3583 571 3636 discretionem
606 3584 748 3637 inter
803 3583 967 3638 Vetus
1010 3584 1411 3639 Testamentum
1461 3595 1515 3639 et
1544 3585 1770 3651 Novum,

181 3675 282 3729 sed
319 3674 494 3730 adhuc
529 3686 674 3730 errat
726 3687 958 3732 cacatus
1001 3679 1188 3734 umbra
1237 3681 1468 3750 antiqua:
1508 3683 1769 3750 caliginis,

188 3766 444 3820 nesciens
474 3769 752 3822 veritatem
783 3769 969 3836 gratia:
1006 3769 1223 3832 Christi,
1277 3779 1331 3825 et
1382 3772 1552 3826 nescit
1601 3772 1771 3842 legem

185 3868 242 3912 et
271 3847 565 3926 prophetas
589 3873 756 3927 usque
783 3859 850 3912 ad
889 3858 1151 3914 Joannem
1209 3859 1502 3930 Baptistam
1546 3863 1775 3930 prOphe-

192 3960 340 4003 tasse
367 3965 382 4014 ;
415 3964 534 4003 nam
567 3950 682 4014 ipse
709 3950 964 4004 Dominus
991 3952 1094 4004 ait:
1142 3950 1246 4005 Lex
1269 3963 1316 4006 et
1345 3951 1592 4022 prapheta
1621 3970 1773 4021 usque

187 4043 259 4093 ad
288 4038 585 4106 Joannem;
624 4059 656 4096 a
699 4043 874 4096 diebus
919 4043 1138 4097 Joannis
1175 4041 1421 4113 Baptista:
1463 4062 1619 4112 usque
1642 4063 1773 4099 nunc

187 4149 412 4203 regnum
441 4135 682 4188 (telorum
710 4135 808 4188 vim
839 4137 1048 4204 patitur,
1090 4149 1136 4188 et
1168 4137 1372 4190 violenti
1401 4139 1606 4208 rapiunt
1643 4139 1773 4191 illud

190 4223 396 4292 (Marc.
431 4225 543 4291 si);
592 4235 648 4277 et
675 4226 979 4294 quicunque
1022 4235 1249 4281 emeatus
1297 4228 1458 4282 corde
1489 4229 1661 4282 adhuc
1685 4245 1772 4282 so-

183 4315 297 4367 lam
334 4313 562 4367 litteram
583 4315 824 4381 sequitur
849 4330 971 4368 cum
1000 4316 1217 4379 Judazis,
1249 4317 1365 4370 sine
1393 4318 1580 4381 spiritu
1607 4319 1775 4372 viviti-

191 4410 355 4457 cante
381 4411 434 4455 et
461 4401 628 4472 gratia
661 4401 860 4456 Christi
904 4407 1174 4470 perdurat,
1208 4403 1536 4460 manducans
1565 4417 1774 4461 crustas

189 4494 370 4561 panis,
397 4503 451 4547 et
481 4508 583 4547 non
617 4493 781 4548 micas
803 4494 1064 4548 internas.

266 4584 458 4654 Magna
489 4583 742 4638 distantia
789 4595 871 4639 est
899 4586 1038 4639 inter
1079 4585 1306 4639 litteram
1340 4587 1670 4640 occidentem
1723 4597 1776 4640 et

183 4674 439 4741 spiritum
465 4675 819 4727 viviﬁcantem
849 4691 863 4739 ;
893 4684 944 4727 ct
973 4675 1125 4728 valde
1155 4675 1391 4743 ignarus,
1443 4687 1494 4728 et
1526 4677 1768 4745 ignavus,
1805 4689 1852 4750 υ

185 4779 241 4822 et
280 4764 541 4832 insipiens
571 4765 760 4819 doctor
788 4777 888 4831 e5t,
941 4765 1029 4831 qui
1075 4774 1193 4832 post
1223 4773 1300 4818 tot
1346 4780 1515 4821 annos
1553 4775 1608 4820 et
1653 4777 1770 4835 post

185 4867 272 4912 tot
302 4866 617 4910 traeiatares
639 4855 731 4924 qui
762 4855 925 4910 libros
952 4857 1019 4911 de
1049 4856 1164 4924 lege
1193 4856 1768 4927 Moysi'traclaverunt,

180 4963 213 5001 a
252 4947 365 4999 Deo
400 4946 644 5013 inSpirati
675 4945 849 5000 adlmc
896 4945 1173 5014 judaizare
1203 4947 1336 5014 vult,
1380 4951 1773 5005 contemnendo

189 5039 474 5096 Christum
504 5047 557 5092 et
581 5052 771 5093 onmes
800 5045 1015 5092 sanctos
1047 5038 1316 5093 doctores.
1357 5040 1413 5100 In
1444 5039 1773 5095 Deuterono-

182 5132 303 5187 tnio
351 5131 494 5184 enim
527 5129 787 5198 legimus:
845 5128 914 5182 Ut
958 5131 1166 5199 quando
1214 5129 1547 5184 habitaverint
1592 5135 1772 5201 fratres

181 5224 370 5285 simul,
413 5231 463 5275 et
510 5237 640 5274 unus
670 5237 731 5275 ea:
778 5221 849 5274 eis
874 5221 1061 5287 absque
1105 5221 1275 5274 liberis
1317 5231 1547 5276 mortuus
1597 5223 1772 5292 fuerit,

183 5329 325 5368 uazor
354 5313 577 5378 defuncti
602 5329 703 5365 non
734 5311 882 5365 nubet
906 5311 1072 5375 alteri,
1114 5315 1204 5366 sed
1239 5314 1453 5381 accipiet
1484 5329 1596 5366 eam
1620 5317 1776 5382 frater

183 5413 323 5476 ejus,
357 5415 402 5458 et
426 5405 686 5458 suscitabit
727 5421 895 5457 semen
926 5406 1101 5475 fratris
1129 5409 1248 5470 sui;
1293 5413 1341 5458 et
1387 5406 1798 5473 primogenitum,

185 5513 252 5551 ex:
291 5513 354 5550 ea
381 5496 547 5564 ﬁlium
584 5495 787 5549 nomine
829 5497 936 5565 ejus
976 5496 1284 5565 appellabit,
1324 5505 1378 5550 ut
1418 5512 1520 5549 non
1549 5497 1777 5548 deleatur

187 5604 376 5642 nomen
398 5590 509 5657 ejus
536 5604 599 5641 ea:
622 5585 809 5642 Israel.
844 5588 939 5641 Sin
967 5598 1136 5640 autem
1167 5589 1630 5658 nolueritaccipcre
1653 5605 1767 5642 uxo-

189 5697 296 5732 rem
326 5679 509 5747 fratris
539 5679 639 5739 sui,
672 5695 786 5748 qua:
808 5679 853 5731 ei
876 5678 985 5748 lege
1013 5679 1240 5743 debetur,
1287 5689 1457 5748 perget
1497 5680 1679 5730 mulier
1709 5682 1776 5731 ad

190 5785 397 5843 portam
441 5773 678 5837 evitatis,
722 5784 767 5825 et
817 5773 1158 5840 interpellabit
1189 5776 1409 5836 maiores
1450 5783 1596 5836 natu,
1625 5782 1669 5824 et
1698 5773 1770 5824 di-

189 5876 303 5919 cet:
340 5864 462 5917 Non
484 5863 591 5916 uult
642 5864 800 5933 frater
841 5863 932 5916 viri
972 5865 1069 5917 mei
1097 5863 1340 5916 suscitare
1381 5879 1560 5915 nomen
1603 5863 1776 5931 fratris

193 5960 274 6010 sui
299 5958 351 6010 in
383 5957 569 6022 Israel,
612 5972 701 6011 nec
742 5955 896 6009 mein
922 5958 1217 6026 conjugium
1246 5970 1478 6018 sumere;
1512 5964 1554 6006 et
1605 5954 1772 6006 statim

885 529 1415 586 ICXCERPTIUNES
1461 534 1498 584 Ε
1546 532 1761 584 ltltlilb'

1878 530 1890 541 ‘
1930 533 2313 592 clausimus
2353 540 2448 593 Ss‘,
2501 543 2770 592 tut't‘ttt‘s.
3361 545 3463 596 aut!

1810 645 1856 700 Α
1889 648 2125 697 η(ε‹.’ν.ςίι·ἱ
2172 667 2284 700 eum
2331 651 2553 718 facient,
2607 663 2649 700 ιιι
2698 658 3072 714 iunium/ibunt
3116 673 3224 707 tum
3283 663 3340 710 Si
3387 683 3458 712 iw.

1885 738 2142 802 sponderit
2167 755 2182 789 :
2219 741 2353 793 .Volo
2384 758 2491 792 eam
2538 759 2737 792 aurorem
2781 750 3026 811 θρήνυι-ι’,
3053 751 3254 798 accedet
3284 756 3458 803 mulier

1883 827 1950 876 ml
1980 845 2092 880 eum
2127 845 2299 882 coram
2347 833 2659 891 senioribus,
2707 849 2745 884 et
2780 823 2914 886 tul/ei
2960 839 3353 890 calceatucntum
3397 848 3456 893 de

1884 921 2006 989 pede
2035 922 2162 990 ejus,
2194 933 2432 992 spuetque
2458 927 2508 978 in
2552 927 2730 994 faciem
2772 943 2899 994 ejus,
2936 940 2980 980 it
3027 932 3155 984 dicet
3194 948 3212 984 :
3256 935 3345 986 Sic
3377 936 3459 998 ﬁet

1885 1013 2079 1064 homini
2097 1013 2184 1082 qui
2204 1031 2305 1067 non
2325 1016 2543 1082 aedificat
2579 1022 2780 1070 domum
2806 1021 2978 1087 fratris
3000 1023 3098 1086 sui,
3127 1034 3172 1076 ct
3200 1028 3460 1079 vocabitur

1885 1119 2066 1156 nomen
2095 1107 2203 1174 ejus
2250 1108 2304 1159 in
2354 1106 2519 1160 Israel
2549 1111 2726 1163 domus
2773 1114 3062 1166 discalceati
3102 1115 3280 1181 (Deut.
3309 1122 3460 1187 xxv).

1956 1193 2032 1266 De
2063 1196 2160 1251 hoc
2192 1201 2331 1252 enim
2363 1201 2503 1268 quod
2537 1201 2585 1252 in
2623 1204 3035 1259 Duuteronomio
3057 1210 3309 1275 scriptum
3342 1225 3446 1278 est,

1884 1297 1936 1340 et
1967 1288 2017 1339 in
2045 1288 2368 1358 Evangelio:
2421 1293 2569 1358 Quod
2601 1294 2758 1361 frater
2787 1301 2976 1364 accepit
3018 1315 3227 1351 uxorem
3271 1303 3458 1369 defun-

1883 1378 1948 1429 cti
1979 1379 2177 1445 fratris,
2235 1393 2289 1433 ut
2340 1385 2601 1436 suscitaret
2656 1400 2821 1435 semen
2865 1388 3008 1453 fratri
3045 1406 3169 1454 suo,
3223 1405 3326 1442 non
3381 1405 3460 1444 est

1882 1467 2199 1522 Christianis
2249 1474 2535 1525 tenendum
2583 1476 2911 1540 carnaliter,
2973 1479 3064 1529 sed
3122 1480 3456 1546 spiritaliter.

1882 1558 2122 1612 Christus
2151 1560 2223 1611 ait
2255 1559 2308 1613 in
2344 1561 2628 1629 Evangelia
2659 1581 2666 1610 :
2721 1565 2907 1617 Omnes
2952 1577 3119 1618 autent
3157 1583 3241 1620 vos
3281 1569 3463 1636 fratres

1885 1652 2023 1711 estis,
2055 1661 2102 1703 et
2133 1668 2264 1704 unus
2295 1661 2365 1704 est
2395 1650 2552 1706 Pater
2577 1663 2733 1705 vester
2760 1656 2848 1723 qui
2875 1655 2924 1707 in
2966 1658 3102 1710 cretis
3127 1668 3197 1710 est
3245 1659 3460 1728 (Matth.

1886 1743 2021 1807 xu).
2053 1742 2114 1794 Et
2145 1758 2264 1795 cum
2299 1744 2663 1797 habitaverint
2694 1746 2883 1798 fratres
2931 1747 3242 1811 spirituales
3275 1749 3458 1815 simul,

1883 1840 1936 1882 et
1981 1831 2068 1883 ille
2103 1831 2264 1885 frater
2293 1834 2382 1900 qui
2432 1845 2621 1901 pra'est
2670 1837 2920 1889 Ecclesia:
2955 1838 3045 1892 Dei
3100 1841 3366 1894 transierit
3397 1843 3463 1896 de

1882 1921 2081 1971 szecnlo
2129 1921 2192 1974 ad
2221 1920 2514 1986 Christum,
2574 1924 2801 1991 accipiat
2851 1936 2958 1977 tmn
3009 1932 3171 1981 frater
3215 1931 3330 1998 ejus
3365 1933 3460 1984 Ec-

1883 2013 2097 2065 clesiam
2121 2013 2209 2067 Dei
2235 2015 2607 2082 regendam,et
2629 2017 2848 2069 suscitet
2873 2018 3139 2084 spiritales
3167 2021 3302 2072 lilios
3329 2022 3456 2087 Deo,

1882 2118 1971 2168 ne,
2001 2104 2280 2158 deﬁciente
2312 2121 2418 2159 uno
2449 2106 2669 2160 doctore
2701 2111 2911 2161 mortali
2943 2111 3270 2174 conditione,
3304 2115 3462 2166 steri-

1885 2194 1947 2247 lis
1980 2195 2072 2247 liat
2118 2209 2312 2262 sponsa
2347 2193 2570 2258 Christi,
2623 2213 2743 2262 qua:
2787 2208 2867 2250 cst
2902 2211 3071 2252 mater
3097 2204 3334 2256 onmium
3369 2221 3462 2258 no-

1881 2295 2069 2339 strum.
2102 2288 2166 2340 Et
2193 2288 2238 2341 si
2269 2287 2530 2357 quispiam
2580 2290 2766 2342 doctor
2794 2306 2900 2344 nun
2929 2290 3036 2343 vult
3064 2307 3250 2360 regere
3279 2293 3462 2350 Eccle-

1879 2393 2034 2443 Stant,
2091 2388 2207 2446 post
2239 2379 2442 2433 obitum
2474 2381 2692 2434 alterius
2723 2382 2984 2447 doctoris,
3042 2398 3146 2437 non
3175 2401 3366 2439 curans
3393 2388 3459 2441 de

1879 2471 2054 2525 salute
2083 2471 2335 2537 aliorum,
2370 2472 2461 2526 sed
2495 2473 2562 2526 de
2595 2488 2685 2526 sua
2720 2475 2953 2541 propria,
2983 2476 3086 2528 erit
3120 2486 3240 2528 tunc
3267 2478 3459 2531 discal-

1877 2572 2082 2626 eeatus,
2116 2572 2169 2617 et
2199 2574 2384 2618 contra
2418 2566 2517 2617 hoc
2545 2566 2684 2633 quod
2715 2567 2905 2619 Paulus
2933 2566 3068 2620 dixit
3097 2586 3106 2618 :
3155 2567 3219 2619 Et
3251 2571 3460 2622 calceati

1880 2658 2033 2725 pedes
2076 2657 2127 2708 in
2183 2660 2555 2725 prtrparatione
2600 2659 3052 2727 euangelizandum
3102 2661 3234 2711 bona
3277 2661 3453 2727 (Itoni.

1880 2764 1951 2813 vt,
1988 2749 2097 2818 lli).
2128 2750 2183 2804 Si
2225 2766 2331 2803 non
2362 2751 2475 2803 vult
2506 2752 2726 2802 verbum
2761 2750 2852 2802 Dei
2882 2751 3166 2813 seminare,
3214 2753 3313 2805 etsi
3364 2767 3457 2820 po-

1880 2850 2002 2906 test,
2039 2841 2130 2894 sed
2167 2841 2422 2894 talentum
2454 2841 2649 2894 Christi
2703 2841 2754 2893 in
2798 2841 3035 2901 sudario,
3082 2841 3182 2896 hoc
3231 2854 3306 2895 est
3343 2855 3454 2895 tor-

1879 2946 2007 2998 pore
2037 2930 2260 2999 ignavia:
2304 2947 2436 2996 sum,
2490 2931 2856 2994 abscondere,
2907 2934 3005 2985 erit
3053 2945 3343 3000 consputus
3389 2937 3458 2989 ab

1881 3021 2117 3074 Ecclesia
2147 3019 2197 3073 itt
2229 3019 2362 3074 facie
2383 3020 2696 3073 confusione
2715 3021 2929 3089 dignus,
2964 3025 3216 3091 projectus
3245 3025 3294 3076 in
3327 3036 3458 3078 tene-

1880 3115 1992 3164 bras
2014 3115 2303 3171 cxteriores.
2329 3112 2412 3164 ubi
2433 3115 2525 3164 erit
2545 3115 2695 3180 ﬂetus
2721 3123 2763 3163 et
2786 3113 2975 3164 stridor
2995 3114 3220 3166 dentium
3241 3115 3452 3185 (Matth.

1879 3203 2018 3269 vm).
2053 3202 2156 3256 Sed
2186 3202 2407 3269 accipiat
2437 3217 2654 3269 semper
2674 3203 2866 3253 ductor
2899 3214 3016 3267 post
3045 3205 3318 3257 doctorem
3354 3207 3455 3260 Ec-

1878 3295 2095 3348 clesiam
2123 3293 2213 3346 Dei
2248 3293 2532 3360 regendam
2568 3307 2734 3359 usque
2768 3291 2818 3344 in
2863 3292 3018 3344 ﬁnem
3046 3295 3248 3357 smculi,
3283 3307 3337 3348 ut
3368 3313 3456 3350 sn-

1878 3383 2140 3437 scitentnr
2161 3380 2431 3449 spiritales
2464 3381 2552 3432 lilii
2570 3380 2781 3432 Christo
2805 3380 2871 3431 de
2893 3394 3087 3445 sponsa
3115 3397 3204 3433 ~tta
3229 3385 3454 3449 virgine,

1878 3476 2015 3530 sicut
2050 3475 2162 3542 ipse
2193 3473 2419 3525 instituit
2449 3489 2461 3533 ς
2509 3471 2630 3539 quia
2676 3472 2777 3532 Qui
2822 3488 2920 3523 non
2949 3472 3053 3524 vult
3095 3474 3327 3525 laborare
3360 3492 3455 3541 pro

1881 3569 2006 3634 Deo,
2041 3584 2138 3620 non
2167 3578 2232 3619 est
2270 3567 2454 3635 dignus
2484 3564 2731 3616 mercede.

2245 3657 2330 3710 CX
2343 3655 2446 3709 LV.
2493 3655 2664 3707 Canon
2720 3654 3052 3708 Leodieensis.

1952 3751 2014 3805 Ut
2046 3750 2221 3802 nullus
2242 3747 2577 3800 Christianus
2601 3744 2874 3810 judaimre
2901 3754 3204 3812 praesumat,
3235 3747 3326 3799 scd
3356 3764 3452 3799 net:

1876 3837 2140 3890 conviviis
2165 3851 2353 3889 eorum
2390 3833 2726 3901 participare.

1941 3949 2048 4008 [llic
2086 3951 2317 4014 desinunt
2352 3949 2686 4014 exceptiones
2732 3946 2958 4014 Ecgberti
2997 3947 3125 4014 apud
3166 3946 3454 4014 _l.alvbeutn;

1875 4020 2146 4073 sequentes
2169 4009 2553 4073 adjictt_\\’ilkius
2572 4021 2634 4056 ex
2662 4021 2747 4057 ms.
2779 4012 2969 4065 Cotton,
2997 4008 3128 4057 Nero
3151 4009 3208 4064 A,
3233 4009 3314 4057 fol.
3342 4008 3452 4071 ιδῃ

1877 4071 2038 4129 verso,
2086 4073 2165 4117 tibi
2213 4071 2490 4118 continuata
2534 4084 2642 4116 cum
2696 4073 3030 4129 superioribus
3079 4074 3210 4117 serie
3260 4074 3452 4121 dantur.

1875 4135 2111 4182 Eumdem
2139 4145 2254 4179 vero
2269 4134 2476 4190 capitum
2520 4144 2772 4177 numerum
2804 4146 2897 4189 quo
2935 4133 2980 4176 in
3010 4130 3267 4178 Wilkinsn-
3292 4142 3454 4182 tantur

1875 4197 2093 4256 servavi,
2119 4196 2203 4255 qui
2227 4191 2405 4253 duplici
2433 4195 2616 4239 unitate
2641 4204 2666 4243 a
2692 4190 2964 4240 Labbcanis
2982 4195 3267 4252 discrepat.]

2435 4296 2703 4352 CXLVIII.
2748 4293 2896 4349 Item.

1952 4398 2018 4452 Ut
2056 4397 2233 4450 nullus
2280 4392 2705 4447 Christianorutn
2769 4407 2994 4458 paganas
3045 4393 3453 4459 superstitiones

1880 4488 2142 4549 intendat,
2176 4486 2268 4539 sed
2297 4485 2574 4554 gentilium
2624 4482 3020 4550 inquinamenta
3069 4483 3245 4534 omnia
3281 4485 3452 4535 muni-

1880 4579 2041 4634 modo
2079 4586 2408 4632 contemnat.

2247 4665 2476 4720 CXLIX.
2528 4665 2701 4718 Cauon
2744 4663 3054 4715 Bracltaren.

1945 4762 2000 4815 Si
2020 4761 2158 4830 quis,
2179 4773 2498 4828 paganorum
2523 4755 2950 4811 consuetudinem
2971 4769 3218 4822 sequens,
3241 4756 3447 4810 divinos

1879 4863 1928 4908 et
1958 4852 2238 4920 sortilegos
2283 4849 2336 4903 in
2374 4848 2588 4902 domum
2631 4862 2779 4900 suam
2812 4845 3180 4908 introduxerit,
3211 4849 3357 4912 quasi
3392 4859 3454 4900 ut

1877 4944 2069 4999 malum
2103 4944 2244 4996 foras
2271 4941 2500 5002 mittant,
2527 4949 2617 4991 aut
2640 4937 2895 4990 maleﬁcia
2919 4936 3206 4999 inveniant,
3233 4936 3318 4990 vel
3344 4936 3450 4991 Iaso

1878 5034 2186 5090 trationibus
2211 5047 2527 5102 paganorum
2559 5037 2811 5093 serviant,
2844 5043 2870 5080 v
2913 5042 3082 5081 annos
3129 5026 3412 5095 pleniteat.

2237 5132 2244 5140 '
2315 5126 2420 5178 CL.
2463 5123 2637 5177 Canon
2681 5132 2992 5173 sanctorum.

1947 5220 2002 5274 Si
2032 5219 2150 5287 quis
2185 5216 2514 5270 Chris:ianns
2553 5214 2912 5268 Christianum
2947 5213 3218 5265 hominem
3249 5211 3300 5266 in
3345 5234 3453 5273 ma.

1880 5328 2001 5367 num
2032 5311 2336 5364 Iudaeorum
2384 5308 2465 5360 vel
2497 5307 2770 5376 gentilium
2804 5305 3130 5367 vendiderit,
3164 5299 3463 5360 anathema

1878 5405 1942 5457 sit
1971 5421 1984 5468 ;
2026 5405 2076 5456 in
2108 5400 2518 5456 Deuterouomio
2547 5399 2688 5451 enim
2738 5398 2991 5462 scriptum
3031 5414 3040 5446 ;
3069 5394 3130 5448 Si
3163 5392 3351 5461 ἀέρι-εὴ
3375 5414 3462 5449 ση-

1877 5513 1962 5550 sus
2006 5497 2155 5564 fuerit
2187 5496 2335 5546 homo
2364 5492 2644 5544 sollicitans
2674 5489 2892 5553 aliquem
2925 5491 2986 5539 de
3032 5501 3209 5554 genere
3264 5484 3466 5550 Israel,

1878 5597 1924 5638 et
1949 5586 2148 5640 vendito
2174 5602 2251 5642 eo,
2281 5599 2368 5635 acc
2399 5583 2520 5650 perit
2550 5580 2763 5646 pretium
2814 5577 3163 5641 inter/inetur.

2232 5675 2358 5728 CII.
2418 5674 2539 5724 Item
2579 5688 2738 5722 (anon
2787 5680 3096 5721 sanctorum.

1946 5770 2103 5823 Nefas
2129 5769 2284 5835 igitur
2307 5778 2385 5815 a-st
2409 5774 2460 5814 ut
2494 5778 2626 5830 quos
2643 5763 2884 5815 Christus
2905 5757 3176 5825 sanguinis
3205 5758 3282 5810 sui
3315 5757 3446 5809 i-ﬁ‘u-

1880 5862 2031 5913 sione
2062 5857 2310 5917 rcdeni',
2337 5856 2642 5909 ιῑυιιωυιιιιιι
2671 5854 2748 5906 vel
2780 5852 3049 5921 gentilium
3086 5849 3307 5902 vinculis
3338 5849 3439 5901 sint

1883 5963 2091 6006 ιιϊειιιι.
