  <div class='ocr_page' id='page_1' title='image "/cluster/home/n/w/nwhite01/storage/ocr_20150623/88-89/uc1.31175000868714/877.png"; bbox 0 0 4168 6530; ppageno 0'>
   <div class='ocr_carea' id='block_1_1' title="bbox 708 367 805 421">
    <p class='ocr_par' dir='ltr' id='par_1_1' title="bbox 708 367 805 421">
     <span class='ocr_line' id='line_1_1' title="bbox 708 367 805 421; baseline -0.021 -2"><span class='ocrx_word' id='word_1_1' title='bbox 708 367 805 421; x_wconf 59' lang='grc' dir='ltr'><strong>Ξὸῗὶ</strong></span> 
     </span>
    </p>
   </div>
   <div class='ocr_carea' id='block_1_2' title="bbox 1223 480 1759 532">
    <p class='ocr_par' dir='ltr' id='par_1_2' title="bbox 1223 480 1759 532">
     <span class='ocr_line' id='line_1_2' title="bbox 1223 480 1759 532; baseline 0.009 -5"><span class='ocrx_word' id='word_1_2' title='bbox 1223 480 1368 531; x_wconf 58' lang='lat' dir='ltr'>CLII.</span> <span class='ocrx_word' id='word_1_3' title='bbox 1414 481 1485 531; x_wconf 82' lang='lat' dir='ltr'><strong>De</strong></span> <span class='ocrx_word' id='word_1_4' title='bbox 1532 494 1759 532; x_wconf 81' lang='lat' dir='ltr'><strong>tonsum.</strong></span> 
     </span>
    </p>
   </div>
   <div class='ocr_carea' id='block_1_3' title="bbox 777 570 2275 640">
    <p class='ocr_par' dir='ltr' id='par_1_3' title="bbox 777 570 2275 640">
     <span class='ocr_line' id='line_1_3' title="bbox 777 570 2275 640; baseline -0.004 -14"><span class='ocrx_word' id='word_1_5' title='bbox 777 572 1064 626; x_wconf 60' lang='lat' dir='ltr'><strong>I&#39;unrdium</strong></span> <span class='ocrx_word' id='word_1_6' title='bbox 1112 580 1341 623; x_wconf 69' lang='lat' dir='ltr'><strong>tonsuras</strong></span> <span class='ocrx_word' id='word_1_7' title='bbox 1374 586 1399 621; x_wconf 90' lang='lat' dir='ltr'><strong>a</strong></span> <span class='ocrx_word' id='word_1_8' title='bbox 1430 571 1707 624; x_wconf 73' lang='lat' dir='ltr'><strong>Nazara-is</strong></span> <span class='ocrx_word' id='word_1_9' title='bbox 1760 573 1977 640; x_wconf 89' lang='lat' dir='ltr'><strong>incepit,</strong></span> <span class='ocrx_word' id='word_1_10' title='bbox 2009 572 2098 640; x_wconf 90' lang='lat' dir='ltr'><strong>qui</strong></span> <span class='ocrx_word' id='word_1_11' title='bbox 2128 570 2275 623; x_wconf 84' lang='lat' dir='ltr'><strong>crine</strong></span> 
     </span>
    </p>
   </div>
   <div class='ocr_carea' id='block_1_4' title="bbox 706 664 2276 731">
    <p class='ocr_par' dir='ltr' id='par_1_4' title="bbox 706 664 2276 731">
     <span class='ocr_line' id='line_1_4' title="bbox 706 664 2276 731; baseline -0.001 -15"><span class='ocrx_word' id='word_1_12' title='bbox 706 674 921 717; x_wconf 85' lang='lat' dir='ltr'><strong>servato</strong></span> <span class='ocrx_word' id='word_1_13' title='bbox 953 673 1069 730; x_wconf 89' lang='lat' dir='ltr'><strong>post</strong></span> <span class='ocrx_word' id='word_1_14' title='bbox 1098 665 1218 714; x_wconf 75' lang='lat' dir='ltr'><strong>vita:</strong></span> <span class='ocrx_word' id='word_1_15' title='bbox 1247 677 1453 729; x_wconf 79' lang='lat' dir='ltr'><strong>magnzc</strong></span> <span class='ocrx_word' id='word_1_16' title='bbox 1486 666 1867 716; x_wconf 82' lang='lat' dir='ltr'><strong>continentiam</strong></span> <span class='ocrx_word' id='word_1_17' title='bbox 1921 673 2078 731; x_wconf 84' lang='lat' dir='ltr'><strong>caput</strong></span> <span class='ocrx_word' id='word_1_18' title='bbox 2126 664 2276 716; x_wconf 86' lang='lat' dir='ltr'><strong>rade-</strong></span> 
     </span>
    </p>
   </div>
   <div class='ocr_carea' id='block_1_5' title="bbox 704 756 2265 819">
    <p class='ocr_par' dir='ltr' id='par_1_5' title="bbox 704 756 2265 819">
     <span class='ocr_line' id='line_1_5' title="bbox 704 756 2265 819; baseline -0.001 -10"><span class='ocrx_word' id='word_1_19' title='bbox 704 760 850 819; x_wconf 88' lang='lat' dir='ltr'><strong>bant,</strong></span> <span class='ocrx_word' id='word_1_20' title='bbox 887 756 1298 807; x_wconf 86' lang='lat' dir='ltr'><strong>utdevotionem</strong></span> <span class='ocrx_word' id='word_1_21' title='bbox 1326 758 1546 809; x_wconf 84' lang='lat' dir='ltr'><strong>Domino</strong></span> <span class='ocrx_word' id='word_1_22' title='bbox 1574 768 1976 811; x_wconf 88' lang='lat' dir='ltr'><strong>consecrarent.</strong></span> <span class='ocrx_word' id='word_1_23' title='bbox 2012 758 2066 810; x_wconf 89' lang='lat' dir='ltr'><strong>In</strong></span> <span class='ocrx_word' id='word_1_24' title='bbox 2100 772 2265 810; x_wconf 85' lang='lat' dir='ltr'><strong>canu-</strong></span> 
     </span>
    </p>
   </div>
   <div class='ocr_carea' id='block_1_6' title="bbox 704 847 2276 915">
    <p class='ocr_par' dir='ltr' id='par_1_6' title="bbox 704 847 2276 915">
     <span class='ocr_line' id='line_1_6' title="bbox 704 847 2276 915; baseline -0.002 -14"><span class='ocrx_word' id='word_1_25' title='bbox 704 850 860 901; x_wconf 89' lang='lat' dir='ltr'><strong>nibus</strong></span> <span class='ocrx_word' id='word_1_26' title='bbox 904 861 1118 915; x_wconf 89' lang='lat' dir='ltr'><strong>quoque</strong></span> <span class='ocrx_word' id='word_1_27' title='bbox 1169 858 1478 900; x_wconf 89' lang='lat' dir='ltr'><strong>sanctorum</strong></span> <span class='ocrx_word' id='word_1_28' title='bbox 1519 848 1731 901; x_wconf 82' lang='lat' dir='ltr'><strong>Patrum</strong></span> <span class='ocrx_word' id='word_1_29' title='bbox 1764 848 2021 915; x_wconf 91' lang='lat' dir='ltr'><strong>scriptum</strong></span> <span class='ocrx_word' id='word_1_30' title='bbox 2074 847 2276 902; x_wconf 86' lang='lat' dir='ltr'><strong>inveni-</strong></span> 
     </span>
    </p>
   </div>
   <div class='ocr_carea' id='block_1_7' title="bbox 703 939 2275 1006">
    <p class='ocr_par' dir='ltr' id='par_1_7' title="bbox 703 939 2275 1006">
     <span class='ocr_line' id='line_1_7' title="bbox 703 939 2275 1006; baseline -0.003 -13"><span class='ocrx_word' id='word_1_31' title='bbox 703 956 816 993; x_wconf 85' lang='lat' dir='ltr'><strong>mus</strong></span> <span class='ocrx_word' id='word_1_32' title='bbox 852 956 865 991; x_wconf 88' lang='lat'><strong>:</strong></span> <span class='ocrx_word' id='word_1_33' title='bbox 896 939 957 992; x_wconf 83' lang='lat' dir='ltr'><strong>Si</strong></span> <span class='ocrx_word' id='word_1_34' title='bbox 982 942 1095 1004; x_wconf 63' lang='lat' dir='ltr'><strong>quis</strong></span> <span class='ocrx_word' id='word_1_35' title='bbox 1126 940 1404 992; x_wconf 78' lang='lat' dir='ltr'><strong>catholicus</strong></span> <span class='ocrx_word' id='word_1_36' title='bbox 1428 940 1643 1006; x_wconf 84' lang='lat' dir='ltr'><strong>capillos</strong></span> <span class='ocrx_word' id='word_1_37' title='bbox 1672 941 1943 992; x_wconf 85' lang='lat' dir='ltr'><strong>totonderit</strong></span> <span class='ocrx_word' id='word_1_38' title='bbox 1975 954 2117 992; x_wconf 87' lang='lat' dir='ltr'><strong>more</strong></span> <span class='ocrx_word' id='word_1_39' title='bbox 2160 940 2275 991; x_wconf 84' lang='lat' dir='ltr'><strong>bar-</strong></span> 
     </span>
    </p>
   </div>
   <div class='ocr_carea' id='block_1_8' title="bbox 703 1032 2276 1096">
    <p class='ocr_par' dir='ltr' id='par_1_8' title="bbox 703 1032 2276 1096">
     <span class='ocr_line' id='line_1_8' title="bbox 703 1032 2276 1096; baseline 0 -14"><span class='ocrx_word' id='word_1_40' title='bbox 703 1032 963 1096; x_wconf 86' lang='lat' dir='ltr'><strong>barorum,</strong></span> <span class='ocrx_word' id='word_1_41' title='bbox 995 1034 1057 1084; x_wconf 82' lang='lat' dir='ltr'><strong>ab</strong></span> <span class='ocrx_word' id='word_1_42' title='bbox 1083 1032 1309 1085; x_wconf 82' lang='lat' dir='ltr'><strong>Ecclesia</strong></span> <span class='ocrx_word' id='word_1_43' title='bbox 1337 1032 1429 1083; x_wconf 84' lang='lat' dir='ltr'><strong>Dei</strong></span> <span class='ocrx_word' id='word_1_44' title='bbox 1462 1032 1657 1084; x_wconf 80' lang='lat' dir='ltr'><strong>alienus</strong></span> <span class='ocrx_word' id='word_1_45' title='bbox 1690 1033 1950 1094; x_wconf 78' lang='lat' dir='ltr'><strong>habeatur,</strong></span> <span class='ocrx_word' id='word_1_46' title='bbox 1983 1041 2030 1083; x_wconf 89' lang='lat' dir='ltr'><strong>et</strong></span> <span class='ocrx_word' id='word_1_47' title='bbox 2057 1032 2119 1084; x_wconf 87' lang='lat' dir='ltr'><strong>ab</strong></span> <span class='ocrx_word' id='word_1_48' title='bbox 2142 1032 2276 1085; x_wconf 84' lang='lat' dir='ltr'><strong>omni</strong></span> 
     </span>
    </p>
   </div>
   <div class='ocr_carea' id='block_1_9' title="bbox 703 1124 2095 1193">
    <p class='ocr_par' dir='ltr' id='par_1_9' title="bbox 703 1124 2095 1193">
     <span class='ocr_line' id='line_1_9' title="bbox 703 1124 2095 1193; baseline -0.003 -12"><span class='ocrx_word' id='word_1_49' title='bbox 703 1126 1112 1182; x_wconf 80' lang='lat' dir='ltr'><strong>Christianorum</strong></span> <span class='ocrx_word' id='word_1_50' title='bbox 1157 1143 1351 1193; x_wconf 82' lang='lat' dir='ltr'><strong>mensa,</strong></span> <span class='ocrx_word' id='word_1_51' title='bbox 1384 1128 1546 1179; x_wconf 77' lang='lat' dir='ltr'><strong>donec</strong></span> <span class='ocrx_word' id='word_1_52' title='bbox 1577 1128 1813 1179; x_wconf 75' lang='lat' dir='ltr'><strong>delictum</strong></span> <span class='ocrx_word' id='word_1_53' title='bbox 1844 1124 2095 1178; x_wconf 86' lang='lat' dir='ltr'><strong>emendet.</strong></span> 
     </span>
    </p>
   </div>
   <div class='ocr_carea' id='block_1_10' title="bbox 1115 1234 1846 1293">
    <p class='ocr_par' dir='ltr' id='par_1_10' title="bbox 1115 1234 1846 1293">
     <span class='ocr_line' id='line_1_10' title="bbox 1115 1234 1846 1293; baseline -0.003 -1"><span class='ocrx_word' id='word_1_54' title='bbox 1115 1238 1288 1293; x_wconf 88' lang='lat' dir='ltr'><strong>CLIII.</strong></span> <span class='ocrx_word' id='word_1_55' title='bbox 1338 1239 1411 1290; x_wconf 80' lang='lat' dir='ltr'><strong>Ile</strong></span> <span class='ocrx_word' id='word_1_56' title='bbox 1442 1248 1650 1290; x_wconf 85' lang='lat' dir='ltr'><strong>tonsura</strong></span> <span class='ocrx_word' id='word_1_57' title='bbox 1685 1234 1846 1290; x_wconf 81' lang='lat' dir='ltr'><strong>Petri.</strong></span> 
     </span>
    </p>
   </div>
   <div class='ocr_carea' id='block_1_11' title="bbox 772 1334 2273 1409">
    <p class='ocr_par' dir='ltr' id='par_1_11' title="bbox 772 1334 2273 1409">
     <span class='ocr_line' id='line_1_11' title="bbox 772 1334 2273 1409; baseline -0.005 -15"><span class='ocrx_word' id='word_1_58' title='bbox 772 1341 960 1395; x_wconf 82' lang='lat' dir='ltr'><strong>Petrus</strong></span> <span class='ocrx_word' id='word_1_59' title='bbox 1008 1342 1184 1409; x_wconf 87' lang='lat' dir='ltr'><strong>itaque</strong></span> <span class='ocrx_word' id='word_1_60' title='bbox 1218 1339 1489 1407; x_wconf 67' lang='lat' dir='ltr'><strong>apostolus</strong></span> <span class='ocrx_word' id='word_1_61' title='bbox 1537 1338 1769 1391; x_wconf 83' lang='lat' dir='ltr'><strong>clericali</strong></span> <span class='ocrx_word' id='word_1_62' title='bbox 1832 1346 2046 1391; x_wconf 90' lang='lat' dir='ltr'><strong>tonsura</strong></span> <span class='ocrx_word' id='word_1_63' title='bbox 2099 1334 2273 1404; x_wconf 88' lang='lat' dir='ltr'><strong>primo</strong></span> 
     </span>
    </p>
   </div>
   <div class='ocr_carea' id='block_1_12' title="bbox 702 1428 2274 1500">
    <p class='ocr_par' dir='ltr' id='par_1_12' title="bbox 702 1428 2274 1500">
     <span class='ocr_line' id='line_1_12' title="bbox 702 1428 2274 1500; baseline -0.003 -16"><span class='ocrx_word' id='word_1_64' title='bbox 702 1450 826 1487; x_wconf 83' lang='lat' dir='ltr'><strong>usus</strong></span> <span class='ocrx_word' id='word_1_65' title='bbox 854 1444 957 1497; x_wconf 86' lang='lat' dir='ltr'><strong>est,</strong></span> <span class='ocrx_word' id='word_1_66' title='bbox 1000 1442 1209 1500; x_wconf 74' lang='lat' dir='ltr'><strong>gestans</strong></span> <span class='ocrx_word' id='word_1_67' title='bbox 1235 1432 1285 1485; x_wconf 91' lang='lat' dir='ltr'><strong>in</strong></span> <span class='ocrx_word' id='word_1_68' title='bbox 1312 1432 1488 1498; x_wconf 89' lang='lat' dir='ltr'><strong>capite</strong></span> <span class='ocrx_word' id='word_1_69' title='bbox 1520 1431 1804 1499; x_wconf 82' lang='lat' dir='ltr'><strong>imaginem</strong></span> <span class='ocrx_word' id='word_1_70' title='bbox 1834 1444 2045 1484; x_wconf 70' lang='lat' dir='ltr'><strong>coronm</strong></span> <span class='ocrx_word' id='word_1_71' title='bbox 2076 1428 2274 1496; x_wconf 78' lang='lat' dir='ltr'><strong>spinea:</strong></span> 
     </span>
    </p>
   </div>
   <div class='ocr_carea' id='block_1_13' title="bbox 700 1516 2275 1588">
    <p class='ocr_par' dir='ltr' id='par_1_13' title="bbox 700 1516 2275 1588">
     <span class='ocr_line' id='line_1_13' title="bbox 700 1516 2275 1588; baseline -0.005 -10"><span class='ocrx_word' id='word_1_72' title='bbox 700 1526 915 1578; x_wconf 81' lang='lat' dir='ltr'><strong>Christi.</strong></span> <span class='ocrx_word' id='word_1_73' title='bbox 954 1524 1101 1577; x_wconf 78' lang='lat' dir='ltr'><strong>Unde</strong></span> <span class='ocrx_word' id='word_1_74' title='bbox 1132 1537 1302 1577; x_wconf 90' lang='lat' dir='ltr'><strong>canon</strong></span> <span class='ocrx_word' id='word_1_75' title='bbox 1335 1524 1619 1577; x_wconf 87' lang='lat' dir='ltr'><strong>Africanus</strong></span> <span class='ocrx_word' id='word_1_76' title='bbox 1662 1519 1903 1588; x_wconf 69' lang='lat' dir='ltr'><strong>przecipit</strong></span> <span class='ocrx_word' id='word_1_77' title='bbox 1951 1528 2007 1571; x_wconf 93' lang='lat' dir='ltr'><strong>ut</strong></span> <span class='ocrx_word' id='word_1_78' title='bbox 2048 1516 2275 1572; x_wconf 79' lang='lat' dir='ltr'><strong>clericus</strong></span> 
     </span>
    </p>
   </div>
   <div class='ocr_carea' id='block_1_14' title="bbox 700 1612 1708 1678">
    <p class='ocr_par' dir='ltr' id='par_1_14' title="bbox 700 1612 1708 1678">
     <span class='ocr_line' id='line_1_14' title="bbox 700 1612 1708 1678; baseline -0.006 -8"><span class='ocrx_word' id='word_1_79' title='bbox 700 1631 799 1670; x_wconf 90' lang='lat' dir='ltr'><strong>nec</strong></span> <span class='ocrx_word' id='word_1_80' title='bbox 828 1630 1036 1670; x_wconf 83' lang='lat' dir='ltr'><strong>comam</strong></span> <span class='ocrx_word' id='word_1_81' title='bbox 1071 1615 1294 1678; x_wconf 78' lang='lat' dir='ltr'><strong>nutriti,</strong></span> <span class='ocrx_word' id='word_1_82' title='bbox 1338 1627 1435 1665; x_wconf 92' lang='lat' dir='ltr'><strong>nec</strong></span> <span class='ocrx_word' id='word_1_83' title='bbox 1469 1612 1708 1665; x_wconf 80' lang='lat' dir='ltr'><strong>barbam.</strong></span> 
     </span>
    </p>
   </div>
   <div class='ocr_carea' id='block_1_15' title="bbox 1112 1720 1866 1778">
    <p class='ocr_par' dir='ltr' id='par_1_15' title="bbox 1112 1720 1866 1778">
     <span class='ocr_line' id='line_1_15' title="bbox 1112 1720 1866 1778; baseline -0.009 0"><span class='ocrx_word' id='word_1_84' title='bbox 1112 1722 1290 1778; x_wconf 84' lang='lat' dir='ltr'><strong>CLIV.</strong></span> <span class='ocrx_word' id='word_1_85' title='bbox 1336 1722 1380 1775; x_wconf 82' lang='grc' dir='ltr'><strong><em>Ε</em></strong></span> <span class='ocrx_word' id='word_1_86' title='bbox 1418 1739 1531 1775; x_wconf 85' lang='lat' dir='ltr'><strong>can.</strong></span> <span class='ocrx_word' id='word_1_87' title='bbox 1576 1720 1727 1774; x_wconf 84' lang='lat' dir='ltr'><strong>Rom.</strong></span> <span class='ocrx_word' id='word_1_88' title='bbox 1767 1720 1866 1773; x_wconf 81' lang='lat' dir='ltr'><strong>dic.</strong></span> 
     </span>
    </p>
   </div>
   <div class='ocr_carea' id='block_1_16' title="bbox 781 1814 2271 1891">
    <p class='ocr_par' dir='ltr' id='par_1_16' title="bbox 781 1814 2271 1891">
     <span class='ocr_line' id='line_1_16' title="bbox 781 1814 2271 1891; baseline -0.008 -12"><span class='ocrx_word' id='word_1_89' title='bbox 781 1827 1129 1891; x_wconf 82' lang='lat' dir='ltr'><strong>Quineunqne</strong></span> <span class='ocrx_word' id='word_1_90' title='bbox 1176 1823 1399 1876; x_wconf 83' lang='lat' dir='ltr'><strong>clericus</strong></span> <span class='ocrx_word' id='word_1_91' title='bbox 1426 1822 1568 1873; x_wconf 88' lang='lat' dir='ltr'><strong>visus</strong></span> <span class='ocrx_word' id='word_1_92' title='bbox 1611 1819 1764 1872; x_wconf 80' lang='lat' dir='ltr'><strong>t&#39;uerit</strong></span> <span class='ocrx_word' id='word_1_93' title='bbox 1805 1820 1854 1870; x_wconf 90' lang='lat' dir='ltr'><strong>in</strong></span> <span class='ocrx_word' id='word_1_94' title='bbox 1907 1814 2129 1871; x_wconf 81' lang='lat' dir='ltr'><strong>ecclesia</strong></span> <span class='ocrx_word' id='word_1_95' title='bbox 2159 1815 2271 1867; x_wconf 84' lang='lat' dir='ltr'><strong>sine</strong></span> 
     </span>
    </p>
   </div>
   <div class='ocr_carea' id='block_1_17' title="bbox 702 1906 2275 1980">
    <p class='ocr_par' dir='ltr' id='par_1_17' title="bbox 702 1906 2275 1980">
     <span class='ocr_line' id='line_1_17' title="bbox 702 1906 2275 1980; baseline -0.007 -11"><span class='ocrx_word' id='word_1_96' title='bbox 702 1918 936 1980; x_wconf 74' lang='lat' dir='ltr'><strong>colobio,</strong></span> <span class='ocrx_word' id='word_1_97' title='bbox 980 1916 1059 1967; x_wconf 88' lang='lat' dir='ltr'><strong>vel</strong></span> <span class='ocrx_word' id='word_1_98' title='bbox 1101 1927 1288 1979; x_wconf 90' lang='lat' dir='ltr'><strong>cappa,</strong></span> <span class='ocrx_word' id='word_1_99' title='bbox 1325 1920 1378 1964; x_wconf 88' lang='lat' dir='ltr'><strong>et</strong></span> <span class='ocrx_word' id='word_1_100' title='bbox 1404 1912 1447 1963; x_wconf 93' lang='lat' dir='ltr'><strong>si</strong></span> <span class='ocrx_word' id='word_1_101' title='bbox 1481 1925 1583 1963; x_wconf 89' lang='lat' dir='ltr'><strong>non</strong></span> <span class='ocrx_word' id='word_1_102' title='bbox 1617 1924 1762 1962; x_wconf 87' lang='lat' dir='ltr'><strong>more</strong></span> <span class='ocrx_word' id='word_1_103' title='bbox 1788 1907 2027 1959; x_wconf 82' lang='lat' dir='ltr'><strong>Romano</strong></span> <span class='ocrx_word' id='word_1_104' title='bbox 2056 1906 2275 1973; x_wconf 83' lang='lat' dir='ltr'><strong>capillos</strong></span> 
     </span>
    </p>
   </div>
   <div class='ocr_carea' id='block_1_18' title="bbox 702 1994 2278 2063">
    <p class='ocr_par' dir='ltr' id='par_1_18' title="bbox 702 1994 2278 2063">
     <span class='ocr_line' id='line_1_18' title="bbox 702 1994 2278 2063; baseline -0.007 -5"><span class='ocrx_word' id='word_1_105' title='bbox 702 2017 755 2059; x_wconf 89' lang='lat' dir='ltr'><strong>ct</strong></span> <span class='ocrx_word' id='word_1_106' title='bbox 788 2006 1003 2058; x_wconf 78' lang='lat' dir='ltr'><strong>barbam</strong></span> <span class='ocrx_word' id='word_1_107' title='bbox 1034 2000 1337 2063; x_wconf 89' lang='lat' dir='ltr'><strong>totonderit,</strong></span> <span class='ocrx_word' id='word_1_108' title='bbox 1437 1998 1949 2053; x_wconf 73' lang='lat' dir='ltr'><strong>excommunicetur.</strong></span> <span class='ocrx_word' id='word_1_109' title='bbox 1974 1995 2087 2048; x_wconf 84' lang='lat' dir='ltr'><strong>Non</strong></span> <span class='ocrx_word' id='word_1_110' title='bbox 2118 1994 2278 2048; x_wconf 85' lang='lat' dir='ltr'><strong>debet</strong></span> 
     </span>
    </p>
   </div>
   <div class='ocr_carea' id='block_1_19' title="bbox 708 2088 2276 2154">
    <p class='ocr_par' dir='ltr' id='par_1_19' title="bbox 708 2088 2276 2154">
     <span class='ocr_line' id='line_1_19' title="bbox 708 2088 2276 2154; baseline -0.009 -1"><span class='ocrx_word' id='word_1_111' title='bbox 708 2101 867 2154; x_wconf 89' lang='lat' dir='ltr'><strong>etiam</strong></span> <span class='ocrx_word' id='word_1_112' title='bbox 894 2098 1117 2151; x_wconf 79' lang='lat' dir='ltr'><strong>clericus</strong></span> <span class='ocrx_word' id='word_1_113' title='bbox 1145 2095 1287 2148; x_wconf 89' lang='lat' dir='ltr'><strong>indui</strong></span> <span class='ocrx_word' id='word_1_114' title='bbox 1312 2108 1370 2147; x_wconf 91' lang='lat' dir='ltr'><strong>se</strong></span> <span class='ocrx_word' id='word_1_115' title='bbox 1401 2091 1711 2145; x_wconf 84' lang='lat' dir='ltr'><strong>monachico</strong></span> <span class='ocrx_word' id='word_1_116' title='bbox 1746 2090 1956 2153; x_wconf 87' lang='lat' dir='ltr'><strong>habitu,</strong></span> <span class='ocrx_word' id='word_1_117' title='bbox 1991 2103 2088 2142; x_wconf 92' lang='lat' dir='ltr'><strong>nec</strong></span> <span class='ocrx_word' id='word_1_118' title='bbox 2117 2088 2276 2141; x_wconf 91' lang='lat' dir='ltr'><strong>laico-</strong></span> 
     </span>
    </p>
   </div>
   <div class='ocr_carea' id='block_1_20' title="bbox 698 2179 2274 2251">
    <p class='ocr_par' dir='ltr' id='par_1_20' title="bbox 698 2179 2274 2251">
     <span class='ocr_line' id='line_1_20' title="bbox 698 2179 2274 2251; baseline -0.008 -7"><span class='ocrx_word' id='word_1_119' title='bbox 698 2208 814 2245; x_wconf 85' lang='lat' dir='ltr'><strong>rtnn</strong></span> <span class='ocrx_word' id='word_1_120' title='bbox 852 2190 1089 2243; x_wconf 89' lang='lat' dir='ltr'><strong>vestibus</strong></span> <span class='ocrx_word' id='word_1_121' title='bbox 1135 2188 1230 2251; x_wconf 90' lang='lat' dir='ltr'><strong>uti,</strong></span> <span class='ocrx_word' id='word_1_122' title='bbox 1276 2192 1330 2239; x_wconf 90' lang='lat' dir='ltr'><strong>et</strong></span> <span class='ocrx_word' id='word_1_123' title='bbox 1375 2187 1450 2238; x_wconf 91' lang='lat' dir='ltr'><strong>vir</strong></span> <span class='ocrx_word' id='word_1_124' title='bbox 1499 2184 1542 2236; x_wconf 89' lang='lat' dir='ltr'><strong>si</strong></span> <span class='ocrx_word' id='word_1_125' title='bbox 1591 2193 1767 2237; x_wconf 85' lang='lat' dir='ltr'><strong>utetur</strong></span> <span class='ocrx_word' id='word_1_126' title='bbox 1814 2193 1961 2233; x_wconf 88' lang='lat' dir='ltr'><strong>veste</strong></span> <span class='ocrx_word' id='word_1_127' title='bbox 2009 2179 2274 2242; x_wconf 88' lang='lat' dir='ltr'><strong>muliebri,</strong></span> 
     </span>
    </p>
   </div>
   <div class='ocr_carea' id='block_1_21' title="bbox 697 2268 2275 2342">
    <p class='ocr_par' dir='ltr' id='par_1_21' title="bbox 697 2268 2275 2342">
     <span class='ocr_line' id='line_1_21' title="bbox 697 2268 2275 2342; baseline -0.01 -4"><span class='ocrx_word' id='word_1_128' title='bbox 697 2278 1222 2341; x_wconf 80' lang='lat' dir='ltr'><strong>excommunicctur;</strong></span> <span class='ocrx_word' id='word_1_129' title='bbox 1272 2287 1362 2330; x_wconf 86' lang='lat' dir='ltr'><strong>aut</strong></span> <span class='ocrx_word' id='word_1_130' title='bbox 1405 2274 1619 2342; x_wconf 89' lang='lat' dir='ltr'><strong>mulier,</strong></span> <span class='ocrx_word' id='word_1_131' title='bbox 1650 2276 1696 2329; x_wconf 91' lang='lat' dir='ltr'><strong>si</strong></span> <span class='ocrx_word' id='word_1_132' title='bbox 1730 2271 1862 2328; x_wconf 89' lang='lat' dir='ltr'><strong>virili</strong></span> <span class='ocrx_word' id='word_1_133' title='bbox 1901 2280 2077 2326; x_wconf 86' lang='lat' dir='ltr'><strong>utetur</strong></span> <span class='ocrx_word' id='word_1_134' title='bbox 2122 2268 2275 2323; x_wconf 90' lang='lat' dir='ltr'><strong>indu-</strong></span> 
     </span>
    </p>
   </div>
   <div class='ocr_carea' id='block_1_22' title="bbox 698 2384 897 2429">
    <p class='ocr_par' dir='ltr' id='par_1_22' title="bbox 698 2384 897 2429">
     <span class='ocr_line' id='line_1_22' title="bbox 698 2384 897 2429; baseline -0.02 0"><span class='ocrx_word' id='word_1_135' title='bbox 698 2384 897 2429; x_wconf 88' lang='lat' dir='ltr'><strong>mento.</strong></span> 
     </span>
    </p>
   </div>
   <div class='ocr_carea' id='block_1_23' title="bbox 1300 2458 1645 2513">
    <p class='ocr_par' dir='ltr' id='par_1_23' title="bbox 1300 2458 1645 2513">
     <span class='ocr_line' id='line_1_23' title="bbox 1300 2458 1645 2513; baseline -0.003 0"><span class='ocrx_word' id='word_1_136' title='bbox 1300 2458 1645 2513; x_wconf 72' lang='lat' dir='ltr'>CLV.Iwm.</span> 
     </span>
    </p>
   </div>
   <div class='ocr_carea' id='block_1_24' title="bbox 762 2542 2269 2623">
    <p class='ocr_par' dir='ltr' id='par_1_24' title="bbox 762 2542 2269 2623">
     <span class='ocr_line' id='line_1_24' title="bbox 762 2542 2269 2623; baseline -0.009 -12"><span class='ocrx_word' id='word_1_137' title='bbox 762 2556 1004 2611; x_wconf 82' lang='lat' dir='ltr'><strong>Clericus</strong></span> <span class='ocrx_word' id='word_1_138' title='bbox 1059 2568 1273 2623; x_wconf 86' lang='lat' dir='ltr'><strong>quoque</strong></span> <span class='ocrx_word' id='word_1_139' title='bbox 1311 2570 1415 2609; x_wconf 91' lang='lat' dir='ltr'><strong>non</strong></span> <span class='ocrx_word' id='word_1_140' title='bbox 1470 2553 1632 2605; x_wconf 82' lang='lat' dir='ltr'><strong>debet</strong></span> <span class='ocrx_word' id='word_1_141' title='bbox 1684 2550 1849 2603; x_wconf 91' lang='lat' dir='ltr'><strong>armis</strong></span> <span class='ocrx_word' id='word_1_142' title='bbox 1901 2546 1997 2613; x_wconf 85' lang='lat' dir='ltr'><strong>uti,</strong></span> <span class='ocrx_word' id='word_1_143' title='bbox 2052 2559 2149 2599; x_wconf 89' lang='lat' dir='ltr'><strong>nec</strong></span> <span class='ocrx_word' id='word_1_144' title='bbox 2201 2542 2269 2598; x_wconf 87' lang='lat' dir='ltr'><strong>ad</strong></span> 
     </span>
    </p>
   </div>
   <div class='ocr_carea' id='block_1_25' title="bbox 700 2634 2271 2712">
    <p class='ocr_par' dir='ltr' id='par_1_25' title="bbox 700 2634 2271 2712">
     <span class='ocr_line' id='line_1_25' title="bbox 700 2634 2271 2712; baseline -0.01 -11"><span class='ocrx_word' id='word_1_145' title='bbox 700 2648 894 2701; x_wconf 90' lang='lat' dir='ltr'><strong>bellum</strong></span> <span class='ocrx_word' id='word_1_146' title='bbox 942 2646 1237 2711; x_wconf 87' lang='lat' dir='ltr'><strong>procedere</strong></span> <span class='ocrx_word' id='word_1_147' title='bbox 1268 2689 1283 2712; x_wconf 91' lang='lat'><strong>,</strong></span> <span class='ocrx_word' id='word_1_148' title='bbox 1342 2643 1465 2712; x_wconf 84' lang='lat' dir='ltr'><strong>quia</strong></span> <span class='ocrx_word' id='word_1_149' title='bbox 1520 2655 1755 2695; x_wconf 91' lang='lat' dir='ltr'><strong>canones</strong></span> <span class='ocrx_word' id='word_1_150' title='bbox 1800 2638 1995 2692; x_wconf 82' lang='lat' dir='ltr'><strong>docent</strong></span> <span class='ocrx_word' id='word_1_151' title='bbox 2048 2645 2107 2689; x_wconf 92' lang='lat' dir='ltr'><strong>ut</strong></span> <span class='ocrx_word' id='word_1_152' title='bbox 2157 2634 2271 2703; x_wconf 88' lang='lat' dir='ltr'><strong>qui-</strong></span> 
     </span>
    </p>
   </div>
   <div class='ocr_carea' id='block_1_26' title="bbox 691 2728 2272 2807">
    <p class='ocr_par' dir='ltr' id='par_1_26' title="bbox 691 2728 2272 2807">
     <span class='ocr_line' id='line_1_26' title="bbox 691 2728 2272 2807; baseline -0.008 -16"><span class='ocrx_word' id='word_1_153' title='bbox 691 2752 905 2807; x_wconf 82' lang='lat' dir='ltr'><strong>cunque</strong></span> <span class='ocrx_word' id='word_1_154' title='bbox 970 2736 1194 2790; x_wconf 87' lang='lat' dir='ltr'><strong>clericus</strong></span> <span class='ocrx_word' id='word_1_155' title='bbox 1254 2735 1308 2788; x_wconf 90' lang='lat' dir='ltr'><strong>in</strong></span> <span class='ocrx_word' id='word_1_156' title='bbox 1383 2731 1523 2787; x_wconf 90' lang='lat' dir='ltr'><strong>bello</strong></span> <span class='ocrx_word' id='word_1_157' title='bbox 1592 2740 1683 2783; x_wconf 89' lang='lat' dir='ltr'><strong>aut</strong></span> <span class='ocrx_word' id='word_1_158' title='bbox 1747 2729 1799 2783; x_wconf 92' lang='lat' dir='ltr'><strong>in</strong></span> <span class='ocrx_word' id='word_1_159' title='bbox 1854 2728 1964 2781; x_wconf 80' lang='lat' dir='ltr'><strong>rixa</strong></span> <span class='ocrx_word' id='word_1_160' title='bbox 2027 2733 2272 2779; x_wconf 85' lang='lat' dir='ltr'><strong>mortuus</strong></span> 
     </span>
    </p>
   </div>
   <div class='ocr_carea' id='block_1_27' title="bbox 698 2813 2270 2893">
    <p class='ocr_par' dir='ltr' id='par_1_27' title="bbox 698 2813 2270 2893">
     <span class='ocr_line' id='line_1_27' title="bbox 698 2813 2270 2893; baseline -0.009 -13"><span class='ocrx_word' id='word_1_161' title='bbox 698 2829 879 2892; x_wconf 88' lang='lat' dir='ltr'><strong>fuerit,</strong></span> <span class='ocrx_word' id='word_1_162' title='bbox 940 2840 1112 2893; x_wconf 89' lang='lat' dir='ltr'><strong>neque</strong></span> <span class='ocrx_word' id='word_1_163' title='bbox 1152 2822 1458 2887; x_wconf 87' lang='lat' dir='ltr'><strong>oblatione,</strong></span> <span class='ocrx_word' id='word_1_164' title='bbox 1518 2832 1689 2888; x_wconf 86' lang='lat' dir='ltr'><strong>neque</strong></span> <span class='ocrx_word' id='word_1_165' title='bbox 1736 2816 1978 2871; x_wconf 90' lang='lat' dir='ltr'><strong>oratione</strong></span> <span class='ocrx_word' id='word_1_166' title='bbox 2028 2813 2270 2883; x_wconf 75' lang='lat' dir='ltr'><strong>postule-</strong></span> 
     </span>
    </p>
   </div>
   <div class='ocr_carea' id='block_1_28' title="bbox 698 2906 2271 2985">
    <p class='ocr_par' dir='ltr' id='par_1_28' title="bbox 698 2906 2271 2985">
     <span class='ocr_line' id='line_1_28' title="bbox 698 2906 2271 2985; baseline -0.01 -13"><span class='ocrx_word' id='word_1_167' title='bbox 698 2932 781 2972; x_wconf 85' lang='lat' dir='ltr'><strong>tur</strong></span> <span class='ocrx_word' id='word_1_168' title='bbox 815 2934 909 2985; x_wconf 89' lang='lat' dir='ltr'><strong>pro</strong></span> <span class='ocrx_word' id='word_1_169' title='bbox 932 2932 1024 2978; x_wconf 91' lang='lat' dir='ltr'><strong>eo,</strong></span> <span class='ocrx_word' id='word_1_170' title='bbox 1058 2916 1330 2982; x_wconf 76' lang='lat' dir='ltr'><strong>sepultura</strong></span> <span class='ocrx_word' id='word_1_171' title='bbox 1355 2922 1530 2966; x_wconf 88' lang='lat' dir='ltr'><strong>tamen</strong></span> <span class='ocrx_word' id='word_1_172' title='bbox 1557 2925 1662 2963; x_wconf 93' lang='lat' dir='ltr'><strong>non</strong></span> <span class='ocrx_word' id='word_1_173' title='bbox 1691 2908 1955 2975; x_wconf 80' lang='lat' dir='ltr'><strong>privetur.</strong></span> <span class='ocrx_word' id='word_1_174' title='bbox 1982 2906 2271 2974; x_wconf 85' lang='lat' dir='ltr'><strong>Apostolus</strong></span> 
     </span>
    </p>
   </div>
   <div class='ocr_carea' id='block_1_29' title="bbox 695 2995 2269 3079">
    <p class='ocr_par' dir='ltr' id='par_1_29' title="bbox 695 2995 2269 3079">
     <span class='ocr_line' id='line_1_29' title="bbox 695 2995 2269 3079; baseline -0.01 -17"><span class='ocrx_word' id='word_1_175' title='bbox 695 3025 906 3079; x_wconf 83' lang='lat' dir='ltr'><strong>quoque</strong></span> <span class='ocrx_word' id='word_1_176' title='bbox 941 3009 1069 3061; x_wconf 74' lang='lat' dir='ltr'><strong>dit-it</strong></span> <span class='ocrx_word' id='word_1_177' title='bbox 1097 3023 1110 3061; x_wconf 85' lang='lat'>:</span> <span class='ocrx_word' id='word_1_178' title='bbox 1146 3005 1310 3058; x_wconf 83' lang='lat' dir='ltr'><strong>Nemo</strong></span> <span class='ocrx_word' id='word_1_179' title='bbox 1338 3005 1558 3055; x_wconf 86' lang='lat' dir='ltr'><strong>militans</strong></span> <span class='ocrx_word' id='word_1_180' title='bbox 1591 3001 1693 3053; x_wconf 89' lang='lat' dir='ltr'><strong>Deo</strong></span> <span class='ocrx_word' id='word_1_181' title='bbox 1717 2999 1938 3067; x_wconf 84' lang='lat' dir='ltr'><strong>implicet</strong></span> <span class='ocrx_word' id='word_1_182' title='bbox 1978 3012 2031 3051; x_wconf 88' lang='lat' dir='ltr'><strong>se</strong></span> <span class='ocrx_word' id='word_1_183' title='bbox 2054 2995 2269 3065; x_wconf 78' lang='lat' dir='ltr'><strong>negotiis</strong></span> 
     </span>
    </p>
   </div>
   <div class='ocr_carea' id='block_1_30' title="bbox 696 3086 2267 3163">
    <p class='ocr_par' dir='ltr' id='par_1_30' title="bbox 696 3086 2267 3163">
     <span class='ocr_line' id='line_1_30' title="bbox 696 3086 2267 3163; baseline -0.011 -8"><span class='ocrx_word' id='word_1_184' title='bbox 696 3102 1053 3163; x_wconf 74' lang='lat' dir='ltr'><strong>secutoribus;</strong></span> <span class='ocrx_word' id='word_1_185' title='bbox 1099 3096 1239 3151; x_wconf 89' lang='lat' dir='ltr'><strong>unde</strong></span> <span class='ocrx_word' id='word_1_186' title='bbox 1286 3111 1390 3149; x_wconf 91' lang='lat' dir='ltr'><strong>non</strong></span> <span class='ocrx_word' id='word_1_187' title='bbox 1436 3103 1517 3148; x_wconf 91' lang='lat' dir='ltr'><strong>est</strong></span> <span class='ocrx_word' id='word_1_188' title='bbox 1564 3092 1698 3146; x_wconf 90' lang='lat' dir='ltr'><strong>liber</strong></span> <span class='ocrx_word' id='word_1_189' title='bbox 1747 3107 1775 3144; x_wconf 93' lang='lat' dir='ltr'><strong>a</strong></span> <span class='ocrx_word' id='word_1_190' title='bbox 1816 3087 2015 3158; x_wconf 83' lang='lat' dir='ltr'><strong>laqueis</strong></span> <span class='ocrx_word' id='word_1_191' title='bbox 2046 3086 2267 3153; x_wconf 80' lang='lat' dir='ltr'><strong>diaboli,</strong></span> 
     </span>
    </p>
   </div>
   <div class='ocr_carea' id='block_1_31' title="bbox 696 3177 2345 3267">
    <p class='ocr_par' dir='ltr' id='par_1_31' title="bbox 696 3177 2345 3267">
     <span class='ocr_line' id='line_1_31' title="bbox 696 3177 2345 3267; baseline -0.012 -20"><span class='ocrx_word' id='word_1_192' title='bbox 696 3194 783 3261; x_wconf 88' lang='lat' dir='ltr'><strong>qui</strong></span> <span class='ocrx_word' id='word_1_193' title='bbox 810 3206 869 3246; x_wconf 88' lang='lat' dir='ltr'><strong>se</strong></span> <span class='ocrx_word' id='word_1_194' title='bbox 898 3190 1102 3244; x_wconf 75' lang='lat' dir='ltr'><strong>militia:</strong></span> <span class='ocrx_word' id='word_1_195' title='bbox 1138 3187 1424 3241; x_wconf 77' lang='lat' dir='ltr'><strong>mundana:</strong></span> <span class='ocrx_word' id='word_1_196' title='bbox 1463 3182 1688 3236; x_wconf 86' lang='lat' dir='ltr'><strong>voluerit</strong></span> <span class='ocrx_word' id='word_1_197' title='bbox 1715 3180 2012 3247; x_wconf 87' lang='lat' dir='ltr'><strong>implicare.</strong></span> <span class='ocrx_word' id='word_1_198' title='bbox 2055 3178 2119 3230; x_wconf 84' lang='lat' dir='ltr'><strong>Et</strong></span> <span class='ocrx_word' id='word_1_199' title='bbox 2148 3177 2269 3231; x_wconf 84' lang='lat' dir='ltr'><strong>ideo</strong></span> <span class='ocrx_word' id='word_1_200' title='bbox 2302 3206 2345 3267; x_wconf 79' lang='lat' dir='ltr'>C</span> 
     </span>
    </p>
   </div>
   <div class='ocr_carea' id='block_1_32' title="bbox 692 3268 2264 3343">
    <p class='ocr_par' dir='ltr' id='par_1_32' title="bbox 692 3268 2264 3343">
     <span class='ocr_line' id='line_1_32' title="bbox 692 3268 2264 3343; baseline -0.009 -8"><span class='ocrx_word' id='word_1_201' title='bbox 692 3281 1017 3336; x_wconf 78' lang='lat' dir='ltr'><strong>otintimodis</strong></span> <span class='ocrx_word' id='word_1_202' title='bbox 1038 3280 1323 3334; x_wconf 89' lang='lat' dir='ltr'><strong>dicendum</strong></span> <span class='ocrx_word' id='word_1_203' title='bbox 1354 3287 1435 3330; x_wconf 87' lang='lat' dir='ltr'><strong>est</strong></span> <span class='ocrx_word' id='word_1_204' title='bbox 1466 3275 1814 3343; x_wconf 82' lang='lat' dir='ltr'><strong>presbyteris,</strong></span> <span class='ocrx_word' id='word_1_205' title='bbox 1846 3280 1901 3326; x_wconf 90' lang='lat' dir='ltr'><strong>et</strong></span> <span class='ocrx_word' id='word_1_206' title='bbox 1929 3268 2264 3333; x_wconf 89' lang='lat' dir='ltr'><strong>diaconibus,</strong></span> 
     </span>
    </p>
   </div>
   <div class='ocr_carea' id='block_1_33' title="bbox 694 3359 2263 3438">
    <p class='ocr_par' dir='ltr' id='par_1_33' title="bbox 694 3359 2263 3438">
     <span class='ocr_line' id='line_1_33' title="bbox 694 3359 2263 3438; baseline -0.01 -11"><span class='ocrx_word' id='word_1_207' title='bbox 694 3386 749 3428; x_wconf 80' lang='lat' dir='ltr'><strong>ut</strong></span> <span class='ocrx_word' id='word_1_208' title='bbox 782 3388 928 3426; x_wconf 89' lang='lat' dir='ltr'><strong>arma</strong></span> <span class='ocrx_word' id='word_1_209' title='bbox 955 3388 1059 3426; x_wconf 88' lang='lat' dir='ltr'><strong>non</strong></span> <span class='ocrx_word' id='word_1_210' title='bbox 1094 3380 1299 3438; x_wconf 69' lang='lat' dir='ltr'><strong>portent</strong></span> <span class='ocrx_word' id='word_1_211' title='bbox 1319 3410 1333 3433; x_wconf 91' lang='lat'><strong>,</strong></span> <span class='ocrx_word' id='word_1_212' title='bbox 1364 3368 1457 3421; x_wconf 90' lang='lat' dir='ltr'><strong>sed</strong></span> <span class='ocrx_word' id='word_1_213' title='bbox 1485 3366 1650 3434; x_wconf 90' lang='lat' dir='ltr'><strong>magis</strong></span> <span class='ocrx_word' id='word_1_214' title='bbox 1681 3363 1952 3417; x_wconf 83' lang='lat' dir='ltr'><strong>confidant</strong></span> <span class='ocrx_word' id='word_1_215' title='bbox 1981 3363 2033 3415; x_wconf 90' lang='lat' dir='ltr'><strong>in</strong></span> <span class='ocrx_word' id='word_1_216' title='bbox 2080 3359 2263 3415; x_wconf 86' lang='lat' dir='ltr'><strong>defen-</strong></span> 
     </span>
    </p>
   </div>
   <div class='ocr_carea' id='block_1_34' title="bbox 697 3459 1465 3532">
    <p class='ocr_par' dir='ltr' id='par_1_34' title="bbox 697 3459 1465 3532">
     <span class='ocr_line' id='line_1_34' title="bbox 697 3459 1465 3532; baseline -0.013 -13"><span class='ocrx_word' id='word_1_217' title='bbox 697 3466 851 3518; x_wconf 77' lang='lat' dir='ltr'><strong>sione</strong></span> <span class='ocrx_word' id='word_1_218' title='bbox 892 3463 984 3517; x_wconf 86' lang='lat' dir='ltr'><strong>Dei</strong></span> <span class='ocrx_word' id='word_1_219' title='bbox 1010 3477 1165 3532; x_wconf 89' lang='lat' dir='ltr'><strong>quam</strong></span> <span class='ocrx_word' id='word_1_220' title='bbox 1199 3460 1251 3513; x_wconf 91' lang='lat' dir='ltr'><strong>in</strong></span> <span class='ocrx_word' id='word_1_221' title='bbox 1282 3459 1465 3512; x_wconf 81' lang='lat' dir='ltr'><strong>anuis.</strong></span> 
     </span>
    </p>
   </div>
   <div class='ocr_carea' id='block_1_35' title="bbox 1284 3566 1656 3623">
    <p class='ocr_par' dir='ltr' id='par_1_35' title="bbox 1284 3566 1656 3623">
     <span class='ocr_line' id='line_1_35' title="bbox 1284 3566 1656 3623; baseline -0.016 0"><span class='ocrx_word' id='word_1_222' title='bbox 1284 3566 1461 3623; x_wconf 82' lang='lat' dir='ltr'><strong>CLVI.</strong></span> <span class='ocrx_word' id='word_1_223' title='bbox 1504 3566 1656 3620; x_wconf 84' lang='lat' dir='ltr'><strong>Item.</strong></span> 
     </span>
    </p>
   </div>
   <div class='ocr_carea' id='block_1_36' title="bbox 761 3649 2266 3729">
    <p class='ocr_par' dir='ltr' id='par_1_36' title="bbox 761 3649 2266 3729">
     <span class='ocr_line' id='line_1_36' title="bbox 761 3649 2266 3729; baseline -0.011 -10"><span class='ocrx_word' id='word_1_224' title='bbox 761 3661 1073 3719; x_wconf 81' lang='lat' dir='ltr'><strong>Cavendum</strong></span> <span class='ocrx_word' id='word_1_225' title='bbox 1105 3674 1316 3729; x_wconf 89' lang='lat' dir='ltr'><strong>quoque</strong></span> <span class='ocrx_word' id='word_1_226' title='bbox 1359 3667 1443 3712; x_wconf 90' lang='lat' dir='ltr'><strong>est</strong></span> <span class='ocrx_word' id='word_1_227' title='bbox 1470 3656 1680 3711; x_wconf 83' lang='lat' dir='ltr'><strong>clericis</strong></span> <span class='ocrx_word' id='word_1_228' title='bbox 1731 3663 1791 3708; x_wconf 89' lang='lat' dir='ltr'><strong>ut</strong></span> <span class='ocrx_word' id='word_1_229' title='bbox 1836 3666 1940 3706; x_wconf 91' lang='lat' dir='ltr'><strong>non</strong></span> <span class='ocrx_word' id='word_1_230' title='bbox 1989 3651 2097 3706; x_wconf 89' lang='lat' dir='ltr'><strong>sint</strong></span> <span class='ocrx_word' id='word_1_231' title='bbox 2132 3649 2266 3718; x_wconf 80' lang='lat' dir='ltr'><strong>judi-</strong></span> 
     </span>
    </p>
   </div>
   <div class='ocr_carea' id='block_1_37' title="bbox 694 3749 1630 3815">
    <p class='ocr_par' dir='ltr' id='par_1_37' title="bbox 694 3749 1630 3815">
     <span class='ocr_line' id='line_1_37' title="bbox 694 3749 1630 3815; baseline -0.01 -1"><span class='ocrx_word' id='word_1_232' title='bbox 694 3772 787 3815; x_wconf 87' lang='lat' dir='ltr'><strong>ces</strong></span> <span class='ocrx_word' id='word_1_233' title='bbox 819 3758 869 3810; x_wconf 92' lang='lat' dir='ltr'><strong>in</strong></span> <span class='ocrx_word' id='word_1_234' title='bbox 900 3752 1345 3810; x_wconf 86' lang='lat' dir='ltr'><strong>condemuatione</strong></span> <span class='ocrx_word' id='word_1_235' title='bbox 1378 3749 1630 3805; x_wconf 88' lang='lat' dir='ltr'><strong>hominis.</strong></span> 
     </span>
    </p>
   </div>
   <div class='ocr_carea' id='block_1_38' title="bbox 1286 3840 1679 3897">
    <p class='ocr_par' dir='ltr' id='par_1_38' title="bbox 1286 3840 1679 3897">
     <span class='ocr_line' id='line_1_38' title="bbox 1286 3840 1679 3897; baseline -0.01 0"><span class='ocrx_word' id='word_1_236' title='bbox 1286 3842 1486 3897; x_wconf 91' lang='lat' dir='ltr'>CLVII.</span> <span class='ocrx_word' id='word_1_237' title='bbox 1529 3840 1679 3894; x_wconf 84' lang='lat' dir='ltr'><strong>Item.</strong></span> 
     </span>
    </p>
   </div>
   <div class='ocr_carea' id='block_1_39' title="bbox 763 3927 2263 4000">
    <p class='ocr_par' dir='ltr' id='par_1_39' title="bbox 763 3927 2263 4000">
     <span class='ocr_line' id='line_1_39' title="bbox 763 3927 2263 4000; baseline -0.008 -9"><span class='ocrx_word' id='word_1_238' title='bbox 763 3937 1040 3991; x_wconf 90' lang='lat' dir='ltr'><strong>Canonum</strong></span> <span class='ocrx_word' id='word_1_239' title='bbox 1090 3935 1380 3989; x_wconf 82' lang='lat' dir='ltr'><strong>auctoritas</strong></span> <span class='ocrx_word' id='word_1_240' title='bbox 1418 3932 1660 4000; x_wconf 88' lang='lat' dir='ltr'><strong>prohibet</strong></span> <span class='ocrx_word' id='word_1_241' title='bbox 1713 3943 1779 3985; x_wconf 90' lang='lat' dir='ltr'><strong>ne</strong></span> <span class='ocrx_word' id='word_1_242' title='bbox 1827 3928 1945 3998; x_wconf 87' lang='lat' dir='ltr'><strong>quis</strong></span> <span class='ocrx_word' id='word_1_243' title='bbox 1984 3927 2263 3997; x_wconf 89' lang='lat' dir='ltr'><strong>episcopus</strong></span> 
     </span>
    </p>
   </div>
   <div class='ocr_carea' id='block_1_40' title="bbox 700 4018 2265 4092">
    <p class='ocr_par' dir='ltr' id='par_1_40' title="bbox 700 4018 2265 4092">
     <span class='ocr_line' id='line_1_40' title="bbox 700 4018 2265 4092; baseline -0.009 -9"><span class='ocrx_word' id='word_1_244' title='bbox 700 4042 785 4083; x_wconf 84' lang='lat' dir='ltr'><strong>aut</strong></span> <span class='ocrx_word' id='word_1_245' title='bbox 818 4030 1044 4083; x_wconf 72' lang='lat' dir='ltr'><strong>clericus</strong></span> <span class='ocrx_word' id='word_1_246' title='bbox 1090 4040 1366 4079; x_wconf 88' lang='lat' dir='ltr'><strong>assensum</strong></span> <span class='ocrx_word' id='word_1_247' title='bbox 1405 4024 1637 4092; x_wconf 74' lang='lat' dir='ltr'><strong>prmbeat</strong></span> <span class='ocrx_word' id='word_1_248' title='bbox 1681 4020 1733 4075; x_wconf 89' lang='lat' dir='ltr'><strong>in</strong></span> <span class='ocrx_word' id='word_1_249' title='bbox 1783 4031 1955 4074; x_wconf 89' lang='lat' dir='ltr'><strong>morte</strong></span> <span class='ocrx_word' id='word_1_250' title='bbox 1984 4018 2265 4085; x_wconf 82' lang='lat' dir='ltr'><strong>cujuslibet</strong></span> 
     </span>
    </p>
   </div>
   <div class='ocr_carea' id='block_1_41' title="bbox 698 4110 2260 4184">
    <p class='ocr_par' dir='ltr' id='par_1_41' title="bbox 698 4110 2260 4184">
     <span class='ocr_line' id='line_1_41' title="bbox 698 4110 2260 4184; baseline -0.009 -8"><span class='ocrx_word' id='word_1_251' title='bbox 698 4123 948 4184; x_wconf 72' lang='lat' dir='ltr'><strong>hominis,</strong></span> <span class='ocrx_word' id='word_1_252' title='bbox 978 4122 1090 4173; x_wconf 83' lang='lat' dir='ltr'><strong>sive</strong></span> <span class='ocrx_word' id='word_1_253' title='bbox 1134 4118 1372 4179; x_wconf 88' lang='lat' dir='ltr'><strong>latronis,</strong></span> <span class='ocrx_word' id='word_1_254' title='bbox 1415 4116 1532 4169; x_wconf 86' lang='lat' dir='ltr'><strong>sive</strong></span> <span class='ocrx_word' id='word_1_255' title='bbox 1560 4115 1809 4183; x_wconf 89' lang='lat' dir='ltr'><strong>raptoris,</strong></span> <span class='ocrx_word' id='word_1_256' title='bbox 1836 4128 1929 4168; x_wconf 90' lang='lat' dir='ltr'><strong>seu</strong></span> <span class='ocrx_word' id='word_1_257' title='bbox 1963 4110 2260 4166; x_wconf 68' lang='lat' dir='ltr'><strong>homicidae.</strong></span> 
     </span>
    </p>
   </div>
   <div class='ocr_carea' id='block_1_42' title="bbox 1269 4206 1673 4263">
    <p class='ocr_par' dir='ltr' id='par_1_42' title="bbox 1269 4206 1673 4263">
     <span class='ocr_line' id='line_1_42' title="bbox 1269 4206 1673 4263; baseline -0.002 0"><span class='ocrx_word' id='word_1_258' title='bbox 1269 4206 1487 4263; x_wconf 84' lang='lat' dir='ltr'>CLVIII.</span> <span class='ocrx_word' id='word_1_259' title='bbox 1524 4208 1673 4262; x_wconf 85' lang='lat' dir='ltr'><strong>Item.</strong></span> 
     </span>
    </p>
   </div>
   <div class='ocr_carea' id='block_1_43' title="bbox 764 4300 2257 4371">
    <p class='ocr_par' dir='ltr' id='par_1_43' title="bbox 764 4300 2257 4371">
     <span class='ocr_line' id='line_1_43' title="bbox 764 4300 2257 4371; baseline -0.006 -13"><span class='ocrx_word' id='word_1_260' title='bbox 764 4307 1029 4359; x_wconf 80' lang='lat' dir='ltr'><strong>Slulttlum</strong></span> <span class='ocrx_word' id='word_1_261' title='bbox 1053 4312 1139 4357; x_wconf 89' lang='lat' dir='ltr'><strong>est</strong></span> <span class='ocrx_word' id='word_1_262' title='bbox 1172 4313 1226 4356; x_wconf 81' lang='lat' dir='ltr'><strong>ut</strong></span> <span class='ocrx_word' id='word_1_263' title='bbox 1258 4302 1555 4371; x_wconf 79' lang='lat' dir='ltr'><strong>presbyteri</strong></span> <span class='ocrx_word' id='word_1_264' title='bbox 1584 4301 1874 4357; x_wconf 86' lang='lat' dir='ltr'><strong>indiscrete</strong></span> <span class='ocrx_word' id='word_1_265' title='bbox 1907 4314 1998 4369; x_wconf 88' lang='lat' dir='ltr'><strong>per</strong></span> <span class='ocrx_word' id='word_1_266' title='bbox 2046 4300 2257 4352; x_wconf 87' lang='lat' dir='ltr'><strong>diversa</strong></span> 
     </span>
    </p>
   </div>
   <div class='ocr_carea' id='block_1_44' title="bbox 694 4390 2261 4461">
    <p class='ocr_par' dir='ltr' id='par_1_44' title="bbox 694 4390 2261 4461">
     <span class='ocr_line' id='line_1_44' title="bbox 694 4390 2261 4461; baseline -0.003 -12"><span class='ocrx_word' id='word_1_267' title='bbox 694 4412 799 4449; x_wconf 86' lang='lat' dir='ltr'><strong>nou</strong></span> <span class='ocrx_word' id='word_1_268' title='bbox 855 4395 1138 4449; x_wconf 88' lang='lat' dir='ltr'><strong>mittantur</strong></span> <span class='ocrx_word' id='word_1_269' title='bbox 1169 4395 1307 4458; x_wconf 89' lang='lat' dir='ltr'><strong>loca,</strong></span> <span class='ocrx_word' id='word_1_270' title='bbox 1340 4407 1438 4447; x_wconf 82' lang='lat' dir='ltr'><strong>nec</strong></span> <span class='ocrx_word' id='word_1_271' title='bbox 1468 4393 1533 4445; x_wconf 88' lang='lat' dir='ltr'><strong>ab</strong></span> <span class='ocrx_word' id='word_1_272' title='bbox 1573 4393 1859 4461; x_wconf 83' lang='lat' dir='ltr'><strong>episcopis,</strong></span> <span class='ocrx_word' id='word_1_273' title='bbox 1910 4406 2009 4445; x_wconf 89' lang='lat' dir='ltr'><strong>nec</strong></span> <span class='ocrx_word' id='word_1_274' title='bbox 2048 4390 2117 4443; x_wconf 87' lang='lat' dir='ltr'><strong>ab</strong></span> <span class='ocrx_word' id='word_1_275' title='bbox 2143 4390 2261 4444; x_wconf 81' lang='lat' dir='ltr'><strong>aliis</strong></span> 
     </span>
    </p>
   </div>
   <div class='ocr_carea' id='block_1_45' title="bbox 693 4480 2256 4552">
    <p class='ocr_par' dir='ltr' id='par_1_45' title="bbox 693 4480 2256 4552">
     <span class='ocr_line' id='line_1_45' title="bbox 693 4480 2256 4552; baseline -0.005 -15"><span class='ocrx_word' id='word_1_276' title='bbox 693 4484 953 4552; x_wconf 80' lang='lat' dir='ltr'><strong>praelatis,</strong></span> <span class='ocrx_word' id='word_1_277' title='bbox 989 4498 1086 4537; x_wconf 87' lang='lat' dir='ltr'><strong>nec</strong></span> <span class='ocrx_word' id='word_1_278' title='bbox 1121 4483 1279 4537; x_wconf 83' lang='lat' dir='ltr'><strong>etiam</strong></span> <span class='ocrx_word' id='word_1_279' title='bbox 1310 4496 1339 4536; x_wconf 90' lang='lat' dir='ltr'><strong>a</strong></span> <span class='ocrx_word' id='word_1_280' title='bbox 1370 4482 1547 4545; x_wconf 87' lang='lat' dir='ltr'><strong>laicis;</strong></span> <span class='ocrx_word' id='word_1_281' title='bbox 1579 4497 1643 4535; x_wconf 92' lang='lat' dir='ltr'><strong>ne</strong></span> <span class='ocrx_word' id='word_1_282' title='bbox 1666 4480 1802 4535; x_wconf 88' lang='lat' dir='ltr'><strong>forte</strong></span> <span class='ocrx_word' id='word_1_283' title='bbox 1830 4490 2045 4549; x_wconf 87' lang='lat' dir='ltr'><strong>propter</strong></span> <span class='ocrx_word' id='word_1_284' title='bbox 2075 4493 2256 4532; x_wconf 90' lang='lat' dir='ltr'><strong>eorum</strong></span> 
     </span>
    </p>
   </div>
   <div class='ocr_carea' id='block_1_46' title="bbox 1602 367 3067 422">
    <p class='ocr_par' dir='ltr' id='par_1_46' title="bbox 1602 367 3067 422">
     <span class='ocr_line' id='line_1_46' title="bbox 1602 367 3067 422; baseline 0.003 -6"><span class='ocrx_word' id='word_1_285' title='bbox 1602 374 1653 416; x_wconf 54' lang='lat' dir='ltr'><strong>ri.</strong></span> <span class='ocrx_word' id='word_1_286' title='bbox 1704 368 1995 420; x_wconf 65' lang='lat' dir='ltr'><strong>l-.Ciilll’.TI</strong></span> <span class='ocrx_word' id='word_1_287' title='bbox 2043 367 2511 421; x_wconf 68' lang='lat' dir='ltr'><strong>rLISUliACENSIS</strong></span> <span class='ocrx_word' id='word_1_288' title='bbox 2552 367 3067 422; x_wconf 62' lang='lat' dir='ltr'><strong>ARCIIIEI’ISCOPI</strong></span> 
     </span>
    </p>
   </div>
   <div class='ocr_carea' id='block_1_47' title="bbox 2310 482 3942 553">
    <p class='ocr_par' dir='ltr' id='par_1_47' title="bbox 2310 482 3942 553">
     <span class='ocr_line' id='line_1_47' title="bbox 2310 482 3942 553; baseline 0.004 -20"><span class='ocrx_word' id='word_1_289' title='bbox 2310 487 2351 540; x_wconf 58' lang='grc' dir='ltr'><strong>Α</strong></span> <span class='ocrx_word' id='word_1_290' title='bbox 2382 496 2709 548; x_wconf 74' lang='lat' dir='ltr'><strong>nequaquam</strong></span> <span class='ocrx_word' id='word_1_291' title='bbox 2757 496 2952 533; x_wconf 75' lang='lat' dir='ltr'><strong>uxores</strong></span> <span class='ocrx_word' id='word_1_292' title='bbox 2984 482 3213 541; x_wconf 80' lang='lat' dir='ltr'><strong>ducant,</strong></span> <span class='ocrx_word' id='word_1_293' title='bbox 3249 482 3341 533; x_wconf 74' lang='lat' dir='ltr'><strong>sed</strong></span> <span class='ocrx_word' id='word_1_294' title='bbox 3396 484 3670 535; x_wconf 74' lang='lat' dir='ltr'><strong>ecclesmnt</strong></span> <span class='ocrx_word' id='word_1_295' title='bbox 3702 486 3942 553; x_wconf 68' lang='lat' dir='ltr'><strong>diligant,</strong></span> 
     </span>
    </p>
   </div>
   <div class='ocr_carea' id='block_1_48' title="bbox 3844 374 3947 426">
    <p class='ocr_par' dir='ltr' id='par_1_48' title="bbox 3844 374 3947 426">
     <span class='ocr_line' id='line_1_48' title="bbox 3844 374 3947 426; baseline 0.01 -1"><span class='ocrx_word' id='word_1_296' title='bbox 3844 374 3947 426; x_wconf 65' lang='lat' dir='ltr'><strong>tuo</strong></span> 
     </span>
    </p>
   </div>
   <div class='ocr_carea' id='block_1_49' title="bbox 2384 568 3941 637">
    <p class='ocr_par' dir='ltr' id='par_1_49' title="bbox 2384 568 3941 637">
     <span class='ocr_line' id='line_1_49' title="bbox 2384 568 3941 637; baseline 0.003 -15"><span class='ocrx_word' id='word_1_297' title='bbox 2384 585 2479 623; x_wconf 85' lang='lat' dir='ltr'><strong>nec</strong></span> <span class='ocrx_word' id='word_1_298' title='bbox 2511 580 2725 623; x_wconf 89' lang='lat' dir='ltr'><strong>utantur</strong></span> <span class='ocrx_word' id='word_1_299' title='bbox 2756 568 2961 623; x_wconf 67' lang='lat' dir='ltr'><strong>bellicis</strong></span> <span class='ocrx_word' id='word_1_300' title='bbox 2994 573 3179 635; x_wconf 87' lang='lat' dir='ltr'><strong>armis,</strong></span> <span class='ocrx_word' id='word_1_301' title='bbox 3212 570 3302 623; x_wconf 88' lang='lat' dir='ltr'><strong>sed</strong></span> <span class='ocrx_word' id='word_1_302' title='bbox 3336 572 3662 637; x_wconf 77' lang='lat' dir='ltr'><strong>Spiritnalem</strong></span> <span class='ocrx_word' id='word_1_303' title='bbox 3700 575 3941 628; x_wconf 77' lang='lat' dir='ltr'><strong>militiam</strong></span> 
     </span>
    </p>
   </div>
   <div class='ocr_carea' id='block_1_50' title="bbox 2380 672 2680 715">
    <p class='ocr_par' dir='ltr' id='par_1_50' title="bbox 2380 672 2680 715">
     <span class='ocr_line' id='line_1_50' title="bbox 2380 672 2680 715; baseline -0.01 0"><span class='ocrx_word' id='word_1_304' title='bbox 2380 672 2680 715; x_wconf 67' lang='lat' dir='ltr'><strong>CXBI‘CCBIII.</strong></span> 
     </span>
    </p>
   </div>
   <div class='ocr_carea' id='block_1_51' title="bbox 2803 750 3503 807">
    <p class='ocr_par' dir='ltr' id='par_1_51' title="bbox 2803 750 3503 807">
     <span class='ocr_line' id='line_1_51' title="bbox 2803 750 3503 807; baseline 0.003 -2"><span class='ocrx_word' id='word_1_305' title='bbox 2803 751 2981 805; x_wconf 71' lang='lat' dir='ltr'>CLXI.</span> <span class='ocrx_word' id='word_1_306' title='bbox 3028 750 3158 804; x_wconf 83' lang='lat' dir='ltr'><strong>Item</strong></span> <span class='ocrx_word' id='word_1_307' title='bbox 3198 753 3261 802; x_wconf 83' lang='lat' dir='ltr'><strong>de</strong></span> <span class='ocrx_word' id='word_1_308' title='bbox 3298 753 3503 807; x_wconf 78' lang='lat' dir='ltr'><strong>militia.</strong></span> 
     </span>
    </p>
   </div>
   <div class='ocr_carea' id='block_1_52' title="bbox 2452 839 3935 910">
    <p class='ocr_par' dir='ltr' id='par_1_52' title="bbox 2452 839 3935 910">
     <span class='ocr_line' id='line_1_52' title="bbox 2452 839 3935 910; baseline 0.002 -17"><span class='ocrx_word' id='word_1_309' title='bbox 2452 840 2688 903; x_wconf 79' lang='lat' dir='ltr'><strong>Fratres,</strong></span> <span class='ocrx_word' id='word_1_310' title='bbox 2723 841 2913 894; x_wconf 87' lang='lat' dir='ltr'><strong>scitote</strong></span> <span class='ocrx_word' id='word_1_311' title='bbox 2945 841 3068 907; x_wconf 81' lang='lat' dir='ltr'><strong>quia</strong></span> <span class='ocrx_word' id='word_1_312' title='bbox 3111 839 3277 893; x_wconf 89' lang='lat' dir='ltr'><strong>divisa</strong></span> <span class='ocrx_word' id='word_1_313' title='bbox 3326 853 3407 893; x_wconf 87' lang='lat' dir='ltr'><strong>est</strong></span> <span class='ocrx_word' id='word_1_314' title='bbox 3461 852 3693 910; x_wconf 79' lang='lat' dir='ltr'><strong>potestas</strong></span> <span class='ocrx_word' id='word_1_315' title='bbox 3723 847 3935 898; x_wconf 63' lang='lat' dir='ltr'><strong>secuta.</strong></span> 
     </span>
    </p>
   </div>
   <div class='ocr_carea' id='block_1_53' title="bbox 2380 932 3943 1001">
    <p class='ocr_par' dir='ltr' id='par_1_53' title="bbox 2380 932 3943 1001">
     <span class='ocr_line' id='line_1_53' title="bbox 2380 932 3943 1001; baseline 0.002 -15"><span class='ocrx_word' id='word_1_316' title='bbox 2380 933 2489 999; x_wconf 90' lang='lat' dir='ltr'><strong>ris,</strong></span> <span class='ocrx_word' id='word_1_317' title='bbox 2526 942 2579 987; x_wconf 89' lang='lat' dir='ltr'><strong>et</strong></span> <span class='ocrx_word' id='word_1_318' title='bbox 2615 942 2849 1001; x_wconf 87' lang='lat' dir='ltr'><strong>potestas</strong></span> <span class='ocrx_word' id='word_1_319' title='bbox 2888 932 3163 1001; x_wconf 79' lang='lat' dir='ltr'><strong>Spiritalis.</strong></span> <span class='ocrx_word' id='word_1_320' title='bbox 3202 933 3363 987; x_wconf 86' lang='lat' dir='ltr'><strong>Bonis</strong></span> <span class='ocrx_word' id='word_1_321' title='bbox 3398 935 3557 987; x_wconf 89' lang='lat' dir='ltr'><strong>etiam</strong></span> <span class='ocrx_word' id='word_1_322' title='bbox 3601 936 3943 990; x_wconf 65' lang='lat' dir='ltr'><strong>satculuribus</strong></span> 
     </span>
    </p>
   </div>
   <div class='ocr_carea' id='block_1_54' title="bbox 2377 1024 3945 1095">
    <p class='ocr_par' dir='ltr' id='par_1_54' title="bbox 2377 1024 3945 1095">
     <span class='ocr_line' id='line_1_54' title="bbox 2377 1024 3945 1095; baseline 0.003 -16"><span class='ocrx_word' id='word_1_323' title='bbox 2377 1026 2532 1080; x_wconf 87' lang='lat' dir='ltr'><strong>decet</strong></span> <span class='ocrx_word' id='word_1_324' title='bbox 2578 1036 2633 1077; x_wconf 91' lang='lat' dir='ltr'><strong>ut</strong></span> <span class='ocrx_word' id='word_1_325' title='bbox 2672 1024 2778 1079; x_wconf 91' lang='lat' dir='ltr'><strong>sint</strong></span> <span class='ocrx_word' id='word_1_326' title='bbox 2806 1024 3118 1080; x_wconf 82' lang='lat' dir='ltr'><strong>defensores</strong></span> <span class='ocrx_word' id='word_1_327' title='bbox 3151 1025 3413 1089; x_wconf 61' lang='lat' dir='ltr'><strong>ecclesias,</strong></span> <span class='ocrx_word' id='word_1_328' title='bbox 3444 1035 3499 1079; x_wconf 88' lang='lat' dir='ltr'><strong>et</strong></span> <span class='ocrx_word' id='word_1_329' title='bbox 3527 1039 3945 1095; x_wconf 76' lang='lat' dir='ltr'><strong>propugnatores</strong></span> 
     </span>
    </p>
   </div>
   <div class='ocr_carea' id='block_1_55' title="bbox 2377 1114 3942 1186">
    <p class='ocr_par' dir='ltr' id='par_1_55' title="bbox 2377 1114 3942 1186">
     <span class='ocr_line' id='line_1_55' title="bbox 2377 1114 3942 1186; baseline 0.002 -17"><span class='ocrx_word' id='word_1_330' title='bbox 2377 1118 2552 1186; x_wconf 88' lang='lat' dir='ltr'><strong>gregis</strong></span> <span class='ocrx_word' id='word_1_331' title='bbox 2588 1114 2816 1179; x_wconf 76' lang='lat' dir='ltr'><strong>Christi;</strong></span> <span class='ocrx_word' id='word_1_332' title='bbox 2851 1114 3213 1183; x_wconf 87' lang='lat' dir='ltr'><strong>spiritualibus</strong></span> <span class='ocrx_word' id='word_1_333' title='bbox 3242 1125 3418 1170; x_wconf 87' lang='lat' dir='ltr'><strong>autem</strong></span> <span class='ocrx_word' id='word_1_334' title='bbox 3461 1115 3709 1170; x_wconf 81' lang='lat' dir='ltr'><strong>convenit</strong></span> <span class='ocrx_word' id='word_1_335' title='bbox 3738 1126 3792 1169; x_wconf 92' lang='lat' dir='ltr'><strong>ut</strong></span> <span class='ocrx_word' id='word_1_336' title='bbox 3838 1119 3942 1172; x_wconf 84' lang='lat' dir='ltr'><strong>sint</strong></span> 
     </span>
    </p>
   </div>
   <div class='ocr_carea' id='block_1_56' title="bbox 2380 1207 3942 1276">
    <p class='ocr_par' dir='ltr' id='par_1_56' title="bbox 2380 1207 3942 1276">
     <span class='ocr_line' id='line_1_56' title="bbox 2380 1207 3942 1276; baseline 0.001 -14"><span class='ocrx_word' id='word_1_337' title='bbox 2380 1210 2761 1263; x_wconf 87' lang='lat' dir='ltr'><strong>intercessores</strong></span> <span class='ocrx_word' id='word_1_338' title='bbox 2814 1222 2908 1275; x_wconf 89' lang='lat' dir='ltr'><strong>pro</strong></span> <span class='ocrx_word' id='word_1_339' title='bbox 2957 1207 3103 1261; x_wconf 83' lang='lat' dir='ltr'><strong>utnni</strong></span> <span class='ocrx_word' id='word_1_340' title='bbox 3159 1210 3356 1275; x_wconf 91' lang='lat' dir='ltr'><strong>populo</strong></span> <span class='ocrx_word' id='word_1_341' title='bbox 3386 1207 3516 1261; x_wconf 91' lang='lat' dir='ltr'><strong>Dei:</strong></span> <span class='ocrx_word' id='word_1_342' title='bbox 3554 1209 3704 1262; x_wconf 87' lang='lat' dir='ltr'><strong>miles</strong></span> <span class='ocrx_word' id='word_1_343' title='bbox 3733 1208 3942 1276; x_wconf 79' lang='lat' dir='ltr'><strong>quidem</strong></span> 
     </span>
    </p>
   </div>
   <div class='ocr_carea' id='block_1_57' title="bbox 2378 1294 3941 1362">
    <p class='ocr_par' dir='ltr' id='par_1_57' title="bbox 2378 1294 3941 1362">
     <span class='ocr_line' id='line_1_57' title="bbox 2378 1294 3941 1362; baseline -0.001 -10"><span class='ocrx_word' id='word_1_344' title='bbox 2378 1296 2571 1352; x_wconf 87' lang='lat' dir='ltr'><strong>Christi</strong></span> <span class='ocrx_word' id='word_1_345' title='bbox 2601 1297 2763 1351; x_wconf 88' lang='lat' dir='ltr'><strong>armis</strong></span> <span class='ocrx_word' id='word_1_346' title='bbox 2792 1296 3037 1351; x_wconf 90' lang='lat' dir='ltr'><strong>humanis</strong></span> <span class='ocrx_word' id='word_1_347' title='bbox 3068 1294 3143 1349; x_wconf 88' lang='lat' dir='ltr'><strong>uti</strong></span> <span class='ocrx_word' id='word_1_348' title='bbox 3192 1310 3297 1350; x_wconf 92' lang='lat' dir='ltr'><strong>non</strong></span> <span class='ocrx_word' id='word_1_349' title='bbox 3329 1296 3510 1362; x_wconf 84' lang='lat' dir='ltr'><strong>debet,</strong></span> <span class='ocrx_word' id='word_1_350' title='bbox 3546 1304 3602 1350; x_wconf 91' lang='lat' dir='ltr'><strong>ut</strong></span> <span class='ocrx_word' id='word_1_351' title='bbox 3642 1300 3941 1351; x_wconf 85' lang='lat' dir='ltr'><strong>testimonia</strong></span> 
     </span>
    </p>
   </div>
   <div class='ocr_carea' id='block_1_58' title="bbox 2379 1386 3945 1456">
    <p class='ocr_par' dir='ltr' id='par_1_58' title="bbox 2379 1386 3945 1456">
     <span class='ocr_line' id='line_1_58' title="bbox 2379 1386 3945 1456; baseline 0 -13"><span class='ocrx_word' id='word_1_352' title='bbox 2379 1388 2544 1443; x_wconf 89' lang='lat' dir='ltr'><strong>multa</strong></span> <span class='ocrx_word' id='word_1_353' title='bbox 2574 1387 2872 1443; x_wconf 89' lang='lat' dir='ltr'><strong>declarant.</strong></span> <span class='ocrx_word' id='word_1_354' title='bbox 2910 1386 3228 1456; x_wconf 86' lang='lat' dir='ltr'><strong>Incipiamus</strong></span> <span class='ocrx_word' id='word_1_355' title='bbox 3280 1386 3639 1443; x_wconf 87' lang='lat' dir='ltr'><strong>testimonium</strong></span> <span class='ocrx_word' id='word_1_356' title='bbox 3676 1404 3706 1442; x_wconf 89' lang='lat' dir='ltr'><strong>a</strong></span> <span class='ocrx_word' id='word_1_357' title='bbox 3736 1389 3861 1451; x_wconf 85' lang='lat' dir='ltr'><strong>Deo,</strong></span> <span class='ocrx_word' id='word_1_358' title='bbox 3894 1400 3945 1443; x_wconf 88' lang='lat' dir='ltr'><strong>ct</strong></span> 
     </span>
    </p>
   </div>
   <div class='ocr_carea' id='block_1_59' title="bbox 2375 1478 3942 1549">
    <p class='ocr_par' dir='ltr' id='par_1_59' title="bbox 2375 1478 3942 1549">
     <span class='ocr_line' id='line_1_59' title="bbox 2375 1478 3942 1549; baseline -0.001 -12"><span class='ocrx_word' id='word_1_359' title='bbox 2375 1480 2604 1537; x_wconf 90' lang='lat' dir='ltr'><strong>Domino</strong></span> <span class='ocrx_word' id='word_1_360' title='bbox 2646 1490 2830 1534; x_wconf 88' lang='lat' dir='ltr'><strong>nostro</strong></span> <span class='ocrx_word' id='word_1_361' title='bbox 2860 1478 2987 1535; x_wconf 78' lang='lat' dir='ltr'><strong>Iesu</strong></span> <span class='ocrx_word' id='word_1_362' title='bbox 3018 1479 3250 1545; x_wconf 83' lang='lat' dir='ltr'><strong>Christo,</strong></span> <span class='ocrx_word' id='word_1_363' title='bbox 3285 1482 3375 1549; x_wconf 90' lang='lat' dir='ltr'><strong>qui</strong></span> <span class='ocrx_word' id='word_1_364' title='bbox 3434 1482 3556 1535; x_wconf 91' lang='lat' dir='ltr'><strong>dum</strong></span> <span class='ocrx_word' id='word_1_365' title='bbox 3590 1497 3684 1537; x_wconf 87' lang='lat' dir='ltr'><strong>oro</strong></span> <span class='ocrx_word' id='word_1_366' title='bbox 3715 1482 3942 1537; x_wconf 85' lang='lat' dir='ltr'><strong>humano</strong></span> 
     </span>
    </p>
   </div>
   <div class='ocr_carea' id='block_1_60' title="bbox 2380 1572 3944 1641">
    <p class='ocr_par' dir='ltr' id='par_1_60' title="bbox 2380 1572 3944 1641">
     <span class='ocr_line' id='line_1_60' title="bbox 2380 1572 3944 1641; baseline 0.001 -16"><span class='ocrx_word' id='word_1_367' title='bbox 2380 1587 2573 1641; x_wconf 77' lang='lat' dir='ltr'><strong>genere</strong></span> <span class='ocrx_word' id='word_1_368' title='bbox 2604 1572 2779 1628; x_wconf 91' lang='lat' dir='ltr'><strong>crucis</strong></span> <span class='ocrx_word' id='word_1_369' title='bbox 2809 1572 2969 1627; x_wconf 85' lang='lat' dir='ltr'><strong>vellet</strong></span> <span class='ocrx_word' id='word_1_370' title='bbox 2999 1572 3180 1626; x_wconf 90' lang='lat' dir='ltr'><strong>subire</strong></span> <span class='ocrx_word' id='word_1_371' title='bbox 3215 1581 3561 1637; x_wconf 79' lang='lat' dir='ltr'><strong>tormentum,</strong></span> <span class='ocrx_word' id='word_1_372' title='bbox 3608 1582 3661 1628; x_wconf 89' lang='lat' dir='ltr'><strong>et</strong></span> <span class='ocrx_word' id='word_1_373' title='bbox 3710 1591 3736 1627; x_wconf 88' lang='lat' dir='ltr'><strong>a</strong></span> <span class='ocrx_word' id='word_1_374' title='bbox 3768 1574 3944 1627; x_wconf 79' lang='lat' dir='ltr'><strong>militi-</strong></span> 
     </span>
    </p>
   </div>
   <div class='ocr_carea' id='block_1_61' title="bbox 2378 1663 3945 1736">
    <p class='ocr_par' dir='ltr' id='par_1_61' title="bbox 2378 1663 3945 1736">
     <span class='ocr_line' id='line_1_61' title="bbox 2378 1663 3945 1736; baseline 0.001 -18"><span class='ocrx_word' id='word_1_375' title='bbox 2378 1666 2478 1718; x_wconf 89' lang='lat' dir='ltr'><strong>bus</strong></span> <span class='ocrx_word' id='word_1_376' title='bbox 2507 1674 2653 1718; x_wconf 85' lang='lat' dir='ltr'><strong>esset</strong></span> <span class='ocrx_word' id='word_1_377' title='bbox 2683 1675 2886 1728; x_wconf 91' lang='lat' dir='ltr'><strong>tentus,</strong></span> <span class='ocrx_word' id='word_1_378' title='bbox 2921 1664 3080 1720; x_wconf 84' lang='lat' dir='ltr'><strong>Petro</strong></span> <span class='ocrx_word' id='word_1_379' title='bbox 3136 1663 3407 1733; x_wconf 86' lang='lat' dir='ltr'><strong>prohibuit</strong></span> <span class='ocrx_word' id='word_1_380' title='bbox 3448 1679 3515 1719; x_wconf 89' lang='lat' dir='ltr'><strong>ne</strong></span> <span class='ocrx_word' id='word_1_381' title='bbox 3544 1666 3717 1735; x_wconf 84' lang='lat' dir='ltr'><strong>gladio</strong></span> <span class='ocrx_word' id='word_1_382' title='bbox 3749 1682 3945 1736; x_wconf 83' lang='lat' dir='ltr'><strong>pugna-</strong></span> 
     </span>
    </p>
   </div>
   <div class='ocr_carea' id='block_1_62' title="bbox 2378 1754 3946 1828">
    <p class='ocr_par' dir='ltr' id='par_1_62' title="bbox 2378 1754 3946 1828">
     <span class='ocr_line' id='line_1_62' title="bbox 2378 1754 3946 1828; baseline 0.001 -19"><span class='ocrx_word' id='word_1_383' title='bbox 2378 1763 2475 1809; x_wconf 89' lang='lat' dir='ltr'><strong>ret.</strong></span> <span class='ocrx_word' id='word_1_384' title='bbox 2516 1754 2670 1822; x_wconf 85' lang='lat' dir='ltr'><strong>Quod</strong></span> <span class='ocrx_word' id='word_1_385' title='bbox 2705 1754 2747 1809; x_wconf 90' lang='lat' dir='ltr'><strong>si</strong></span> <span class='ocrx_word' id='word_1_386' title='bbox 2779 1756 2871 1809; x_wconf 91' lang='lat' dir='ltr'><strong>ille</strong></span> <span class='ocrx_word' id='word_1_387' title='bbox 2902 1770 3007 1810; x_wconf 89' lang='lat' dir='ltr'><strong>non</strong></span> <span class='ocrx_word' id='word_1_388' title='bbox 3037 1754 3224 1809; x_wconf 88' lang='lat' dir='ltr'><strong>habuit</strong></span> <span class='ocrx_word' id='word_1_389' title='bbox 3252 1757 3521 1811; x_wconf 87' lang='lat' dir='ltr'><strong>licentiam</strong></span> <span class='ocrx_word' id='word_1_390' title='bbox 3558 1760 3821 1828; x_wconf 77' lang='lat' dir='ltr'><strong>pugnandi</strong></span> <span class='ocrx_word' id='word_1_391' title='bbox 3852 1774 3946 1827; x_wconf 91' lang='lat' dir='ltr'><strong>pro</strong></span> 
     </span>
    </p>
   </div>
   <div class='ocr_carea' id='block_1_63' title="bbox 2312 1847 3946 1917">
    <p class='ocr_par' dir='ltr' id='par_1_63' title="bbox 2312 1847 3946 1917">
     <span class='ocr_line' id='line_1_63' title="bbox 2312 1847 3946 1917; baseline 0.001 -16"><span class='ocrx_word' id='word_1_392' title='bbox 2312 1849 2573 1917; x_wconf 70' lang='lat' dir='ltr'><strong>Binjuria</strong></span> <span class='ocrx_word' id='word_1_393' title='bbox 2631 1847 2857 1903; x_wconf 89' lang='lat' dir='ltr'><strong>Domino</strong></span> <span class='ocrx_word' id='word_1_394' title='bbox 2910 1862 3006 1902; x_wconf 90' lang='lat' dir='ltr'><strong>suo</strong></span> <span class='ocrx_word' id='word_1_395' title='bbox 3059 1848 3226 1907; x_wconf 82' lang='lat' dir='ltr'><strong>illata.</strong></span> <span class='ocrx_word' id='word_1_396' title='bbox 3260 1849 3386 1917; x_wconf 91' lang='lat' dir='ltr'><strong>quid</strong></span> <span class='ocrx_word' id='word_1_397' title='bbox 3421 1853 3616 1905; x_wconf 88' lang='lat' dir='ltr'><strong>rectius</strong></span> <span class='ocrx_word' id='word_1_398' title='bbox 3664 1851 3812 1904; x_wconf 81' lang='lat' dir='ltr'><strong>nobis</strong></span> <span class='ocrx_word' id='word_1_399' title='bbox 3865 1861 3946 1905; x_wconf 80' lang='lat' dir='ltr'><strong>est</strong></span> 
     </span>
    </p>
   </div>
   <div class='ocr_carea' id='block_1_64' title="bbox 2380 1943 3946 2015">
    <p class='ocr_par' dir='ltr' id='par_1_64' title="bbox 2380 1943 3946 2015">
     <span class='ocr_line' id='line_1_64' title="bbox 2380 1943 3946 2015; baseline 0.003 -20"><span class='ocrx_word' id='word_1_400' title='bbox 2380 1958 2537 2010; x_wconf 82' lang='lat' dir='ltr'><strong>quam</strong></span> <span class='ocrx_word' id='word_1_401' title='bbox 2587 1952 2646 1996; x_wconf 92' lang='lat' dir='ltr'><strong>ut</strong></span> <span class='ocrx_word' id='word_1_402' title='bbox 2699 1944 2816 2010; x_wconf 86' lang='lat' dir='ltr'><strong>ejus</strong></span> <span class='ocrx_word' id='word_1_403' title='bbox 2848 1943 3121 1999; x_wconf 89' lang='lat' dir='ltr'><strong>imitemur</strong></span> <span class='ocrx_word' id='word_1_404' title='bbox 3150 1946 3431 2015; x_wconf 69' lang='lat' dir='ltr'><strong>exempla?</strong></span> <span class='ocrx_word' id='word_1_405' title='bbox 3482 1945 3765 2015; x_wconf 85' lang='lat' dir='ltr'><strong>lntelligite</strong></span> <span class='ocrx_word' id='word_1_406' title='bbox 3817 1961 3946 2015; x_wconf 81' lang='lat' dir='ltr'><strong>ergo</strong></span> 
     </span>
    </p>
   </div>
   <div class='ocr_carea' id='block_1_65' title="bbox 2379 2035 3943 2107">
    <p class='ocr_par' dir='ltr' id='par_1_65' title="bbox 2379 2035 3943 2107">
     <span class='ocr_line' id='line_1_65' title="bbox 2379 2035 3943 2107; baseline 0.001 -19"><span class='ocrx_word' id='word_1_407' title='bbox 2379 2036 2499 2104; x_wconf 91' lang='lat' dir='ltr'><strong>quia</strong></span> <span class='ocrx_word' id='word_1_408' title='bbox 2526 2050 2631 2089; x_wconf 90' lang='lat' dir='ltr'><strong>non</strong></span> <span class='ocrx_word' id='word_1_409' title='bbox 2663 2036 2715 2089; x_wconf 90' lang='lat' dir='ltr'><strong>in</strong></span> <span class='ocrx_word' id='word_1_410' title='bbox 2735 2035 2883 2089; x_wconf 89' lang='lat' dir='ltr'><strong>hasta</strong></span> <span class='ocrx_word' id='word_1_411' title='bbox 2906 2036 3244 2090; x_wconf 78' lang='lat' dir='ltr'><strong>solummodo</strong></span> <span class='ocrx_word' id='word_1_412' title='bbox 3280 2047 3333 2090; x_wconf 90' lang='lat' dir='ltr'><strong>et</strong></span> <span class='ocrx_word' id='word_1_413' title='bbox 3364 2038 3537 2107; x_wconf 85' lang='lat' dir='ltr'><strong>gladio</strong></span> <span class='ocrx_word' id='word_1_414' title='bbox 3567 2040 3738 2091; x_wconf 82' lang='lat' dir='ltr'><strong>salvat</strong></span> <span class='ocrx_word' id='word_1_415' title='bbox 3783 2038 3943 2100; x_wconf 84' lang='lat' dir='ltr'><strong>Deus,</strong></span> 
     </span>
    </p>
   </div>
   <div class='ocr_carea' id='block_1_66' title="bbox 2378 2125 3946 2195">
    <p class='ocr_par' dir='ltr' id='par_1_66' title="bbox 2378 2125 3946 2195">
     <span class='ocr_line' id='line_1_66' title="bbox 2378 2125 3946 2195; baseline -0.001 -14"><span class='ocrx_word' id='word_1_416' title='bbox 2378 2128 2471 2181; x_wconf 86' lang='lat' dir='ltr'><strong>sed</strong></span> <span class='ocrx_word' id='word_1_417' title='bbox 2506 2126 2683 2195; x_wconf 88' lang='lat' dir='ltr'><strong>potius</strong></span> <span class='ocrx_word' id='word_1_418' title='bbox 2713 2126 2763 2178; x_wconf 94' lang='lat' dir='ltr'><strong>in</strong></span> <span class='ocrx_word' id='word_1_419' title='bbox 2790 2126 3023 2180; x_wconf 87' lang='lat' dir='ltr'><strong>assiduis</strong></span> <span class='ocrx_word' id='word_1_420' title='bbox 3051 2125 3403 2188; x_wconf 77' lang='lat' dir='ltr'><strong>orationibus,</strong></span> <span class='ocrx_word' id='word_1_421' title='bbox 3436 2136 3488 2180; x_wconf 91' lang='lat' dir='ltr'><strong>et</strong></span> <span class='ocrx_word' id='word_1_422' title='bbox 3518 2129 3725 2181; x_wconf 68' lang='lat' dir='ltr'><strong>caneris</strong></span> <span class='ocrx_word' id='word_1_423' title='bbox 3754 2126 3946 2181; x_wconf 87' lang='lat' dir='ltr'><strong>divinis</strong></span> 
     </span>
    </p>
   </div>
   <div class='ocr_carea' id='block_1_67' title="bbox 2378 2216 3940 2286">
    <p class='ocr_par' dir='ltr' id='par_1_67' title="bbox 2378 2216 3940 2286">
     <span class='ocr_line' id='line_1_67' title="bbox 2378 2216 3940 2286; baseline 0.001 -15"><span class='ocrx_word' id='word_1_424' title='bbox 2378 2219 2634 2272; x_wconf 88' lang='lat' dir='ltr'><strong>servitiis.</strong></span> <span class='ocrx_word' id='word_1_425' title='bbox 2700 2219 2883 2271; x_wconf 86' lang='lat' dir='ltr'><strong>Dictus</strong></span> <span class='ocrx_word' id='word_1_426' title='bbox 2940 2233 3151 2286; x_wconf 91' lang='lat' dir='ltr'><strong>quoque</strong></span> <span class='ocrx_word' id='word_1_427' title='bbox 3201 2216 3395 2271; x_wconf 74' lang='lat' dir='ltr'><strong>ChriSti</strong></span> <span class='ocrx_word' id='word_1_428' title='bbox 3446 2217 3720 2273; x_wconf 79' lang='lat' dir='ltr'><strong>confessor</strong></span> <span class='ocrx_word' id='word_1_429' title='bbox 3767 2218 3940 2273; x_wconf 83' lang='lat' dir='ltr'><strong>Marti-</strong></span> 
     </span>
    </p>
   </div>
   <div class='ocr_carea' id='block_1_68' title="bbox 2379 2306 3945 2377">
    <p class='ocr_par' dir='ltr' id='par_1_68' title="bbox 2379 2306 3945 2377">
     <span class='ocr_line' id='line_1_68' title="bbox 2379 2306 3945 2377; baseline -0.001 -14"><span class='ocrx_word' id='word_1_430' title='bbox 2379 2322 2500 2373; x_wconf 92' lang='lat' dir='ltr'><strong>nus,</strong></span> <span class='ocrx_word' id='word_1_431' title='bbox 2528 2307 2653 2362; x_wconf 90' lang='lat' dir='ltr'><strong>dum</strong></span> <span class='ocrx_word' id='word_1_432' title='bbox 2678 2322 2706 2361; x_wconf 93' lang='lat' dir='ltr'><strong>a</strong></span> <span class='ocrx_word' id='word_1_433' title='bbox 2740 2308 2955 2363; x_wconf 80' lang='lat' dir='ltr'><strong>Iuliano</strong></span> <span class='ocrx_word' id='word_1_434' title='bbox 2978 2317 3223 2377; x_wconf 88' lang='lat' dir='ltr'><strong>apostata</strong></span> <span class='ocrx_word' id='word_1_435' title='bbox 3250 2306 3429 2376; x_wconf 85' lang='lat' dir='ltr'><strong>jussus</strong></span> <span class='ocrx_word' id='word_1_436' title='bbox 3462 2306 3653 2363; x_wconf 87' lang='lat' dir='ltr'><strong>fuisset</strong></span> <span class='ocrx_word' id='word_1_437' title='bbox 3698 2309 3945 2364; x_wconf 85' lang='lat' dir='ltr'><strong>militaria</strong></span> 
     </span>
    </p>
   </div>
   <div class='ocr_carea' id='block_1_69' title="bbox 2378 2398 3944 2468">
    <p class='ocr_par' dir='ltr' id='par_1_69' title="bbox 2378 2398 3944 2468">
     <span class='ocr_line' id='line_1_69' title="bbox 2378 2398 3944 2468; baseline 0.002 -14"><span class='ocrx_word' id='word_1_438' title='bbox 2378 2402 2652 2468; x_wconf 82' lang='lat' dir='ltr'><strong>suscipere</strong></span> <span class='ocrx_word' id='word_1_439' title='bbox 2694 2401 3025 2464; x_wconf 86' lang='lat' dir='ltr'><strong>indumenta,</strong></span> <span class='ocrx_word' id='word_1_440' title='bbox 3056 2399 3191 2455; x_wconf 77' lang='lat' dir='ltr'><strong>dixit</strong></span> <span class='ocrx_word' id='word_1_441' title='bbox 3230 2413 3289 2454; x_wconf 88' lang='lat' dir='ltr'><strong>se</strong></span> <span class='ocrx_word' id='word_1_442' title='bbox 3317 2398 3509 2453; x_wconf 81' lang='lat' dir='ltr'><strong>ChriSti</strong></span> <span class='ocrx_word' id='word_1_443' title='bbox 3540 2413 3660 2455; x_wconf 84' lang='lat' dir='ltr'><strong>esse</strong></span> <span class='ocrx_word' id='word_1_444' title='bbox 3700 2400 3944 2458; x_wconf 85' lang='lat' dir='ltr'><strong>militem.</strong></span> 
     </span>
    </p>
   </div>
   <div class='ocr_carea' id='block_1_70' title="bbox 2377 2490 3945 2560">
    <p class='ocr_par' dir='ltr' id='par_1_70' title="bbox 2377 2490 3945 2560">
     <span class='ocr_line' id='line_1_70' title="bbox 2377 2490 3945 2560; baseline -0.003 -14"><span class='ocrx_word' id='word_1_445' title='bbox 2377 2501 2431 2546; x_wconf 87' lang='lat' dir='ltr'><strong>et</strong></span> <span class='ocrx_word' id='word_1_446' title='bbox 2473 2493 2592 2545; x_wconf 91' lang='lat' dir='ltr'><strong>ideo</strong></span> <span class='ocrx_word' id='word_1_447' title='bbox 2621 2506 2724 2543; x_wconf 91' lang='lat' dir='ltr'><strong>non</strong></span> <span class='ocrx_word' id='word_1_448' title='bbox 2759 2504 2918 2559; x_wconf 85' lang='lat' dir='ltr'><strong>posse</strong></span> <span class='ocrx_word' id='word_1_449' title='bbox 2956 2504 3211 2559; x_wconf 87' lang='lat' dir='ltr'><strong>pugnare.</strong></span> <span class='ocrx_word' id='word_1_450' title='bbox 3247 2490 3321 2543; x_wconf 89' lang='lat' dir='ltr'><strong>De</strong></span> <span class='ocrx_word' id='word_1_451' title='bbox 3366 2490 3501 2544; x_wconf 77' lang='lat' dir='ltr'><strong>libro</strong></span> <span class='ocrx_word' id='word_1_452' title='bbox 3530 2506 3741 2560; x_wconf 88' lang='lat' dir='ltr'><strong>quoque</strong></span> <span class='ocrx_word' id='word_1_453' title='bbox 3773 2491 3945 2545; x_wconf 72' lang='lat' dir='ltr'><strong>Exodi</strong></span> 
     </span>
    </p>
   </div>
   <div class='ocr_carea' id='block_1_71' title="bbox 2378 2580 3942 2652">
    <p class='ocr_par' dir='ltr' id='par_1_71' title="bbox 2378 2580 3942 2652">
     <span class='ocr_line' id='line_1_71' title="bbox 2378 2580 3942 2652; baseline -0.001 -16"><span class='ocrx_word' id='word_1_454' title='bbox 2378 2581 2506 2636; x_wconf 87' lang='lat' dir='ltr'><strong>utile</strong></span> <span class='ocrx_word' id='word_1_455' title='bbox 2535 2580 2797 2636; x_wconf 87' lang='lat' dir='ltr'><strong>habemus</strong></span> <span class='ocrx_word' id='word_1_456' title='bbox 2824 2581 3147 2649; x_wconf 80' lang='lat' dir='ltr'><strong>exemplum,</strong></span> <span class='ocrx_word' id='word_1_457' title='bbox 3176 2580 3383 2635; x_wconf 90' lang='lat' dir='ltr'><strong>scilicet</strong></span> <span class='ocrx_word' id='word_1_458' title='bbox 3410 2580 3532 2634; x_wconf 88' lang='lat' dir='ltr'><strong>dum</strong></span> <span class='ocrx_word' id='word_1_459' title='bbox 3566 2591 3822 2652; x_wconf 73' lang='lat' dir='ltr'><strong>pugnaret</strong></span> <span class='ocrx_word' id='word_1_460' title='bbox 3849 2581 3942 2634; x_wconf 85' lang='lat' dir='ltr'><strong>Jo-</strong></span> 
     </span>
    </p>
   </div>
   <div class='ocr_carea' id='block_1_72' title="bbox 2381 2672 3939 2741">
    <p class='ocr_par' dir='ltr' id='par_1_72' title="bbox 2381 2672 3939 2741">
     <span class='ocr_line' id='line_1_72' title="bbox 2381 2672 3939 2741; baseline -0.001 -15"><span class='ocrx_word' id='word_1_461' title='bbox 2381 2687 2477 2727; x_wconf 90' lang='lat' dir='ltr'><strong>sue</strong></span> <span class='ocrx_word' id='word_1_462' title='bbox 2494 2672 2765 2728; x_wconf 87' lang='lat' dir='ltr'><strong>adversus</strong></span> <span class='ocrx_word' id='word_1_463' title='bbox 2790 2672 3068 2736; x_wconf 83' lang='lat' dir='ltr'><strong>Amalech,</strong></span> <span class='ocrx_word' id='word_1_464' title='bbox 3093 2672 3305 2739; x_wconf 81' lang='lat' dir='ltr'><strong>Moyses</strong></span> <span class='ocrx_word' id='word_1_465' title='bbox 3335 2687 3439 2726; x_wconf 91' lang='lat' dir='ltr'><strong>non</strong></span> <span class='ocrx_word' id='word_1_466' title='bbox 3470 2672 3635 2727; x_wconf 88' lang='lat' dir='ltr'><strong>armis</strong></span> <span class='ocrx_word' id='word_1_467' title='bbox 3658 2672 3939 2741; x_wconf 79' lang='lat' dir='ltr'><strong>pugnabat,</strong></span> 
     </span>
    </p>
   </div>
   <div class='ocr_carea' id='block_1_73' title="bbox 2376 2764 3949 2831">
    <p class='ocr_par' dir='ltr' id='par_1_73' title="bbox 2376 2764 3949 2831">
     <span class='ocr_line' id='line_1_73' title="bbox 2376 2764 3949 2831; baseline 0 -10"><span class='ocrx_word' id='word_1_468' title='bbox 2376 2768 2468 2821; x_wconf 90' lang='lat' dir='ltr'><strong>sed</strong></span> <span class='ocrx_word' id='word_1_469' title='bbox 2508 2766 2747 2821; x_wconf 81' lang='lat' dir='ltr'><strong>extensis</strong></span> <span class='ocrx_word' id='word_1_470' title='bbox 2801 2766 2990 2831; x_wconf 86' lang='lat' dir='ltr'><strong>palmis</strong></span> <span class='ocrx_word' id='word_1_471' title='bbox 3041 2764 3108 2819; x_wconf 88' lang='lat' dir='ltr'><strong>ad</strong></span> <span class='ocrx_word' id='word_1_472' title='bbox 3174 2764 3366 2819; x_wconf 73' lang='lat' dir='ltr'><strong>emtum</strong></span> <span class='ocrx_word' id='word_1_473' title='bbox 3402 2764 3563 2820; x_wconf 90' lang='lat' dir='ltr'><strong>Deum</strong></span> <span class='ocrx_word' id='word_1_474' title='bbox 3620 2766 3841 2828; x_wconf 84' lang='lat' dir='ltr'><strong>orabat,</strong></span> <span class='ocrx_word' id='word_1_475' title='bbox 3892 2780 3949 2821; x_wconf 83' lang='lat' dir='ltr'><strong>et</strong></span> 
     </span>
    </p>
   </div>
   <div class='ocr_carea' id='block_1_74' title="bbox 2378 2855 3942 2922">
    <p class='ocr_par' dir='ltr' id='par_1_74' title="bbox 2378 2855 3942 2922">
     <span class='ocr_line' id='line_1_74' title="bbox 2378 2855 3942 2922; baseline 0.003 -16"><span class='ocrx_word' id='word_1_476' title='bbox 2378 2856 2623 2909; x_wconf 84' lang='lat' dir='ltr'><strong>vincebat</strong></span> <span class='ocrx_word' id='word_1_477' title='bbox 2656 2855 2981 2909; x_wconf 86' lang='lat' dir='ltr'><strong>lsraclitieus</strong></span> <span class='ocrx_word' id='word_1_478' title='bbox 3030 2856 3277 2922; x_wconf 84' lang='lat' dir='ltr'><strong>papulus,</strong></span> <span class='ocrx_word' id='word_1_479' title='bbox 3312 2867 3365 2908; x_wconf 91' lang='lat' dir='ltr'><strong>ut</strong></span> <span class='ocrx_word' id='word_1_480' title='bbox 3413 2867 3588 2911; x_wconf 88' lang='lat' dir='ltr'><strong>autem</strong></span> <span class='ocrx_word' id='word_1_481' title='bbox 3640 2856 3942 2912; x_wconf 81' lang='lat' dir='ltr'><strong>remittebat</strong></span> 
     </span>
    </p>
   </div>
   <div class='ocr_carea' id='block_1_75' title="bbox 2376 2947 3943 3015">
    <p class='ocr_par' dir='ltr' id='par_1_75' title="bbox 2376 2947 3943 3015">
     <span class='ocr_line' id='line_1_75' title="bbox 2376 2947 3943 3015; baseline 0.001 -14"><span class='ocrx_word' id='word_1_482' title='bbox 2376 2964 2586 3015; x_wconf 91' lang='lat' dir='ltr'><strong>manus,</strong></span> <span class='ocrx_word' id='word_1_483' title='bbox 2619 2948 2980 3004; x_wconf 89' lang='lat' dir='ltr'><strong>invalescebat</strong></span> <span class='ocrx_word' id='word_1_484' title='bbox 3026 2947 3303 3002; x_wconf 87' lang='lat' dir='ltr'><strong>Amalech.</strong></span> <span class='ocrx_word' id='word_1_485' title='bbox 3357 2948 3449 3001; x_wconf 90' lang='lat' dir='ltr'><strong>llis</strong></span> <span class='ocrx_word' id='word_1_486' title='bbox 3491 2957 3545 3002; x_wconf 79' lang='lat' dir='ltr'><strong>et</strong></span> <span class='ocrx_word' id='word_1_487' title='bbox 3593 2948 3711 3003; x_wconf 78' lang='lat' dir='ltr'><strong>aliis</strong></span> <span class='ocrx_word' id='word_1_488' title='bbox 3763 2952 3943 3003; x_wconf 89' lang='lat' dir='ltr'><strong>multis</strong></span> 
     </span>
    </p>
   </div>
   <div class='ocr_carea' id='block_1_76' title="bbox 2374 3040 3926 3111">
    <p class='ocr_par' dir='ltr' id='par_1_76' title="bbox 2374 3040 3926 3111">
     <span class='ocr_line' id='line_1_76' title="bbox 2374 3040 3926 3111; baseline 0.001 -18"><span class='ocrx_word' id='word_1_489' title='bbox 2374 3041 2681 3096; x_wconf 87' lang='lat' dir='ltr'><strong>declaratur</strong></span> <span class='ocrx_word' id='word_1_490' title='bbox 2731 3040 2999 3109; x_wconf 79' lang='lat' dir='ltr'><strong>exemplis</strong></span> <span class='ocrx_word' id='word_1_491' title='bbox 3032 3040 3373 3109; x_wconf 88' lang='lat' dir='ltr'><strong>episcopum.</strong></span> <span class='ocrx_word' id='word_1_492' title='bbox 3407 3040 3795 3111; x_wconf 79' lang='lat' dir='ltr'><strong>presbyterum,</strong></span> <span class='ocrx_word' id='word_1_493' title='bbox 3826 3042 3926 3095; x_wconf 70' lang='lat' dir='ltr'><strong>dia.</strong></span> 
     </span>
    </p>
   </div>
   <div class='ocr_carea' id='block_1_77' title="bbox 2374 3132 3921 3202">
    <p class='ocr_par' dir='ltr' id='par_1_77' title="bbox 2374 3132 3921 3202">
     <span class='ocr_line' id='line_1_77' title="bbox 2374 3132 3921 3202; baseline -0.001 -15"><span class='ocrx_word' id='word_1_494' title='bbox 2374 3148 2589 3197; x_wconf 90' lang='lat' dir='ltr'><strong>conum,</strong></span> <span class='ocrx_word' id='word_1_495' title='bbox 2610 3134 2690 3188; x_wconf 85' lang='lat' dir='ltr'><strong>vel</strong></span> <span class='ocrx_word' id='word_1_496' title='bbox 2710 3135 3026 3187; x_wconf 90' lang='lat' dir='ltr'><strong>monachum</strong></span> <span class='ocrx_word' id='word_1_497' title='bbox 3055 3132 3199 3187; x_wconf 89' lang='lat' dir='ltr'><strong>nulla</strong></span> <span class='ocrx_word' id='word_1_498' title='bbox 3234 3143 3446 3200; x_wconf 87' lang='lat' dir='ltr'><strong>portare</strong></span> <span class='ocrx_word' id='word_1_499' title='bbox 3473 3147 3617 3186; x_wconf 86' lang='lat' dir='ltr'><strong>arma</strong></span> <span class='ocrx_word' id='word_1_500' title='bbox 3652 3134 3703 3187; x_wconf 89' lang='lat' dir='ltr'><strong>in</strong></span> <span class='ocrx_word' id='word_1_501' title='bbox 3738 3134 3921 3202; x_wconf 71' lang='lat' dir='ltr'><strong>prmlio</strong></span> 
     </span>
    </p>
   </div>
   <div class='ocr_carea' id='block_1_78' title="bbox 2378 3224 3938 3297">
    <p class='ocr_par' dir='ltr' id='par_1_78' title="bbox 2378 3224 3938 3297">
     <span class='ocr_line' id='line_1_78' title="bbox 2378 3224 3938 3297; baseline 0.001 -18"><span class='ocrx_word' id='word_1_502' title='bbox 2378 3224 2477 3280; x_wconf 86' lang='lat' dir='ltr'><strong>nisi</strong></span> <span class='ocrx_word' id='word_1_503' title='bbox 2523 3236 2720 3279; x_wconf 88' lang='lat' dir='ltr'><strong>tantum</strong></span> <span class='ocrx_word' id='word_1_504' title='bbox 2764 3240 2827 3281; x_wconf 90' lang='lat' dir='ltr'><strong>ea</strong></span> <span class='ocrx_word' id='word_1_505' title='bbox 2856 3225 2922 3280; x_wconf 88' lang='lat' dir='ltr'><strong>de</strong></span> <span class='ocrx_word' id='word_1_506' title='bbox 2950 3227 3142 3294; x_wconf 88' lang='lat' dir='ltr'><strong>quibus</strong></span> <span class='ocrx_word' id='word_1_507' title='bbox 3170 3226 3361 3297; x_wconf 79' lang='lat' dir='ltr'><strong>legitur</strong></span> <span class='ocrx_word' id='word_1_508' title='bbox 3404 3242 3419 3280; x_wconf 87' lang='lat'><strong>:</strong></span> <span class='ocrx_word' id='word_1_509' title='bbox 3472 3225 3536 3280; x_wconf 85' lang='lat' dir='ltr'><strong>In</strong></span> <span class='ocrx_word' id='word_1_510' title='bbox 3584 3228 3814 3282; x_wconf 82' lang='lat' dir='ltr'><strong>omnibus</strong></span> <span class='ocrx_word' id='word_1_511' title='bbox 3846 3246 3938 3281; x_wconf 85' lang='lat' dir='ltr'><strong>su-</strong></span> 
     </span>
    </p>
   </div>
   <div class='ocr_carea' id='block_1_79' title="bbox 2374 3316 3933 3386">
    <p class='ocr_par' dir='ltr' id='par_1_79' title="bbox 2374 3316 3933 3386">
     <span class='ocr_line' id='line_1_79' title="bbox 2374 3316 3933 3386; baseline 0.001 -17"><span class='ocrx_word' id='word_1_512' title='bbox 2374 3326 2557 3369; x_wconf 85' lang='lat' dir='ltr'><strong>mentes</strong></span> <span class='ocrx_word' id='word_1_513' title='bbox 2582 3324 2779 3369; x_wconf 88' lang='lat' dir='ltr'><strong>scutum</strong></span> <span class='ocrx_word' id='word_1_514' title='bbox 2803 3316 2942 3382; x_wconf 74' lang='lat' dir='ltr'><strong>fidei,</strong></span> <span class='ocrx_word' id='word_1_515' title='bbox 2970 3318 3022 3369; x_wconf 85' lang='lat' dir='ltr'><strong>in</strong></span> <span class='ocrx_word' id='word_1_516' title='bbox 3051 3331 3150 3383; x_wconf 84' lang='lat' dir='ltr'><strong>quo</strong></span> <span class='ocrx_word' id='word_1_517' title='bbox 3175 3317 3378 3383; x_wconf 73' lang='lat' dir='ltr'><strong>possitis</strong></span> <span class='ocrx_word' id='word_1_518' title='bbox 3409 3318 3578 3371; x_wconf 86' lang='lat' dir='ltr'><strong>onmia</strong></span> <span class='ocrx_word' id='word_1_519' title='bbox 3606 3323 3705 3372; x_wconf 82' lang='lat' dir='ltr'><strong>tetu</strong></span> <span class='ocrx_word' id='word_1_520' title='bbox 3733 3321 3933 3386; x_wconf 69' lang='lat' dir='ltr'><strong>nequis-</strong></span> 
     </span>
    </p>
   </div>
   <div class='ocr_carea' id='block_1_80' title="bbox 2372 3407 3947 3477">
    <p class='ocr_par' dir='ltr' id='par_1_80' title="bbox 2372 3407 3947 3477">
     <span class='ocr_line' id='line_1_80' title="bbox 2372 3407 3947 3477; baseline 0.002 -17"><span class='ocrx_word' id='word_1_521' title='bbox 2372 3408 2488 3461; x_wconf 89' lang='lat' dir='ltr'><strong>simi</strong></span> <span class='ocrx_word' id='word_1_522' title='bbox 2510 3408 2654 3476; x_wconf 86' lang='lat' dir='ltr'><strong>ignea</strong></span> <span class='ocrx_word' id='word_1_523' title='bbox 2676 3410 3013 3477; x_wconf 75' lang='lat' dir='ltr'><strong>exstinguere,</strong></span> <span class='ocrx_word' id='word_1_524' title='bbox 3044 3418 3089 3462; x_wconf 88' lang='lat' dir='ltr'><strong>et</strong></span> <span class='ocrx_word' id='word_1_525' title='bbox 3115 3407 3317 3477; x_wconf 85' lang='lat' dir='ltr'><strong>galeam</strong></span> <span class='ocrx_word' id='word_1_526' title='bbox 3361 3410 3547 3463; x_wconf 89' lang='lat' dir='ltr'><strong>salutis</strong></span> <span class='ocrx_word' id='word_1_527' title='bbox 3592 3426 3869 3475; x_wconf 75' lang='lat' dir='ltr'><strong>assumere,</strong></span> <span class='ocrx_word' id='word_1_528' title='bbox 3893 3426 3947 3463; x_wconf 83' lang='lat' dir='ltr'><strong>er</strong></span> 
     </span>
    </p>
   </div>
   <div class='ocr_carea' id='block_1_81' title="bbox 2371 3496 3935 3566">
    <p class='ocr_par' dir='ltr' id='par_1_81' title="bbox 2371 3496 3935 3566">
     <span class='ocr_line' id='line_1_81' title="bbox 2371 3496 3935 3566; baseline 0.005 -21"><span class='ocrx_word' id='word_1_529' title='bbox 2371 3496 2600 3563; x_wconf 80' lang='lat' dir='ltr'><strong>gladium</strong></span> <span class='ocrx_word' id='word_1_530' title='bbox 2628 3498 2855 3565; x_wconf 85' lang='lat' dir='ltr'><strong>spiritus,</strong></span> <span class='ocrx_word' id='word_1_531' title='bbox 2890 3500 3024 3566; x_wconf 79' lang='lat' dir='ltr'><strong>quod</strong></span> <span class='ocrx_word' id='word_1_532' title='bbox 3072 3508 3144 3550; x_wconf 88' lang='lat' dir='ltr'><strong>est</strong></span> <span class='ocrx_word' id='word_1_533' title='bbox 3175 3501 3381 3553; x_wconf 83' lang='lat' dir='ltr'><strong>verbum</strong></span> <span class='ocrx_word' id='word_1_534' title='bbox 3436 3500 3549 3554; x_wconf 84' lang='lat' dir='ltr'><strong>Dei.</strong></span> <span class='ocrx_word' id='word_1_535' title='bbox 3598 3500 3935 3556; x_wconf 85' lang='lat' dir='ltr'><strong>Contrarium</strong></span> 
     </span>
    </p>
   </div>
   <div class='ocr_carea' id='block_1_82' title="bbox 2370 3586 3936 3659">
    <p class='ocr_par' dir='ltr' id='par_1_82' title="bbox 2370 3586 3936 3659">
     <span class='ocr_line' id='line_1_82' title="bbox 2370 3586 3936 3659; baseline 0.003 -22"><span class='ocrx_word' id='word_1_536' title='bbox 2370 3586 2546 3654; x_wconf 89' lang='lat' dir='ltr'><strong>itaque</strong></span> <span class='ocrx_word' id='word_1_537' title='bbox 2576 3587 2794 3641; x_wconf 90' lang='lat' dir='ltr'><strong>omnino</strong></span> <span class='ocrx_word' id='word_1_538' title='bbox 2822 3600 2906 3641; x_wconf 89' lang='lat' dir='ltr'><strong>est</strong></span> <span class='ocrx_word' id='word_1_539' title='bbox 2928 3588 3310 3644; x_wconf 87' lang='lat' dir='ltr'><strong>ecclesiasticis</strong></span> <span class='ocrx_word' id='word_1_540' title='bbox 3342 3590 3541 3657; x_wconf 83' lang='lat' dir='ltr'><strong>regulis</strong></span> <span class='ocrx_word' id='word_1_541' title='bbox 3574 3601 3694 3659; x_wconf 82' lang='lat' dir='ltr'><strong>p0st</strong></span> <span class='ocrx_word' id='word_1_542' title='bbox 3718 3592 3936 3646; x_wconf 82' lang='lat' dir='ltr'><strong>ordina-</strong></span> 
     </span>
    </p>
   </div>
   <div class='ocr_carea' id='block_1_83' title="bbox 2370 3676 3497 3736">
    <p class='ocr_par' dir='ltr' id='par_1_83' title="bbox 2370 3676 3497 3736">
     <span class='ocr_line' id='line_1_83' title="bbox 2370 3676 3497 3736; baseline 0.005 -7"><span class='ocrx_word' id='word_1_543' title='bbox 2370 3676 2567 3731; x_wconf 88' lang='lat' dir='ltr'><strong>tionem</strong></span> <span class='ocrx_word' id='word_1_544' title='bbox 2597 3678 2773 3731; x_wconf 88' lang='lat' dir='ltr'><strong>redire</strong></span> <span class='ocrx_word' id='word_1_545' title='bbox 2799 3676 2862 3731; x_wconf 88' lang='lat' dir='ltr'><strong>ad</strong></span> <span class='ocrx_word' id='word_1_546' title='bbox 2894 3678 3133 3733; x_wconf 89' lang='lat' dir='ltr'><strong>militiam</strong></span> <span class='ocrx_word' id='word_1_547' title='bbox 3158 3681 3497 3736; x_wconf 68' lang='lat' dir='ltr'><strong>saecularem.</strong></span> 
     </span>
    </p>
   </div>
   <div class='ocr_carea' id='block_1_84' title="bbox 2509 3790 3795 3859">
    <p class='ocr_par' dir='ltr' id='par_1_84' title="bbox 2509 3790 3795 3859">
     <span class='ocr_line' id='line_1_84' title="bbox 2509 3790 3795 3859; baseline 0.002 -13"><span class='ocrx_word' id='word_1_548' title='bbox 2509 3790 2709 3846; x_wconf 74' lang='lat' dir='ltr'>CLXII.</span> <span class='ocrx_word' id='word_1_549' title='bbox 2742 3791 2817 3844; x_wconf 85' lang='lat' dir='ltr'><strong>De</strong></span> <span class='ocrx_word' id='word_1_550' title='bbox 2845 3791 3147 3859; x_wconf 81' lang='lat' dir='ltr'><strong>homicidio,</strong></span> <span class='ocrx_word' id='word_1_551' title='bbox 3189 3795 3437 3849; x_wconf 87' lang='lat' dir='ltr'><strong>institutio</strong></span> <span class='ocrx_word' id='word_1_552' title='bbox 3484 3806 3795 3850; x_wconf 83' lang='lat' dir='ltr'><strong>sanctorum.</strong></span> 
     </span>
    </p>
   </div>
   <div class='ocr_carea' id='block_1_85' title="bbox 2440 3906 3929 3976">
    <p class='ocr_par' dir='ltr' id='par_1_85' title="bbox 2440 3906 3929 3976">
     <span class='ocr_line' id='line_1_85' title="bbox 2440 3906 3929 3976; baseline 0 -15"><span class='ocrx_word' id='word_1_553' title='bbox 2440 3906 2497 3961; x_wconf 88' lang='lat' dir='ltr'><strong>Si</strong></span> <span class='ocrx_word' id='word_1_554' title='bbox 2538 3906 2820 3976; x_wconf 83' lang='lat' dir='ltr'><strong>presbyter</strong></span> <span class='ocrx_word' id='word_1_555' title='bbox 2876 3907 2957 3961; x_wconf 80' lang='lat' dir='ltr'><strong>vel</strong></span> <span class='ocrx_word' id='word_1_556' title='bbox 3011 3906 3270 3962; x_wconf 90' lang='lat' dir='ltr'><strong>diaconus</strong></span> <span class='ocrx_word' id='word_1_557' title='bbox 3320 3907 3659 3963; x_wconf 88' lang='lat' dir='ltr'><strong>homicidium</strong></span> <span class='ocrx_word' id='word_1_558' title='bbox 3720 3907 3929 3971; x_wconf 86' lang='lat' dir='ltr'><strong>fecerit,</strong></span> 
     </span>
    </p>
   </div>
   <div class='ocr_carea' id='block_1_86' title="bbox 2366 3998 3760 4070">
    <p class='ocr_par' dir='ltr' id='par_1_86' title="bbox 2366 3998 3760 4070">
     <span class='ocr_line' id='line_1_86' title="bbox 2366 3998 3760 4070; baseline 0.002 -19"><span class='ocrx_word' id='word_1_559' title='bbox 2366 3998 2707 4069; x_wconf 82' lang='lat' dir='ltr'><strong>degradetur,</strong></span> <span class='ocrx_word' id='word_1_560' title='bbox 2735 4010 2788 4054; x_wconf 88' lang='lat' dir='ltr'><strong>et</strong></span> <span class='ocrx_word' id='word_1_561' title='bbox 2818 4014 2982 4068; x_wconf 86' lang='lat' dir='ltr'><strong>usque</strong></span> <span class='ocrx_word' id='word_1_562' title='bbox 3004 3999 3070 4053; x_wconf 89' lang='lat' dir='ltr'><strong>ad</strong></span> <span class='ocrx_word' id='word_1_563' title='bbox 3100 4001 3298 4053; x_wconf 84' lang='lat' dir='ltr'><strong>csitum</strong></span> <span class='ocrx_word' id='word_1_564' title='bbox 3329 4000 3450 4054; x_wconf 71' lang='lat' dir='ltr'><strong>vitae</strong></span> <span class='ocrx_word' id='word_1_565' title='bbox 3481 4002 3760 4070; x_wconf 63' lang='lat' dir='ltr'><strong>paeniteat.</strong></span> 
     </span>
    </p>
   </div>
   <div class='ocr_carea' id='block_1_87' title="bbox 2910 4130 3337 4188">
    <p class='ocr_par' dir='ltr' id='par_1_87' title="bbox 2910 4130 3337 4188">
     <span class='ocr_line' id='line_1_87' title="bbox 2910 4130 3337 4188; baseline -0.007 0"><span class='ocrx_word' id='word_1_566' title='bbox 2910 4130 3135 4188; x_wconf 72' lang='lat' dir='ltr'>CLXIII.</span> <span class='ocrx_word' id='word_1_567' title='bbox 3186 4130 3337 4186; x_wconf 85' lang='lat' dir='ltr'><strong>Item.</strong></span> 
     </span>
    </p>
   </div>
   <div class='ocr_carea' id='block_1_88' title="bbox 2437 4226 3933 4296">
    <p class='ocr_par' dir='ltr' id='par_1_88' title="bbox 2437 4226 3933 4296">
     <span class='ocr_line' id='line_1_88' title="bbox 2437 4226 3933 4296; baseline 0.003 -13"><span class='ocrx_word' id='word_1_568' title='bbox 2437 4227 2492 4283; x_wconf 88' lang='lat' dir='ltr'><strong>Si</strong></span> <span class='ocrx_word' id='word_1_569' title='bbox 2520 4227 2639 4296; x_wconf 88' lang='lat' dir='ltr'><strong>quis</strong></span> <span class='ocrx_word' id='word_1_570' title='bbox 2664 4227 2891 4282; x_wconf 88' lang='lat' dir='ltr'><strong>clericus</strong></span> <span class='ocrx_word' id='word_1_571' title='bbox 2915 4226 3256 4282; x_wconf 87' lang='lat' dir='ltr'><strong>homicidium</strong></span> <span class='ocrx_word' id='word_1_572' title='bbox 3287 4229 3491 4295; x_wconf 86' lang='lat' dir='ltr'><strong>fecerit,</strong></span> <span class='ocrx_word' id='word_1_573' title='bbox 3523 4245 3554 4283; x_wconf 78' lang='grc' dir='ltr'><strong>ι</strong></span> <span class='ocrx_word' id='word_1_574' title='bbox 3590 4245 3758 4286; x_wconf 86' lang='lat' dir='ltr'><strong>annos</strong></span> <span class='ocrx_word' id='word_1_575' title='bbox 3784 4236 3933 4289; x_wconf 79' lang='lat' dir='ltr'><strong>exsul</strong></span> 
     </span>
    </p>
   </div>
   <div class='ocr_carea' id='block_1_89' title="bbox 2367 4320 3933 4392">
    <p class='ocr_par' dir='ltr' id='par_1_89' title="bbox 2367 4320 3933 4392">
     <span class='ocr_line' id='line_1_89' title="bbox 2367 4320 3933 4392; baseline 0.005 -22"><span class='ocrx_word' id='word_1_576' title='bbox 2367 4321 2655 4387; x_wconf 55' lang='lat' dir='ltr'><strong>paeniteat;</strong></span> <span class='ocrx_word' id='word_1_577' title='bbox 2682 4334 2740 4374; x_wconf 87' lang='grc' dir='ltr'><strong>ιιι</strong></span> <span class='ocrx_word' id='word_1_578' title='bbox 2775 4332 2847 4373; x_wconf 67' lang='lat' dir='ltr'><strong>cx</strong></span> <span class='ocrx_word' id='word_1_579' title='bbox 2878 4320 2943 4374; x_wconf 90' lang='lat' dir='ltr'><strong>iis</strong></span> <span class='ocrx_word' id='word_1_580' title='bbox 2974 4321 3025 4373; x_wconf 92' lang='lat' dir='ltr'><strong>in</strong></span> <span class='ocrx_word' id='word_1_581' title='bbox 3057 4335 3193 4389; x_wconf 86' lang='lat' dir='ltr'><strong>pane</strong></span> <span class='ocrx_word' id='word_1_582' title='bbox 3216 4330 3269 4376; x_wconf 89' lang='lat' dir='ltr'><strong>et</strong></span> <span class='ocrx_word' id='word_1_583' title='bbox 3289 4336 3457 4392; x_wconf 87' lang='lat' dir='ltr'><strong>aqua;</strong></span> <span class='ocrx_word' id='word_1_584' title='bbox 3491 4332 3609 4391; x_wconf 92' lang='lat' dir='ltr'><strong>post</strong></span> <span class='ocrx_word' id='word_1_585' title='bbox 3635 4324 3749 4379; x_wconf 65' lang='lat' dir='ltr'><strong>haec</strong></span> <span class='ocrx_word' id='word_1_586' title='bbox 3787 4326 3933 4380; x_wconf 85' lang='lat' dir='ltr'><strong>reci-</strong></span> 
     </span>
    </p>
   </div>
   <div class='ocr_carea' id='block_1_90' title="bbox 2365 4408 3932 4479">
    <p class='ocr_par' dir='ltr' id='par_1_90' title="bbox 2365 4408 3932 4479">
     <span class='ocr_line' id='line_1_90' title="bbox 2365 4408 3932 4479; baseline 0.001 -16"><span class='ocrx_word' id='word_1_587' title='bbox 2365 4409 2539 4479; x_wconf 87' lang='lat' dir='ltr'><strong>piatur</strong></span> <span class='ocrx_word' id='word_1_588' title='bbox 2565 4410 2617 4463; x_wconf 93' lang='lat' dir='ltr'><strong>in</strong></span> <span class='ocrx_word' id='word_1_589' title='bbox 2642 4410 2835 4477; x_wconf 85' lang='lat' dir='ltr'><strong>patria.</strong></span> <span class='ocrx_word' id='word_1_590' title='bbox 2876 4408 2935 4465; x_wconf 87' lang='lat' dir='ltr'><strong>Si</strong></span> <span class='ocrx_word' id='word_1_591' title='bbox 2978 4410 3114 4465; x_wconf 88' lang='lat' dir='ltr'><strong>bene</strong></span> <span class='ocrx_word' id='word_1_592' title='bbox 3141 4410 3314 4479; x_wconf 86' lang='lat' dir='ltr'><strong>egerit</strong></span> <span class='ocrx_word' id='word_1_593' title='bbox 3355 4410 3745 4479; x_wconf 63' lang='lat' dir='ltr'><strong>paenitentiam,</strong></span> <span class='ocrx_word' id='word_1_594' title='bbox 3782 4413 3932 4467; x_wconf 85' lang='lat' dir='ltr'><strong>testi-</strong></span> 
     </span>
    </p>
   </div>
   <div class='ocr_carea' id='block_1_91' title="bbox 2366 4500 3925 4569">
    <p class='ocr_par' dir='ltr' id='par_1_91' title="bbox 2366 4500 3925 4569">
     <span class='ocr_line' id='line_1_91' title="bbox 2366 4500 3925 4569; baseline 0.002 -15"><span class='ocrx_word' id='word_1_595' title='bbox 2366 4502 2545 4555; x_wconf 89' lang='lat' dir='ltr'><strong>monio</strong></span> <span class='ocrx_word' id='word_1_596' title='bbox 2597 4500 2980 4569; x_wconf 90' lang='lat' dir='ltr'><strong>comprobatus</strong></span> <span class='ocrx_word' id='word_1_597' title='bbox 3030 4501 3289 4569; x_wconf 90' lang='lat' dir='ltr'><strong>episcopi,</strong></span> <span class='ocrx_word' id='word_1_598' title='bbox 3344 4502 3427 4556; x_wconf 89' lang='lat' dir='ltr'><strong>vel</strong></span> <span class='ocrx_word' id='word_1_599' title='bbox 3486 4502 3801 4567; x_wconf 85' lang='lat' dir='ltr'><strong>sacerdotis,</strong></span> <span class='ocrx_word' id='word_1_600' title='bbox 3838 4505 3925 4557; x_wconf 82' lang='lat' dir='ltr'><strong>vel</strong></span> 
     </span>
    </p>
   </div>
   <div class='ocr_carea' id='block_1_92' title="bbox 688 4558 3927 4661">
    <p class='ocr_par' dir='ltr' id='par_1_92' title="bbox 688 4558 3927 4661">
     <span class='ocr_line' id='line_1_92' title="bbox 688 4558 3927 4661; baseline -0.003 -33"><span class='ocrx_word' id='word_1_601' title='bbox 688 4575 982 4629; x_wconf 83' lang='lat' dir='ltr'><strong>absentiam</strong></span> <span class='ocrx_word' id='word_1_602' title='bbox 1035 4576 1333 4629; x_wconf 89' lang='lat' dir='ltr'><strong>animarum</strong></span> <span class='ocrx_word' id='word_1_603' title='bbox 1385 4574 1616 4643; x_wconf 88' lang='lat' dir='ltr'><strong>pericula</strong></span> <span class='ocrx_word' id='word_1_604' title='bbox 1672 4570 1997 4642; x_wconf 82' lang='lat' dir='ltr'><strong>(oriantur),</strong></span> <span class='ocrx_word' id='word_1_605' title='bbox 2030 4570 2257 4623; x_wconf 79' lang='lat' dir='ltr'><strong>maxime</strong></span> <span class='ocrx_word' id='word_1_606' title='bbox 2291 4558 2340 4619; x_wconf 74' lang='grc' dir='ltr'><strong>ἰ)</strong></span> <span class='ocrx_word' id='word_1_607' title='bbox 2364 4592 2447 4647; x_wconf 65' lang='lat' dir='ltr'><strong>cui</strong></span> <span class='ocrx_word' id='word_1_608' title='bbox 2475 4558 2793 4647; x_wconf 63' lang='lat' dir='ltr'><strong>commiss&#39;us</strong></span> <span class='ocrx_word' id='word_1_609' title='bbox 2846 4590 3026 4656; x_wconf 52' lang='lat' dir='ltr'><strong>mem,</strong></span> <span class='ocrx_word' id='word_1_610' title='bbox 3066 4558 3228 4661; x_wconf 68' lang='lat' dir='ltr'><strong>&#39;quod&#39;</strong></span> <span class='ocrx_word' id='word_1_611' title='bbox 3256 4595 3392 4647; x_wconf 65' lang='lat' dir='ltr'><strong>bene</strong></span> <span class='ocrx_word' id='word_1_612' title='bbox 3422 4594 3703 4661; x_wconf 50' lang='lat' dir='ltr'><strong>palmum</strong></span> <span class='ocrx_word' id='word_1_613' title='bbox 3756 4603 3810 4649; x_wconf 53' lang='lat' dir='ltr'><strong>et</strong></span> <span class='ocrx_word' id='word_1_614' title='bbox 3838 4610 3927 4649; x_wconf 59' lang='grc'><strong>8³,</strong></span> 
     </span>
    </p>
   </div>
   <div class='ocr_carea' id='block_1_93' title="bbox 689 4664 2254 4734">
    <p class='ocr_par' dir='ltr' id='par_1_93' title="bbox 689 4664 2254 4734">
     <span class='ocr_line' id='line_1_93' title="bbox 689 4664 2254 4734; baseline -0.001 -18"><span class='ocrx_word' id='word_1_615' title='bbox 689 4667 880 4734; x_wconf 69' lang='lat' dir='ltr'><strong>(mors)</strong></span> <span class='ocrx_word' id='word_1_616' title='bbox 934 4665 1211 4720; x_wconf 90' lang='lat' dir='ltr'><strong>infantium</strong></span> <span class='ocrx_word' id='word_1_617' title='bbox 1245 4666 1446 4733; x_wconf 82' lang='lat' dir='ltr'><strong>absque</strong></span> <span class='ocrx_word' id='word_1_618' title='bbox 1478 4664 1791 4728; x_wconf 87' lang='lat' dir='ltr'><strong>chrismate,</strong></span> <span class='ocrx_word' id='word_1_619' title='bbox 1821 4672 1875 4717; x_wconf 91' lang='lat' dir='ltr'><strong>et</strong></span> <span class='ocrx_word' id='word_1_620' title='bbox 1906 4664 2254 4717; x_wconf 88' lang='lat' dir='ltr'><strong>ecclesiarum</strong></span> 
     </span>
    </p>
   </div>
   <div class='ocr_carea' id='block_1_94' title="bbox 686 4753 2077 4828">
    <p class='ocr_par' dir='ltr' id='par_1_94' title="bbox 686 4753 2077 4828">
     <span class='ocr_line' id='line_1_94' title="bbox 686 4753 2077 4828; baseline -0.001 -19"><span class='ocrx_word' id='word_1_621' title='bbox 686 4758 764 4825; x_wconf 91' lang='lat' dir='ltr'><strong>(in</strong></span> <span class='ocrx_word' id='word_1_622' title='bbox 794 4758 1010 4827; x_wconf 87' lang='lat' dir='ltr'><strong>quibus)</strong></span> <span class='ocrx_word' id='word_1_623' title='bbox 1043 4758 1317 4813; x_wconf 89' lang='lat' dir='ltr'><strong>constituti</strong></span> <span class='ocrx_word' id='word_1_624' title='bbox 1346 4767 1473 4812; x_wconf 91' lang='lat' dir='ltr'><strong>sunt</strong></span> <span class='ocrx_word' id='word_1_625' title='bbox 1517 4758 1853 4828; x_wconf 71' lang='lat' dir='ltr'><strong>negligantur</strong></span> <span class='ocrx_word' id='word_1_626' title='bbox 1879 4753 2077 4811; x_wconf 86' lang='lat' dir='ltr'><strong>officia.</strong></span> 
     </span>
    </p>
   </div>
   <div class='ocr_carea' id='block_1_95' title="bbox 1125 4870 1810 4939">
    <p class='ocr_par' dir='ltr' id='par_1_95' title="bbox 1125 4870 1810 4939">
     <span class='ocr_line' id='line_1_95' title="bbox 1125 4870 1810 4939; baseline 0 -15"><span class='ocrx_word' id='word_1_627' title='bbox 1125 4870 1303 4924; x_wconf 76' lang='lat' dir='ltr'>CLIX.</span> <span class='ocrx_word' id='word_1_628' title='bbox 1347 4870 1475 4924; x_wconf 84' lang='lat' dir='ltr'><strong>Con.</strong></span> <span class='ocrx_word' id='word_1_629' title='bbox 1510 4871 1810 4939; x_wconf 71' lang='lat' dir='ltr'><strong>Africanus.</strong></span> 
     </span>
    </p>
   </div>
   <div class='ocr_carea' id='block_1_96' title="bbox 753 4957 2254 5030">
    <p class='ocr_par' dir='ltr' id='par_1_96' title="bbox 753 4957 2254 5030">
     <span class='ocr_line' id='line_1_96' title="bbox 753 4957 2254 5030; baseline 0 -19"><span class='ocrx_word' id='word_1_630' title='bbox 753 4957 947 5012; x_wconf 87' lang='lat' dir='ltr'><strong>Omnes</strong></span> <span class='ocrx_word' id='word_1_631' title='bbox 972 4960 1177 5022; x_wconf 90' lang='lat' dir='ltr'><strong>clerici,</strong></span> <span class='ocrx_word' id='word_1_632' title='bbox 1228 4961 1316 5030; x_wconf 92' lang='lat' dir='ltr'><strong>qui</strong></span> <span class='ocrx_word' id='word_1_633' title='bbox 1348 4961 1413 5014; x_wconf 91' lang='lat' dir='ltr'><strong>ad</strong></span> <span class='ocrx_word' id='word_1_634' title='bbox 1466 4960 1798 5029; x_wconf 85' lang='lat' dir='ltr'><strong>operandum</strong></span> <span class='ocrx_word' id='word_1_635' title='bbox 1828 4969 1954 5017; x_wconf 88' lang='lat' dir='ltr'><strong>sunt</strong></span> <span class='ocrx_word' id='word_1_636' title='bbox 1983 4959 2166 5027; x_wconf 87' lang='lat' dir='ltr'><strong>validi,</strong></span> <span class='ocrx_word' id='word_1_637' title='bbox 2202 4970 2254 5012; x_wconf 90' lang='lat' dir='ltr'><strong>et</strong></span> 
     </span>
    </p>
   </div>
   <div class='ocr_carea' id='block_1_97' title="bbox 682 5046 1569 5114">
    <p class='ocr_par' dir='ltr' id='par_1_97' title="bbox 682 5046 1569 5114">
     <span class='ocr_line' id='line_1_97' title="bbox 682 5046 1569 5114; baseline 0.006 -15"><span class='ocrx_word' id='word_1_638' title='bbox 682 5046 987 5114; x_wconf 77' lang='lat' dir='ltr'><strong>artiﬁciola,</strong></span> <span class='ocrx_word' id='word_1_639' title='bbox 1024 5058 1077 5103; x_wconf 91' lang='lat' dir='ltr'><strong>et</strong></span> <span class='ocrx_word' id='word_1_640' title='bbox 1108 5049 1309 5103; x_wconf 88' lang='lat' dir='ltr'><strong>litteras</strong></span> <span class='ocrx_word' id='word_1_641' title='bbox 1338 5050 1569 5105; x_wconf 90' lang='lat' dir='ltr'><strong>discant.</strong></span> 
     </span>
    </p>
   </div>
   <div class='ocr_carea' id='block_1_98' title="bbox 1167 5139 1797 5196">
    <p class='ocr_par' dir='ltr' id='par_1_98' title="bbox 1167 5139 1797 5196">
     <span class='ocr_line' id='line_1_98' title="bbox 1167 5139 1797 5196; baseline -0.005 -2"><span class='ocrx_word' id='word_1_642' title='bbox 1167 5140 1321 5194; x_wconf 76' lang='lat' dir='ltr'>CLX.</span> <span class='ocrx_word' id='word_1_643' title='bbox 1357 5139 1485 5196; x_wconf 81' lang='lat' dir='ltr'><strong>Carr.</strong></span> <span class='ocrx_word' id='word_1_644' title='bbox 1523 5139 1797 5193; x_wconf 62' lang='lat' dir='ltr'><strong>Caesariem</strong></span> 
     </span>
    </p>
   </div>
   <div class='ocr_carea' id='block_1_99' title="bbox 754 5226 2244 5299">
    <p class='ocr_par' dir='ltr' id='par_1_99' title="bbox 754 5226 2244 5299">
     <span class='ocr_line' id='line_1_99' title="bbox 754 5226 2244 5299; baseline 0 -18"><span class='ocrx_word' id='word_1_645' title='bbox 754 5228 865 5281; x_wconf 92' lang='lat' dir='ltr'><strong>Duo</strong></span> <span class='ocrx_word' id='word_1_646' title='bbox 898 5229 1057 5295; x_wconf 74' lang='lat' dir='ltr'><strong>igitur</strong></span> <span class='ocrx_word' id='word_1_647' title='bbox 1085 5240 1207 5282; x_wconf 90' lang='lat' dir='ltr'><strong>sunt</strong></span> <span class='ocrx_word' id='word_1_648' title='bbox 1248 5245 1440 5299; x_wconf 75' lang='lat' dir='ltr'><strong>genera</strong></span> <span class='ocrx_word' id='word_1_649' title='bbox 1472 5230 1787 5285; x_wconf 84' lang='lat' dir='ltr'><strong>clericorum</strong></span> <span class='ocrx_word' id='word_1_650' title='bbox 1822 5246 1832 5279; x_wconf 90' lang='lat'>:</span> <span class='ocrx_word' id='word_1_651' title='bbox 1873 5242 2037 5282; x_wconf 89' lang='lat' dir='ltr'><strong>unum</strong></span> <span class='ocrx_word' id='word_1_652' title='bbox 2068 5226 2244 5281; x_wconf 80' lang='lat' dir='ltr'><strong>eccle-</strong></span> 
     </span>
    </p>
   </div>
   <div class='ocr_carea' id='block_1_100' title="bbox 682 5318 2249 5391">
    <p class='ocr_par' dir='ltr' id='par_1_100' title="bbox 682 5318 2249 5391">
     <span class='ocr_line' id='line_1_100' title="bbox 682 5318 2249 5391; baseline -0.001 -18"><span class='ocrx_word' id='word_1_653' title='bbox 682 5320 1025 5373; x_wconf 86' lang='lat' dir='ltr'><strong>siasticorum</strong></span> <span class='ocrx_word' id='word_1_654' title='bbox 1074 5322 1173 5375; x_wconf 90' lang='lat' dir='ltr'><strong>sub</strong></span> <span class='ocrx_word' id='word_1_655' title='bbox 1205 5321 1493 5389; x_wconf 64' lang='lat' dir='ltr'><strong>Episcopo“</strong></span> <span class='ocrx_word' id='word_1_656' title='bbox 1529 5322 1816 5391; x_wconf 80' lang='lat' dir='ltr'><strong>regimine,</strong></span> <span class='ocrx_word' id='word_1_657' title='bbox 1858 5320 2083 5373; x_wconf 87' lang='lat' dir='ltr'><strong>alterum</strong></span> <span class='ocrx_word' id='word_1_658' title='bbox 2116 5318 2249 5371; x_wconf 84' lang='lat' dir='ltr'><strong>Ace-</strong></span> 
     </span>
    </p>
   </div>
   <div class='ocr_carea' id='block_1_101' title="bbox 683 5408 2249 5479">
    <p class='ocr_par' dir='ltr' id='par_1_101' title="bbox 683 5408 2249 5479">
     <span class='ocr_line' id='line_1_101' title="bbox 683 5408 2249 5479; baseline 0 -20"><span class='ocrx_word' id='word_1_659' title='bbox 683 5410 988 5476; x_wconf 84' lang='lat' dir='ltr'><strong>pltalorum,</strong></span> <span class='ocrx_word' id='word_1_660' title='bbox 1025 5410 1075 5461; x_wconf 90' lang='lat' dir='ltr'><strong>id</strong></span> <span class='ocrx_word' id='word_1_661' title='bbox 1108 5422 1188 5464; x_wconf 90' lang='lat' dir='ltr'><strong>est</strong></span> <span class='ocrx_word' id='word_1_662' title='bbox 1237 5412 1354 5465; x_wconf 82' lang='lat' dir='ltr'><strong>sine</strong></span> <span class='ocrx_word' id='word_1_663' title='bbox 1385 5414 1577 5478; x_wconf 86' lang='lat' dir='ltr'><strong>capite,</strong></span> <span class='ocrx_word' id='word_1_664' title='bbox 1612 5412 1678 5464; x_wconf 89' lang='lat' dir='ltr'><strong>de</strong></span> <span class='ocrx_word' id='word_1_665' title='bbox 1724 5413 1918 5479; x_wconf 82' lang='lat' dir='ltr'><strong>quibus</strong></span> <span class='ocrx_word' id='word_1_666' title='bbox 1962 5408 2249 5478; x_wconf 85' lang='lat' dir='ltr'><strong>Gregorius</strong></span> 
     </span>
    </p>
   </div>
   <div class='ocr_carea' id='block_1_102' title="bbox 680 5498 2248 5571">
    <p class='ocr_par' dir='ltr' id='par_1_102' title="bbox 680 5498 2248 5571">
     <span class='ocr_line' id='line_1_102' title="bbox 680 5498 2248 5571; baseline 0.001 -24"><span class='ocrx_word' id='word_1_667' title='bbox 680 5501 807 5551; x_wconf 68' lang='lat' dir='ltr'><strong>dicit</strong></span> <span class='ocrx_word' id='word_1_668' title='bbox 834 5517 847 5553; x_wconf 86' lang='lat'><strong>;</strong></span> <span class='ocrx_word' id='word_1_669' title='bbox 873 5500 926 5554; x_wconf 90' lang='lat' dir='ltr'><strong>Si</strong></span> <span class='ocrx_word' id='word_1_670' title='bbox 955 5501 1044 5569; x_wconf 91' lang='lat' dir='ltr'><strong>qui</strong></span> <span class='ocrx_word' id='word_1_671' title='bbox 1064 5501 1241 5553; x_wconf 87' lang='lat' dir='ltr'><strong>clerici</strong></span> <span class='ocrx_word' id='word_1_672' title='bbox 1274 5502 1516 5571; x_wconf 78' lang='lat' dir='ltr'><strong>vulgares</strong></span> <span class='ocrx_word' id='word_1_673' title='bbox 1545 5509 1691 5564; x_wconf 90' lang='lat' dir='ltr'><strong>sunt,</strong></span> <span class='ocrx_word' id='word_1_674' title='bbox 1714 5510 1860 5553; x_wconf 79' lang='lat' dir='ltr'><strong>extra</strong></span> <span class='ocrx_word' id='word_1_675' title='bbox 1894 5514 2077 5553; x_wconf 88' lang='lat' dir='ltr'><strong>sacros</strong></span> <span class='ocrx_word' id='word_1_676' title='bbox 2108 5498 2248 5552; x_wconf 89' lang='lat' dir='ltr'><strong>ordi—</strong></span> 
     </span>
    </p>
   </div>
   <div class='ocr_carea' id='block_1_103' title="bbox 681 5590 2246 5661">
    <p class='ocr_par' dir='ltr' id='par_1_103' title="bbox 681 5590 2246 5661">
     <span class='ocr_line' id='line_1_103' title="bbox 681 5590 2246 5661; baseline 0.001 -21"><span class='ocrx_word' id='word_1_677' title='bbox 681 5603 775 5640; x_wconf 89' lang='lat' dir='ltr'><strong>nes</strong></span> <span class='ocrx_word' id='word_1_678' title='bbox 804 5592 1096 5655; x_wconf 76' lang='lat' dir='ltr'><strong>Constituti,</strong></span> <span class='ocrx_word' id='word_1_679' title='bbox 1129 5592 1179 5645; x_wconf 86' lang='lat' dir='ltr'><strong>id</strong></span> <span class='ocrx_word' id='word_1_680' title='bbox 1216 5600 1337 5655; x_wconf 90' lang='lat' dir='ltr'><strong>est,</strong></span> <span class='ocrx_word' id='word_1_681' title='bbox 1384 5607 1480 5645; x_wconf 87' lang='lat' dir='ltr'><strong>nec</strong></span> <span class='ocrx_word' id='word_1_682' title='bbox 1529 5593 1849 5661; x_wconf 80' lang='lat' dir='ltr'><strong>presbyteri,</strong></span> <span class='ocrx_word' id='word_1_683' title='bbox 1884 5605 1981 5645; x_wconf 83' lang='lat' dir='ltr'><strong>nec</strong></span> <span class='ocrx_word' id='word_1_684' title='bbox 2012 5590 2246 5650; x_wconf 87' lang='lat' dir='ltr'><strong>diaconi,</strong></span> 
     </span>
    </p>
   </div>
   <div class='ocr_carea' id='block_1_104' title="bbox 684 5680 2246 5750">
    <p class='ocr_par' dir='ltr' id='par_1_104' title="bbox 684 5680 2246 5750">
     <span class='ocr_line' id='line_1_104' title="bbox 684 5680 2246 5750; baseline 0.004 -23"><span class='ocrx_word' id='word_1_685' title='bbox 684 5680 774 5744; x_wconf 87' lang='lat' dir='ltr'><strong>qui</strong></span> <span class='ocrx_word' id='word_1_686' title='bbox 809 5696 865 5732; x_wconf 84' lang='lat' dir='ltr'><strong>se</strong></span> <span class='ocrx_word' id='word_1_687' title='bbox 895 5682 1169 5736; x_wconf 88' lang='lat' dir='ltr'><strong>continere</strong></span> <span class='ocrx_word' id='word_1_688' title='bbox 1198 5697 1304 5735; x_wconf 86' lang='lat' dir='ltr'><strong>non</strong></span> <span class='ocrx_word' id='word_1_689' title='bbox 1337 5695 1575 5750; x_wconf 81' lang='lat' dir='ltr'><strong>possunt,</strong></span> <span class='ocrx_word' id='word_1_690' title='bbox 1599 5683 1776 5736; x_wconf 92' lang='lat' dir='ltr'><strong>sortiri</strong></span> <span class='ocrx_word' id='word_1_691' title='bbox 1803 5698 2000 5735; x_wconf 76' lang='lat' dir='ltr'><strong>uxores</strong></span> <span class='ocrx_word' id='word_1_692' title='bbox 2032 5682 2246 5742; x_wconf 86' lang='lat' dir='ltr'><strong>debent,</strong></span> 
     </span>
    </p>
   </div>
   <div class='ocr_carea' id='block_1_105' title="bbox 683 5769 2244 5841">
    <p class='ocr_par' dir='ltr' id='par_1_105' title="bbox 683 5769 2244 5841">
     <span class='ocr_line' id='line_1_105' title="bbox 683 5769 2244 5841; baseline 0.003 -20"><span class='ocrx_word' id='word_1_693' title='bbox 683 5779 733 5821; x_wconf 80' lang='lat' dir='ltr'><strong>et</strong></span> <span class='ocrx_word' id='word_1_694' title='bbox 766 5769 1027 5838; x_wconf 82' lang='lat' dir='ltr'><strong>:tipendia</strong></span> <span class='ocrx_word' id='word_1_695' title='bbox 1053 5784 1149 5824; x_wconf 87' lang='lat' dir='ltr'><strong>sua</strong></span> <span class='ocrx_word' id='word_1_696' title='bbox 1176 5773 1409 5826; x_wconf 76' lang='lat' dir='ltr'><strong>exterius</strong></span> <span class='ocrx_word' id='word_1_697' title='bbox 1440 5773 1699 5841; x_wconf 74' lang='lat' dir='ltr'><strong>accipere.</strong></span> <span class='ocrx_word' id='word_1_698' title='bbox 1724 5774 2041 5827; x_wconf 83' lang='lat' dir='ltr'><strong>Sacerdotes</strong></span> <span class='ocrx_word' id='word_1_699' title='bbox 2073 5782 2244 5826; x_wconf 85' lang='lat' dir='ltr'><strong>autem</strong></span> 
     </span>
    </p>
   </div>
   <div class='ocr_carea' id='block_1_106' title="bbox 2362 4682 3931 4751">
    <p class='ocr_par' dir='ltr' id='par_1_106' title="bbox 2362 4682 3931 4751">
     <span class='ocr_line' id='line_1_106' title="bbox 2362 4682 3931 4751; baseline 0.001 -15"><span class='ocrx_word' id='word_1_700' title='bbox 2362 4683 2593 4737; x_wconf 87' lang='lat' dir='ltr'><strong>tisfaciat</strong></span> <span class='ocrx_word' id='word_1_701' title='bbox 2623 4682 2933 4750; x_wconf 88' lang='lat' dir='ltr'><strong>parentibus</strong></span> <span class='ocrx_word' id='word_1_702' title='bbox 2959 4683 3075 4749; x_wconf 89' lang='lat' dir='ltr'><strong>ejus</strong></span> <span class='ocrx_word' id='word_1_703' title='bbox 3109 4697 3265 4751; x_wconf 90' lang='lat' dir='ltr'><strong>quem</strong></span> <span class='ocrx_word' id='word_1_704' title='bbox 3295 4684 3505 4740; x_wconf 89' lang='lat' dir='ltr'><strong>occidit.</strong></span> <span class='ocrx_word' id='word_1_705' title='bbox 3536 4684 3594 4740; x_wconf 90' lang='lat' dir='ltr'><strong>Si</strong></span> <span class='ocrx_word' id='word_1_706' title='bbox 3616 4692 3793 4739; x_wconf 88' lang='lat' dir='ltr'><strong>autem</strong></span> <span class='ocrx_word' id='word_1_707' title='bbox 3824 4701 3931 4740; x_wconf 91' lang='lat' dir='ltr'><strong>non</strong></span> 
     </span>
    </p>
   </div>
   <div class='ocr_carea' id='block_1_107' title="bbox 2360 4774 3930 4845">
    <p class='ocr_par' dir='ltr' id='par_1_107' title="bbox 2360 4774 3930 4845">
     <span class='ocr_line' id='line_1_107' title="bbox 2360 4774 3930 4845; baseline 0 -16"><span class='ocrx_word' id='word_1_708' title='bbox 2360 4774 2679 4829; x_wconf 81' lang='lat' dir='ltr'><strong>satisfecerit</strong></span> <span class='ocrx_word' id='word_1_709' title='bbox 2724 4774 3031 4842; x_wconf 86' lang='lat' dir='ltr'><strong>parentibus</strong></span> <span class='ocrx_word' id='word_1_710' title='bbox 3082 4774 3256 4840; x_wconf 92' lang='lat' dir='ltr'><strong>illius,</strong></span> <span class='ocrx_word' id='word_1_711' title='bbox 3326 4788 3595 4845; x_wconf 88' lang='lat' dir='ltr'><strong>nunquam</strong></span> <span class='ocrx_word' id='word_1_712' title='bbox 3644 4774 3930 4844; x_wconf 86' lang='lat' dir='ltr'><strong>recipiatur</strong></span> 
     </span>
    </p>
   </div>
   <div class='ocr_carea' id='block_1_108' title="bbox 2362 4865 3929 4936">
    <p class='ocr_par' dir='ltr' id='par_1_108' title="bbox 2362 4865 3929 4936">
     <span class='ocr_line' id='line_1_108' title="bbox 2362 4865 3929 4936; baseline -0.001 -15"><span class='ocrx_word' id='word_1_713' title='bbox 2362 4870 2413 4922; x_wconf 94' lang='lat' dir='ltr'><strong>in</strong></span> <span class='ocrx_word' id='word_1_714' title='bbox 2470 4868 2713 4936; x_wconf 87' lang='lat' dir='ltr'><strong>patriam,</strong></span> <span class='ocrx_word' id='word_1_715' title='bbox 2744 4868 2836 4921; x_wconf 87' lang='lat' dir='ltr'><strong>sed</strong></span> <span class='ocrx_word' id='word_1_716' title='bbox 2889 4880 3040 4920; x_wconf 89' lang='lat' dir='ltr'><strong>more</strong></span> <span class='ocrx_word' id='word_1_717' title='bbox 3078 4865 3208 4920; x_wconf 91' lang='lat' dir='ltr'><strong>Cain</strong></span> <span class='ocrx_word' id='word_1_718' title='bbox 3261 4866 3513 4936; x_wconf 87' lang='lat' dir='ltr'><strong>profugus</strong></span> <span class='ocrx_word' id='word_1_719' title='bbox 3564 4875 3620 4921; x_wconf 88' lang='lat' dir='ltr'><strong>et</strong></span> <span class='ocrx_word' id='word_1_720' title='bbox 3668 4882 3832 4936; x_wconf 81' lang='lat' dir='ltr'><strong>vagus</strong></span> <span class='ocrx_word' id='word_1_721' title='bbox 3857 4868 3929 4920; x_wconf 71' lang='lat' dir='ltr'><strong>sit</strong></span> 
     </span>
    </p>
   </div>
   <div class='ocr_carea' id='block_1_109' title="bbox 2360 4954 3923 5025">
    <p class='ocr_par' dir='ltr' id='par_1_109' title="bbox 2360 4954 3923 5025">
     <span class='ocr_line' id='line_1_109' title="bbox 2360 4954 3923 5025; baseline -0.001 -14"><span class='ocrx_word' id='word_1_722' title='bbox 2360 4972 2524 5025; x_wconf 85' lang='lat' dir='ltr'><strong>super</strong></span> <span class='ocrx_word' id='word_1_723' title='bbox 2554 4968 2775 5011; x_wconf 89' lang='lat' dir='ltr'><strong>terram.</strong></span> <span class='ocrx_word' id='word_1_724' title='bbox 2807 4955 2863 5008; x_wconf 87' lang='lat' dir='ltr'><strong>Si</strong></span> <span class='ocrx_word' id='word_1_725' title='bbox 2895 4970 3021 5010; x_wconf 89' lang='lat' dir='ltr'><strong>vero</strong></span> <span class='ocrx_word' id='word_1_726' title='bbox 3052 4954 3401 5011; x_wconf 89' lang='lat' dir='ltr'><strong>homicidium</strong></span> <span class='ocrx_word' id='word_1_727' title='bbox 3453 4970 3580 5011; x_wconf 88' lang='lat' dir='ltr'><strong>casu</strong></span> <span class='ocrx_word' id='word_1_728' title='bbox 3633 4954 3838 5020; x_wconf 86' lang='lat' dir='ltr'><strong>fecerit,</strong></span> <span class='ocrx_word' id='word_1_729' title='bbox 3871 4958 3923 5011; x_wconf 82' lang='lat' dir='ltr'><strong>it.</strong></span> 
     </span>
    </p>
   </div>
   <div class='ocr_carea' id='block_1_110' title="bbox 2362 5046 3929 5117">
    <p class='ocr_par' dir='ltr' id='par_1_110' title="bbox 2362 5046 3929 5117">
     <span class='ocr_line' id='line_1_110' title="bbox 2362 5046 3929 5117; baseline -0.002 -12"><span class='ocrx_word' id='word_1_730' title='bbox 2362 5060 2464 5117; x_wconf 89' lang='lat' dir='ltr'><strong>est,</strong></span> <span class='ocrx_word' id='word_1_731' title='bbox 2496 5064 2601 5104; x_wconf 91' lang='lat' dir='ltr'><strong>non</strong></span> <span class='ocrx_word' id='word_1_732' title='bbox 2632 5049 2838 5113; x_wconf 90' lang='lat' dir='ltr'><strong>volens,</strong></span> <span class='ocrx_word' id='word_1_733' title='bbox 2864 5062 2899 5102; x_wconf 75' lang='grc' dir='ltr'>ν</span> <span class='ocrx_word' id='word_1_734' title='bbox 2931 5061 3101 5100; x_wconf 87' lang='lat' dir='ltr'><strong>annos</strong></span> <span class='ocrx_word' id='word_1_735' title='bbox 3135 5047 3410 5116; x_wconf 61' lang='lat' dir='ltr'><strong>paeniteat,</strong></span> <span class='ocrx_word' id='word_1_736' title='bbox 3444 5062 3501 5101; x_wconf 91' lang='grc' dir='ltr'><strong>ιιι</strong></span> <span class='ocrx_word' id='word_1_737' title='bbox 3534 5062 3599 5103; x_wconf 82' lang='lat' dir='ltr'><strong>ex</strong></span> <span class='ocrx_word' id='word_1_738' title='bbox 3627 5046 3691 5102; x_wconf 89' lang='lat' dir='ltr'><strong>iis</strong></span> <span class='ocrx_word' id='word_1_739' title='bbox 3716 5046 3767 5100; x_wconf 91' lang='lat' dir='ltr'><strong>in</strong></span> <span class='ocrx_word' id='word_1_740' title='bbox 3791 5060 3929 5117; x_wconf 85' lang='lat' dir='ltr'><strong>pane</strong></span> 
     </span>
    </p>
   </div>
   <div class='ocr_carea' id='block_1_111' title="bbox 2362 5135 3924 5210">
    <p class='ocr_par' dir='ltr' id='par_1_111' title="bbox 2362 5135 3924 5210">
     <span class='ocr_line' id='line_1_111' title="bbox 2362 5135 3924 5210; baseline -0.003 -14"><span class='ocrx_word' id='word_1_741' title='bbox 2362 5150 2415 5196; x_wconf 91' lang='lat' dir='ltr'><strong>et</strong></span> <span class='ocrx_word' id='word_1_742' title='bbox 2445 5155 2603 5210; x_wconf 91' lang='lat' dir='ltr'><strong>aqua.</strong></span> <span class='ocrx_word' id='word_1_743' title='bbox 2651 5138 2707 5193; x_wconf 90' lang='lat' dir='ltr'><strong>Si</strong></span> <span class='ocrx_word' id='word_1_744' title='bbox 2737 5138 2802 5192; x_wconf 88' lang='lat' dir='ltr'><strong>ad</strong></span> <span class='ocrx_word' id='word_1_745' title='bbox 2848 5136 3189 5192; x_wconf 86' lang='lat' dir='ltr'><strong>homicidium</strong></span> <span class='ocrx_word' id='word_1_746' title='bbox 3242 5137 3596 5202; x_wconf 86' lang='lat' dir='ltr'><strong>consenserit,</strong></span> <span class='ocrx_word' id='word_1_747' title='bbox 3626 5145 3679 5190; x_wconf 88' lang='lat' dir='ltr'><strong>et</strong></span> <span class='ocrx_word' id='word_1_748' title='bbox 3729 5135 3924 5192; x_wconf 86' lang='lat' dir='ltr'><strong>factum</strong></span> 
     </span>
    </p>
   </div>
   <div class='ocr_carea' id='block_1_112' title="bbox 2361 5225 3923 5295">
    <p class='ocr_par' dir='ltr' id='par_1_112' title="bbox 2361 5225 3923 5295">
     <span class='ocr_line' id='line_1_112' title="bbox 2361 5225 3923 5295; baseline -0.003 -12"><span class='ocrx_word' id='word_1_749' title='bbox 2361 5230 2540 5292; x_wconf 89' lang='lat' dir='ltr'><strong>fuerit,</strong></span> <span class='ocrx_word' id='word_1_750' title='bbox 2567 5244 2637 5283; x_wconf 87' lang='lat' dir='ltr'><strong>vn</strong></span> <span class='ocrx_word' id='word_1_751' title='bbox 2661 5241 2830 5282; x_wconf 89' lang='lat' dir='ltr'><strong>annos</strong></span> <span class='ocrx_word' id='word_1_752' title='bbox 2863 5228 3299 5295; x_wconf 72' lang='lat' dir='ltr'><strong>pwniteat,tttex</strong></span> <span class='ocrx_word' id='word_1_753' title='bbox 3331 5225 3413 5279; x_wconf 86' lang='lat' dir='ltr'><strong>his</strong></span> <span class='ocrx_word' id='word_1_754' title='bbox 3443 5226 3494 5279; x_wconf 93' lang='lat' dir='ltr'><strong>in</strong></span> <span class='ocrx_word' id='word_1_755' title='bbox 3527 5241 3661 5295; x_wconf 85' lang='lat' dir='ltr'><strong>pane</strong></span> <span class='ocrx_word' id='word_1_756' title='bbox 3684 5237 3739 5281; x_wconf 88' lang='lat' dir='ltr'><strong>et</strong></span> <span class='ocrx_word' id='word_1_757' title='bbox 3768 5242 3923 5292; x_wconf 90' lang='lat' dir='ltr'><strong>aqua.</strong></span> 
     </span>
    </p>
   </div>
   <div class='ocr_carea' id='block_1_113' title="bbox 2358 5319 3923 5387">
    <p class='ocr_par' dir='ltr' id='par_1_113' title="bbox 2358 5319 3923 5387">
     <span class='ocr_line' id='line_1_113' title="bbox 2358 5319 3923 5387; baseline -0.002 -10"><span class='ocrx_word' id='word_1_758' title='bbox 2358 5323 2411 5377; x_wconf 90' lang='lat' dir='ltr'><strong>Si</strong></span> <span class='ocrx_word' id='word_1_759' title='bbox 2440 5322 2690 5387; x_wconf 89' lang='lat' dir='ltr'><strong>voluerit,</strong></span> <span class='ocrx_word' id='word_1_760' title='bbox 2723 5331 2769 5375; x_wconf 89' lang='lat' dir='ltr'><strong>et</strong></span> <span class='ocrx_word' id='word_1_761' title='bbox 2804 5334 2906 5373; x_wconf 91' lang='lat' dir='ltr'><strong>non</strong></span> <span class='ocrx_word' id='word_1_762' title='bbox 2942 5319 3244 5387; x_wconf 87' lang='lat' dir='ltr'><strong>perfecerit,</strong></span> <span class='ocrx_word' id='word_1_763' title='bbox 3275 5334 3291 5372; x_wconf 92' lang='grc' dir='ltr'><strong>ι</strong></span> <span class='ocrx_word' id='word_1_764' title='bbox 3322 5332 3517 5372; x_wconf 91' lang='lat' dir='ltr'><strong>annum</strong></span> <span class='ocrx_word' id='word_1_765' title='bbox 3562 5319 3838 5386; x_wconf 68' lang='lat' dir='ltr'><strong>pteniteat.</strong></span> <span class='ocrx_word' id='word_1_766' title='bbox 3868 5319 3923 5374; x_wconf 90' lang='lat' dir='ltr'><strong>Si</strong></span> 
     </span>
    </p>
   </div>
   <div class='ocr_carea' id='block_1_114' title="bbox 2356 5409 3922 5483">
    <p class='ocr_par' dir='ltr' id='par_1_114' title="bbox 2356 5409 3922 5483">
     <span class='ocr_line' id='line_1_114' title="bbox 2356 5409 3922 5483; baseline -0.001 -18"><span class='ocrx_word' id='word_1_767' title='bbox 2356 5418 2474 5483; x_wconf 88' lang='lat' dir='ltr'><strong>quis</strong></span> <span class='ocrx_word' id='word_1_768' title='bbox 2505 5414 2848 5482; x_wconf 74' lang='lat' dir='ltr'><strong>percusserit,</strong></span> <span class='ocrx_word' id='word_1_769' title='bbox 2873 5420 2921 5465; x_wconf 86' lang='lat' dir='ltr'><strong>et</strong></span> <span class='ocrx_word' id='word_1_770' title='bbox 2965 5410 3276 5478; x_wconf 79' lang='lat' dir='ltr'><strong>sanguinem</strong></span> <span class='ocrx_word' id='word_1_771' title='bbox 3310 5409 3529 5476; x_wconf 88' lang='lat' dir='ltr'><strong>fuderit,</strong></span> <span class='ocrx_word' id='word_1_772' title='bbox 3564 5425 3632 5463; x_wconf 74' lang='grc' dir='ltr'>ιι.</span> <span class='ocrx_word' id='word_1_773' title='bbox 3657 5409 3849 5464; x_wconf 86' lang='lat' dir='ltr'><strong>diebus</strong></span> <span class='ocrx_word' id='word_1_774' title='bbox 3870 5411 3922 5463; x_wconf 93' lang='lat' dir='ltr'><strong>in</strong></span> 
     </span>
    </p>
   </div>
   <div class='ocr_carea' id='block_1_115' title="bbox 2360 5498 3924 5572">
    <p class='ocr_par' dir='ltr' id='par_1_115' title="bbox 2360 5498 3924 5572">
     <span class='ocr_line' id='line_1_115' title="bbox 2360 5498 3924 5572; baseline -0.001 -15"><span class='ocrx_word' id='word_1_775' title='bbox 2360 5518 2494 5572; x_wconf 87' lang='lat' dir='ltr'><strong>pane</strong></span> <span class='ocrx_word' id='word_1_776' title='bbox 2525 5513 2577 5556; x_wconf 92' lang='lat' dir='ltr'><strong>et</strong></span> <span class='ocrx_word' id='word_1_777' title='bbox 2600 5518 2736 5571; x_wconf 84' lang='lat' dir='ltr'><strong>aqua</strong></span> <span class='ocrx_word' id='word_1_778' title='bbox 2779 5501 3063 5570; x_wconf 74' lang='lat' dir='ltr'><strong>pmniteat;</strong></span> <span class='ocrx_word' id='word_1_779' title='bbox 3099 5500 3144 5555; x_wconf 90' lang='lat' dir='ltr'><strong>si</strong></span> <span class='ocrx_word' id='word_1_780' title='bbox 3186 5498 3458 5564; x_wconf 85' lang='lat' dir='ltr'><strong>diaconus,</strong></span> <span class='ocrx_word' id='word_1_781' title='bbox 3485 5516 3532 5553; x_wconf 87' lang='lat' dir='ltr'><strong>vt</strong></span> <span class='ocrx_word' id='word_1_782' title='bbox 3582 5516 3827 5564; x_wconf 80' lang='lat' dir='ltr'><strong>menses;</strong></span> <span class='ocrx_word' id='word_1_783' title='bbox 3879 5502 3924 5555; x_wconf 93' lang='lat' dir='ltr'><strong>si</strong></span> 
     </span>
    </p>
   </div>
   <div class='ocr_carea' id='block_1_116' title="bbox 2361 5590 3921 5663">
    <p class='ocr_par' dir='ltr' id='par_1_116' title="bbox 2361 5590 3921 5663">
     <span class='ocr_line' id='line_1_116' title="bbox 2361 5590 3921 5663; baseline -0.003 -16"><span class='ocrx_word' id='word_1_784' title='bbox 2361 5594 2661 5663; x_wconf 51' lang='lat' dir='ltr'><strong>presbyter,</strong></span> <span class='ocrx_word' id='word_1_785' title='bbox 2689 5609 2850 5647; x_wconf 90' lang='lat' dir='ltr'><strong>unum</strong></span> <span class='ocrx_word' id='word_1_786' title='bbox 2877 5606 3094 5646; x_wconf 86' lang='lat' dir='ltr'><strong>annum.</strong></span> <span class='ocrx_word' id='word_1_787' title='bbox 3125 5590 3182 5646; x_wconf 85' lang='lat' dir='ltr'><strong>Si</strong></span> <span class='ocrx_word' id='word_1_788' title='bbox 3214 5592 3377 5647; x_wconf 89' lang='lat' dir='ltr'><strong>laicus</strong></span> <span class='ocrx_word' id='word_1_789' title='bbox 3408 5592 3600 5645; x_wconf 72' lang='lat' dir='ltr'><strong>laneum</strong></span> <span class='ocrx_word' id='word_1_790' title='bbox 3646 5594 3921 5657; x_wconf 85' lang='lat' dir='ltr'><strong>occiderit,</strong></span> 
     </span>
    </p>
   </div>
   <div class='ocr_carea' id='block_1_117' title="bbox 2360 5684 3918 5755">
    <p class='ocr_par' dir='ltr' id='par_1_117' title="bbox 2360 5684 3918 5755">
     <span class='ocr_line' id='line_1_117' title="bbox 2360 5684 3918 5755; baseline 0.001 -16"><span class='ocrx_word' id='word_1_791' title='bbox 2360 5702 2423 5739; x_wconf 83' lang='lat' dir='ltr'><strong>st.</strong></span> <span class='ocrx_word' id='word_1_792' title='bbox 2448 5687 2563 5740; x_wconf 89' lang='lat' dir='ltr'><strong>dics</strong></span> <span class='ocrx_word' id='word_1_793' title='bbox 2602 5688 2866 5741; x_wconf 89' lang='lat' dir='ltr'><strong>abstineat</strong></span> <span class='ocrx_word' id='word_1_794' title='bbox 2913 5685 2980 5738; x_wconf 92' lang='lat' dir='ltr'><strong>ab</strong></span> <span class='ocrx_word' id='word_1_795' title='bbox 3008 5685 3256 5749; x_wconf 87' lang='lat' dir='ltr'><strong>ecclesia,</strong></span> <span class='ocrx_word' id='word_1_796' title='bbox 3287 5693 3341 5739; x_wconf 91' lang='lat' dir='ltr'><strong>et</strong></span> <span class='ocrx_word' id='word_1_797' title='bbox 3363 5684 3569 5754; x_wconf 71' lang='lat' dir='ltr'><strong>jejunet</strong></span> <span class='ocrx_word' id='word_1_798' title='bbox 3614 5686 3664 5739; x_wconf 88' lang='lat' dir='ltr'><strong>in</strong></span> <span class='ocrx_word' id='word_1_799' title='bbox 3695 5700 3834 5755; x_wconf 82' lang='lat' dir='ltr'><strong>pane</strong></span> <span class='ocrx_word' id='word_1_800' title='bbox 3863 5697 3918 5741; x_wconf 85' lang='lat' dir='ltr'><strong>et</strong></span> 
     </span>
    </p>
   </div>
   <div class='ocr_carea' id='block_1_118' title="bbox 2357 5774 3814 5849">
    <p class='ocr_par' dir='ltr' id='par_1_118' title="bbox 2357 5774 3814 5849">
     <span class='ocr_line' id='line_1_118' title="bbox 2357 5774 3814 5849; baseline 0.003 -19"><span class='ocrx_word' id='word_1_801' title='bbox 2357 5791 2513 5849; x_wconf 84' lang='lat' dir='ltr'><strong>aqua,</strong></span> <span class='ocrx_word' id='word_1_802' title='bbox 2545 5784 2596 5831; x_wconf 89' lang='lat' dir='ltr'><strong>ct</strong></span> <span class='ocrx_word' id='word_1_803' title='bbox 2620 5783 2759 5846; x_wconf 86' lang='lat' dir='ltr'><strong>post,</strong></span> <span class='ocrx_word' id='word_1_804' title='bbox 2792 5784 2849 5830; x_wconf 92' lang='lat' dir='ltr'><strong>ut</strong></span> <span class='ocrx_word' id='word_1_805' title='bbox 2875 5775 3124 5832; x_wconf 87' lang='lat' dir='ltr'><strong>sacerdos</strong></span> <span class='ocrx_word' id='word_1_806' title='bbox 3151 5774 3492 5844; x_wconf 86' lang='lat' dir='ltr'><strong>judicaverit,</strong></span> <span class='ocrx_word' id='word_1_807' title='bbox 3536 5774 3814 5848; x_wconf 65' lang='lat' dir='ltr'><strong>paeniteat.</strong></span> 
     </span>
    </p>
   </div>
  </div>
