4168 6618
466 97 3881 131 -ᾐᾟ-ᾐ-ῠ--Ἷ-ῇϋ

286 690 562 707 -να--υ-
572 687 1100 699 -ᾷηο-Α”‹-·‹-“““Ηγα
1113 683 1418 692 ...ο-ρ*-
1426 682 1489 689 ...ο
1502 683 1582 688 _.__
1598 682 1631 686 _

1137 682 1803 888 {idem
1874 764 2692 879 EGBERTI

1534 544 2082 596 l‘Ui-INITI'ZNTHHS
2126 542 2245 593 Hii.
2294 542 2325 589 l.

3429 534 3537 589 40').

2176 673 2683 682 ___.__,~,_.,--_-a..--
2706 674 2729 677 η.
2762 674 2775 678 -
2830 674 2833 677 λ
2962 674 2967 675 γ
2994 673 3027 676 -7
3046 672 3326 679 _..»—.—.v~
3354 670 3417 677 -ον
3444 668 3531 679 ----‹

1430 957 1849 1007 ιοξνοιιςλεῖιίῖςςις
1889 952 2356 1004 ΑΙΜἿΗῘΞΡΙΞΓΟῘῚ

1162 1080 1663 1210 ³ΡΟΕΝ
1698 1072 2638 1197 ITEN'I‘IALE.

1457 1286 1519 1343 ιΜ
1542 1288 1647 1344 νιιςί,
1676 1286 1815 1333 (Illuc.
1847 1282 2045 1329 (Itillcct.
2074 1286 2187 1326 tom.
2216 1278 2344 1340 XII.)

1600 1242 1783 1253 ———

800 1445 1353 1528 PRJEFATIO.

352 1572 492 1626 Cum
523 1568 641 1638 quis
691 1567 757 1622 ad
802 1565 1167 1635 pmnilentiam
1197 1574 1348 1615 suam
1380 1556 1526 1615 abit,
1583 1561 1706 1605 tunc
1742 1562 1862 1602 cum

286 1676 523 1716 maximo
565 1663 759 1715 timore
799 1658 892 1713 Dei
936 1666 990 1710 et
1048 1654 1345 1707 humilitate
1398 1662 1578 1703 coram
1632 1647 1747 1713 ipso
1807 1656 1865 1696 se

284 1753 575 1816 extendat;
623 1760 677 1806 et
714 1757 838 1804 oret
879 1748 1042 1803 ﬂente
1100 1760 1270 1809 voce,
1330 1752 1385 1797 ut
1431 1756 1552 1796 eum
1605 1738 1867 1806 poeniten-

288 1846 418 1895 tiam
452 1842 627 1895 facere
670 1840 859 1895 doceat
899 1838 1137 1894 omnium
1165 1849 1349 1890 eorum
1397 1832 1712 1885 delictorum
1746 1839 1864 1890 quae

292 1935 556 1987 adversus
587 1932 682 1987 Det
714 1934 1041 1985 voluntatem
1084 1926 1304 1989 fecerit;
1338 1932 1393 1979 et
1421 1920 1749 1976 conﬁteatur
1790 1916 1865 1968 illi

286 2024 567 2079 malefacta
596 2039 716 2089 sua,
742 2032 799 2077 ut
844 2021 1097 2078 sacerdos
1125 2018 1258 2073 sciat
1285 2031 1442 2085 quam
1491 2010 1863 2082 pmniteutiam

286 2120 391 2188 ipsi
420 2122 699 2189 imponere
746 2120 959 2175 debeat.
992 2120 1142 2173 Tunc
1179 2116 1432 2171 sacerdos
1462 2128 1583 2167 eum
1631 2112 1864 2163 interro-

287 2221 399 2281 get,
425 2226 709 2279 quamnam
736 2210 892 2265 ﬁdem
925 2209 975 2263 in
1012 2208 1177 2262 Deum
1208 2207 1437 2269 habeat;
1470 2212 1522 2259 et
1554 2204 1727 2271 ipsum
1766 2219 1859 2257 va-

290 2304 371 2355 tio
395 2302 557 2357 modo
591 2303 907 2357 exhortetur
933 2302 997 2354 ad
1029 2300 1222 2353 animae
1250 2312 1361 2351 suae
1391 2294 1785 2359 necessitatem,
1813 2303 1867 2348 et

288 2394 599 2457 admoneat,
624 2408 688 2447 ac
709 2394 778 2446 ita
803 2394 946 2447 dicat
979 2411 989 2444 :
1028 2390 1289 2445 Credisne
1322 2390 1373 2441 in
1405 2388 1570 2441 Deum
1614 2388 1859 2452 omnipo-

293 2491 516 2548 tentem,
567 2491 621 2537 et
684 2483 736 2535 in
788 2482 1020 2545 Filium,
1063 2492 1117 2535 et
1174 2480 1227 2533 in
1270 2477 1524 2547 Spiritum
1574 2475 1858 2529 sanctum?

288 2572 552 2628 tiredisne
594 2573 735 2641 quod
780 2587 967 2626 omnes
1001 2572 1242 2627 homines
1273 2587 1302 2625 a
1334 2573 1558 2625 mortuis
1588 2578 1867 2637 resurgcnt

296 2662 352 2714 itt
386 2662 474 2715 die
500 2662 723 2730 judiciii
760 2661 893 2715 Num
925 2674 975 2715 te
1006 2661 1229 2729 pmnitet
1267 2659 1503 2713 omnium
1536 2670 1721 2711 eorum
1750 2671 1867 2725 qua:

292 2762 351 2805 tu
380 2751 713 2817 malefecisti,
740 2751 945 2813 dixisti,
968 2749 1382 2821 etcogitavisti?
1408 2748 1567 2802 Visne
1592 2747 1865 2800 remittere
1896 2778 1941 2837 Β

292 2844 549 2896 omnibus
588 2843 651 2897 iis
674 2843 762 2912 qui
794 2858 1023 2910 unquam
1054 2842 1105 2895 iu
1132 2852 1182 2896 te
1214 2839 1604 2909 peccaverunt?
1627 2837 1683 2891 Si
1707 2838 1865 2891 dixe-

296 2937 369 2984 rit
393 2930 548 2998 \lolo,
582 2942 706 2986 tunc
730 2932 779 2986 ei
812 2933 955 2986 dicat
999 2950 1010 2984 :
1044 2933 1183 2987 Deus
1222 2932 1559 2998 omnipotens
1602 2928 1674 2981 tui
1703 2929 1867 2981 mise-

294 3032 499 3089 reatur,
529 3032 585 3079 et
614 3024 742 3078 mihi
770 3024 1031 3079 concedat
1059 3024 1201 3093 quod
1232 3023 1422 3079 debeo.
1468 3023 1657 3091 Jejuna
1689 3022 1864 3091 quoli-

296 3111 386 3162 bet
417 3112 505 3165 die
547 3112 647 3166 hoc
676 3122 920 3182 tempore
950 3112 1394 3182 quadragesimali
1443 3112 1508 3166 ad
1559 3111 1784 3175 Nonam,
1815 3118 1869 3165 et

296 3200 507 3254 abstine
535 3202 602 3256 ab
641 3203 799 3268 albo;
829 3214 881 3257 et
910 3218 1045 3258 cave
1085 3203 1177 3258 tibi
1209 3203 1275 3256 ab
1313 3212 1433 3257 octo
1458 3201 1769 3270 capitalibus
1793 3203 1867 3253 vi-

1880 1377 1949 1386 ...-

1896 1428 1939 1484 Α
1972 1443 2079 1505 liis,
2114 1458 2177 1497 ne
2193 1457 2251 1495 ca
2272 1443 2610 1505 committas;
2652 1456 2771 1509 quae
2802 1450 2927 1493 sunt
2954 1441 3317 1503 homicidium,
3345 1451 3397 1495 et
3431 1441 3509 1495 l‘ur

1967 1545 2096 1599 tum,
2125 1546 2177 1589 et
2208 1535 2465 1602 pcrjuria,
2496 1544 2547 1585 et
2572 1534 2819 1599 avaritia,
2854 1541 2907 1586 et
2941 1533 3171 1601 injustus
3201 1533 3538 1595 concubitus,

1964 1638 2015 1682 et
2038 1629 2265 1690 luxuria,
2312 1636 2364 1680 et
2398 1627 2679 1686 detractio,
2707 1636 2759 1678 et
2806 1626 2995 1679 falsum
3050 1627 3449 1687 testimonium;
3489 1636 3538 1679 et

1965 1720 2186 1772 observa
2235 1716 2515 1770 duodecim
2568 1715 2983 1783 quadragesima:
3027 1716 3165 1781 dies,
3217 1716 3306 1783 qui
3353 1716 3542 1783 quovis

1970 1822 2113 1859 anno
2144 1815 2452 1869 occurrunt,
2482 1815 2533 1858 et
2558 1820 2685 1859 cave
2733 1805 2827 1857 tibi
2855 1819 2883 1855 a
2912 1804 3175 1857 sacriﬁcio
3218 1804 3465 1868 barbaro,
3490 1815 3548 1857 et

1970 1896 2249 1956 veneﬁcio,
2276 1905 2326 1949 et
2350 1898 2629 1948 concubitu
2673 1911 2792 1949 cum
2825 1895 3053 1963 virgine,
3082 1906 3137 1950 et
3184 1896 3438 1963 biloqnio,
3486 1908 3541 1950 et

1971 1984 2247 2050 superbia,
2270 1996 2321 2037 et
2344 1985 2636 2038 ambitione
2687 1984 2909 2037 aliorum
2946 1986 3215 2038 lion-.inutn
3246 1988 3538 2053 possessio-

1969 2074 2051 2127 nis
2088 2092 2098 2125 :
2132 2088 2259 2127 cave
2292 2073 2383 2127 tibi
2414 2073 2481 2128 ab
2529 2074 2612 2126 his
2661 2074 2927 2135 omnibus,
2976 2084 3029 2127 et
3060 2075 3218 2142 dilige
3262 2075 3540 2128 Dominum

1974 2172 2119 2215 tuum
2152 2178 2271 2215 cum
2307 2172 2416 2217 toto
2446 2165 2644 2227 animo,
2674 2172 2726 2217 et
2756 2180 2873 2217 cunt
2924 2166 3064 2217 omni
3098 2166 3315 2228 virtute,
3348 2176 3401 2219 ct
3429 2181 3541 2218 om-

1976 2254 2133 2306 nibus
2166 2252 2387 2317 viribus,
2417 2262 2469 2307 et
2511 2263 2619 2307 toto
2650 2254 2810 2307 corde
2842 2256 3026 2307 intimo
3063 2256 3314 2320 ﬁrmiter;
3346 2267 3399 2310 et
3425 2267 3540 2310 esto

1971 2346 2233 2413 benignus
2263 2360 2389 2414 erga
2420 2361 2701 2414 pauperes,
2726 2356 2781 2398 et
2809 2346 3137 2409 mansuetus,
3169 2356 3221 2401 et
3244 2347 3543 2416 elcemosy-

1968 2454 2067 2494 nas
2095 2440 2443 2505 distribuens,
2475 2450 2521 2494 et
2552 2440 2836 2508 diligenter
2880 2442 3159 2495 ecclesiam
3221 2442 3459 2507 visitans,
3492 2454 3542 2497 et

1968 2533 2247 2602 diligenter
2278 2533 2512 2587 decimas
2542 2533 2673 2585 dans
2720 2532 2973 2586 Eccfesia:
3025 2532 3145 2599 Dei,
3195 2547 3255 2585 ac
3296 2532 3544 2600 pauperi~

1969 2624 2067 2677 bus
2102 2645 2111 2675 :
2144 2632 2266 2676 tunc
2292 2624 2430 2699 Deus
2459 2624 2552 2677 tibi
2585 2624 2901 2688 benevolus,
2935 2634 2987 2676 et
3028 2623 3319 2687 beneﬁcus,
3366 2634 3419 2676 et
3445 2625 3543 2676 mi-

1970 2714 2199 2767 sericors
2228 2714 2350 2777 erit,
2376 2722 2429 2767 et
2461 2722 2513 2766 tu
2545 2713 2788 2782 regnabis
2817 2728 2934 2765 cum
2968 2714 3083 2781 ipso
3114 2714 3163 2767 in
3194 2714 3389 2767 saecula
3441 2730 3545 2768 sm~

1972 2803 2210 2857 culorum
2233 2803 2433 2872 absque
2462 2804 2584 2867 ﬁne,
2611 2806 2653 2857 si
2679 2805 2748 2857 ita
2784 2804 2974 2857 feceris
2998 2820 3009 2866 ;
3043 2814 3095 2859 et
3116 2820 3212 2858 oro
3236 2814 3306 2868 te,
3336 2812 3391 2859 ut
3414 2806 3541 2858 mihi

1972 2896 2120 2951 dicas
2151 2898 2328 2949 omnia
2373 2911 2491 2965 qua:
2543 2911 2772 2965 unquam
2804 2896 3138 2961 malefecisti,
3174 2898 3423 2966 quoniam
3450 2898 3542 2952 tibi

1972 2994 2187 3063 expedit
2225 2995 2480 3063 pudclieri
2518 3010 2657 3048 nunc
2684 2994 2769 3048 hic
2791 3010 2971 3049 coram
3023 3011 3108 3051 me
3152 2996 3273 3051 solo
3320 2997 3541 3064 misero,

1972 3100 2131 3155 quam
2160 3085 2353 3141 deinde
2378 3100 2557 3139 coram
2607 3084 2716 3139 Deo
2769 3086 2819 3139 in
2851 3100 3041 3155 magno
3066 3087 3284 3155 judicio,
3310 3087 3398 3141 ubi
3433 3102 3543 3142 cte-

1972 3176 2163 3242 licoltc,
2182 3185 2235 3232 et
2261 3178 2544 3241 terricoluc,
2568 3185 2621 3231 et
2643 3176 2794 3231 inferi
2814 3192 3002 3231 omnes
3026 3187 3181 3232 erunt
3207 3180 3537 3248 congregati.

3261 3300 3521 3315 -ιι

1562 3360 1869 3443 LIBRI
1944 3358 2279 3439 PRIMI

1667 3494 1863 3556 PARS
1907 3494 2177 3554 PRIMA.

815 3619 1040 3675 CAPUT
1072 3618 1352 3673 PRIMUM.

719 3718 796 3773 De
840 3719 1114 3788 presbyteri
1160 3717 1449 3786 prudentia.

368 3819 626 3877 Convenit
654 3818 872 3874 cuilibet
899 3818 1187 3882 sacerdoti,
1220 3832 1339 3873 cum
1392 3814 1757 3884 pmnitentiam
1787 3814 1871 3882 je-

295 3913 433 3981 juuii
462 3910 725 3981 aliquibus
754 3910 1001 3979 imponit,
1029 3918 1088 3963 ut
1114 3910 1248 3963 sciat
1276 3908 1520 3977 quisnam
1553 3906 1640 3961 ille
1682 3907 1775 3968 sit,
1807 3920 1873 3959 an

298 4019 483 4067 sanus,
513 4017 580 4057 an
608 4002 886 4065 inﬁrmus;
911 4000 1083 4065 dives,
1110 4014 1175 4053 an
1206 4013 1437 4068 pauper;
1464 4012 1619 4067 quam
1641 3996 1873 4066 juvenis,

304 4094 385 4147 vel
415 4107 571 4161 quam
601 4106 766 4146 senex
796 4090 896 4155 sit;
922 4100 1095 4144 utrum
1140 4090 1204 4144 sit
1245 4089 1545 4152 ordinatus,
1588 4103 1654 4141 an
1686 4088 1870 4152 laicus,

302 4193 357 4235 ct
379 4183 589 4252 qualem
612 4181 975 4249 pmnitentiam
1005 4180 1189 4244 faciat;
1223 4193 1290 4231 an
1318 4180 1387 4231 sit
1414 4179 1627 4238 caalebs,
1656 4193 1720 4230 an
1748 4192 1876 4229 uxo-

1974 3614 2189 3668 tentiam
2214 3620 2353 3682 agat,
2382 3624 2435 3668 et
2461 3615 2505 3668 si
2534 3615 2711 3667 omnia
2752 3617 2976 3684 implere
3007 3618 3175 3687 possit
3203 3633 3321 3687 quac
3362 3619 3413 3672 itt
3446 3618 3547 3673 hoc

1975 3706 2109 3759 libro
2140 3705 2332 3773 scripta
2363 3715 2506 3770 sunt,
2530 3706 2679 3760 valde
2722 3706 2916 3760 bonum
2946 3718 2999 3762 et
3047 3708 3283 3776 legitime
3324 3710 3545 3763 ordina-

1976 3805 2083 3849 tum
2112 3806 2221 3859 est;
2252 3804 2304 3849 et
2331 3796 2376 3850 si
2410 3811 2511 3849 non
2543 3796 2731 3864 possit,
2760 3806 2937 3851 cantet
2978 3800 3353 3867 quinquaginta
3404 3803 3545 3867 psal-

1979 3902 2093 3941 mos
2120 3887 2269 3955 juxta
2312 3888 2552 3940 ordiuent
2587 3888 2637 3940 in
2688 3889 2931 3951 CCCi03i3,
2974 3890 3052 3942 vel
3096 3890 3146 3942 in
3190 3890 3293 3943 alio
3342 3902 3548 3943 secreto

1981 3977 2131 4040 loco;
2166 3986 2219 4031 et
2247 3977 2333 4045 qui
2359 3992 2514 4030 unam
2545 3977 2896 4044 septimanam
2922 3979 3263 4047 jejunatcum
3312 3996 3446 4048 parte
3495 3990 3548 4034 et

1983 4081 2115 4134 aqua
2140 4105 2156 4131 ,
2206 4076 2383 4120 cantet
2428 4075 2693 4120 trecentos
2742 4068 2973 4135 psalmos
3014 4069 3236 4137 genibus
3263 4070 3432 4132 ﬂexis,
3464 4071 3547 4123 vel

1984 4164 2249 4209 trecentos
2295 4165 2348 4209 et
2399 4157 2579 4224 viginti
2628 4158 2826 4225 absque
2874 4160 3095 4225 genibus
3136 4160 3331 4223 (lexis,
3376 4162 3547 4227 prouti

304 4240 451 4329 r-tus
480 4290 493 4325 :
524 4286 709 4327 omnes
747 4271 988 4327 homines
1036 4270 1186 4326 decet
1233 4270 1503 4333 discretio,
1537 4270 1656 4322 licet
1702 4240 1946 4323 StudioC
1979 4263 2137 4314 supra
2184 4248 2382 4302 diuum
2433 4260 2548 4314 (θειὲ
2599 4259 2650 4303 οι
2684 4250 2727 4302 εί
2770 4250 2885 4318 (Ιυίε
2934 4267 3027 4318 νοτ
3075 4254 3273 4305 mensis
3315 4258 3546 4321 ερτιιῐυιῐι

303 4360 626 4414 adulterium
652 4373 756 4412 non
786 4358 1141 4412 committant.
1191 4355 1392 4410 Divites
1448 4358 1687 4409 severius
1738 4355 1878 4423 judi«

304 4452 459 4507 candi
490 4460 616 4506 sunt
651 4465 809 4521 quam
843 4463 1124 4519 pauperes,
1149 4447 1296 4517 juxta
1321 4446 1409 4517 jus
1438 4446 1775 4502 canonicum.

929 4577 1153 4634 CAPUT
1192 4577 1257 4633 ll.

766 4690 862 4745 Jus
892 4692 953 4745 de
983 4690 1138 4744 variis
1180 4691 1421 4759 peccatis.

378 4798 693 4854 Theodorus
737 4806 950 4852 sanctus
1011 4807 1065 4852 et
1112 4799 1231 4867 pius
1276 4798 1558 4866 episcopus
1606 4798 1881 4853 constituit

309 4892 449 4943 hanc
494 4888 775 4942 lectionem
808 4887 861 4942 in
887 4888 1187 4955 exemplum
1225 4898 1279 4944 et
1309 4888 1601 4942 doctrinam
1632 4889 1879 4943 omnibus

306 4980 415 5035 illis
444 4976 534 5047 qui
561 4977 755 5032 delicta
777 4992 870 5032 sua
901 4978 1038 5046 apud
1074 4977 1237 5032 Deum
1272 4977 1560 5033 emendare
1590 4977 1794 5041 volunt,
1827 4988 1881 5031 et

308 5070 381 5123 ita
408 5068 578 5123 dixit:
612 5067 861 5137 Legimus
897 5068 951 5123 in
992 5067 1348 5123 Pmnitentiali
1390 5068 1532 5135 quod
1574 5067 1880 5136 pmnitentia

309 5158 551 5212 facienda
580 5158 649 5210 sit
692 5171 787 5225 pro
830 5156 1141 5225 capitalibus
1180 5155 1491 5211 criminibus
1538 5170 1755 5218 annum,
1795 5157 1880 5211 vel

309 5248 470 5313 duos,
495 5246 578 5301 vel
611 5256 719 5300 tres
748 5244 848 5317 (in)
871 5260 1005 5315 pane
1042 5254 1096 5301 et
1135 5260 1303 5315 aqua;
1354 5253 1408 5301 et
1447 5261 1541 5315 pro
1593 5246 1883 5301 minoribus

308 5336 625 5391 criminibus
658 5336 1065 5401 hebdomadam,
1090 5335 1171 5388 vel
1202 5350 1462 5402 mensem,
1480 5350 1665 5391 omnes
1692 5338 1880 5391 eodem

313 5425 495 5479 modo.
522 5424 626 5479 Sed
660 5425 761 5480 hoc
790 5423 928 5493 apud
959 5426 1240 5479 nonnullos
1268 5440 1351 5481 res
1379 5426 1538 5490 dura,
1571 5435 1624 5481 et
1651 5425 1883 5481 difﬁcilis

312 5524 417 5577 est,
451 5514 569 5569 ideo
596 5513 904 5570 docebimus
932 5515 1124 5584 quibus
1163 5517 1321 5570 rebus
1367 5517 1467 5571 hoc
1495 5517 1756 5573 redimere
1786 5517 1883 5571 de-

315 5606 440 5658 beat
472 5605 561 5674 qui
584 5605 840 5675 jejunium
877 5620 1028 5661 suum
1071 5621 1283 5662 servare
1325 5609 1543 5677 nequit;
1591 5610 1692 5663 hoc
1719 5620 1801 5663 est
1827 5618 1883 5664 ut

311 5694 607 5768 psalmodia
633 5704 690 5750 et
719 5696 1073 5765 elremosynis
1100 5712 1193 5766 per
1226 5698 1437 5766 longum
1465 5700 1689 5767 spatium
1715 5702 1880 5767 pumi-

384 5818 409 5845 "
442 5805 610 5863 Aﬁ'ert
642 5805 891 5867 Wilkins,
923 5816 1051 5860 tom.
1085 5806 1290 5861 lCoitc.
1328 5808 1525 5862 Britau.
1585 5808 1637 5861 In
1691 5809 1876 5874 Editia,

309 5880 449 5933 sicut
495 5891 549 5932 et
581 5876 954 5942 Matiuscriptis
979 5920 992 5939 ,
1043 5878 1303 5931 habentur
1335 5880 1447 5931 Iure
1490 5880 1647 5931 verba
1691 5880 1788 5931 sub
1819 5892 1881 5931 ll-

310 5949 424 6005 tulo
458 5968 469 6003 :
504 5950 908 6017 llincincipittttl
933 5948 1157 6015 capitula
1194 5947 1305 6001 Μ’ιί
1350 5964 1496 6017 quem
1535 5949 1884 6003 l'wtttcmtut’t‘

1983 4340 2347 4406 pwuitentiam
2379 4355 2535 4409 agere
2557 4341 2719 4393 debet
2758 4354 2877 4394 eum
2910 4356 3043 4407 pane
3087 4350 3139 4396 et
3182 4357 3336 4409 aqua,
3370 4352 3552 4396 cantet

1982 4433 2125 4485 mille
2145 4441 2199 4485 et
2228 4434 2483 4485 ducentos
2515 4433 2743 4497 psalmos
2778 4432 2929 4486 {lexis
2969 4433 3220 4501 genibus:
3270 4443 3325 4487 et
3352 4435 3550 4501 absque

1981 4523 2204 4592 genibus
2233 4522 2383 4577 ﬂexis
2412 4523 2557 4576 mille
2580 4532 2859 4577 sexcentos
2882 4524 3247 4591 etoctoginta;
3277 4540 3336 4578 ac
3357 4524 3551 4579 deinde

1981 4612 2219 4682 quolibet
2241 4614 2326 4666 die
2346 4628 2403 4667 se
2432 4612 2651 4679 recipiat
2676 4612 2741 4665 ad
2766 4612 3036 4666 meridiem
3062 4624 3253 4681 prazter
3273 4614 3385 4666 dies
3412 4613 3550 4665 Mer-

1982 4703 2136 4769 curii,
2163 4711 2217 4757 et
2249 4702 2502 4766 Veneris;
2536 4712 2658 4756 tunc
2681 4704 2923 4769 jejunare
2956 4704 3113 4758 debet
3136 4704 3201 4757 ad
3239 4704 3471 4768 Nonam,
3500 4714 3552 4758 et

1982 4793 2248 4845 abstineat
2276 4807 2302 4843 a
2328 4808 2487 4845 carne
2512 4802 2564 4845 et
2595 4794 2740 4857 vino,
2766 4793 2866 4847 hoc
2890 4802 2972 4847 est
3001 4796 3174 4847 omnis
3196 4796 3403 4863 generis
3427 4805 3551 4862 potu

1981 4898 2086 4951 quo
2129 4884 2244 4951 quis
2290 4883 2539 4936 inebriari
2587 4886 2784 4949 possit,
2820 4892 2874 4938 et
2923 4895 3099 4939 utatur
3146 4886 3391 4938 omnibus
3436 4886 3553 4938 aliis

1981 4976 2116 5030 cibis
2145 4989 2278 5044 quos
2302 4975 2439 5030 Deus
2469 4976 2516 5029 ei
2549 4976 2779 5037 dederit,
2807 4988 3087 5044 postquam
3132 4978 3427 5030 cantavcrit
3454 4994 3466 5041 ;
3500 4988 3552 5031 et

1982 5066 2027 5118 si
2058 5081 2153 5118 nec
2182 5067 2412 5131 psalmos
2444 5064 2611 5127 norit,
2642 5079 2739 5117 nec
2766 5066 3009 5131 jejunare
3054 5068 3241 5133 possit,
3273 5065 3554 5119 distribuat

1983 5156 2321 5226 quolibetdie
2362 5156 2601 5220 obolum,
2635 5157 2716 5209 vel
2764 5158 2996 5211 valorcm
3042 5160 3155 5224 ejus
3201 5159 3550 5226 pauperibus;

1985 5254 2039 5299 et
2066 5246 2294 5315 qualibet
2319 5246 2645 5298 hebdomada
2668 5245 2867 5313 jejunet
2890 5262 3050 5299 unum
3076 5248 3213 5299 diem
3239 5248 3302 5299 ad
3324 5248 3550 5311 Nonam,

1984 5347 2039 5392 et
2069 5337 2223 5389 alium
2255 5336 2319 5390 ad
2346 5351 2612 5403 vesperas,
2641 5346 2694 5389 et
2723 5347 2896 5389 utatur
2926 5336 2989 5388 iis
3021 5353 3139 5405 quae
3166 5338 3343 5403 habet,
3374 5342 3545 5405 prouti

1985 5440 2141 5493 supra
2170 5424 2366 5478 dictum
2399 5436 2498 5479 est.
2539 5428 2601 5477 Et
2628 5426 2671 5478 si
2698 5426 2817 5492 quis
2844 5441 3037 5477 annum
3087 5427 3345 5495 integrqu
3382 5430 3552 5491 paeni-

1985 5518 2200 5573 tentiatn
2230 5532 2385 5585 agere
2416 5518 2590 5579 debet,
2617 5517 2901 5569 distribuat
2929 5521 3110 5585 viginti
3134 5534 3227 5571 sex
3262 5520 3457 5570 solidus
3488 5521 3550 5570 ad

1986 5610 2386 5677 eleetnosynas,
2434 5618 2485 5661 et
2532 5609 2767 5672 qualibet
2810 5608 3138 5661 hebdomade
3175 5608 3380 5675 jejuuet
3419 5608 3551 5660 dttns

1986 5698 2120 5765 dics,
2145 5699 2315 5765 ωουιί
2347 5714 2499 5764 ευιιττι
2532 5698 2729 5750 dictum
2760 5710 2867 5761 tst;
2898 5707 2951 5751 et
2981 5698 3283 5754 cnnsiderct
3305 5702 3353 5753 in
3385 5702 3549 5752 tribus

1989 5826 2250 5871 racemus;
2283 5822 2333 5863 et
2366 5811 2496 5862 inira
2535 5851 2543 5860 .
2571 5810 2806 5872 Capitula
2860 5808 3176 5877 I'chbyr/itus
3203 5811 3549 5873 (ιι-(Ιιὶρρὶλτιι-

1991 5895 2083 5939 pus
2117 5879 2446 5931 Eboracensis
2492 5882 2746 5930 transtulit
2791 5897 2849 5931 cx
2886 5880 3070 5933 Latino
3103 5883 3151 5932 in
3186 5883 3473 5949 Any/cum,
3502 5891 3552 5931 ut

1988 5950 2173 6003 tmlocti
2203 5967 2260 6003 ca
2290 5952 2437 6019 facile
2464 5951 2976 6019 intelligetepmst‘ut.
