4168 6526
690 436 792 491 ωδ

1590 434 1623 484 s
1693 429 1978 482 t-ztzmcn'tt
2023 423 2489 479 Εκυιῑηιίλί-ςκδιδ
2529 429 3042 485 .-\l'lt2llllil‘lSCUl"l

3854 441 3915 491 itit
3931 444 3952 491 ι

691 551 795 604 illis
827 549 1242 618 quadragesitnis
1275 550 1393 616 quid
1428 549 1575 599 ribus
1604 554 1719 613 ejus
1750 550 1921 608 luem,
1957 542 2255 594 dimidium-
2290 543 2334 595 Α
2368 543 2598 596 (‘rastiuo
2627 547 2711 600 die
2735 549 3004 602 maxillam
3037 566 3186 604 suam
3233 555 3444 621 triginta
3480 555 3682 608 vicibus
3731 556 3793 607 ad
3844 567 3942 607 trr-

691 655 794 706 que
818 641 930 707 ejus
971 639 1034 692 ad
1076 639 1443 707 elccmOsyuas
1490 639 1794 692 distribuat.
1839 635 2085 690 Secundo
2126 650 2264 687 anno

695 731 1001 798 pmtiitentia
1055 730 1351 784 inchoanda
1403 739 1484 783 est
1541 744 1568 780 a
1618 729 1897 782 Nativitate
1950 726 2154 779 Durniui
2201 725 2264 778 ad

696 824 1065 892 Epiphaniam,
1099 834 1148 878 ct
1175 839 1202 875 a
1229 823 1484 876 Paschate
1515 822 1578 875 ad
1615 824 1998 881 Pentecostcn;
2033 828 2087 872 et
2109 821 2267 872 homo

690 919 775 984 qui
807 933 910 970 nou
946 925 1119 984 potest
1147 926 1484 982 peccatorum
1513 929 1728 968 suorum
1754 913 2117 983 paenitentiam
2147 926 2268 980 age-

691 1023 769 1069 re,
797 1007 868 1059 uti
901 1021 1055 1073 supra
1081 1006 1278 1060 dictum
1304 1017 1407 1070 est,
1448 1004 1731 1058 distribuat
1779 1006 1948 1073 primo
1995 1017 2136 1056 anno
2190 1002 2266 1052 vi-

691 1099 818 1166 ginti
843 1113 934 1151 sex
960 1098 1158 1150 solidos
1189 1099 1252 1150 ad
1282 1099 1670 1167 eleemosynas,
1705 1106 1758 1150 et
1792 1095 2026 1150 secundo
2057 1096 2262 1165 viginti,

688 1198 739 1242 et
767 1191 924 1244 tertio
951 1191 1266 1252 octodecim,
1287 1191 1372 1255 qui
1397 1199 1522 1243 sunt
1544 1190 1812 1258 sexaginta
1838 1195 2062 1256 quatuor
2087 1187 2262 1242 solidi.

691 1279 756 1333 Et
786 1281 916 1334 sciat
945 1281 1091 1335 dives
1119 1279 1258 1348 quod
1285 1279 1424 1334 Deus
1476 1280 1571 1348 ipsi
1597 1279 1789 1334 multas
1812 1295 1944 1350 opes
1976 1291 2029 1333 et
2055 1294 2266 1347 posses-

689 1372 867 1427 siones
891 1372 1050 1440 hujus
1083 1373 1204 1427 vita:
1235 1371 1645 1438 cmicrediderit,
1683 1388 1788 1440 quo
1838 1372 1996 1425 modo
2043 1371 2264 1426 Crimina

689 1477 784 1515 sua
809 1463 1050 1530 capitalia
1081 1463 1368 1518 emendare
1417 1462 1632 1518 debeat.
1683 1462 1870 1518 Sumat
1919 1463 2264 1535 Evangelium

690 1564 742 1607 et
771 1553 838 1607 ibi
865 1554 1001 1622 legat
1030 1555 1297 1621 quomodo
1326 1555 1616 1610 Zanchaeus
1638 1570 1758 1610 cum
1789 1555 2013 1610 Domino
2059 1557 2267 1611 locutus

687 1649 778 1711 sit,
813 1665 931 1704 cum
959 1652 1024 1706 ad
1050 1652 1324 1719 prandium
1355 1665 1477 1704 eum
1507 1651 1558 1704 in
1584 1651 1801 1704 domum
1829 1665 1978 1703 suam
2012 1665 2268 1718 suscepe-

689 1742 778 1804 rit,
811 1750 934 1794 tunc
958 1743 1238 1795 invocabat
1265 1755 1411 1802 eum,
1447 1741 1515 1794 ita
1565 1740 1750 1794 dicens
1798 1759 1810 1793 :
1865 1741 2111 1806 Domine,
2145 1757 2263 1795 om-

689 1834 832 1886 nium
867 1833 1123 1887 bonorum
1154 1849 1396 1889 meorum
1429 1834 1580 1888 trado
1611 1835 1884 1888 dimidiam
1911 1843 2113 1904 partem
2137 1851 2266 1904 pau-

689 1925 934 1990 peribus;
967 1933 1020 1979 et
1048 1925 1092 1978 si
1136 1939 1230 1993 per
1272 1925 1519 1993 injustam
1570 1925 1811 1978 fraudem
1853 1925 2121 1993 aliquibus
2170 1925 2267 1980 ali-

689 2015 815 2080 quid
847 2015 1064 2082 abstuli,
1098 2017 1266 2070 reddo
1294 2015 1697 2084 quadrifariam.
1736 2016 1800 2070 Et
1829 2026 1954 2070 tunc
1977 2032 2004 2069 a
2041 2017 2266 2073 Domino

686 2108 983 2172 promeruit
1021 2107 1241 2162 audire:
1278 2107 1451 2161 Hodie
1480 2110 1652 2162 domui
1683 2109 1799 2162 huic
1830 2108 1968 2162 salus
1994 2109 2132 2177 facta
2164 2120 2267 2176 est;

691 2199 793 2254 hoc
821 2210 904 2253 est
934 2201 1170 2254 omnium
1196 2210 1533 2268 peccatorum
1559 2202 1822 2256 remissio.
1851 2203 1914 2255 Et
1935 2201 2000 2256 ad
2026 2203 2266 2271 augenda

689 2291 805 2346 lucc
834 2291 972 2346 bona
1012 2307 1196 2358 opera,
1229 2293 1296 2346 de
1340 2294 1534 2362 quibus
1569 2309 1727 2360 supra
1769 2294 2024 2360 diximus,
2055 2295 2262 2357 liberet,

687 2390 742 2436 et
771 2381 995 2436 redimat
1022 2397 1117 2437 eos
1146 2385 1232 2452 qui
1258 2383 1307 2437 in
1349 2383 1658 2451 captivitate
1699 2393 1842 2449 sunt,
1867 2385 2008 2440 etab
2040 2386 2128 2440 illo
2157 2386 2262 2453 die,

687 2487 794 2540 quo
819 2473 1127 2542 injustitiam
1157 2489 1306 2528 suam
1336 2475 1682 2546 derelinquit,
1714 2492 1818 2531 non
1860 2486 2082 2532 renovet
2123 2478 2264 2531 illam

688 2561 914 2628 deinde,
949 2579 1014 2617 ne
1045 2562 1179 2618 forte
1216 2564 1409 2618 similis
1449 2565 1518 2619 sit
1567 2567 1682 2620 caui
1724 2569 1813 2634 qui
1859 2567 2082 2622 devorat
2125 2569 2266 2635 quod

691 2655 840 2718 prius
863 2654 1124 2720 evomuit,
1152 2669 1323 2724 neque
1356 2655 1724 2726 negligendutn
1756 2665 1840 2712 est
1869 2658 2009 2727 quod
2036 2661 2266 2728 Aposto-

689 2742 772 2796 lus
826 2744 959 2798 dixit
995 2764 1007 2797 :
1060 2745 1160 2810 Qui
1203 2762 1292 2814 per
1318 2763 1501 2817 corpus
1533 2764 1680 2800 suum
1711 2761 1904 2818 peccat,
1935 2767 2025 2820 per
2083 2767 2268 2819 corpus

689 2852 840 2888 suum
867 2839 961 2889 hoc
989 2847 1317 2905 compenset;
1350 2836 1448 2890 hoc
1475 2847 1576 2904 est,
1611 2837 1663 2893 in
1691 2839 1916 2910 jejunio,
1948 2852 2001 2895 et
2051 2841 2100 2895 in
2139 2843 2267 2912 vigi-

690 2927 796 2992 liis,
825 2938 878 2983 et
918 2929 968 2982 in
1011 2930 1363 2998 orationibus,
1390 2939 1446 2986 et
1492 2932 1543 2987 in
1588 2934 1833 3002 precibus
1882 2935 1948 2987 ad
1991 2934 2175 3000 Deum,
2212 2937 2266 2990 in

692 3022 1109 3088 compunctione
1135 3022 1334 3090 cordis,
1360 3031 1413 3078 et
1451 3037 1573 3078 cum
1600 3024 1859 3079 eﬂusione
1888 3025 2265 3096 lacrymarum.

763 3112 938 3167 Prima
961 3113 1281 3168 abstinentia
1303 3125 1384 3170 est
1415 3115 1707 3184 baptismus
1735 3115 1892 3185 ignis,
1919 3118 2150 3172 secunda
2185 3127 2267 3173 est

2371 648 2481 686 ram
2514 635 2757 690 inclinet.
2790 638 2842 693 Si
2869 638 3068 694 invitus
3092 641 3251 696 fuerit
3277 643 3531 711 pollutus,
3563 647 3640 698 vel
3684 646 3729 699 si
3767 647 3948 697 \‘(tIclb

2370 726 2420 778 iu
2453 740 2641 780 somno
2667 730 2964 785 mmcltatus
2995 733 3083 798 sit,
3113 743 3292 788 cantet
3323 736 3504 805 viginti
3534 746 3760 804 quatuor
3804 740 3943 804 p-al-

2370 830 2505 870 mos.
2537 817 2592 871 Si
2623 821 2742 886 quis
2773 821 2826 874 in
2850 823 3076 877 ecclesia
3108 824 3382 880 dormiens
3412 841 3592 881 semen
3621 841 3774 880 suum
3818 830 3945 882 effu-

2371 909 2526 974 derit,
2560 921 2742 980 surgat
2777 923 2830 967 et
2857 923 3040 969 cantet
3073 916 3401 984 psalterium.
3435 917 3488 971 Si
3531 919 3783 972 sacerdos
3825 932 3944 970 enin

2370 1000 2620 1068 cupidine
2651 1003 2931 1060 mulierem
2983 1007 3279 1073 osculetur,
3308 1011 3563 1076 paeniteat
3604 1008 3716 1076 ejus
3762 1009 3944 1076 viginti

2370 1089 2503 1146 dies.
2537 1093 2591 1146 Si
2615 1095 2867 1150 sacerdos
2897 1097 3185 1166 polluatur,
3219 1113 3341 1153 cum
3370 1101 3647 1154 mulierem
3692 1102 3946 1170 tetigerit,

2366 1182 2572 1252 jejunet
2596 1185 2945 1256 quadraginta
2971 1190 3105 1254 dies,
3141 1192 3384 1245 uonnull-i
3417 1193 3597 1245 volunt
3626 1193 3858 1261 triginta.
3892 1193 3944 1247 Si

2370 1278 2623 1333 sacerdos
2651 1280 2991 1348 cogitationis
3031 1284 3305 1338 voluntate
3353 1285 3582 1352 pollutus
3629 1286 3717 1350 sit,
3747 1285 3951 1354 jejuuet

2373 1369 2756 1427 hebdomadam
2781 1389 2795 1435 ;
2824 1373 2869 1429 si
2901 1383 3041 1428 tactu
3063 1391 3273 1441 manus,
3295 1375 3502 1444 jejunet
3528 1387 3634 1431 tres
3657 1377 3946 1431 hebdoma-

2370 1458 2484 1514 das.
2517 1459 2574 1515 Si
2599 1463 2720 1532 quis
2746 1465 2936 1521 crebro
2962 1465 3366 1522 fornicationem
3390 1469 3742 1533 commiserit,
3772 1482 3946 1522 canon

2365 1552 2567 1621 judicat
2601 1563 2657 1609 ut
2694 1556 2878 1613 decem
2924 1559 3126 1616 hiemes
3186 1561 3428 1630 jejunet;
3481 1563 3719 1618 nonnulli
3763 1563 3952 1618 volunt

2369 1658 2589 1710 annum,
2623 1657 2676 1701 et
2715 1662 2836 1703 cum
2870 1647 3193 1706 discretione
3225 1663 3350 1708 tres.

2436 1750 2439 1752 ’
2975 1752 3201 1807 CAPUT
3257 1753 3336 1806 VI.

2380 1840 2452 1896 De
2481 1846 2766 1912 presbytero
2793 1846 2882 1914 qui
2911 1845 3175 1926 baptiznrc_
3220 1847 3462 1901 detrectat
3516 1848 3575 1898 ob
3625 1847 3817 1899 itineris
3866 1861 3946 1897 sui

2987 1927 3332 1969 necessitatem
3342 1957 3355 1968 .

2443 2003 2752 2072 Quicunque
2771 2005 3096 2060 sacerdosin
3119 2011 3327 2076 propria
3353 2023 3445 2062 sua
3469 2008 3762 2078 provincia,
3780 2007 3860 2061 vel
3891 2008 3944 2060 iu

2370 2097 2542 2165 aliqua
2569 2097 2668 2150 alia
2691 2099 3080 2166 proficiscatur,
3104 2108 3158 2154 et
3180 2102 3222 2154 si
3257 2101 3306 2154 in
3333 2102 3525 2156 itinere
3548 2102 3664 2169 ejus
3683 2102 3942 2164 baptisma

2371 2188 2436 2241 ab
2451 2188 2566 2255 ipso
2584 2198 2852 2256 exoretur,
2869 2202 2921 2243 et
2939 2191 3028 2244 ille
3043 2201 3222 2259 neget,
3237 2192 3538 2246 detineatur
3552 2192 3600 2244 iu
3617 2193 3808 2244 itinere
3823 2205 3943 2247 suo.

2369 2287 2421 2333 et
2442 2279 2485 2333 si
2518 2278 2690 2334 infans
2712 2279 2954 2335 ethnicus
2984 2282 3261 2345 moriatur,
3285 2283 3471 2337 ordine
3493 2297 3588 2337 sua
3613 2281 3890 2351 spolietur.

2975 2393 3200 2449 CAPUT
3233 2394 3338 2448 V'II.

2373 2481 2447 2538 De
2475 2499 2574 2538 non
2606 2485 2862 2552 baptizata
2906 2484 3198 2566 presbytero
3227 2494 3270 2537 et
3321 2496 3382 2539 de
3420 2503 3476 2540 ea
3518 2503 3663 2557 quem
3711 2489 3819 2556 ipse
3864 2494 3940 2541 ta-

3065 2566 3222 2622 ptisal

2440 2644 2748 2714 Quicunque
2763 2645 3040 2715 presbyter
3051 2646 3094 2701 si
3111 2647 3248 2701 norit
3262 2648 3401 2716 quod
3418 2662 3521 2703 non
3539 2648 3608 2702 sit
3621 2649 3947 2719 baptizatus,

2370 2736 2690 2806 baptizetur,
2709 2747 2756 2790 et
2777 2753 2962 2794 omnes
2977 2739 3051 2792 illi
3069 2755 3202 2808 quos
3218 2748 3372 2794 antea
3387 2741 3767 2810 baptizaveral.
3797 2744 3950 2796 Atta-

2371 2844 2492 2884 men
2518 2844 2648 2898 papa
2675 2830 2946 2886 Romanus
2967 2831 3264 2896 constituit,
3290 2833 3333 2887 si
3353 2834 3529 2888 missa:
3543 2833 3944 2889 administrator

2371 2919 2595 2974 vitiosus
2608 2920 2698 2985 sit,
2719 2921 2798 2975 vel
2817 2936 3070 2990 paganus,
3088 2922 3226 2992 quod
3242 2923 3514 2977 servitium
3532 2923 3761 2992 Spiritus
3773 2927 3948 2979 sancti

2371 3020 2513 3067 esset
2546 3012 2598 3066 in
2619 3011 2760 3073 dona
2775 3013 3043 3082 baptismi,
3068 3029 3172 3067 non
3188 3022 3361 3068 tamen
3381 3016 3432 3069 in
3453 3015 3680 3069 hominis
3693 3014 3944 3085 alicujus.

2971 3111 3200 3167 CAPUT
3233 3112 3360 3167 VIII.

691 3218 842 3257 amor
897 3203 1021 3268 Dei,
1067 3206 1221 3259 tertia
1267 3215 1349 3260 est
1396 3205 1724 3260 desiderium
1778 3208 2265 3278 eleemosynatum,

2375 3189 2452 3246 De
2489 3193 2724 3260 episcopo
2771 3201 2814 3244 et
2847 3193 3136 3260 presbytero
3182 3193 3268 3261 qui
3312 3193 3540 3247 ordinem
3569 3211 3719 3248 suum
3758 3197 3946 3265 perdit.

689 3307 875 3364 quarta
903 3307 989 3352 est
1027 3297 1216 3352 effusio
1255 3299 1609 3368 lacrymaruni
1662 3299 1714 3353 in
1757 3315 1878 3356 vera
1932 3301 2264 3370 pmnitentia,

691 3387 873 3453 quinta
920 3397 1003 3441 e~t
1049 3389 1316 3444 confessio
1356 3387 1697 3457 flagitiorum,
1724 3404 1873 3445 sexta
1918 3400 1999 3445 est
2048 3391 2268 3446 afﬂictio

692 3473 868 3528 cordis
897 3486 951 3530 et
978 3477 1222 3544 corporis
1255 3477 1307 3531 in
1330 3477 1569 3546 jejuniis,
1601 3477 1830 3546 septima
1879 3489 1962 3534 est
1990 3488 2048 3534 ut
2087 3496 2268 3536 mores

690 3565 1023 3632 corrigantur
1046 3581 1226 3621 coram
1259 3567 1389 3633 Deo,
1421 3579 1604 3622 octava
1636 3577 1715 3621 est
1742 3583 1924 3636 preces
1956 3581 2154 3626 saneta:
2173 3586 2268 3638 pro

693 3655 902 3720 flagitiis
949 3655 1074 3722 illis,
1108 3671 1245 3712 nona
1279 3667 1361 3712 est
1410 3659 1777 3714 misericordia
1825 3671 1881 3715 et
1919 3661 2056 3716 bona
2109 3662 2262 3728 fides,

689 3745 896 3800 decima
922 3755 1004 3802 est
1032 3757 1088 3802 ut
1113 3749 1202 3802 alii
1222 3763 1250 3802 a
1279 3749 1496 3820 ﬂagitiis
1525 3749 1590 3803 ad
1643 3750 1738 3805 Dei
1788 3753 2116 3808 voluntatem
2167 3754 2267 3808 du-

689 3848 898 3904 cantur,
928 3840 1205 3895 undecima
1239 3850 1321 3896 est
1363 3842 1608 3896 remissio
1640 3843 1752 3909 Dei,
1775 3853 1830 3898 ut
1864 3859 1961 3915 per
1997 3847 2095 3899 hoc
2126 3847 2267 3902 Deus

695 3940 906 3996 peccata
938 3930 1038 3998 ipsi
1060 3932 1350 4000 condonet,
1373 3933 1690 3990 duodecima
1715 3945 1798 3992 est
1823 3938 2156 4008 martyrium,
2191 3938 2264 3994 uti

694 4022 851 4077 fiebat
879 4023 945 4077 ad
968 4024 1164 4079 Christi
1199 4026 1521 4094 passionem.

1307 4114 1531 4171 CAPUT
1562 4115 1646 4171 III.

1167 4207 1242 4261 De
1268 4209 1488 4278 episcopi
1517 4211 1789 4266 adulterio.

770 4299 1099 4367 Episcopus,
1144 4301 1189 4353 si
1239 4301 1585 4368 adulteretur,
1633 4303 1782 4372 juxta
1821 4304 1907 4374 jus
1948 4309 2264 4363 canonicum

685 4390 893 4457 jejunet
945 4391 1224 4445 duodecim
1280 4392 1516 4457 hiemes,
1563 4402 1614 4447 et
1660 4396 2028 4465 eleemosynas
2078 4397 2267 4453 reddat

690 4484 907 4550 multas,
941 4493 995 4537 et
1023 4497 1144 4536 cum
1174 4483 1431 4539 effusione
1461 4485 1810 4555 laci-ymarum
1864 4487 1954 4541 Dei
2004 4488 2262 4544 honorem

2445 3281 2500 3338 Si
2528 3283 2644 3352 quis
2675 3282 2915 3336 ordinem
2949 3283 3156 3350 perdat,
3187 3283 3485 3354 presbyter,
3515 3286 3597 3340 vel
3635 3288 3944 3354 episcopus,

2370 3373 2734 3440 pmnitentfam
2767 3380 2890 3442 agat
2917 3387 3084 3441 usque
3112 3372 3175 3426 ad
3220 3383 3466 3438 mortem,
3501 3385 3556 3428 ut
3597 3375 3711 3442 ejus
3765 3377 3947 3430 anima

2369 3463 2534 3518 vivat.
2582 3463 2845 3517 Sacerdos
2878 3464 2920 3517 si
2953 3462 3224 3518 hominem
3251 3464 3458 3520 occidat
3507 3466 3590 3520 vel
3631 3465 3945 3534 foruicetur,

2369 3556 2557 3611 ordine
2585 3569 2682 3608 suo
2721 3554 3014 3623 spolietur;
3062 3557 3107 3610 si
3159 3555 3388 3626 aliquem
3430 3556 3703 3622 vulneret,
3740 3557 3950 3626 jejunet

2369 3654 2581 3702 centum
2611 3646 2744 3698 dies.

2973 3713 3198 3771 CAPUT
3247 3715 3336 3770 IX.

2376 3810 2448 3864 De
2479 3811 2540 3864 iis
2584 3811 2766 3880 quibus
2796 3811 3004 3864 indutus
3034 3809 3304 3933 es;ebdebet
3327 3808 3562 3862 sacerdos
3585 3823 3702 3861 cum
3737 3808 3946 3862 missam

3033 3895 3087 3933 ce
3111 3903 3134 3932 ε
3172 3891 3272 3932 rat.

3033 3891 3272 3934 celebrat.

2440 3972 2573 4028 Cum
2596 3973 2848 4028 sacerdos
2881 3973 3097 4026 missam
3125 3972 3360 4026 celebrat
3389 3986 3493 4026 non
3519 3979 3692 4040 portet
3711 3972 3946 4026 caracal-

2371 4066 2473 4119 lam
2504 4065 2806 4128 eassiatam,
2836 4064 2929 4119 sed
2976 4077 3094 4117 cum
3138 4063 3480 4132 Evangeiium
3530 4062 3676 4132 legit,
3707 4063 3949 4132 imponat

2371 4170 2488 4210 eam
2518 4154 2761 4209 humero.

2993 4242 3218 4301 CAPUT
3247 4243 3311 4299 Χ.

2373 4342 2446 4396 De
2481 4342 2764 4406 sacerdote,
2799 4355 2914 4393 cum
2952 4339 3160 4392 calicem
3209 4336 3442 4402 e/fundit,
3468 4345 3513 4390 et
3560 4340 3623 4389 de
3670 4336 3781 4389 cibo
3831 4346 3945 4390 ante

2943 4408 3344 4462 Euc/taristiam.

2438 4501 2570 4554 Cum
2595 4500 2844 4554 sacerdos
2865 4500 3089 4553 calicem
3122 4497 3388 4563 effuderit,
3415 4505 3690 4564 postquam
3723 4511 3940 4551 missam

689 4582 897 4628 exoret.
926 4574 1099 4644 Aliqui
1123 4574 1303 4630 volunt
1327 4582 1382 4628 ut
1413 4589 1472 4628 se
1514 4574 1708 4630 deinde
1755 4571 2030 4633 ordinibus
2071 4583 2261 4646 privet.
2296 4581 2344 4641 Ι)
2373 4591 2742 4658 celebraverit,
2774 4591 2977 4658 injunet
3005 4589 3216 4658 triginta
3242 4588 3387 4650 dies;
3434 4586 3478 4639 si
3505 4586 3747 4640 comedat
3793 4595 3941 4638 ante-

1307 4672 1533 4728 CAPUT
1562 4673 1647 4727 IV.

1127 4752 1201 4807 Be
1240 4755 1515 4822 presbyteri
1560 4754 1838 4807 adulterio.

765 4845 1181 4914 Presbytercum
1196 4842 1487 4898 fornicatus
1509 4842 1901 4912 fuerit,jcjunet
1921 4859 2026 4902 tres
2045 4848 2268 4917 hiemes,

699 4949 747 4994 et
771 4938 867 4991 tria
884 4937 1084 5006 jejuuia
1111 4950 1205 5004 per
1225 4934 1610 4989 hebdomadam
1630 4935 2058 5005 jejunetduobus
2079 4939 2270 4997 diebus

695 5029 758 5080 ad
795 5029 1100 5095 Vesperam.
1134 5025 1189 5081 Si
1214 5040 1332 5078 cum
1359 5026 1574 5078 moniali
1605 5025 1896 5081 fornicatus
1928 5030 2104 5094 fuerit,
2135 5033 2269 5086 mul-

698 5129 808 5174 tum
836 5128 1050 5173 auctum
1095 5117 1164 5172 sit
1183 5116 1441 5186 jejunium
1462 5114 1600 5184 ejus,
1626 5114 1726 5169 hoc
1749 5127 1830 5172 est
1851 5128 2056 5186 septem
2078 5134 2268 5176 annos.

1301 5229 1527 5285 CAPUT
1579 5230 1642 5281 V.

757 5324 831 5376 De
859 5325 1120 5377 sacerdote
1159 5323 1247 5387 qui
1291 5321 1516 5386 seipsum
1542 5321 1757 5384 impuris
1789 5323 2104 5376 sermonibus
2137 5329 2212 5378 vel

1087 5392 1342 5459 aliquibus
1367 5392 1480 5444 aliis
1511 5392 1642 5444 vitiis
1672 5393 1876 5459 polluit.

770 5483 1030 5539 Sacerdos
1059 5483 1148 5550 qui
1177 5484 1383 5551 impure
1417 5483 1672 5551 loquitur,
1704 5483 1784 5538 vel
1819 5498 1882 5538 ex
1920 5486 2035 5540 visu
2065 5495 2156 5538 aut
2183 5498 2268 5539 as-

699 5588 851 5645 pectu
882 5577 1122 5631 mulieris
1160 5591 1218 5630 se
1256 5577 1479 5645 polluit,
1513 5586 1565 5632 et
1595 5591 1652 5630 se
1685 5592 1790 5631 non
1825 5589 2037 5645 purgat,
2065 5578 2275 5646 jejunet

702 5669 881 5736 viginti
910 5669 1059 5728 dies;
1095 5668 1184 5736 qui
1215 5669 1429 5738 propria
1457 5669 1734 5724 voluntate
1772 5672 2056 5723 admodum
2098 5669 2272 5736 pollu-

700 5769 784 5813 tus
808 5761 990 5822 fuerit,
1017 5761 1223 5830 jejunet
1252 5771 1463 5815 centum
1492 5760 1628 5815 dies.
1679 5761 1734 5814 Si
1770 5762 1964 5814 invitus
1997 5762 2047 5814 iu
2080 5775 2272 5815 somno

699 5851 853 5904 fuerit
879 5854 1125 5920 pollutus,
1154 5861 1334 5922 surgat
1355 5864 1403 5906 ct
1428 5862 1605 5908 cantet
1631 5854 1866 5923 psalterii
1894 5855 2182 5925 psalmum,
2216 5864 2264 5908 et

2371 4700 2526 4754 quam
2549 4684 2613 4738 ad
2642 4681 3028 4737 Eucharistiam
3058 4680 3234 4741 abeat,
3263 4691 3318 4733 et
3342 4686 3620 4748 postquam
3649 4675 3934 4730 Eucharis-

2373 4779 2496 4830 tiam
2520 4774 2806 4842 acceperit,
2833 4772 3039 4842 jejunet
3063 4780 3266 4837 septem
3298 4769 3429 4825 dies.

2974 4870 3200 4927 CAPUT
3240 4870 3329 4924 XI.

2478 4956 2555 5010 De
2582 4954 2896 5025 presbytero,
2917 4953 2961 5006 si
2989 4951 3184 5019 aliquid
3210 4948 3382 5020 magni
3415 4949 3562 5016 pretii
3607 4950 3832 5017 auferat.

2444 5047 2499 5102 Si
2534 5047 2814 5116 presbyter
2839 5040 3038 5097 furtum
3075 5041 3251 5111 magni
3289 5039 3442 5108 pretii
3487 5039 3836 5102 commiserit,
3862 5039 3942 5107 ju-

2369 5139 2522 5206 junet
2548 5137 2784 5206 quinque
2807 5134 3039 5197 hiemes,
3066 5132 3149 5187 vel
3180 5130 3356 5200 preuti
3401 5128 3686 5199 episcopus
3723 5128 3822 5197 ipsi
3848 5130 3946 5183 ad-

2373 5230 2653 5285 notaverit.
2972 5291 3198 5349 CAPUT
3246 5289 3355 5344 xu.

2573 5390 2649 5444 De
2677 5391 2894 5442 diacono
2939 5396 2988 5440 et
3036 5382 3305 5447 monacho,
3332 5381 3376 5436 si
3418 5380 3749 5449 fornicentur.

2445 5485 2498 5540 Si
2531 5484 2789 5539 diaconus
2818 5481 3110 5536 fornicatus
3139 5478 3318 5543 fuerit,
3341 5475 3544 5545 jejunet
3569 5483 3677 5528 tres
3718 5472 3932 5532 hiemes.

2377 5587 2429 5633 et
2468 5574 2765 5631 monachus
2793 5573 3015 5639 totidem
3046 5588 3060 5636 ;
3092 5569 3136 5624 si
3169 5567 3420 5623 infantem
3449 5565 3720 5635 genuerit,
3741 5563 3941 5630 jejunet

2376 5671 2564 5739 magis,
2596 5666 2774 5738 prouti
2802 5666 3084 5734 episcopus
3114 5661 3194 5715 vel
3223 5661 3343 5731 jura
3365 5659 3782 5727 adjttdicaverint
3808 5654 3932 5720 ipsi:

2378 5762 2536 5814 homo
2566 5774 2669 5813 non
2718 5756 3016 5820 ordinatus,
3045 5763 3099 5810 et
3142 5753 3230 5823 qui
3275 5768 3378 5806 non
3427 5761 3508 5806 est
3556 5748 3865 5810 lllltllaCIttts,
3894 5746 3936 5800 si

2379 5852 2668 5908 fornicatus
2699 5848 2877 5916 fuerit,
2908 5842 3415 5918 jejunetduoaecitu
3466 5853 3716 5903 menses;
3772 5837 3815 5893 si
3857 5837 3934 5891 in.
