4168 6530
1354 512 1572 563 (λη’[ἷΐ
1621 513 1774 562 .\\II.

1240 606 1314 653 Ue
1360 605 1565 655 dwersis
1609 603 1913 656 Ituuittitltt's.

851 694 904 747 Si
939 692 1055 761 quis
1084 690 1310 747 alterum
1340 692 1547 747 occidat
1577 693 1628 745 in
1663 692 1950 747 homicidio
2001 695 2051 746 iu
2098 694 2172 745 ira
2220 704 2273 748 et
2312 694 2362 747 in

787 793 1020 848 secreto,
1051 784 1256 854 jejunet
1286 794 1393 839 tres
1435 799 1626 853 annos,
1658 787 1895 840 nonnulli
1926 785 2105 840 volunt
2133 795 2357 856 septem.

784 877 1098 946 Quicunque
1126 877 1410 932 homicidio
1439 881 1726 944 consentit,
1759 889 1808 934 et
1842 878 1967 934 illud
1997 880 2189 935 deinde
2217 896 2360 936 com-

785 971 981 1034 mittat,
1034 969 1237 1037 jejunet
1287 971 1519 1040 quinque
1577 974 1807 1037 hiemes;
1888 974 2125 1028 nonnulli
2179 976 2361 1029 volunt

780 1072 1009 1131 septem,
1066 1070 1119 1116 et
1174 1064 1519 1133 quadraginta
1554 1064 1664 1119 dies
1704 1064 1982 1119 ecclesiam
2033 1082 2135 1119 non
2186 1067 2358 1137 ingre-

780 1152 975 1205 diatur.
1009 1153 1324 1223 Quicunque
1356 1170 1565 1209 servum
1618 1170 1787 1209 suum
1825 1155 2099 1223 occiderit,
2148 1156 2357 1226 jejunet

788 1260 946 1298 nnmn
979 1259 1197 1300 annum.
1230 1247 1541 1314 Quicunque
1582 1246 1634 1301 in
1662 1247 1975 1317 genitalibus
2001 1248 2156 1303 alteri
2192 1250 2359 1305 imbe-

779 1334 1050 1389 cillitatem
1077 1338 1328 1400 inttt'crit,
1359 1338 1433 1392 vel
1457 1338 1503 1392 ei
1533 1339 1718 1392 vulnus
1746 1337 2017 1403 indixerit,
2045 1350 2357 1409 compenset

782 1427 830 1480 ei
864 1428 1049 1481 vulnus
1094 1428 1241 1493 illud,
1286 1438 1342 1484 et
1384 1445 1513 1496 opus
1556 1431 1666 1498 ejus
1713 1440 1983 1499 operetur,
2023 1448 2191 1502 usque
2232 1434 2353 1487 dum

788 1516 976 1570 vulnus
1037 1528 1276 1583 sanetur,
1337 1527 1388 1573 et
1444 1521 1720 1587 praunium
1790 1522 1996 1577 medii-0
2060 1526 2249 1589 tradat,
2304 1533 2357 1577 et

785 1608 987 1678 jejunet
1039 1612 1142 1664 duo
1195 1612 1275 1664 vel
1332 1611 1429 1665 tria
1469 1612 1705 1680 jejunia;
1759 1614 1800 1667 si
1850 1615 2047 1668 nesciat
2091 1615 2355 1681 quomodo

786 1701 976 1763 solvat,
1001 1699 1206 1771 jejunet
1233 1703 1507 1758 duodecim
1538 1718 1761 1757 menses.
1792 1704 2100 1775 Quicunque
2123 1705 2354 1775 aliquem

780 1792 1049 1859 occiderit,
1090 1792 1295 1862 jejunet
1343 1805 1448 1849 tres
1512 1794 1754 1861 hiemes;
1799 1800 1842 1852 si
1894 1810 2071 1855 autem
2116 1800 2354 1869 cognatis

782 1883 901 1952 ejus
950 1885 1118 1953 ipsum
1150 1900 1495 1955 compensare
1526 1888 1777 1953 voluerit,
1823 1890 2024 1959 jejunet
2072 1907 2267 1945 annum
2299 1902 2352 1945 ct
2388 1860 2430 1918 Β

781 1974 1079 2030 dimidium.
1114 1975 1168 2032 Si
1199 1977 1318 2046 quis
1366 1978 1588 2032 alterum
1632 1980 1893 2044 vulneret,
1942 1997 2034 2050 pro
2078 1983 2351 2052 sanguinis

780 2062 1037 2120 elfusiune
1063 2065 1265 2134 jt'juuel
1293 2067 1638 2136 quadraginta
1676 2068 1811 2124 dies.

1331 2180 1556 2234 CAI‘UT
1599 2180 1783 2234 XXIII.

875 2265 950 2319 De
973 2268 1218 2337 episc0pt,
1251 2278 1297 2322 et
1324 2273 1625 2340 presbyteri,
1655 2282 1700 2325 et
1732 2274 1964 2327 monachi
1988 2278 2257 2332 occisione.

846 2356 899 2410 Si
930 2362 1047 2425 quis
1074 2356 1377 2425 episcopum
1420 2360 1503 2413 vel
1536 2361 1898 2429 presbyterum
1927 2364 2201 2429 occiderit,
2248 2368 2349 2421 hoc

775 2446 840 2499 ad
871 2448 1008 2516 regis
1050 2448 1131 2502 vel
1157 2450 1386 2518 episcopi
1416 2448 1502 2518 jus
1546 2454 1770 2520 pertinet
1817 2472 1828 2506 :
1861 2456 2162 2526 quicunque
2192 2474 2346 2528 pres-

775 2541 1020 2611 byterum
1087 2542 1169 2595 vel
1222 2544 1537 2597 monachum
1608 2545 1881 2613 occiderit,
1944 2548 2043 2604 hoc
2098 2550 2167 2604 sit
2214 2552 2347 2619 juris

776 2631 1094 2701 episcopalis
1153 2647 1219 2687 an
1268 2648 1412 2687 arma
1457 2636 1705 2704 deponat,
1752 2649 1804 2692 ct
1851 2640 1915 2693 ad
1967 2645 2344 2699 monasterium

776 2726 952 2793 abeat,
983 2727 1067 2784 vel
1096 2741 1298 2799 septem
1329 2730 1531 2786 hiemes
1563 2731 1787 2800 jejunet.

1332 2828 1556 2885 CAI’U'I‘
1596 2830 1781 2886 XXIV.

1250 2919 1330 2974 De
1356 2922 1506 2974 variis
1537 2920 1843 2978 homicidiis.

844 3010 901 3065 Si
929 3010 1046 3078 quis
1071 3010 1297 3066 alterum
1324 3011 1378 3067 in
1408 3026 1581 3082 pugna
1611 3012 1821 3083 publica
1853 3015 2129 3082 occiderit,
2162 3016 2243 3072 vel
2277 3032 2341 3072 ex

773 3103 1110 3169 necessitate,
1133 3119 1253 3159 cum
1276 3104 1478 3160 domini
1500 3105 1581 3159 sui
1607 3120 1839 3160 mercem
1866 3108 2113 3175 eriperet,
2137 3109 2342 3179 jejunet

770 3192 1111 3262 quadraginta
1142 3193 1275 3249 dies.
1318 3194 1373 3251 Si
1421 3195 1540 3265 quis
1569 3196 1793 3251 alterum
1823 3198 2099 3267 occiderit,
2129 3216 2329 3270 nequa-

769 3301 923 3353 quam
969 3285 1022 3340 in
1072 3286 1378 3353 homicidio,
1416 3287 1695 3342 duodecim
1747 3304 1959 3345 menses
1999 3290 2223 3361 jejunet.
2276 3293 2332 3349 Si

764 3374 883 3442 quis
927 3384 1131 3443 patrem
1175 3389 1351 3441 suum,
1386 3376 1468 3431 vel
1516 3384 1763 3444 matrem,
1810 3393 2077 3447 sororem,
2110 3381 2190 3436 vel
2234 3384 2337 3437 fra-

768 3473 927 3531 trem,
980 3464 1169 3534 lilium,
1228 3466 1309 3521 vel
1364 3466 1525 3520 tiliam
1580 3467 1857 3533 occiderit,
1912 3466 2013 3524 hoc
2066 3478 2150 3526 est
2199 3470 2335 3539 juris

765 3553 1082 3621 episcopalis
1101 3595 1117 3619 ,
1166 3555 1404 3609 nonnulli
1446 3556 1630 3611 volunt
1658 3565 1712 3609 ut
1742 3558 2105 3627 paenitentiam
2132 3570 2252 3630 agat
2281 3562 2333 3615 in

766 3656 904 3699 terra
932 3646 1206 3716 peregrina
1229 3646 1412 3702 decem
1436 3646 1657 3701 hiemes.
1690 3647 1857 3701 Ilomo
1874 3650 1961 3717 qui
1989 3650 2102 3704 odit
2120 3651 2333 3707 fratrem

762 3750 919 3790 suum
965 3735 1226 3792 homicida
1251 3745 1349 3803 est,
1379 3738 1453 3791 uti
1477 3737 1709 3792 Joannes
1736 3739 2057 3810 evangelista
2088 3740 2235 3795 dicit.

1332 3837 1555 3894 CAPUT
1596 3838 1763 3896 XXV.

835 3924 911 3980 De
961 3927 1223 3995 fratribus,
1285 3930 1535 3994 quomodo
1571 3942 1835 4000 cognatam
1884 3948 2092 3989 uxorem
2138 3952 2335 3991 sumere

1097 4017 1328 4075 possunt,
1360 4018 1404 4063 et
1432 4010 1495 4063 de
1524 4012 1671 4064 variis
1697 4011 1844 4065 rebus
1870 4012 2006 4067 aliis.

834 4096 946 4152 Duo
996 4097 1188 4152 fratres
1227 4096 1359 4153 duas
1401 4114 1613 4153 sorores
1663 4102 1715 4155 in
1749 4117 1940 4158 uxores
1977 4104 2171 4160 ducere
2212 4121 2335 4175 pos-

766 4197 907 4252 sunt,
947 4197 1000 4242 et
1028 4200 1177 4257 pater
1201 4204 1263 4245 ac
1290 4189 1429 4244 filius
1457 4200 1677 4246 matrem
1708 4207 1770 4247 ac
1814 4193 1994 4249 filiam.
2042 4195 2097 4252 Si
2148 4211 2333 4256 servus

764 4291 815 4333 ct
844 4294 1000 4335 serva
1032 4290 1212 4335 mutua
1245 4281 1517 4337 voluntate
1547 4298 1605 4338 se
1644 4284 1987 4355 conjungant,
2029 4297 2083 4343 et
2106 4288 2151 4344 si
2180 4290 2331 4345 dein-

764 4385 891 4440 ceps
919 4371 1108 4442 aliquis
1132 4387 1315 4427 corum
1355 4376 1775 4441 manumittatur,
1801 4385 1856 4432 et
1879 4389 2103 4448 nequeat
2123 4397 2329 4435 servam

761 4463 1045 4529 redimere,
1094 4478 1407 4532 quocunque
1448 4465 1604 4519 modo
1646 4465 1778 4521 liber
1816 4468 1905 4533 sit,
1956 4484 2123 4523 serva:
2173 4471 2328 4524 liber-

759 4563 920 4608 tatem
952 4553 1143 4608 lucrari
1185 4555 1363 4609 debet.
1396 4555 1707 4623 Quicunque
1746 4558 1904 4611 homo
1936 4558 2069 4613 liber
2114 4573 2321 4614 servam
2353 4567 2403 4626 ι)

760 4646 810 4694 iu
832 4658 1055 4696 uxorem
1077 4643 1306 4707 duxerit,
1333 4658 1435 4697 non
1458 4643 1613 4699 debet
1636 4645 1774 4697 illam
1800 4645 1993 4700 deinde
2009 4647 2327 4716 relinquere,

758 4734 803 4787 si
855 4743 1034 4788 mutuo
1082 4748 1346 4789 consensu
1378 4746 1533 4789 antea
1578 4751 1728 4790 serva
1775 4735 1966 4791 fuerat.
2014 4738 2328 4808 Quicunque

760 4825 1137 4891 parturientem
1174 4841 1390 4879 uxorem
1438 4828 1655 4880 liberam
1707 4827 1914 4887 fecerit,
1948 4828 2119 4883 infans
2150 4840 2326 4885 tamen

761 4924 843 4969 est
870 4930 1075 4970 servus.
1108 4916 1207 4983 Qui
1243 4917 1294 4969 in
1326 4916 1559 4985 legitimo
1589 4918 1923 4970 matrimOuio
1945 4928 2046 4985 est,
2080 4929 2186 4973 tres
2215 4921 2329 4976 dies

755 5014 878 5060 ante
945 5006 1199 5074 jejunium
1262 5007 1731 5075 quiadragesimale,
1793 5023 1897 5061 non
1960 5021 2325 5079 congregetur,

762 5098 830 5149 ita
878 5098 1038 5150 etiam
1082 5098 1430 5166 quadraginta
1462 5098 1577 5151 dies
1626 5108 1766 5153 totos
1807 5116 1970 5170 usque
2018 5103 2081 5155 ad
2129 5119 2323 5158 nouum

759 5186 902 5239 diem
934 5186 984 5238 in
1017 5186 1291 5241 Pa5t~liate.
1338 5188 1649 5257 Quicunque
1695 5190 1939 5245 maritum
1985 5193 2063 5245 vel
2108 5209 2322 5249 UXttl’cln

765 5277 1027 5341 habuerit,
1069 5278 1191 5332 licet
1230 5280 1523 5348 illegitime,
1572 5291 1802 5336 attamen
1851 5286 2325 5356 quomodocunque

757 5375 929 5431 potest
977 5368 1123 5422 cibos
1168 5369 1238 5422 illi
1270 5386 1514 5425 coemere
1561 5372 1740 5438 debet,
1773 5375 2021 5441 quoniam
2070 5382 2320 5447 propheta

759 5458 827 5508 ait
860 5478 871 5511 :
905 5455 1107 5509 Domini
1145 5470 1211 5511 est
1249 5470 1401 5513 terra.
1438 5460 1654 5515 Maritus
1681 5472 1732 5516 et
1760 5464 1948 5519 femina
1990 5468 2031 5520 si
2064 5469 2113 5522 in
2141 5473 2321 5525 matri-

762 5549 936 5601 monio
965 5549 1229 5615 COujuttcti
1258 5563 1399 5614 sunt,
1440 5557 1484 5606 si
1515 5554 1647 5607 alter
1677 5555 1801 5608 velit
1832 5556 1918 5609 Dei
1948 5573 2133 5614 servus
2176 5578 2316 5627 esse,

753 5648 803 5686 et
838 5638 968 5690 alter
998 5638 1149 5701 ttulit,
1183 5638 1263 5691 \el
1312 5642 1565 5695 alteruter
1610 5658 1794 5696 eorum
1840 5645 1907 5697 sit
1938 5644 2187 5717 inﬁdelis,
2238 5656 2316 5707 vel

754 5736 821 5776 sit
851 5742 1036 5793 sanus,
1068 5739 1296 5785 attamen
1330 5746 1446 5786 cum
1478 5748 1737 5788 consensu
1770 5746 1951 5793 mutuo
1981 5754 2317 5809 separentur,

754 5828 795 5867 Si
826 5819 1001 5872 \eliul.

1662 400 1714 448 ς.
1771 397 2058 449 tamn-litt
2109 391 2570 451 t-;l:t)tt.tt;l£N3lS
2612 398 3122 460 AtttJIUEPiStJOPl

3942 416 4005 467 ιι,
4018 418 4042 467 8

3021 520 3059 571 (Ξ
3077 526 3099 571 \
3115 522 3241 576 I'lI'l'
3303 523 3337 575 Χ
3352 524 3387 575 Χ
3405 519 3483 579 γε.

2862 608 2935 660 De
2965 612 3055 662 viri
3082 612 3268 666 latione
3295 628 3403 684 post
3436 622 3643 671 coitum.

2538 691 2590 745 Si
2623 693 2840 748 maritus
2877 711 2992 750 eum
3026 702 3237 768 propria
3270 718 3363 757 sua
3398 721 3559 760 uxore
3581 718 3747 773 coeat,
3782 710 3919 762 lavet
3974 728 4029 765 se

2464 791 2743 851 antequam
2788 787 2853 840 ad
2898 787 3175 843 ecclesiam
3219 792 3412 856 abeat;
3461 796 3505 849 si
3549 798 3734 852 mulier
3781 802 4029 853 maritum

2463 882 2618 925 suum
2658 886 2687 925 a
2713 888 2772 928 se
2799 875 3021 944 rejiciat,
3069 887 3122 933 et
3151 879 3269 934 dein
3299 882 3433 936 nolit
3463 887 3795 955 resipiscere,
3829 900 3884 943 et
3908 905 4029 943 cum

2463 976 2529 1016 eo
2568 965 2619 1018 in
2651 966 2884 1036 quinque
2912 970 3065 1024 annis
3098 986 3277 1039 pacem
3309 976 3462 1043 inire,
3496 980 3712 1033 maritus
3750 994 3870 1034 cum
3896 997 4028 1035 cou-

2463 1065 2624 1108 sensu
2680 1056 2937 1126 episeOpi,
2994 1060 3151 1115 aliam
3212 1079 3427 1121 uxorem
3476 1066 3667 1123 ducere
3723 1078 3909 1137 potest.
3974 1074 4028 1125 Si

2462 1148 2683 1200 maritus
2735 1151 2919 1206 uxoris
2968 1151 3021 1205 in
3068 1155 3420 1221 captivitatem
3460 1159 3699 1227 ducatur,
3748 1172 4027 1232 exspectet

2460 1251 2582 1292 eum
2611 1254 2700 1293 sex
2730 1254 2917 1306 annos,
2942 1251 2995 1299 et
3027 1244 3095 1299 ita
3130 1247 3208 1301 vir
3234 1250 3380 1302 uxori
3410 1249 3581 1315 faciat,
3605 1253 3646 1306 si
3676 1254 3725 1308 ei
3748 1256 4025 1323 captivitas

2459 1330 2663 1384 accidat
2691 1349 2703 1397 ;
2753 1334 2796 1387 si
2838 1336 3059 1390 maritus
3086 1338 3244 1392 aliain
3277 1356 3491 1397 uxorem
3521 1344 3701 1410 ducat,
3741 1356 3791 1400 et
3819 1350 4019 1415 captiva

2460 1430 2578 1487 post
2610 1424 2843 1493 quinque
2884 1440 3051 1481 annos
3085 1429 3284 1497 redeat,
3318 1431 3527 1487 deserat
3554 1439 3923 1504 posteriorem,
3972 1450 4023 1493 ct

2457 1512 2717 1579 captivam
2746 1527 2939 1584 sumat,
2981 1533 3139 1586 quam
3180 1530 3336 1577 antea
3365 1524 3550 1580 eodem
3595 1527 3752 1582 modo
3780 1530 3997 1583 duxerat

2457 1602 2585 1657 Cum
2622 1605 2699 1657 vir
2727 1606 2777 1659 in
2808 1607 3067 1665 adulterio
3107 1611 3417 1682 conjunctus
3446 1618 3513 1671 sit
3558 1619 3706 1672 uxori
3736 1633 3843 1673 sum
3871 1618 4021 1672 fami-

2460 1694 2568 1760 liae,
2616 1705 2735 1763 post
2764 1699 2944 1755 uxoris
2986 1715 3099 1756 sua:
3141 1713 3387 1772 mortem,
3430 1705 3663 1776 legitimo
3710 1711 3827 1777 jure
3876 1711 4019 1764 uxuri

2459 1784 2532 1839 illi
2562 1787 2930 1857 coujungatur.

2988 1908 3215 1965 CAPUT
3255 1911 3466 1967 XXVII.

2528 1988 2603 2043 De
2644 1992 3121 2074 adolescentibus_et
3163 2002 3365 2065 puellis,
3408 2003 3460 2056 in
3495 2020 3595 2072 qua
3639 2015 3787 2059 aelate
3832 2009 4018 2074 seipscs

2978 2069 3257 2135 gubernare
3277 2084 3503 2139 possunt.

2531 2152 2705 2207 Puella
2741 2157 3138 2222 qualuordecim
3183 2176 3438 2216 annorum
3472 2167 3707 2232 corporis
3734 2168 3813 2220 sui
3848 2182 4015 2233 putes-

2458 2253 2618 2297 tatem
2652 2244 2845 2301 habere
2872 2256 3061 2315 potest.
3095 2249 3414 2307 Adolescens
3441 2267 3561 2308 cum
3602 2256 3899 2324 quindecim
3940 2268 4016 2312 est

2452 2347 2735 2401 annorum,
2783 2335 2837 2390 in
2885 2339 3092 2407 propria
3141 2355 3234 2395 sua
3284 2352 3538 2411 potestate
3581 2348 3684 2412 sit;
3731 2349 3924 2405 deinde
3960 2368 4015 2406 se

2452 2430 2767 2481 monachum
2827 2439 3002 2497 potest
3049 2431 3243 2499 facere,
3298 2436 3341 2489 si
3398 2438 3546 2502 velit,
3604 2450 3658 2494 et
3712 2457 3817 2495 non
3874 2454 4008 2497 ante.

2454 2516 2670 2572 Femina
2712 2534 2882 2589 usque
2921 2522 3045 2578 dum
3093 2526 3161 2579 sit
3196 2527 3447 2583 tredecim
3492 2530 3573 2585 vel
3620 2534 4008 2601 quatuordecim

2450 2623 2731 2675 annorum,
2766 2612 2838 2665 sit
2886 2613 2938 2667 in
2978 2625 3252 2683 parentum
3288 2633 3500 2674 suorum
3542 2632 3842 2689 potestate;
3898 2637 4011 2694 post

2450 2696 2587 2753 hanc
2625 2708 2834 2755 aetatem
2865 2702 3108 2760 dominus
3130 2706 3247 2775 ejus
3272 2708 3411 2764 illam
3440 2726 3629 2781 capere
3657 2725 3854 2784 potest,
3892 2732 4005 2771 cum

2449 2798 2543 2840 sua
2572 2787 2861 2845 voluntate.
2912 2791 3067 2848 Pater
3106 2793 3269 2851 filium
3298 2812 3472 2864 suum,
3522 2801 3564 2854 si
3618 2802 3775 2858 valde
3818 2819 4007 2874 pauper

2448 2877 2537 2943 sit,
2564 2878 2629 2933 ad
2659 2880 2931 2937 servitium
2963 2886 3171 2941 tradere
3214 2898 3406 2956 potest,
3456 2903 3624 2959 usque
3654 2892 3776 2946 dum
3808 2903 4003 2963 septem

2447 2969 2572 3023 anni
2617 2974 3002 3039 praeterierint;
3033 2977 3235 3047 absque
3266 2981 3354 3035 lilii
3387 2982 3651 3040 voluntate
3690 2996 3866 3041 tamen
3908 3003 4003 3042 non

2449 3058 2623 3112 tradat
2650 3059 2841 3129 ipsum.
2864 3064 2918 3120 Si
2943 3065 3191 3122 inimicus
3214 3069 3293 3124 vir
3312 3071 3540 3141 aliquem
3565 3090 3727 3129 uxore
3764 3078 3935 3145 privet
3959 3090 4005 3133 et

2444 3146 2558 3216 ipse
2575 3163 2692 3205 eam
2715 3152 2955 3211 obtinere
2972 3167 3221 3227 nequeat,
3244 3159 3403 3215 aliam
3428 3161 3527 3217 sibi
3548 3173 3738 3228 sumat,
3762 3181 4004 3234 quoniam

2356 3222 2403 3285 Ο
2437 3235 2537 3295 hoc
2576 3241 2765 3297 melius
2789 3255 2873 3300 est
2900 3222 3324 3316 quatn'atlulterii
3354 3250 3609 3323 ﬂagitium
3656 3222 4001 3313 committere.

2971 3358 3197 3416 CAPUT
3236 3362 3467 3420 XXVIII.

2508 3444 2586 3501 De
2605 3462 2666 3502 eo
2688 3450 2825 3519 quod
2857 3453 3299 3537 .cpgnatifoeant.‘
3338 3468 3382 3510 et
3416 3462 3639 3537 qttuudiu
3681 3463 3864 3519 mulier
3888 3483 4000 3537 gra-

2819 3522 2936 3572 vida
2964 3538 2995 3573 a
3036 3524 3140 3577 viro
3167 3522 3615 3584 abstiiiere'debet.

2512 3606 2566 3659 In
2598 3608 2780 3675 quinto
2827 3612 2991 3680 gradu
3035 3616 3405 3681 permittantur
3452 3620 3693 3677 homines
3735 3627 3997 3681 matrimo-

2436 3696 2583 3751 nium
2610 3699 2762 3766 inire,
2791 3709 2843 3755 et
2870 3701 2920 3755 in
2947 3712 3152 3772 quarto,
3178 3707 3219 3761 si
3252 3707 3350 3763 hoc
3378 3716 3687 3783 occurrerit,
3713 3731 3817 3770 non
3845 3734 3995 3784 δορι-

2436 3796 2641 3854 rentur,
2671 3792 2721 3846 in
2752 3792 2908 3847 tertio
2932 3793 3095 3862 gradu
3135 3810 3467 3866 separentur.
3501 3803 3776 3859 Abstineat
3811 3810 3995 3859 nmher

2437 3890 2466 3930 a
2491 3879 2681 3934 marito
2708 3896 2805 3936 800
2828 3891 3034 3952 septem
3066 3901 3275 3941 menses
3308 3899 3589 3961 antequam
3640 3909 3759 3949 eam
3793 3910 3989 3965 cOgno-

2435 3981 2568 4040 seat,
2591 3983 2645 4029 et
2666 3985 2788 4045 post
2817 3988 3020 4045 partum
3043 3978 3159 4049 ejus
3173 3983 3516 4053 quadraginta
3530 3986 3662 4042 dies.
3688 3986 3994 4059 Quicunque

2435 4066 2655 4122 maritus
2678 4083 2797 4124 cum
2826 4086 2989 4127 uxore
3016 4086 3109 4126 sua
3139 4073 3189 4126 in
3223 4075 3312 4129 illo
3339 4085 3573 4145 tempore
3599 4092 3639 4133 c.
3663 4090 3772 4146 eat,
3800 4081 3994 4150 jejunet

2435 4158 2617 4228 viginti
2661 4162 2742 4215 vel
2769 4161 3116 4232 quadraginta
3141 4163 3275 4220 dies.
3308 4166 3489 4222 Mulier
3527 4168 3578 4221 in
3619 4172 3992 4225 consuetudine

2435 4265 2527 4305 sua
2561 4264 2829 4307 menstrua
2870 4254 2937 4307 ad
2979 4256 3255 4311 ecclesiam
3303 4273 3405 4312 non
3454 4262 3741 4330 confugiat,
3793 4277 3890 4317 nec
3932 4265 3988 4315 ad

2434 4343 2807 4398 eucharistiam
2830 4346 3065 4411 accedat,
3098 4363 3196 4403 nec
3224 4351 3467 4405 monialis
3491 4368 3587 4407 nec
3619 4354 3810 4410 mulier
3834 4356 3986 4418 laica;

2435 4441 2599 4495 sicubi
2633 4440 2731 4495 hoc
2754 4442 2971 4497 fecerint
2990 4442 3196 4512 jejunet
3220 4444 3401 4514 viginti
3432 4446 3565 4502 dies.

2987 4554 3211 4611 CAPUT
3253 4539 3437 4610 XXIX.

2672 4644 2743 4699 De
2764 4662 2918 4698 more
2945 4661 3055 4714 qua:
3081 4655 3240 4699 artem
3272 4646 3519 4715 magicam
3548 4659 3761 4701 exercet.

2507 4734 2561 4787 Si
2611 4735 2798 4787 mulier
2843 4744 3009 4787 artem
3046 4734 3322 4802 magicam,
3370 4744 3423 4788 et
3469 4735 3899 4799 incantationem,
3943 4750 3988 4790 et

2436 4823 2774 4888 veneticium,
2808 4831 2862 4877 et
2892 4824 3064 4877 simile
3100 4824 3225 4890 quid
3266 4826 3578 4888 committat,
3610 4826 3818 4894 jejunet
3858 4830 3989 4882 duo-

2434 4913 2605 4967 decim
2632 4926 2864 4976 menses,
2889 4913 2968 4967 vel
2998 4915 3098 4967 tria
3121 4912 3345 4983 jejuuia,
3371 4915 3451 4969 vel
3478 4917 3821 4985 quadraginta
3846 4918 3982 4972 dies.

2432 5006 2584 5071 sciat,
2642 5016 2893 5075 quantum
2949 5007 3199 5075 ﬂagitium
3242 5008 3328 5062 sit.
3372 5009 3428 5063 Si
3468 5009 3555 5062 illa
3605 5026 3723 5065 cum
3760 5012 3987 5066 venefico

2432 5110 2581 5154 coeat
2616 5099 2820 5168 jejunet
2854 5112 3054 5169 septem
3097 5102 3314 5157 hiemes.
3350 5102 3531 5157 Mulier
3570 5116 3686 5171 quae
3715 5104 3983 5157 ecclesiam

2436 5192 2593 5244 intrat
2622 5204 2903 5259 antequam
2939 5208 2965 5245 a
3016 5194 3268 5259 sanguine
3296 5208 3393 5247 suo
3445 5208 3505 5248 se
3556 5202 3762 5262 purgat,
3792 5195 3983 5263 jejunet

2429 5283 2773 5353 quadraginta
2825 5282 2958 5337 dies.
3012 5283 3201 5337 Mulier
3256 5284 3298 5336 si
3338 5297 3519 5336 semen
3563 5284 3656 5337 viri
3702 5299 3824 5338 cum
3874 5286 3984 5337 CIIIO

2427 5390 2524 5429 suo
2553 5376 2763 5440 miscet,
2791 5384 2843 5429 et
2872 5376 2968 5430 hoc
3017 5376 3135 5429 facit
3168 5386 3222 5429 ut
3248 5377 3494 5431 masculis
3531 5391 3596 5431 eo
3643 5377 3857 5432 charior
3896 5379 3978 5441 sit,

2422 5466 2627 5537 jejunet
2658 5476 2765 5522 tres
2792 5482 2976 5523 annos.

2985 5578 3208 5637 CAPUT
3247 5580 3411 5636 XXX.

2496 5675 2569 5727 De
2618 5678 2823 5729 muliere
2872 5676 2914 5729 si
2968 5677 3212 5740 infantem
3264 5690 3411 5725 suum
3443 5687 3608 5725 recens
3666 5683 3837 5725 nilum
3878 5686 3979 5725 arte

2968 5745 3161 5813 magica
3190 5747 3389 5799 occidit.

2495 5840 2547 5894 Si
2568 5841 2753 5894 mulier
2777 5840 3016 5895 abortum
3038 5852 3341 5910 promoveat
3368 5849 3627 5911 conceptu
3652 5840 3731 5894 sui
3754 5838 3802 5895 in
3830 5847 3975 5893 utero
