4168 6530
298 415 402 469 499

295 635 611 691 conceptum
656 634 758 691 est,
801 635 1083 695 antequam
1126 628 1414 680 animalum
1459 630 1547 691 sit,
1595 631 1744 696 quasi
1779 647 1872 698 pro

297 715 586 767 homicidio
611 715 816 785 jejunet
841 727 947 771 tres
971 732 1163 785 annos,
1190 728 1241 774 et
1262 720 1495 788 qualibet
1540 723 1868 777 ltebdontada

292 805 426 858 duos
447 804 558 860 dies
581 808 646 859 ad
678 821 988 876 vesperam,
1032 821 1085 864 et
1133 821 1240 865 tres
1274 811 1532 880 jejunium
1563 815 1728 883 legale
1755 832 1768 881 ;
1825 818 1868 872 si

293 897 406 964 ipsa
437 895 687 963 abortlat,
718 911 937 967 annum,
972 901 1053 954 vel
1079 902 1173 955 tria
1196 902 1397 970 jejunia
1423 904 1628 973 legalis.

849 1013 1076 1070 CAPUT
1115 1016 1304 1072 XXXI.

363 1101 441 1154 De
464 1103 672 1158 muliere
699 1121 811 1179 qua:
843 1107 1087 1174 infantem
1111 1126 1256 1161 suum
1281 1112 1483 1179 occidit,
1510 1125 1556 1168 et
1586 1116 1648 1169 tle
1681 1117 1866 1169 eucha-

754 1178 899 1229 ristia
920 1195 978 1230 ac
1007 1197 1094 1232 esu
1120 1184 1404 1253 sanguinis.

367 1264 420 1318 Si
447 1276 612 1320 mater
635 1266 887 1323 infantem
913 1285 1063 1324 suum
1083 1274 1308 1337 occidat,
1334 1277 1534 1344 jejunet
1567 1280 1865 1348 quindecim

297 1358 497 1412 lttemes
529 1359 728 1429 absque
771 1363 1086 1429 cessatione,
1119 1368 1355 1436 exceptis
1399 1370 1586 1423 diebus
1617 1372 1775 1424 Solis.
1810 1373 1863 1426 Si

294 1464 495 1516 pauper
518 1451 604 1514 sit,
629 1451 1052 1521 jejunetseptcm
1077 1471 1243 1510 annos
1263 1475 1276 1520 ;
1299 1459 1343 1510 si
1373 1473 1432 1511 ea
1465 1474 1585 1512 cum
1610 1461 1729 1515 aliis
1755 1462 1867 1516 lor-

292 1541 742 1609 tticetur,jejuttet
771 1542 952 1597 decem
994 1559 1181 1599 annos.
1211 1549 1264 1601 Si
1308 1549 1497 1604 mulier
1536 1551 1710 1621 aliqua
1751 1567 1863 1608 arte

288 1637 489 1690 coitum
537 1653 689 1692 suum
735 1639 972 1708 adjuvat,
1007 1644 1079 1696 uti
1129 1644 1238 1711 ipsa
1294 1645 1690 1714 uovit,jejunet
1729 1647 1864 1700 duos

286 1743 476 1791 annos,
520 1731 768 1797 quoniam
803 1733 966 1799 ipsius
1008 1744 1089 1787 est
1121 1737 1359 1802 pollutio.
1391 1736 1563 1791 Unum
1604 1736 1862 1805 jejunium

283 1821 538 1889 competit
561 1820 728 1875 viduis
753 1831 805 1875 et
827 1822 1054 1877 letuinis.
1077 1825 1243 1893 Majas
1261 1826 1511 1895 competit
1527 1827 1676 1880 uxori
1700 1829 1828 1880 mari
1845 1858 1861 1867 -

283 1918 394 1962 tum
427 1909 664 1977 habenti,
691 1911 735 1965 si
761 1911 1079 1966 adulterium
1105 1917 1421 1970 committat.
1454 1916 1596 1972 Uxor
1627 1932 1731 1971 non
1757 1917 1859 2004 Ode-

281 2012 424 2055 serat
451 2004 698 2055 ntaritum
727 2019 903 2068 suum,
936 2005 1059 2058 licet
1088 2006 1435 2060 adulteretur.
1479 2009 1623 2061 Uxor
1669 2011 1731 2061 ad
1767 2024 1859 2062 cu-

279 2092 588 2146 charistiam
613 2094 828 2147 accedat
857 2104 1138 2163 antequam
1162 2099 1354 2165 pariat,
1384 2112 1504 2152 cum
1549 2100 1777 2154 maxime
1809 2100 1856 2153 ei

282 2184 640 2238 necessarium
664 2185 753 2238 sit.
777 2185 962 2239 Mulier
983 2203 1097 2257 quae
1123 2188 1294 2243 mariti
1320 2190 1400 2243 sui
1428 2191 1740 2258 sanguinem
1764 2207 1858 2259 pro

279 2272 461 2342 aliquo
488 2274 873 2330 medicamento
906 2278 1080 2344 tradit,
1107 2279 1314 2348 jejunet
1339 2280 1684 2351 quadraginta
1713 2283 1852 2340 dies.

789 2385 1018 2443 CAPUT
1056 2389 1273 2445 XXXII.

284 2477 360 2531 De
383 2477 729 2533 immolatione
757 2477 1099 2547 inimicatum,
1117 2487 1240 2537 etde
1268 2487 1607 2554 fascinatione
1629 2489 1714 2541 ubi
1743 2490 1856 2556 fru-

869 2563 1090 2605 mentum
1118 2557 1281 2606 ardet.

869 2563 1090 2605 mentum
1118 2563 1281 2608 ardet.

353 2640 409 2693 Si
439 2640 556 2708 quis
582 2642 860 2709 praemium
893 2643 1106 2714 aliquod
1139 2661 1386 2716 magnum
1416 2647 1602 2703 saltem
1628 2649 1856 2705 diabolis

285 2731 542 2795 immolet,
567 2732 771 2801 jejunet
801 2749 894 2803 per
924 2750 1156 2803 annum;
1188 2739 1235 2794 si
1263 2741 1463 2810 aliquid
1494 2757 1742 2812 magnum
1773 2760 1858 2798 sa-

283 2820 506 2887 criﬁcet,
545 2821 752 2890 jejunet
792 2825 976 2880 decem
1005 2827 1248 2882 hiemes:
1281 2833 1578 2901 quicunque
1624 2835 1855 2891 inimicis

285 2913 607 2982 assignatum
633 2913 809 2969 cibum
836 2916 1120 2983 sacrificat,
1152 2928 1207 2973 et
1228 2919 1421 2976 deinde
1445 2923 1706 2978 sacerdoti
1730 2941 1856 2980 con-

283 3003 513 3071 ﬁteatur,
555 3003 730 3060 videat
761 3008 1011 3063 sacerdos
1040 3008 1192 3078 cujus
1232 3011 1436 3066 ordinis
1458 3014 1618 3069 homo
1653 3017 1742 3080 sit,
1773 3016 1854 3071 vel

281 3094 432 3161 cujus
462 3097 654 3160 artatis,
682 3112 837 3165 quam
873 3099 1073 3164 peritus
1102 3101 1206 3164 sit;
1238 3111 1291 3157 et
1307 3102 1501 3158 deinde
1527 3106 1595 3158 ita
1621 3105 1848 3173 judicet,

281 3185 456 3254 prouti
504 3186 600 3256 ipsi
642 3186 994 3256 justissimum
1041 3191 1326 3249 videbitur.
1381 3194 1692 3263 Quicunque
1733 3198 1848 3252 fru-

281 3287 518 3332 mentum
561 3279 666 3334 urit
698 3287 722 3314 °
756 3281 807 3334 in
840 3281 957 3336 loco
985 3281 1075 3337 ubi
1107 3295 1348 3340 mortuus
1389 3297 1468 3341 est
1493 3330 1509 3352 ,
1545 3287 1597 3341 in
1627 3288 1851 3344 salutem

284 3372 545 3436 vivorum,
571 3381 622 3427 et
649 3374 887 3441 masculi,
912 3375 1116 3444 jejunet
1142 3378 1372 3447 quinque
1405 3378 1628 3436 hiemes.

813 3485 1036 3544 CAPUT
1078 3489 1313 3545 XXXIII.

278 3573 354 3629 De
375 3577 706 3644 fascinatione
727 3582 971 3653 mulieris,
996 3593 1042 3635 et
1065 3585 1125 3636 de
1148 3601 1203 3636 eo
1225 3586 1269 3638 si
1290 3585 1378 3637 illa
1403 3585 1698 3653 fornicetur,
1715 3599 1762 3642 et
1788 3590 1852 3643 de

604 3663 713 3701 vato
735 3652 846 3718 ejus
869 3663 979 3721 past
1010 3655 1179 3706 mariti
1210 3660 1288 3707 sui
1311 3652 1526 3711 obitum.

348 3737 402 3793 Si
429 3738 621 3794 mulier
643 3740 798 3794 tiliam
823 3755 969 3796 suam
1001 3758 1160 3812 super
1197 3745 1412 3799 domum
1447 3747 1528 3800 vel
1571 3745 1840 3803 fornacem

273 3830 522 3896 collocet,
561 3831 680 3887 ideo
708 3842 764 3887 ut
815 3833 1005 3890 febrim
1058 3837 1172 3905 ejus
1217 3853 1407 3894 curare
1454 3839 1604 3905 velit,
1647 3841 1849 3911 jejunet

274 3932 480 3990 septem
520 3937 708 3979 annos.
749 3924 806 3980 Si
853 3941 915 3981 ea
966 3927 1020 3982 in
1071 3928 1350 3999 illegitinto
1388 3930 1648 3986 adulterio
1675 3934 1762 4000 sit,
1793 3943 1846 3989 et

271 4012 494 4067 maritus
537 4013 679 4069 illius
720 4029 838 4071 cum
878 4018 990 4086 ipsa
1029 4018 1270 4076 habitare
1308 4023 1458 4086 nolit,
1499 4023 1654 4078 abeat
1681 4037 1740 4078 ea
1780 4024 1843 4078 ad

269 4103 652 4158 monasterium
679 4146 695 4171 ,
725 4107 770 4161 si
801 4108 956 4173 velit;
991 4109 1036 4164 si
1061 4113 1215 4176 nolit,
1242 4122 1418 4166 sumat
1447 4124 1691 4183 quartam
1725 4130 1844 4182 par-

270 4205 378 4246 tem
429 4193 774 4249 hazreditatis.
806 4195 863 4252 Si
903 4196 1093 4252 femina
1127 4199 1298 4270 aliqua
1348 4203 1601 4271 injustum
1642 4204 1846 4258 adulte-

267 4284 406 4336 rium
443 4283 760 4351 committat,
809 4302 961 4356 ptena
1007 4291 1123 4360 ejus
1164 4294 1234 4346 sit
1283 4295 1333 4347 in
1364 4306 1626 4362 potestate
1668 4298 1841 4350 mariti

265 4381 373 4435 sui.
412 4379 558 4436 Uxor
578 4397 696 4449 quae
725 4397 819 4450 pro
849 4399 955 4438 uno
985 4389 1177 4441 marito
1206 4396 1308 4452 cst,
1339 4391 1383 4442 si
1426 4389 1536 4443 Deo
1573 4393 1844 4458 promittat

263 4473 408 4540 quod
459 4485 576 4543 post
616 4476 791 4533 mariti
831 4477 912 4531 sui
957 4491 1180 4534 mortem
1228 4481 1389 4535 alium
1432 4483 1584 4545 ttulit,
1636 4494 1686 4537 et
1728 4487 1838 4551 ipsa

1542 418 2088 480 POENITENTIALIS
2133 426 2252 482 LIB.
2287 433 2321 484 Ι.

297 540 350 583 ct
380 531 428 580 in
475 524 817 598 quadraginta
845 528 1028 583 diebus
1098 529 1362 584 occidatur
1403 532 1450 585 id
1492 535 1629 600 quod
1675 536 1875 587 semine
1905 537 1952 592 Α
1983 539 2062 591 vel
2122 545 2435 611 sacerdotis,

3455 459 3558 514 ΗΟ

2509 553 2586 606 vel
2639 554 2869 622 diaconi,
2924 562 3000 614 vel
3052 563 3116 616 :ttI
3174 571 3549 626 Sattclilicataut

1976 628 2165 685 Christi
2207 650 2442 704 crucem,
2467 641 2670 710 jejunet
2715 663 2909 703 annum
2940 668 3116 708 unum.
3153 656 3207 711 Si
3238 661 3354 726 quis
3379 665 3441 714 ad
3463 665 3543 730 ju-

1975 737 2268 782 ramentum
2307 732 2550 798 ducatur,
2595 747 2648 790 et
2682 744 2881 798 neseiat
2908 745 3046 797 aliud
3070 748 3158 814 jus
3198 764 3390 818 praeter
3421 756 3543 818 hoc,

1972 824 2026 868 et
2072 817 2162 872 ille
2195 829 2367 876 tamen
2398 840 2516 879 cum
2554 828 2672 881 aliis
2707 831 2867 899 juret,
2922 846 2975 890 et
3021 837 3088 890 ita
3131 817 3441 910 decipiatur,
3490 857 3544 899 et

1971 907 2165 964 deinde
2208 913 2342 966 sciat
2379 919 2518 984 quod
2550 919 2738 976 falsum
2772 938 2933 992 esset,
2973 928 3178 996 jejunet
3230 907 3324 986 tria
3359 937 3542 1003 legalia

1966 1001 2191 1068 jejuuia.
2237 1005 2564 1076 Quicumque
2607 1028 2700 1066 sua
2734 1027 2925 1083 sponte
2956 1021 3168 1087 pejcret,
3203 1034 3254 1077 et
3285 1001 3427 1079 norit
3443 1030 3538 1082 de-

1971 1092 2092 1145 inde
2119 1096 2257 1160 quod
2291 1097 2533 1167 perjurus
2561 1102 2649 1166 sit,
2675 1105 2879 1174 jejunet
2909 1118 3014 1165 tres
3040 1114 3117 1166 vel
3149 1116 3280 1169 duas
3314 1119 3539 1174 hiemes.

1969 1182 2023 1238 Si
2063 1188 2180 1254 quis
2209 1190 2257 1242 itt
2290 1191 2406 1245 laici
2451 1193 2688 1250 manibus
2729 1198 2891 1265 juret,
2923 1204 3051 1258 nihil
3096 1204 3269 1259 obstat
3312 1226 3376 1261 an
3421 1227 3540 1263 cum

1969 1280 2178 1341 astutia,
2215 1283 2416 1351 jejunet
2456 1287 2604 1356 juxta
2649 1291 2734 1359 jus
2783 1299 3114 1364 canonicum,
3160 1310 3442 1371 antequam
3475 1308 3538 1358 ad

1969 1372 2339 1428 eucharistiam
2373 1379 2542 1446 abeat,
2575 1393 2854 1451 antequam
2875 1387 3133 1454 jejuniqu
3168 1394 3361 1447 lixerit.
3392 1396 3538 1448 Nou-

1970 1467 2094 1518 nulli
2128 1468 2308 1520 volunt
2354 1481 2407 1522 ut
2436 1473 2610 1524 statim
2653 1478 2792 1528 circa
2838 1480 3116 1536 duodec'm
3174 1500 3400 1550 menses,
3459 1492 3538 1543 vel

1968 1557 2107 1612 circa
2169 1575 2370 1629 septem
2423 1581 2631 1620 menses
2688 1571 2876 1636 adeat;
2936 1579 3170 1631 nonnulli
3246 1580 3429 1635 volunt
3485 1594 3540 1636 ιιι

1968 1670 2084 1710 cum
2106 1656 2363 1725 jejunium
2390 1677 2540 1715 suuut
2571 1663 2760 1718 fixerit.

2514 1772 2739 1829 CAPUT
2772 1776 2986 1831 XXXV.

2314 1862 2390 1917 De
2421 1865 2626 1932 injustis
2653 1871 2883 1932 aperibus
2916 1873 3018 1925 diei
3047 1877 3190 1928 solis.

2039 1951 2210 2006 Gratci
2240 1970 2359 2009 eum
2394 1957 2481 2022 qui
2511 1957 2594 2011 die
2624 1959 2766 2013 Solis
2798 1961 3004 2016 laborat
3035 1966 3180 2033 prius
3225 1968 3396 2022 verbis
3433 1973 3534 2022 nti-

1965 2056 2186 2109 nantur;
2215 2049 2258 2100 si
2289 2049 2478 2103 deinde
2511 2053 2689 2115 iaciat,
2720 2063 2842 2108 tunc
2881 2057 3080 2125 aliquid
3113 2062 3288 2128 operis
3313 2065 3427 2129 ejus
3459 2065 3532 2116 illi

1964 2141 2151 2194 saltem
2184 2142 2466 2207 adimitur;
2499 2146 2651 2198 tertia
2684 2151 2797 2200 vice
2838 2150 3200 2217 SttSpenditur,
3231 2155 3312 2206 vel
3344 2155 3534 2222 jubent

1958 2233 2202 2302 jejunare
2234 2247 2438 2306 septem
2489 2237 2623 2293 dies.
2656 2231 2824 2293 Graeci
2855 2242 3033 2296 volunt
3077 2252 3132 2296 ut
3172 2245 3409 2312 quolibet
3448 2248 3534 2300 die

1961 2324 2103 2379 Solis
2133 2325 2197 2378 ad
2225 2327 2600 2380 eucharistiam
2633 2329 2822 2383 abeant
2865 2341 2968 2385 tam
3003 2332 3124 2386 laici
3153 2350 3308 2402 quam
3343 2352 3532 2392 sacer-

1959 2415 2145 2480 dotes;
2174 2425 2227 2472 et
2251 2418 2341 2486 qui
2369 2418 2540 2473 tribus
2569 2421 2754 2475 diebus
2782 2423 3062 2480 dominicis
3086 2442 3188 2479 non
3214 2428 3322 2480 abit
3345 2429 3409 2481 ad
3435 2445 3531 2485 eu—

1961 2506 2294 2571 charistiam,
2309 2510 2799 2564 excommunicatus
2821 2523 2903 2566 est
2920 2515 3066 2584 juxta
3085 2517 3170 2583 jus
3194 2520 3527 2574 canonicum.

1961 2596 2036 2650 Ita
2068 2597 2338 2651 Romanus
2367 2600 2476 2653 abit
2499 2600 2564 2654 ad
2593 2603 2992 2671 eucharistiam,
3022 2608 3121 2661 nisi
3153 2610 3291 2677 quod
3319 2627 3530 2664 excom-

1959 2691 2196 2747 municct
2241 2709 2361 2748 eum
2405 2696 2493 2764 qui
2545 2708 2837 2766 nequeunt.
2876 2700 3092 2755 Diaconi
3138 2719 3240 2756 non
3288 2705 3533 2771 frangant

1961 2796 2148 2848 panem
2193 2795 2556 2839 consecratum
2599 2802 2719 2841 cum
2753 2788 2973 2855 Grzccis,
3019 2807 3116 2846 nec
3163 2796 3335 2862 legant
3370 2797 3531 2849 colle-

1959 2881 2094 2936 clas,
2121 2889 2218 2928 nec
2247 2875 2425 2929 dicant
2453 2895 2463 2929 :
2495 2877 2746 2933 Dominus
2785 2883 3061 2937 vobiscum.
3098 2885 3151 2938 In
3182 2902 3286 2940 uno
3313 2888 3529 2942 eodem-

1961 2980 2065 3034 que
2085 2966 2241 3022 altari
2266 2968 2500 3037 quotidie
2540 2972 2672 3027 duas
2700 2974 2888 3027 missas
2912 2976 3185 3032 celebrare
3211 2979 3394 3033 debes.
3427 2981 3529 3046 Qui

1961 3073 2067 3112 non
2095 3059 2246 3114 adest
2274 3061 2438 3130 priori
2466 3063 2642 3117 missa:
2673 3080 2776 3119 non
2808 3067 2968 3121 debet
3015 3069 3080 3122 ad
3108 3070 3349 3124 osculum
3377 3086 3529 3125 acce-

1961 3151 2088 3207 dere
2112 3160 2237 3207 ante
2267 3153 2666 3208 eucharistiam.
2698 3157 2794 3222 Qui
2845 3157 2910 3209 ad
2945 3157 3323 3212 eucharistiam
3372 3175 3531 3216 acce-

1879 3225 1927 3288 C
1962 3244 2088 3300 dere
2118 3261 2222 3299 nctt
2249 3247 2379 3311 vult,
2412 3263 2517 3301 tton
2548 3249 2767 3302 accedat
2797 3249 2992 3306 deinde
3035 3252 3101 3305 ad
3156 3254 3525 3322 presbyterum

1961 3351 2057 3404 pro
2087 3351 2245 3405 pane,
2275 3339 2357 3392 vel
2386 3354 2479 3406 pro
2525 3342 2863 3408 eucharistia,
2894 3343 2977 3397 vel
3026 3358 3122 3412 pro
3169 3345 3373 3398 osculo.
3410 3344 3525 3399 Non

1958 3431 2118 3486 debet
2144 3432 2261 3499 quis
2301 3433 2365 3485 ad
2410 3434 2784 3502 presbyterum
2813 3435 3148 3492 eucharistia:
3176 3437 3340 3508 gratia
3367 3453 3523 3493 acce-

1955 3523 2101 3586 dere,
2135 3523 2222 3591 qui
2273 3526 2732 3580 consecrationcm
2765 3529 2842 3582 vel
2890 3529 3171 3583 lectionem
3199 3547 3300 3584 non
3352 3538 3526 3598 potest

1949 3610 2101 3681 juxta
2133 3615 2572 3668 consuetudinem
2606 3618 2845 3685 implere.

2473 3745 2702 3801 CAPUT
2761 3747 2999 3802 XXXVI.

2077 3845 2154 3899 De
2195 3847 2363 3901 missa:
2398 3849 2733 3904 celebratione
2758 3867 2850 3921 pro
2881 3853 3124 3906 monac/to
3153 3863 3201 3906 et
3231 3853 3384 3906 laico.

2022 3959 2126 4012 Pro
2154 3968 2363 4013 mortuo
2393 3963 2657 4017 monacho
2688 3965 2866 4019 statim
2901 3968 3056 4020 tertio
3086 3967 3171 4021 die
3200 3969 3358 4020 missa
3390 3984 3515 4021 can-

1953 4050 2108 4102 tattda
2138 4059 2240 4114 est,
2284 4060 2339 4105 et
2373 4051 2522 4119 juxta
2556 4053 2606 4106 id
2638 4055 2777 4121 quod
2809 4055 2974 4110 abbas
3008 4057 3253 4111 voluerit.
3287 4058 3386 4111 Pro
3433 4061 3519 4125 pio

1950 4137 2083 4190 laico
2109 4139 2266 4191 tertio
2294 4140 2397 4204 die,
2437 4141 2521 4195 vel
2547 4143 2691 4196 circa
2713 4144 2997 4210 septimum
3022 4145 3160 4200 diem
3193 4149 3353 4200 missa
3385 4163 3508 4202 ean-

1952 4230 2106 4281 tanda
2131 4238 2251 4294 est;
2288 4246 2382 4299 pro
2419 4235 2696 4300 pmnitcnti
2729 4237 2944 4290 homine
2974 4239 3112 4292 circa
3149 4240 3381 4308 triginta,
3430 4244 3510 4294 vel

1952 4319 2089 4373 circa
2134 4331 2338 4387 septem
2367 4322 2482 4375 dies
2513 4324 2671 4377 missa
2717 4325 3035 4380 celebranda
3066 4339 3167 4391 cst,
3219 4331 3261 4382 si
3309 4346 3401 4397 pro
3445 4346 3511 4384 eo

1947 4411 2152 4478 cognati
2175 4419 2227 4465 et
2248 4413 2400 4466 amici
2430 4413 2594 4480 ipsius
2621 4415 2968 4484 lidcjnbcant,
2997 4427 3050 4472 et
3072 4433 3168 4486 pro
3195 4425 3368 4473 anima
3394 4422 3509 4488 ejus

1947 4505 2134 4556 saltem
2182 4504 2377 4572 aliquid
2430 4506 2760 4561 benefaciant
2809 4508 2982 4562 altati.
3038 4509 3188 4576 Apud
3245 4512 3512 4565 Romanos

262 4565 427 4616 alium
460 4573 653 4629 sumat,
689 4574 810 4620 tunc
840 4569 1091 4634 paeniteat
1131 4569 1322 4639 ipsam,
1347 4572 1485 4639 quod
1518 4572 1836 4641 promissqu

1955 4597 2274 4652 consuetudo
2299 4608 2381 4652 est
2411 4613 2604 4668 corpus
2628 4603 2932 4671 consumpti
2971 4605 3206 4658 hominis
3245 4619 3300 4660 et
3335 4611 3506 4660 inmiti

263 4671 422 4710 suum
452 4671 557 4710 non
600 4657 928 4726 impleverit;
980 4665 1265 4718 emendare
1295 4665 1487 4719 deinde
1517 4667 1639 4720 velit
1694 4669 1834 4722 circa

260 4745 603 4801 undecimum
647 4762 864 4814 annum,
900 4762 1177 4819 postquam
1209 4754 1259 4808 itt
1289 4757 1462 4809 mariti
1492 4758 1570 4810 sui
1601 4767 1833 4825 potesta-

264 4848 371 4892 tem
407 4840 744 4907 pervenerit;
793 4845 891 4896 hoc
926 4854 1007 4898 est
1050 4857 1224 4899 utrum
1263 4847 1373 4915 ipsa
1401 4847 1450 4902 id
1485 4847 1718 4918 impleat,
1751 4852 1832 4905 vel

259 4939 438 4982 utrum
465 4945 584 4984 cum
623 4934 941 4988 necessitate
973 4950 1093 4990 cunt
1133 4937 1246 4990 viro
1275 4953 1501 5006 quocum
1534 4952 1612 4995 est
1655 4943 1834 4998 vivere

257 5019 468 5073 debeat.
522 5019 577 5074 Si
606 5023 723 5086 quis
750 5023 949 5089 absque
976 5040 1239 5080 consensu
1281 5028 1513 5098 episc0pi
1540 5032 1828 5097 promittat,

257 5110 576 5178 promissum
607 5112 677 5164 sit
721 5112 771 5165 itt
804 5114 1037 5183 episcopi
1063 5125 1348 5184 potestate,
1391 5119 1490 5175 hoc
1528 5132 1610 5177 est
1655 5134 1831 5178 utrum

254 5200 404 5255 illum
431 5211 616 5268 mutet,
649 5203 728 5258 vel
764 5218 888 5258 non.

774 5316 1002 5374 CAPUT
1043 5319 1280 5376 XXXIV.

870 5409 943 5465 De
979 5413 1223 5483 perjurt'o.

325 5498 380 5551 Si
412 5498 532 5565 quis
581 5500 870 5568 perjurium
917 5503 1073 5559 iaciat
1117 5508 1167 5560 in
1199 5509 1424 5564 ecclesia
1461 5513 1542 5567 vel
1587 5513 1636 5567 itt
1693 5514 1829 5569 libro

247 5586 472 5653 Clttisti,
515 5590 594 5642 vel
638 5604 797 5657 super
824 5606 1034 5649 sanctas
1066 5599 1331 5666 reliquias,
1373 5601 1575 5670 jejunet
1603 5617 1829 5675 quatuor

249 5679 473 5734 hiemes.
525 5679 582 5734 Si
611 5682 727 5749 quis
775 5685 1328 5753 perjuriumfaciatin
1379 5709 1534 5750 manu
1567 5699 1819 5768 episeopi,

317 5828 340 5856 ε
376 5816 439 5873 In
473 5819 624 5876 domo
654 5824 963 5880 vertendum
996 5834 1095 5880 est.
1133 5827 1388 5886 Wtsuss.

1939 4688 1992 4741 in
2023 4691 2245 4744 ecclesia
2275 4691 2514 4760 sepeliri,
2549 4704 2600 4747 ct
2640 4695 2928 4751 chrismate
2962 4715 3156 4769 corpus
3185 4704 3299 4771 ejus
3348 4722 3508 4769 ungv-

1938 4795 2018 4846 re,
2059 4791 2112 4836 et
2139 4783 2352 4838 missam
2382 4788 2656 4843 celebrare
2685 4805 2842 4858 super
2867 4808 3007 4857 cum,
3031 4805 3081 4846 et
3110 4811 3228 4847 eum
3257 4807 3410 4848 cantu
3440 4799 3504 4848 ad

1937 4876 2237 4943 sepulcrum
2282 4887 2526 4947 portare;
2574 4897 2692 4935 cum
2726 4884 2777 4936 in
2822 4886 3065 4952 sepulcro
3097 4888 3385 4940 collocatus
3415 4888 3502 4951 sit,

1937 4979 2131 5022 terram
2161 4983 2325 5036 super
2354 4986 2471 5025 eum
2511 4971 2710 5040 jacere,
2757 4982 2882 5029 tunc
2912 4977 3103 5043 primo,
3148 4988 3200 5031 et
3233 4981 3408 5042 tertio,
3459 4991 3509 5033 et

1938 5075 2100 5124 nono,
2131 5069 2184 5115 et
2215 5063 2487 5131 trigesimo
2534 5064 2621 5118 die
2653 5081 2749 5133 pro
2795 5067 2884 5120 illo
2927 5070 3140 5124 missam
3185 5081 3422 5135 cantare,
3456 5084 3509 5125 et

1937 5161 2120 5219 postea
2154 5153 2227 5206 uti
2259 5154 2485 5224 quisque
2505 5157 2754 5210 voluerit.

2451 5265 2679 5323 CAPUT
2718 5269 2978 5324 XXXVII.

2077 5354 2153 5410 De
2188 5358 2417 5410 mulieris
2453 5361 2772 5427 perceptione
2799 5374 2987 5416 sanctce
3016 5363 3350 5422 auc/taristitt'.

2002 5446 2246 5502 Mulieres
2295 5449 2396 5502 sub
2439 5449 2701 5507 Brunonis
2754 5456 2949 5523 regulis
2997 5456 3060 5509 ad
3119 5458 3497 5512 eucharistiam

1930 5539 2205 5605 accedant,
2239 5541 2314 5595 uti
2349 5541 2572 5600 Basilius
2599 5545 2841 5600 docebat.
2875 5548 3025 5614 Apud
3055 5549 3270 5606 Graecos
3297 5568 3496 5607 uxores

1931 5631 2246 5685 sacriﬁcium
2288 5631 2563 5689 immolare
2593 5636 2879 5702 debebant,
2915 5640 2986 5692 uti
3020 5643 3158 5709 apud
3201 5643 3490 5698 Ilotttauos.

1931 5721 2048 5776 Tria
2076 5721 2274 5791 jejunia
2304 5723 2490 5795 Iegalia
2523 5737 2646 5782 sunt
2674 5731 2978 5798 quotannis,
3013 5751 3170 5790 unum
3209 5753 3302 5806 pro
3356 5740 3501 5794 omni
