4168 6534
709 437 806 492 ω

709 553 924 624 populo,
957 562 1148 618 nempe
1175 544 1520 616 quadraginta
1545 541 1658 593 dies
1680 549 1803 592 ante
1832 536 2034 592 Pascha
2060 532 2282 598 ;deinde
2317 535 2356 589 Λ

709 663 829 700 cum
868 644 1135 699 decimum
1180 638 1396 694 obolum
1449 648 1681 686 annuum
1738 631 2029 693 solvimus,
2079 635 2132 680 ct
2183 625 2284 678 hoc

712 735 1062 801 quadraginta
1093 730 1210 784 dies
1239 738 1362 782 ante
1406 725 1594 778 Natale
1645 723 1892 776 Domini:
1929 731 2054 772 tunc
2098 733 2286 771 omnes

719 840 816 892 pro
846 822 1081 877 exercitu
1124 829 1299 881 orent,
1332 825 1383 870 et
1412 817 1682 870 orationes
1715 815 1911 880 legam,
1961 819 2016 866 et
2058 809 2287 880 quadra-

715 915 858 983 ginta
886 913 1002 968 dies
1032 922 1150 982 post
1183 911 1560 964 Pentecosten.

1222 999 1448 1054 CA‘PUT
1487 994 1770 1051 XXXVIII.

721 1095 796 1149 De
826 1094 1084 1163 vulpibus,
1135 1100 1184 1145 et
1221 1092 1284 1144 de
1313 1090 1506 1163 avibus,
1555 1099 1602 1163 et
1648 1089 1808 1154 equis,
1859 1101 1918 1138 ac
1960 1083 2083 1150 {eris
2120 1083 2290 1136 bestiis

1173 1177 1287 1231 qua:
1325 1159 1646 1214 comedenda:
1688 1167 1826 1210 sunt.

790 1255 968 1308 Pisces
1003 1253 1107 1308 emi
1152 1261 1394 1320 possunt,
1423 1249 1547 1303 licet
1575 1248 1765 1301 mortui
1805 1254 2111 1306 occurrant,
2158 1259 2289 1312 quo-

719 1345 860 1400 niam
888 1346 1021 1398 alius
1049 1344 1246 1413 speciei
1275 1351 1416 1396 sunt.
1443 1339 1580 1394 Caro
1619 1338 1808 1408 equina
1841 1353 1944 1391 non
1984 1347 2066 1392 est
2106 1336 2287 1406 prohi-

721 1435 851 1498 bita,
881 1436 1003 1489 licet
1027 1435 1202 1488 multa:
1233 1432 1445 1486 familiae
1475 1445 1592 1484 eam
1637 1444 1816 1484 emere
1855 1429 2055 1492 nolint;
2085 1443 2212 1481 aves
2241 1435 2295 1480 ct

721 1526 838 1578 alia:
871 1525 1073 1588 bestim,
1102 1539 1220 1594 quae
1247 1523 1297 1577 in
1339 1522 1540 1576 retibus
1568 1531 1692 1574 sunt
1719 1520 2012 1583 suffocatzn,
2043 1536 2145 1573 non
2171 1527 2294 1572 sunt

722 1617 1094 1680 comedenda;
1144 1631 1317 1684 neque
1363 1628 1496 1684 quas
1533 1613 1784 1680 accipiter
1834 1611 2202 1674 momorderit,
2250 1611 2294 1663 si

722 1718 942 1762 mortua:
974 1709 1329 1772 inveniantur,
1360 1721 1464 1759 non
1497 1713 1621 1758 sunt
1649 1704 1907 1767 edendze;
1939 1703 2188 1772 quoniam
2223 1705 2291 1756 ita

719 1809 898 1854 exstat
927 1801 979 1853 in
1011 1798 1228 1852 Actibus
1255 1797 1618 1866 apostolorum
1665 1795 1959 1863 injunctum
1996 1812 2007 1846 :
2039 1793 2298 1846 Abstinele

1646 419 1942 476 EGBERTI
1985 415 2161 470 IillOll
2174 411 2450 468 ACENSIS
2492 415 2529 466 Α
2543 413 2674 468 RCII
2687 415 3007 471 IIil‘iSCOPI

3859 428 3963 482 412

2981 537 3204 592 CAPUT
3251 538 3358 592 XL.

2465 624 2536 675 Ite
2567 626 2758 678 violatis
2788 629 2975 694 porcis,
3002 640 3046 681 ct
3076 632 3137 683 de
3164 633 3279 682 aliis
3317 632 3530 700 impuris
3557 635 3885 690 animalibus.

2467 716 2519 770 Si
2547 733 2636 770 sus
2659 719 2778 772 edat
2819 735 3033 774 carnem
3064 734 3347 790 mortuam,
3384 725 3464 778 vel
3489 728 3799 793 sanguinem
3851 731 3961 783 hn-

2389 821 2601 859 manum
2641 807 2944 871 absorbeat,
2970 813 3327 877 permittimus
3371 826 3546 870 tamen
3575 827 3630 870 ut
3678 835 3781 874 non
3827 823 3967 888 aluji-

2390 896 2577 961 ciatur,
2623 898 2744 952 licet
2784 902 2992 954 comedi
3027 917 3130 954 non
3161 903 3375 969 debeat,
3421 922 3587 974 usque
3627 909 3750 962 dum
3797 927 3968 978 purus

2389 990 2474 1042 sil.
2519 991 2571 1044 Si
2611 991 2800 1058 gallina
2846 994 3079 1048 ltoutinis
3122 997 3434 1065 sanguinein
3489 1001 3652 1064 bibat,
3688 1012 3806 1066 post
3856 1015 3966 1054 tres

2392 1096 2604 1135 menses
2636 1084 2687 1136 in
2715 1098 2867 1138 ttsum
2896 1089 3134 1141 converti
3183 1098 3374 1157 potest.
3411 1089 3535 1145 licet
3566 1102 3717 1145 vetus
3761 1095 3826 1147 de
3862 1095 3964 1145 hoe

2393 1185 2496 1224 non
2530 1172 2818 1226 habeamus
2850 1177 3238 1232 testimonium.
3274 1180 3327 1233 Si
3375 1182 3496 1249 quis
3539 1183 3737 1251 aliquid
3765 1200 3962 1238 cruen-

2393 1270 2504 1314 tum
2547 1262 2686 1325 edat,
2723 1263 2774 1317 in
2823 1265 3045 1320 dimidio
3091 1269 3234 1322 elixo
3279 1272 3421 1334 cibo,
3474 1273 3515 1325 si
3563 1274 3714 1335 sciat,
3758 1275 3964 1342 jejunet

2393 1361 2596 1419 septem
2625 1353 2770 1418 dies;
2801 1353 2846 1408 si
2898 1358 2998 1409 hoc
3026 1360 3246 1424 nesciat,
3297 1361 3502 1428 jejunct
3545 1372 3653 1417 tres
3699 1365 3834 1430 dies,
3877 1368 3964 1419 vel

2397 1444 2706 1510 psalterium
2727 1454 2928 1500 cantet.
2957 1448 3056 1514 Qui
3085 1450 3358 1517 proprium
3388 1457 3696 1519 sanguinem
3723 1457 3772 1508 in
3797 1458 3964 1510 saliva

2398 1535 2641 1587 nesciens
2666 1535 2912 1601 devocet,
2938 1555 3042 1593 non
3070 1551 3154 1595 est
3185 1542 3284 1596 hoc
3313 1544 3525 1610 aliquod
3551 1546 3820 1600 damnum.
3865 1550 3965 1615 Qui

2399 1623 2595 1691 aliquid
2623 1625 2734 1678 edit
2762 1626 2879 1695 ejus
2902 1631 3040 1695 quod
3069 1631 3216 1682 canis
3239 1634 3320 1686 vel
3350 1649 3466 1687 nius
3494 1637 3742 1702 comedit,
3769 1641 3850 1690 vel
3881 1641 3965 1692 cui

2400 1715 2624 1769 mustela
2655 1716 2909 1785 adjacuit,
2935 1729 2990 1774 et
3015 1721 3129 1789 ipse
3165 1721 3266 1777 hoc
3295 1723 3446 1787 sciat,
3473 1736 3650 1781 cantet
3673 1741 3886 1782 Centum
3914 1738 3970 1783 et

2401 1807 2584 1860 decem
2619 1808 2874 1874 psalmos.
2905 1811 3004 1878 Qui
3031 1814 3182 1868 alteri
3214 1829 3400 1882 aquam
3431 1817 3612 1871 vendit
3639 1820 3688 1870 in
3717 1835 3818 1885 qua
3851 1837 3971 1873 ntus

721 1907 805 1943 vos
843 1906 874 1942 α
918 1890 1272 1958 fornicatione,
1309 1898 1354 1941 et
1383 1905 1414 1940 a
1455 1887 1731 1952 stt/focale,
1782 1885 2026 1952 sanguine
2054 1893 2101 1935 et
2132 1883 2294 1934 idolo-

2402 1896 2482 1948 vcl
2515 1898 2740 1950 mustela
2771 1900 2968 1953 fuerint
3002 1903 3286 1968 sobmersi,
3318 1908 3359 1958 si
3391 1909 3457 1959 sit
3487 1883 3970 1976 rusticum—jejuna

722 1980 895 2032 latria.
927 1981 1132 2032 llalices
1157 1977 1362 2032 comedi
1389 1986 1606 2046 possunt
1633 1983 1687 2029 et
1713 1975 1834 2028 boni
1862 1983 1984 2028 sunt
2023 1975 2075 2026 in
2119 1973 2291 2034 febre.

724 2078 778 2123 et
823 2069 1072 2127 dirrha'a.
1102 2068 1224 2122 elixi
1270 2069 1322 2120 in
1357 2083 1512 2134 aqua,
1544 2075 1597 2120 et
1639 2067 1702 2120 fel
1735 2081 1918 2120 eorum
1949 2081 2068 2117 eum
2112 2065 2294 2134 pipere

728 2159 938 2214 misceri
987 2167 1163 2227 potest
1209 2158 1274 2212 ad
1325 2157 1552 2211 scabiem
1577 2157 1685 2210 oris
1718 2156 2075 2227 (sanandam).

1252 2265 1478 2320 CAPUT
1522 2264 1762 2318 XXXIX.

766 2356 840 2411 De
866 2358 1046 2428 apibus
1074 2371 1188 2426 qua:
1217 2364 1445 2425 pungunt
1476 2355 1704 2408 homines
1743 2364 1791 2409 et
1820 2355 1884 2408 de
1911 2355 2063 2409 variis
2091 2355 2260 2409 rebus.

798 2448 855 2504 Si
883 2463 1010 2516 apes
1037 2449 1305 2502 hominem
1347 2446 1658 2511 occiderint,
1689 2446 1760 2500 ita
1790 2445 2102 2500 occidantur
2141 2454 2296 2500 antc-

731 2554 890 2606 quam
921 2540 987 2592 ad
1031 2539 1132 2592 mel
1162 2539 1475 2606 perveniant
1501 2576 1517 2600 ,
1547 2547 1600 2590 et
1630 2537 1816 2590 saltem
1854 2545 1912 2590 ut
1938 2551 2044 2589 non
2074 2552 2171 2605 per
2202 2551 2301 2590 no-

730 2641 870 2682 l‘leﬂl
919 2629 989 2684 ibi
1017 2629 1290 2694 habitent;
1331 2639 1389 2684 et
1425 2628 1614 2685 edatur
1643 2628 1746 2682 mel
1782 2628 1923 2697 quod
1949 2627 2210 2682 fecerunt.
2243 2627 2299 2684 Si

738 2719 1001 2784 porcellus
1028 2719 1281 2776 ceciderit
1319 2721 1372 2773 in
1421 2735 1633 2788 aquam,
1667 2728 1722 2774 et
1772 2720 1922 2773 vivus
1968 2719 2299 2784 extrahatur,

739 2819 1015 2877 spargatur
1055 2825 1216 2879 super
1261 2825 1453 2880 aquam
1504 2811 1646 2864 illam
1689 2826 1824 2880 aqua
1866 2820 2198 2875 consecrata,
2249 2817 2305 2863 et

733 2900 977 2954 suffiatnr
1003 2916 1126 2955 cum
1158 2902 1336 2968 thure,
1381 2911 1435 2957 et
1474 2903 1730 2956 vendatur
1760 2918 1894 2973 aqua
1923 2903 2043 2966 illa;
2091 2903 2134 2957 si
2178 2913 2305 2958 tunc

736 3002 974 3044 mortuus
996 2993 1088 3058 sit,
1119 3001 1174 3046 et
1203 3001 1324 3046 tunc
1347 3007 1481 3060 aqua
1516 2994 1668 3047 vcndi
1700 3003 1950 3063 nequeat,
1977 2993 2302 3050 effundatur.

739 3081 794 3133 Si
818 3082 936 3149 quis
959 3082 1180 3149 impuris
1209 3083 1456 3139 manibus
1477 3085 1841 3155 cujuscunque
1861 3087 2076 3155 generis
2103 3095 2304 3156 tangat,

738 3177 818 3229 vel
865 3189 1072 3239 canem,
1110 3177 1190 3232 vel
1244 3186 1441 3240 catum,
1474 3175 1554 3230 vel
1603 3193 1828 3244 morem,
1863 3178 1943 3231 ve!
1986 3192 2174 3246 purum
2215 3187 2308 3232 aut

2399 1995 2504 2038 tres
2544 1987 2688 2050 dies;
2715 1988 2758 2040 si
2784 1989 2853 2042 sit
2876 1991 3173 2058 religiosus,
3200 2004 3377 2050 cantet
3409 2007 3672 2052 trecentos
3699 2003 3966 2066 psalmos;

2397 2074 2442 2127 si
2465 2084 2587 2128 ante
2612 2077 2933 2146 nesciverat,
2958 2091 3010 2134 et
3037 2092 3215 2148 postea
3239 2093 3390 2148 seret,
3425 2096 3603 2140 cantet
3634 2091 3962 2155 ps.t|lcrium.

2996 2171 3219 2228 CAPUT
3251 2176 3382 2230 ΜΛ.

2560 2259 2639 2315 De
2668 2265 2830 2316 sancti
2861 2263 3088 2332 Dyonisii
3110 2275 3157 2318 et
3183 2279 3344 2320 sancti
3375 2267 3642 2336 Augustini
3664 2272 3835 2327 dictis.

2471 2352 2751 2424 Dionysius
2798 2357 3112 2424 Areopagita
3159 2357 3368 2412 dicebat
3411 2359 3550 2428 quod
3604 2370 3790 2416 cantus
3831 2366 3970 2430 apud

2402 2440 2568 2500 Deum
2621 2448 2838 2501 odiosus
2884 2457 3045 2516 esset,
3089 2448 3133 2501 si
3183 2451 3298 2517 quis
3346 2465 3439 2518 pro
3473 2454 3628 2506 malis
3668 2454 3974 2508 hominibus

2403 2535 2618 2588 missam
2673 2536 2943 2601 celebret;
2993 2549 3047 2591 at
3091 2540 3414 2605 Augustinus
3452 2540 3662 2595 dicebat
3698 2544 3837 2610 quod
3878 2558 3976 2610 pro

2401 2625 2651 2678 omnibus
2695 2625 2999 2680 hominibus
3043 2627 3359 2683 celebranda
3391 2633 3480 2697 sit,
3527 2633 3640 2687 sive
3669 2633 3720 2686 id
3752 2637 3800 2687 in
3830 2650 3976 2688 corn-

2405 2716 2620 2768 modum
2673 2715 2763 2768 fiat
2808 2715 3119 2772 hominibus
3153 2721 3396 2786 mortuis,
3448 2736 3562 2776 srve
3590 2726 3892 2786 orantihns,
3922 2735 3974 2779 et

2406 2805 2633 2860 hostiam
2682 2806 2975 2862 liberaliter
3024 2809 3442 2866 immolantibus.
3480 2812 3578 2880 Qui
3627 2829 3722 2882 pro
3769 2826 3975 2870 mortuo

2402 2899 2636 2968 jejunat,
2668 2898 2768 2953 hoc
2816 2900 2863 2954 ei
2906 2901 3000 2969 ips'
3052 2911 3122 2954 srt
3167 2902 3450 2968 solatium,
3482 2907 3524 2958 si
3562 2915 3830 2959 mortuum
3871 2923 3974 2960 non

2408 2989 2690 3058 adjuverit.
2737 2989 2878 3044 Deus
2899 2993 3043 3044 solus
3067 2993 3170 3046 scit
3197 2995 3321 3061 quin
3355 3005 3593 3049 mortuus
3625 3000 3973 3053 commiserit.

2478 3083 2706 3137 Sanctus
2725 3082 2993 3153 Sylvester
3013 3084 3260 3138 dicebat:
3291 3087 3582 3156 Acolytims
3615 3105 3717 3143 non
3745 3091 3979 3144 diﬂamet

2410 3171 2795 3234 subdiaconum
2843 3174 3096 3242 aliquem,
3154 3190 3252 3229 nec
3299 3178 3560 3230 exorcista
3604 3179 3842 3232 diﬂaniet
3887 3181 3979 3233 ali-

742 3267 1005 3336 impurum
1055 3267 1267 3338 aliquod
1307 3268 1528 3332 animal,
1552 3267 1886 3324 Theodorius
1915 3270 2127 3324 dicebat
2164 3269 2309 3340 quod
2335 3235 2383 3298 ο
2416 3277 2573 3331 quem
2627 3262 2953 3334 acolyllmm.
3009 3279 3109 3318 nec
3159 3265 3405 3320 ostiarius
3457 3267 3710 3322 lectorem
3751 3270 3978 3338 aliquem

739 3358 869 3411 nihil
899 3359 948 3414 ei
977 3359 1171 3412 doleat.
1202 3358 1258 3413 Si
1299 3358 1350 3413 in
1386 3374 1599 3427 parvam
1647 3359 1876 3430 aliquam
1907 3375 2097 3430 aquam
2151 3378 2270 3418 mus
2291 3405 2306 3431 ,

739 3451 821 3504 vel
845 3451 1068 3505 mustela
1094 3451 1360 3515 inciderit,
1379 3461 1431 3507 et
1453 3450 1521 3504 ibi
1548 3451 1826 3516 moriatur,
1849 3461 2166 3521 aspergatur
2187 3467 2310 3507 cum

738 3553 1048 3597 consecrata
1102 3558 1270 3612 aqua,
1321 3554 1374 3597 et
1430 3542 1688 3598 vendator
1742 3542 1944 3612 (aqua).
1995 3544 2310 3613 Quicunque

739 3633 1002 3699 impurum
1044 3633 1236 3687 animal
1287 3648 1383 3701 pro
1433 3648 1525 3686 sua
1571 3633 1891 3687 necessitate
1929 3633 2130 3696 vendit,
2173 3633 2307 3687 nihil

741 3722 790 3775 ci
821 3722 1017 3777 doleat.
1052 3722 1276 3776 Infirmis
1314 3723 1618 3776 hominibus
1662 3725 1978 3792 permissum
2008 3733 2091 3778 est
2118 3724 2310 3793 quovis

747 3823 1008 3881 tempore,
1041 3825 1092 3868 et
1116 3814 1326 3882 quando
1360 3815 1422 3868 iis
1452 3815 1731 3882 placuerit,
1759 3816 1936 3870 cibum
1978 3830 2212 3870 sumere.
2257 3815 2312 3872 Si

743 3902 863 3968 quis
897 3902 976 3956 bis
1020 3907 1386 3971 confirmetur,
1415 3913 1471 3960 et
1515 3906 1615 3960 hoc
1659 3907 1810 3974 sciat,
1857 3907 2066 3976 jejunet
2105 3919 2311 3976 septem

749 3993 990 4059 hiemes;
1019 3997 1063 4050 si
1095 3997 1195 4051 hoc
1225 3997 1448 4064 nesciat,
1477 3997 1684 4065 jejunct
1713 4009 1820 4053 tres
1851 3998 2074 4054 hiemes.

2415 3353 2592 3421 aliquo
2617 3351 2769 3422 jure;
2799 3364 2854 3408 et
2893 3355 3139 3410 nolumus
3172 3366 3228 3410 ut
3269 3356 3650 3422 subdiaconus,
3683 3361 3764 3415 vel
3795 3363 3984 3431 acoly-

2417 3445 2562 3511 thus,
2616 3446 2701 3500 vel
2748 3448 3044 3513 exorcista,
3073 3450 3154 3503 vel
3205 3451 3476 3518 ostiarius,
3526 3452 3608 3506 vel
3647 3452 3836 3516 lector.
3868 3454 3987 3508 licet

2417 3536 2646 3592 inl'antes
2677 3537 2928 3604 habeant,
2957 3537 3256 3608 ejiciantnr,
3288 3550 3341 3594 et
3363 3542 3533 3611 legem
3562 3546 3895 3614 conjugalem
3923 3561 3986 3600 ac

2417 3627 2615 3682 Christi
2646 3639 2792 3683 recte
2820 3631 3140 3684 annuntient
3175 3647 3190 3683 :
3224 3633 3321 3686 nisi
3351 3634 3537 3700 excipe
3561 3673 3576 3699 ,
3607 3635 3650 3687 si
3681 3637 3858 3691 omnia
3885 3653 3985 3691 nt-n

2415 3725 2520 3778 sint
2547 3739 2707 3792 quam
2735 3723 3038 3779 certissime
3069 3739 3222 3794 pura,
3258 3725 3504 3794 loquatur
3531 3738 3736 3796 septem
3769 3729 3983 3798 linguis;

2417 3831 2516 3872 nec
2545 3817 2801 3870 diaconus
2829 3815 3022 3884 aliquis
3053 3815 3171 3883 ejici
3206 3826 3396 3884 potest,
3437 3819 3538 3871 nisi
3574 3819 3786 3889 triginta
3815 3829 3870 3875 et
3894 3836 3985 3876 sex

2421 3909 2688 3980 (testium)
2720 3921 2965 3975 numero,
2996 3917 3050 3964 et
3079 3910 3372 3980 presbyter,
3403 3910 3752 3981 quadraginta
3779 3922 3834 3968 et
3858 3928 3987 3983 qna-

2428 4012 2548 4057 tuor
2575 4015 2798 4055 numero
2817 4001 2943 4056 sint.

1987 4249 2328 4327 LIBRI
2391 4253 2750 4330 PRIMI

2077 4405 2274 4468 PARS
2316 4406 2658 4468 ALTERA.

1267 4552 1494 4608 CAPUT
1535 4552 1821 4610 PRIMUM.

754 4643 855 4697 llic
881 4643 1056 4708 incipit
1103 4644 1324 4709 primum
1359 4656 1511 4714 caput
1553 4646 1848 4714 (quomodo)
1886 4646 2102 4711 aliquem
2151 4647 2325 4699 deceat

927 4715 1024 4767 sibi
1051 4730 1331 4780 pra'cavere
1347 4718 1503 4785 juxta
1533 4727 1849 4782 peccatorum
1878 4719 2146 4769 rationem.

829 4803 990 4858 Decet
1006 4803 1342 4858 sacerdotem
1358 4803 1698 4859 considerare
1717 4815 2054 4873 peccatorum
2082 4804 2330 4860 emenda-

760 4896 955 4950 tionem
974 4895 1124 4964 juxta
1151 4897 1237 4963 jus
1263 4895 1585 4965 episcopale.
1617 4907 1672 4951 et
1701 4912 1806 4950 non
1846 4898 2112 4965 respicere
2138 4896 2330 4952 divites

761 4998 859 5039 nec
910 4998 1191 5054 pauperes,
1241 4992 1298 5038 ut
1325 4987 1403 5038 eis
1445 4985 1777 5054 przescribat,
1829 4986 2001 5056 prouti
2052 4986 2185 5040 liber
2233 4985 2332 5054 ipsi

761 5077 1049 5143 praescrihit
1078 5091 1092 5137 ;
1122 5075 1370 5144 quoniam
1401 5075 1652 5129 Salvator
1673 5075 1826 5139 dicit,
1850 5077 1894 5130 si
1924 5076 2179 5130 sacerdos
2202 5076 2335 5130 nolit

766 5167 1028 5230 peccatori
1078 5167 1508 5221 emendationem
1562 5176 1904 5235 peccatorum
1951 5183 2168 5221 suorum
2201 5181 2336 5235 prae-

768 5257 1015 5321 scribere,
1062 5259 1202 5326 quod
1251 5259 1480 5313 animam
1527 5258 1672 5313 illam
1724 5261 1790 5314 ab
1841 5259 1958 5329 ipso
2012 5259 2205 5314 deinde
2254 5274 2337 5313 re-

767 5356 958 5420 quiret.

1381 5426 1604 5482 CAPUT
1645 5427 1705 5482 II.

776 5518 848 5570 lle
889 5534 948 5571 eo
986 5519 1074 5585 qui
1109 5519 1158 5572 in
1197 5530 1416 5572 extremo
1459 5522 1615 5589 (vitaz)
1647 5539 1752 5574 sure
1793 5522 1876 5575 die
1901 5523 1967 5573 ad
1997 5520 2341 5587 penitentiam

845 5600 1159 5653 peccatorum
1209 5607 1418 5643 suorum
1456 5607 1510 5644 se
1557 5601 1840 5646 convertere
1881 5593 2018 5656 velit,
2049 5602 2098 5644 ut
2139 5592 2234 5644 hoc
2261 5589 2341 5644 illi

848 5674 944 5708 non
971 5668 1194 5727 negetur.

857 5747 1080 5802 Sanctus
1112 5749 1340 5802 Isidorus
1371 5750 1515 5814 dicit,
1549 5755 1686 5820 quod
1719 5753 1895 5817 opinio
1924 5763 2067 5806 esset
2105 5752 2339 5806 hominis

781 5851 958 5892 veram
995 5840 1378 5896 confessionem
1404 5851 1454 5897 et
1484 5842 1882 5898 conversionem
1917 5845 2026 5900 Deo
2054 5854 2332 5909 acceptam

2353 4554 2407 4615 D
2435 4554 2544 4606 fore
2571 4552 2624 4606 in
2662 4563 2902 4608 extremo
2945 4553 3061 4622 ejus
3091 4553 3208 4618 die;
3259 4551 3506 4621 quoniam
3549 4552 3796 4606 Salvator
3823 4554 3946 4608 dicit
3979 4571 3993 4607 :

2433 4645 2743 4712 Quocunque
2785 4645 2868 4697 die
2909 4643 3058 4697 homo
3089 4647 3157 4695 ad
3197 4645 3332 4710 piant
3361 4642 3512 4694 vitam
3539 4643 3822 4706 revertitur,
3857 4648 3993 4704 viret,

2429 4745 2476 4790 et
2506 4753 2608 4790 non
2635 4736 2878 4796 morietur
2905 4752 2922 4788 :
2955 4736 3074 4790 ideo
3103 4750 3209 4789 nou
3239 4743 3319 4789 est
3347 4733 3631 4802 rejicienda
3658 4749 3784 4787 vera
3810 4736 3996 4801 resipi-

2430 4827 2654 4890 scentia,
2683 4839 2997 4896 quocunque
3027 4835 3265 4894 tempore
3294 4825 3387 4878 liat
3413 4842 3427 4889 ;
3457 4825 3579 4892 quia
3601 4825 3856 4880 sacerdos
3880 4827 3989 4878 nul—

2433 4920 2536 4974 lam
2570 4919 2729 4974 habet
2757 4919 3128 4973 necessitatem
3168 4918 3273 4972 illis
3313 4917 3614 4971 hominibus
3659 4932 3842 4971 verant
3875 4932 3995 4970 co..-

2436 5008 2716 5064 fessionem
2747 5008 3068 5076 denegandi,
3117 5007 3238 5076 quia
3279 5007 3418 5061 Deus
3468 5008 3864 5075 contemplatur
3904 5022 3991 5060 cu-

2433 5101 2652 5170 juslibet
2679 5099 2909 5154 hominis
2937 5099 3286 5167 cogitationes
3317 5098 3598 5153 interiores
3619 5140 3636 5163 ,
3661 5109 3715 5152 et
3741 5101 3887 5154 novit
3911 5113 3991 5152 se—

2437 5202 2586 5246 creta
2615 5191 2855 5245 cordium
2885 5190 3119 5244 onmium
3153 5189 3444 5242 hominum.

3037 5326 3262 5382 CAPUT
3303 5327 3386 5381 III.

2446 5429 2522 5482 De
2553 5445 2609 5482 eo
2655 5429 2741 5494 qui
2781 5429 3031 5480 desiderat
3070 5427 3412 5496 paenitentiam
3453 5443 3634 5495 agere,
3677 5436 3722 5479 et
3755 5427 3997 5484 ciutirum,

2514 5499 2607 5552 hoc
2631 5509 2701 5551 est
2729 5499 2914 5551 Christi
2942 5515 3144 5563 corpus.
3193 5514 3256 5549 es:
3304 5498 3482 5549 limare
3509 5498 3719 5556 mortis;
3759 5510 3803 5546 et
3853 5501 3911 5548 de
3953 5516 4002 5546 τυ

2516 5570 2596 5621 cui
2638 5585 2801 5622 sermo
2848 5571 3110 5635 ademptus
3142 5578 3211 5621 cst
3244 5578 3508 5636 antequam
3560 5567 3894 5629 C0ﬂf¢¢80iiﬂl
3934 5584 4003 5616 τι·-

2518 5651 2664 5692 ncrtt.

2522 5750 2644 5803 Furi
2668 5763 2884 5803 necesse
2909 5757 2990 5800 est
3017 5759 3071 5800 ut
3102 5747 3350 5800 sacerdos
3382 5745 3540 5814 hujus
3567 5745 3884 5798 coniliionis
3914 5746 3995 5794 ha-

2450 5843 2640 5897 mincut
2671 5839 2994 5905 consoletur,
3020 5848 3072 5893 et
3100 5836 3487 5892 confessionem
3519 5837 3635 5905 ejus
3665 5837 3864 5894 audet.
3890 5845 3937 5887 et
3961 5851 4004 5885 τι
