4168 6530
256 421 354 474 4ιῦ

1509 427 2058 486 ΓΟΕΝΙῚΊΞΝῚΊᾹΙᾸΒ
2102 433 2224 485 Llli.
2276 434 2312 488 I.

3427 459 3529 514 H5

252 533 439 585 saltem
473 533 846 586 eucharistiam
899 549 1004 586 non
1037 533 1296 604 deneget;
1332 546 1383 589 et
1416 538 1539 591 licet
1579 554 1697 591 cum
1744 543 1828 593 illa
1867 548 1907 602 Α
1941 546 2180 607 vertitur,
2210 547 2399 601 similis
2430 555 2496 603 sit
2521 555 2738 607 omnino
2769 560 2883 610 cani
2917 562 3004 629 qtti
3041 569 3226 631 vomit,
3249 579 3300 621 et
3328 573 3521 629 deinde

252 623 556 677 intirtnitate
603 625 737 678 adeo
791 625 1140 679 labefactatus
1170 630 1238 680 sit
1280 630 1354 680 uti
1406 630 1546 698 loqui
1583 645 1828 700 nequeat,

249 717 321 766 uti
355 727 477 768 ante
510 727 747 784 poterat;
780 726 953 773 tamen
1001 721 1041 772 si
1079 722 1442 776 testimonium
1484 725 1677 778 habent
1711 727 1828 780 illo-

247 825 362 861 rum
385 811 472 879 qui
505 825 622 863 cutn
658 811 771 876 ipso
801 821 923 862 sunt
951 810 1246 878 hominum,
1277 813 1415 880 quod
1440 816 1828 872 confessionem

244 903 434 956 fecerit
464 913 518 955 et
560 902 941 956 eucharistiam
976 905 1308 970 perceperit,
1349 916 1470 960 tunc
1499 910 1752 964 sacerdos
1780 914 1827 966 ei

245 993 613 1048 remissionem
644 994 753 1059 det,
783 1004 835 1048 cl
859 994 1118 1064 judicium
1157 996 1319 1063 ipsius
1350 997 1524 1052 faciat.

858 1087 1082 1141 CAPUT
1124 1087 1210 1140 IV.

242 1173 319 1226 De
343 1191 399 1228 eo
430 1179 519 1246 qui
553 1188 872 1242 peccatorum
904 1194 1110 1230 suorum
1134 1181 1500 1249 confessionem
1534 1184 1823 1239 meditatur.

314 1269 459 1323 Multi
511 1270 754 1325 homines
797 1272 1161 1336 paenitentiam
1213 1275 1426 1344 aggredi
1478 1279 1694 1341 vellent,
1747 1290 1828 1332 ast

237 1359 483 1413 dubitant
527 1361 719 1416 deinde
761 1363 827 1416 de
874 1374 1209 1431 peccatorum
1254 1381 1470 1420 suorum
1519 1369 1825 1437 multiplici-

237 1460 368 1515 tate,
416 1462 468 1505 et
497 1453 783 1522 desperant
815 1470 970 1521 posse
1008 1469 1067 1508 se
1100 1467 1313 1525 portare
1363 1458 1411 1510 id
1449 1461 1586 1527 quod
1619 1461 1824 1516 confes-

232 1545 412 1598 sarius
440 1546 567 1614 ipsis
596 1546 916 1614 pratscribit,
948 1558 1002 1601 et
1034 1547 1347 1617 relinquunt
1377 1565 1492 1604 eam
1518 1568 1532 1616 ;
1573 1563 1694 1606 tunc
1723 1554 1826 1606 dc-

231 1637 468 1702 speratio
516 1638 628 1690 luce
676 1639 888 1706 gravius
941 1649 1214 1707 peccatmu
1268 1656 1385 1694 esse
1418 1653 1628 1708 putatur
1667 1659 1824 1712 quam

234 1739 449 1794 peccata
482 1745 604 1797 qua:
644 1732 888 1783 confiteri
921 1733 1210 1799 cogitabat,
1244 1742 1297 1785 et
1326 1734 1465 1801 quod
1504 1735 1613 1802 jam
1653 1735 1822 1806 negli-

229 1821 326 1888 git.
382 1822 476 1873 Ast
498 1822 587 1889 qui
617 1836 735 1874 cum
768 1825 1179 1891 cmupnnctione
1209 1835 1423 1892 peccata
1458 1843 1551 1880 sua
1577 1829 1820 1883 confiteri

1940 633 2175 687 devorat.
2208 637 2297 690 Περ
2329 651 2451 692 sunt
2485 646 2742 698 vanitates
2774 647 2927 716 hujus
2961 656 3141 708 mutuli
3175 674 3191 720 ;
3223 662 3396 727 primo
3425 682 3512 718 su-

1939 726 2136 791 petbia,
2165 743 2218 782 ct
2247 732 2500 800 nequitia,
2534 748 2586 788 et
2632 739 2858 806 invidia,
2888 754 2938 795 et
2969 745 3191 803 durities
3221 726 3420 820 cordis,
3466 772 3518 811 et

1933 815 2156 883 furtum,
2184 833 2236 875 et
2266 827 2497 881 ebrietas
2523 868 2538 894 ,
2565 839 2619 884 ct
2649 832 2746 896 ira,
2775 844 2827 889 et
2853 837 3198 908 adulterium,
3223 855 3278 899 et
3306 815 3516 902 sacrifi-

1931 912 2070 966 cimn
2117 915 2409 986 etlmicmn,
2441 932 2494 975 et
2523 925 2760 987 avaritia,
2787 938 2839 981 et
2872 933 3068 997 praeda,
3101 945 3152 987 et
3197 938 3511 1002 incantatio,

1937 1014 1988 1058 et
2022 1005 2326 1076 homicidia,
2354 1021 2404 1063 et
2432 1015 2612 1068 multa:
2641 1016 2762 1069 alia:
2795 1018 2876 1070 his
2904 1022 3105 1077 similes
3136 1043 3146 1076 :
3181 1037 3329 1082 certe
3353 1032 3510 1083 homo

1930 1096 2018 1162 qui
2054 1096 2166 1151 lucc
2197 1101 2520 1167 committit,
2559 1121 2660 1158 non
2696 1119 2776 1160 est
2824 1109 3018 1179 dignus
3048 1115 3224 1184 aliqua
3262 1133 3510 1172 commu—

1931 1177 2093 1243 nione
2125 1205 2245 1244 cum
2280 1193 2522 1249 honestis
2553 1194 2876 1265 hominibus,
2911 1215 2963 1256 et
2991 1205 3114 1258 licet
3140 1222 3258 1260 eum
3290 1212 3411 1265 aliis
3441 1218 3505 1263 ad

1929 1278 2208 1333 ecclesiam
2258 1283 2435 1348 abeat,
2484 1300 2588 1338 non
2623 1301 2906 1354 prrsumat
2939 1296 3162 1365 (tamen)
3216 1298 3306 1352 Dei
3346 1301 3509 1355 altare

1928 1370 2371 1439 appropinquare,
2421 1375 2506 1428 vel
2547 1377 2745 1431 Christi
2794 1394 2987 1448 corpus
3035 1387 3302 1454 accipere,
3357 1399 3510 1442 ante-

1927 1478 2086 1532 quam
2131 1465 2194 1517 ad
2229 1468 2592 1532 pmoitentiam
2622 1486 2681 1524 se
2722 1477 3082 1536 converterit:
3128 1480 3320 1537 deinde
3353 1481 3511 1536 faciat

1928 1563 2084 1623 prout
2111 1556 2466 1612 confessarius
2493 1559 2918 1629 ipsi'przescribit
2947 1577 3002 1619 et
3025 1569 3276 1623 ostendit.

2543 1674 2768 1732 CAPUT
2811 1679 2901 1733 ΙΧ.

1928 1757 2003 1811 De
2052 1775 2107 1812 eo
2163 1762 2298 1828 quod
2352 1764 2754 1838 pcenitentiper
2807 1773 3030 1838 episwpi
3082 1775 3502 1830 intercessionem

2451 1836 2680 1887 remissio
2711 1854 2811 1889 non
2843 1836 3008 1894 detur.

229 1912 382 1975 velit,
417 1915 736 1982 suscipiatur
764 1931 792 1968 a
816 1917 1118 1980 sacerdote,
1143 1927 1196 1973 et
1217 1923 1453 1987 assignet
1474 1921 1520 1972 ei
1555 1923 1816 1988 pcnnitea-
1859 1906 1899 1964 Β
2004 1919 2265 1989 Episc0po
2295 1933 2347 1977 et
2373 1927 2638 1978 sacerdoti
2672 1941 2774 2011 nOp
2803 1933 3054 1985 convenit
3081 1934 3182 1987 illis
3211 1938 3506 1990 confessio-

233 2005 361 2056 tiam
390 2044 404 2067 ,
448 2022 564 2072 qua:
596 2007 661 2058 ad
692 2008 742 2060 id
798 2009 1028 2075 pertinet
1069 2019 1124 2062 ιιι
1158 2010 1335 2063 anima
1373 2011 1669 2078 vulnerata,
1703 2032 1818 2082 qua:

225 2110 323 2162 per
355 2106 566 2161 peccata
602 2098 778 2151 vineta
810 2109 859 2150 et
895 2101 1166 2153 vulnerata
1199 2112 1320 2166 est,
1371 2105 1648 2172 pervenire
1695 2123 1818 2175 pos-

223 2189 301 2240 sit
347 2189 412 2243 ad
455 2204 638 2245 verum
673 2193 1145 2262 medicamentum,
1180 2197 1279 2252 hoc
1308 2207 1393 2253 est
1439 2201 1814 2257 remissionem

222 2277 340 2332 Dei.

849 2353 1075 2410 CAPUT
1119 2355 1180 2411 Υ.

219 2442 300 2495 L‘e
332 2461 389 2516 eo
419 2447 556 2513 quod
598 2448 710 2516 quis
749 2448 802 2501 in
835 2451 1008 2502 multis
1037 2454 1182 2502 rebus
1214 2469 1244 2503 a
1275 2453 1527 2506 desiderio
1560 2456 1673 2507 vita:
1702 2473 1811 2510 sua:

291 2515 542 2569 abstinere
587 2518 783 2583 debeat,
827 2537 868 2571 si
897 2532 1221 2588 peccatorum
1253 2538 1463 2575 suerunt
1492 2526 1809 2580 emendatio-

293 2601 408 2637 nem
436 2592 604 2653 facere
634 2591 749 2642 velit

296 2673 468 2728 linum
495 2685 579 2730 est
609 2687 665 2730 ιιι
707 2679 906 2746 justum
960 2680 1230 2735 hominem
1272 2684 1529 2751 pmniteat
1567 2685 1803 2739 omnium

216 2780 339 2832 qua:
365 2780 493 2834 erga
530 2766 696 2821 Deum
735 2770 1014 2837 delinquit,
1051 2781 1100 2825 el
1133 2773 1359 2827 alterum
1387 2783 1471 2828 est
1510 2785 1565 2829 ut
1593 2778 1804 2830 omittat

215 2856 308 2909 illa
338 2873 456 2924 qua:
484 2861 696 2925 corpori
725 2875 821 2913 suo
850 2862 1159 2915 charissima
1191 2873 1336 2928 sunt,
1369 2881 1434 2918 ex
1467 2881 1650 2921 amore
1684 2868 1807 2921 vita:

212 2956 473 3013 atteram,
523 2951 776 3017 (ιυοιλίαιῐ.
830 2953 1026 3006 Paulus
1065 2955 1343 3020 apostolus
1394 2956 1523 3010 dicit
1568 2973 1582 3010 :
1621 2957 1805 3011 Omnia

209 3036 340 3088 vni/ti
370 3038 510 3090 licita
543 3055 677 3106 sum,
703 3041 791 3093 sed
828 3057 928 3094 non
966 3043 1089 3095 mihi
1135 3046 1410 3109 expediunt
1453 3050 1623 3097 omnia
1650 3062 1669 3098 .’
1703 3048 1802 3102 Itoc

213 3140 296 3182 est
329 3128 652 3183 desiderium
701 3133 910 3197 mundi,
962 3133 1101 3202 quod
1133 3134 1262 3188 nihil
1320 3134 1380 3187 iis
1411 3137 1673 3189 conducat
1711 3136 1800 3205 qui

214 3219 454 3285 plenario
483 3220 609 3274 illud
641 3223 1017 3288 committunt;
1051 3225 1299 3279 omnibus
1330 3227 1528 3280 etenim
1562 3229 1790 3281 homini-
1822 3253 1866 3315 ρ

207 3311 308 3364 bus
339 3311 492 3366 Valde
522 3313 884 3369 necessarium
915 3324 1024 3382 est,
1071 3328 1128 3371 ut
1155 3333 1261 3372 non
1289 3322 1544 3373 omittant
1576 3332 1792 3388 peccata

201 3416 302 3454 sua
334 3404 577 3458 confiteri
605 3446 620 3470 ,
651 3406 736 3460 vel
768 3408 1055 3464 emendare
1092 3451 1107 3477 ,
1154 3414 1276 3481 quia
1317 3413 1570 3468 omnibus
1623 3418 1796 3470 homi-

203 3491 367 3546 nibus
419 3495 634 3562 expedit
686 3508 903 3565 peccata
956 3515 1053 3554 sua
1086 3501 1172 3555 hic
1210 3505 1499 3574 corrigere,
1553 3522 1708 3574 quam
1741 3508 1794 3562 in

199 3584 429 3640 attentis
462 3589 696 3643 tenebris
730 3605 1066 3659 permanere.

826 3702 1050 3760 CAI'UT
1094 3706 1178 3760 VI.

197 3791 282 3846 .De
310 3806 368 3844 eo
397 3794 532 3860 quod
561 3794 908 3864 patuiteutiam
935 3801 1098 3868 agenti
1130 3814 1325 3855 nonest
1352 3803 1547 3857 licitum
1569 3806 1795 3873 aliquant

686 3879 1022 3922 mercaturam
1053 3887 1307 3927 exercere.

268 3956 502 4010 Sanctus
531 3957 784 4026 Isidorus,
804 3962 892 4030 qui
919 3963 1110 4017 librum
1141 3966 1283 4020 hunc
1312 3970 1632 4034 composuit,
1665 3967 1792 4022 dicit

192 4044 264 4098 de
297 4059 364 4098 eo
394 4046 480 4113 qui
526 4051 899 4115 pteniteutiam
959 4055 1264 4122 auspicatur
1317 4071 1413 4122 pro
1467 4057 1790 4123 capitalibus

189 4138 536 4203 Criminibus,
561 4149 615 4194 et
641 4145 728 4210 qui
757 4143 822 4195 ad
867 4153 1076 4213 tempus
1105 4155 1245 4199 terra
1290 4148 1542 4214 expulsus
1566 4158 1647 4201 est
1682 4165 1696 4210 ;
1738 4157 1790 4200 et

187 4231 272 4281 ait
306 4231 448 4297 quod
498 4231 574 4285 illi
610 4247 714 4285 non
745 4233 812 4286 sit
843 4237 1166 4304 permissum
1214 4237 1266 4290 iit
1312 4237 1431 4292 loco
1464 4243 1786 4293 mercatorio

185 4329 555 4376 mercaturam
599 4323 826 4392 aliquam
880 4340 1155 4391 exercere,
1206 4343 1306 4382 nec
1351 4331 1601 4398 occupari
1641 4330 1785 4386 circa

183 4411 372 4478 aliqua
401 4413 667 4467 mundana
715 4417 924 4483 negotia
945 4455 960 4479 ,
995 4426 1284 4486 antequam
1314 4419 1685 4487 adimpleverit
1730 4421 1782 4475 id

181 4500 340 4572 quod
367 4501 722 4559 confessarius
752 4507 867 4575 ejus
898 4507 970 4561 illi
1005 4509 1347 4578 przescripsit.

798 4618 1022 4673 CAPUT
1063 4620 1172 4674 VII.

177 4704 266 4759 .De
299 4721 360 4759 eo
389 4708 522 4774 quod
539 4710 783 4776 paenitens
807 4720 918 4776 post
943 4713 1250 4778 paenitentiae
1275 4729 1380 4767 sua:
1404 4715 1780 4782 contritionem,

608 4795 711 4841 non
742 4782 920 4834 debeat
949 4785 1132 4836 reuerti
1158 4785 1224 4836 ad
1254 4801 1388 4839 eam.

251 4865 425 4922 Sacra
451 4866 723 4935 Scriptura
753 4870 883 4924 dicit
902 4872 1047 4939 quod
1073 4873 1384 4930 indecorum
1426 4875 1494 4929 sit
1519 4878 1783 4944 pmniten-

170 4968 324 5020 tem,
343 4967 619 5028 postquam
655 4963 1021 5019 emendaverit
1043 4965 1116 5019 uti
1144 4966 1503 5023 confessarius
1522 4969 1621 5037 ipsi
1641 4986 1780 5038 pra:-

173 5050 429 5119 scripsit,
473 5065 532 5106 se
563 5053 744 5124 aliquo
768 5055 929 5109 modo
960 5056 1243 5111 mundanis
1271 5060 1428 5113 rebus
1454 5059 1743 5130 adjungere
1765 5102 1780 5126 ,

174 5153 234 5199 et
291 5158 564 5212 nunquam
613 5147 854 5216 cegitare
914 5148 982 5203 de
1029 5149 1371 5217 pmnitentia,
1421 5167 1580 5221 quam
1628 5166 1779 5206 antea

173 5235 457 5305 pcenituit,
498 5241 751 5307 quoniam
802 5252 1020 5297 sanctus
1069 5243 1262 5298 Paulus
1319 5245 1486 5300 dicit:
1521 5247 1620 5313 Qui
1674 5248 1781 5302 Deo

166 5328 296 5382 vult
351 5328 557 5383 servire
603 5345 710 5383 non
761 5329 919 5386 debet
962 5334 1210 5403 occupari
1255 5334 1305 5388 in
1356 5335 1639 5390 mundanis
1689 5353 1754 5393 ne

168 5416 366 5488 gotiis.

786 5512 1013 5568 CAPUT
1059 5514 1188 5566 \‘III.

166 5597 252 5652 De
279 5613 341 5652 eo
374 5600 510 5666 quod
542 5603 787 5667 paenitens
817 5621 916 5676 non
945 5606 1162 5657 obserret
1196 5608 1249 5658 id
1271 5609 1406 5674 quod
1431 5611 1777 5676 confessarius

795 5675 895 5739 ipsi
921 5686 1155 5728 auuotat.

241 5761 479 5814 Sanctus
507 5764 778 5830 apostolus
813 5765 1000 5819 l‘etrus
1022 5766 1149 5821 dicit
1179 5769 1319 5836 quod
1352 5769 1439 5838 qui
1467 5781 1584 5838 post
1607 5771 1776 5836 potui-

168 5852 408 5908 tentiam
445 5865 788 5925 peccatorum
816 5858 880 5913 ad
916 5861 1097 5916 tnuntli
1133 5861 1287 5930 hujus
1321 5863 1607 5917 vanilalctn
1642 5879 1768 5918 con.

1920 2025 2039 2063 neut
2070 2012 2335 2080 denegare
2366 2017 2454 2081 qui
2487 2031 2604 2069 eam
2638 2018 2961 2085 desiderant,
3010 2023 3130 2077 licet
3157 2027 3499 2079 multifariam

1921 2100 1970 2152 in
2005 2113 2344 2166 peccatorum
2394 2107 2620 2176 negotiis
2652 2115 2895 2176 occupati
2930 2114 3073 2177 sint;
3108 2117 3355 2179 quoniam
3406 2119 3501 2172 Dei

1918 2191 2286 2248 misericordia
2317 2204 2463 2250 tanta
2499 2208 2601 2261 est,
2650 2210 2706 2252 ut
2740 2200 2915 2264 nullus
2947 2204 3106 2259 homo
3131 2222 3250 2260 eam
3290 2213 3500 2278 assequi

1917 2299 2022 2337 non
2058 2287 2259 2351 possit;
2290 2295 2344 2341 et
2373 2289 2630 2356 propheta
2660 2306 2750 2359 per
2774 2290 3028 2360 Spiritum
3059 2306 3301 2349 sanetum
3329 2299 3458 2352 dixit
3485 2316 3497 2352 :

1913 2380 2043 2433 Cum
2070 2393 2321 2449 peccator
2341 2399 2368 2436 a
2401 2385 2630 2451 peccatis
2655 2387 2767 2440 suis
2789 2388 2855 2441 ad
2883 2390 3244 2457 pmoitentiam
3269 2408 3497 2446 conver-

1917 2481 2076 2536 tatur,
2106 2481 2230 2525 tuae
2251 2487 2411 2526 sanus
2437 2475 2556 2538 erit,
2591 2476 2855 2532 et'deinde
2877 2479 3005 2533 dicit
3031 2498 3042 2532 :
3068 2480 3335 2536 Confitere
3361 2483 3499 2551 inju-

1911 2562 2108 2616 stitiam
2139 2574 2300 2628 tuam,
2329 2576 2385 2619 ut
2412 2569 2486 2621 sis
2511 2569 2864 2636 justilicatus;
2891 2581 2945 2627 et
2977 2573 3258 2628 Psalmista
3298 2576 3425 2629 dicit
3475 2596 3487 2628 :

1909 2657 2061 2721 Quod
2106 2673 2226 2711 cum
2255 2659 2481 2714 Domino
2533 2663 2601 2717 sit
2649 2663 3048 2720 innumerabilis
3105 2670 3489 2736 misericordia,

1910 2746 1980 2798 ita
2010 2748 2296 2816 episcopus
2325 2758 2380 2802 et
2407 2751 2660 2805 sacerdos
2709 2752 3127 2808 misericorditer
3157 2768 3490 2822 peccatorem

1904 2835 2146 2902 judicare
2188 2838 2404 2907 debeat,
2454 2843 2705 2910 quoniam
2764 2861 2921 2900 nemo
2971 2846 3219 2900 vitiorum
3272 2864 3494 2918 cxspcrs

1907 2936 2009 2980 εει.

2533 3003 2757 3060 CAPUT
2799 3007 2864 3060 Χ.

1907 3089 1982 3142 De
2009 3107 2067 3144 eo
2096 3094 2184 3160 qui
2216 3105 2587 3168 sacramentum
2615 3099 2866 3151 desiderat
2916 3103 2965 3151 in
2997 3107 3309 3158 extremitate
3352 3106 3488 3168 vita',

2287 3175 2332 3216 et
2357 3167 2420 3217 de
2441 3167 2575 3218 malo
2606 3171 2742 3235 quod
2773 3171 2890 3223 inde
2920 3174 3104 3226 oritur.

1971 3252 2027 3308 In
2059 3264 2362 3310 sanctorum
2395 3261 2757 3327 apostolorum
2791 3263 3030 3317 doctrina
3059 3263 3257 3318 dictum
3281 3278 3355 3320 ρει
3385 3286 3394 3318 :
3432 3267 3487 3318 Si

1905 3344 2064 3400 homo
2113 3349 2165 3399 in
2207 3357 2451 3403 extremo
2491 3366 2590 3403 suo
2630 3352 2716 3405 die
2756 3354 3026 3408 desiderat
3056 3371 3251 3424 corpus
3293 3357 3492 3413 Clu-isti

1899 3440 2164 3508 accipere,
2197 3454 2302 3494 non
2330 3442 2626 3511 denegetur
2657 3445 2702 3497 ei
2733 3461 2744 3496 :
2776 3445 2818 3497 si
2852 3454 3028 3500 tamen
3071 3448 3124 3499 in
3161 3448 3487 3503 contritione

1898 3542 2051 3585 antea
2087 3532 2265 3597 fuerit,
2298 3541 2353 3587 et
2381 3533 2506 3587 licet
2535 3535 2636 3588 hoc
2669 3549 2773 3589 non
2809 3536 3047 3603 plenario
3075 3539 3446 3594 emendaverit
3475 3558 3488 3600 ;

1897 3625 2145 3691 qu0aiam
2181 3623 2281 3677 hoc
2313 3634 2396 3678 est
2421 3625 2673 3679 viaticum
2714 3626 2853 3695 ejus,
2896 3638 2950 3682 et
2994 3630 3232 3681 omnium
3278 3630 3486 3682 illorum

1896 3713 1984 3781 qui
2034 3713 2099 3766 ad
2141 3728 2361 3782 regnum
2405 3715 2497 3769 Dei
2543 3719 2880 3784 perveniunt.
2931 3719 2995 3772 Et
3044 3721 3086 3772 si
3134 3721 3389 3787 deinceps
3419 3723 3484 3774 ad

1898 3802 2036 3857 hanc
2080 3804 2238 3857 vitam
2285 3815 2606 3868 revertatur,
2639 3817 2693 3860 ut
2721 3809 2822 3862 hoc
2849 3810 3096 3863 observet
3125 3811 3263 3880 quod
3300 3813 3406 3864 Deo
3433 3823 3488 3865 et

1896 3893 2224 3949 confessario
2252 3910 2350 3948 suo
2383 3897 2664 3962 promisit,
2698 3900 2941 3965 portione
2970 3915 3066 3954 sua
3101 3901 3235 3954 bona
3278 3910 3482 3968 utatur,

1894 3996 1948 4040 et
1975 3986 2179 4041 habitet
2200 4002 2320 4042 cum
2354 3989 2640 4058 morigeris
2671 3991 2999 4047 hominibus.

2515 4097 2739 4155 CAPUT
2780 4100 2872 4154 XI.

1896 4189 1969 4242 De
1996 4206 2054 4267 eo
2081 4191 2218 4255 quod
2250 4192 2505 4267 presbyter
2533 4195 2852 4267 ptenitentem
2892 4212 2992 4248 non
3021 4197 3196 4250 debent
3227 4200 3479 4267 suscipere

1961 4263 2146 4340 absque
2189 4264 2334 4315 venia
2379 4266 2623 4332 episcopi,
2675 4266 2774 4317 nisi
2830 4281 2944 4318 cum
2984 4268 3280 4337 episcopum
3337 4263 3482 4322 adire

1959 4341 2152 4399 nequit.

1960 4421 2303 4476 Sacerdotem
2335 4436 2490 4491 quam
2521 4423 2754 4478 maxime
2799 4424 2954 4480 decet
2984 4425 3266 4496 diligenter
3295 4432 3472 4483 consi-

1889 4508 2078 4563 derare
2136 4512 2508 4565 necessitatem
2553 4512 2744 4566 animae
2796 4514 2938 4568 illius
2988 4518 3077 4584 qui
3109 4519 3471 4584 pmnitentiam

1817 4603 1858 4660 D
1886 4617 2044 4670 agere
2065 4602 2274 4668 qmerit,
2289 4603 2554 4672 quomodo
2570 4603 2866 4671 justissime
2885 4621 3004 4661 eum
3025 4623 3327 4675 prmparare
3354 4624 3478 4678 pos-

1887 4694 1955 4745 sit
1977 4693 2040 4746 ad
2075 4692 2168 4746 Dei
2200 4694 2544 4757 voluntatem,
2569 4704 2622 4749 et
2645 4695 2708 4748 ad
2736 4697 2927 4751 anima:
2948 4698 3092 4752 illius
3109 4699 3473 4762 commodum,

1887 4786 1984 4855 ipsi
1999 4787 2158 4841 etiam
2178 4789 2546 4854 paenitentiam
2562 4802 2775 4858 semper
2789 4792 3119 4858 prarscribat,
3132 4791 3282 4859 juxta
3296 4792 3476 4844 delicti

1888 4878 2150 4932 rationem
2195 4894 2209 4930 :
2258 4887 2313 4933 et
2359 4878 2404 4932 si
2446 4877 2697 4932 delictum
2743 4881 2879 4934 adeo
2909 4882 3134 4948 capitale
3178 4882 3272 4943 sit,
3308 4891 3366 4935 ut
3404 4882 3471 4933 ah

1885 4970 2137 5041 episeopo
2169 4971 2441 5038 prrscribi
2488 4973 2701 5035 debeat,
2731 4971 2859 5027 illuc
2896 4973 3121 5026 ducatur
3158 4990 3170 5025 :
3215 4975 3465 5039 quoniam

1883 5073 2098 5116 sanctus
2126 5061 2454 5130 Augustinus
2494 5061 2624 5115 dicit
2667 5062 2719 5114 in
2759 5063 2864 5115 alio
2900 5062 3017 5115 loco
3051 5079 3064 5114 :
3099 5062 3240 5132 quod
3269 5063 3313 5116 si
3348 5065 3468 5130 quis

1884 5169 1978 5223 per
2006 5153 2257 5220 capitalia
2290 5153 2513 5207 crimina
2539 5155 2744 5207 vinctus
2773 5164 2938 5220 esset,
2968 5164 3024 5207 ut
3055 5155 3123 5206 ad
3151 5155 3239 5221 jus
3262 5154 3468 5220 episco-

1884 5244 2004 5310 pale
2033 5242 2279 5304 ducatur,
2308 5252 2361 5296 et
2390 5244 2431 5294 si
2471 5241 2537 5295 ad
2565 5243 2875 5312 episcopum
2903 5245 3184 5312 pervenire
3212 5253 3462 5312 nequeat,

1883 5345 1938 5388 ut
1967 5334 2248 5404 presbyter
2283 5333 2334 5387 itt
2378 5332 2482 5388 illis
2524 5334 2687 5388 rebus
2729 5335 2964 5405 episcopi
3011 5334 3210 5388 vicario
3239 5347 3461 5387 munere

1883 5427 2148 5495 fungatur.

2480 5515 2703 5572 CAPUT
2745 5514 2858 5569 XII.

1931 5612 2003 5666 De
2051 5609 2438 5679 pmnitentibus,
2486 5609 2668 5731 qzibu:
2718 5608 3028 5689 temporibus
3071 5608 3303 5660 remissio
3352 5609 3419 5660 eis

2560 5696 2622 5731 an
2666 5695 2695 5730 a
2726 5688 2812 5731 stt.

2560 5688 2695 5731 anda
2726 5688 2812 5732 stt.

1952 5773 2012 5826 lli
2045 5787 2224 5828 mores
2255 5781 2398 5826 trans
2440 5785 2587 5826 mare
2608 5770 2748 5839 apud
2786 5770 3123 5825 Christianos
3166 5771 3456 5824 observan-

1881 5877 1981 5933 tur,
2017 5879 2225 5934 uempe,
2264 5863 2404 5933 quod
2436 5861 2659 5933 quilibet
2682 5863 2964 5934 episcopus
2993 5862 3063 5918 sit
3093 5862 3145 5917 in
3173 5861 3299 5916 sede
3339 5861 3452 5928 epi-
