4168 6528
705 421 807 475 MSS

705 536 903 604 scopali
950 537 1035 590 die
1083 534 1348 595 Mercurii,
1401 547 1557 598 quetn
1604 540 1761 596 caput
1802 528 1991 596 jejuuii
2023 538 2272 576 vocamus
2309 528 2349 582 Α

706 640 831 682 ante
859 626 1360 695 Quadragcsimatu;
1392 632 1513 675 tunc
1536 620 1754 689 quilibet
1781 634 1986 679 eorum,
2018 618 2105 680 qui
2138 613 2277 679 capi-

710 720 903 773 talibus
944 716 1258 771 criminibus
1288 717 1524 782 pollutus
1553 724 1630 766 est
1654 752 1669 776 ,
1708 714 1759 765 in
1793 709 2062 777 provincia
2103 708 2193 758 illa
2218 722 2281 758 eo

710 810 796 863 die
832 809 898 862 ad
942 809 1115 876 ipsum
1163 807 1421 860 accedere
1483 803 1664 867 debet,
1704 811 1758 853 et
1789 808 2005 869 peccata
2047 811 2139 850 sua
2185 794 2280 863 ipsi

712 900 977 964 conﬁteri,
1002 910 1056 953 et
1088 900 1201 968 ipse
1237 909 1345 951 tum
1380 896 1676 965 prmscribit
1703 902 2043 961 peccatorum
2068 902 2281 942 suorum

712 989 1140 1044 emendationem
1182 989 1422 1052 cuilibet,
1469 1002 1563 1054 pro
1605 985 1809 1038 ratione
1856 981 2037 1036 delicti
2069 980 2189 1044 sui;
2231 986 2286 1033 et

714 1085 806 1148 ita,
836 1099 957 1136 eum
1005 1082 1172 1147 ipsius
1204 1082 1353 1133 venia
1400 1079 1614 1132 domum
1657 1078 1813 1130 redit.
1864 1078 1938 1127 Ac
1967 1072 2159 1127 deinde
2201 1070 2285 1123 die

711 1173 858 1228 .Iuvis
885 1184 1011 1227 ante
1035 1172 1236 1227 l'ascha
1264 1171 1328 1221 ad
1358 1168 1606 1222 eumdem
1640 1167 1812 1219 locum
1854 1178 2038 1217 omnes
2067 1174 2285 1227 congre-

712 1277 821 1332 gat,
847 1276 899 1318 et
927 1266 1205 1333 episcopus
1246 1276 1408 1329 super
1436 1274 1528 1313 eos
1569 1266 1749 1310 cantat
1774 1296 1786 1317 ,
1819 1265 1873 1308 et
1905 1253 2283 1307 remissionem

713 1360 805 1409 dat
846 1356 1019 1425 (illis),
1061 1363 1115 1408 et
1156 1353 1229 1407 illi
1278 1353 1348 1406 ita
1389 1352 1605 1405 domum
1655 1348 1873 1401 redeant
1900 1362 2021 1400 cum
2053 1360 2119 1412 ep
2142 1342 2287 1409 scapi

719 1447 1113 1502 benedictione.
1164 1445 1275 1498 lloc
1328 1444 1401 1496 ita
1469 1439 1858 1495 observandum
1908 1446 1990 1490 est
2041 1434 2288 1487 omnibus

717 1538 1054 1599 Christianis,
1079 1546 1132 1589 et
1155 1536 1435 1603 diligenter
1467 1533 1720 1585 sacerdos
1755 1528 2095 1582 considerare
2131 1523 2289 1576 debet

720 1640 894 1681 utrum
918 1640 1038 1681 cum
1062 1627 1234 1693 aliqua
1261 1623 1686 1688 cutnpunctione,
1721 1627 1774 1671 et
1809 1633 1926 1669 cum
1958 1616 2130 1682 aliqua
2163 1628 2283 1679 per-

721 1718 946 1771 fectione
969 1717 1229 1784 paenitens
1255 1710 1621 1767 emendaverit
1653 1709 1701 1761 id
1735 1707 1877 1775 quod
1905 1707 2006 1774 ipsi
2044 1702 2291 1772 prmscri-

725 1820 867 1877 ptum
892 1816 1024 1872 erat,
1058 1816 1111 1861 et
1142 1807 1209 1859 ita
1240 1807 1288 1860 ei
1311 1805 1457 1873 juxta
1486 1801 1609 1856 illud
1640 1800 2009 1854 remissionem
2036 1797 2144 1849 det.

1299 1958 1523 2012 CAPUT
1566 1957 1702 2010 Xlll.

727 2071 801 2123 De
838 2088 895 2123 co
924 2071 1006 2122 cui
1049 2072 1355 2124 eucharistiu
1402 2071 1652 2139 prohibita
1682 2079 1753 2121 est
1792 2079 1837 2121 et
1870 2068 1957 2120 sub
1999 2067 2094 2119 ltoc
2123 2066 2301 2134 (inter-

1368 2143 1522 2208 dicto)
1552 2142 1675 2191 obit.

802 2273 858 2326 Si
893 2272 1048 2325 alicui
1098 2272 1415 2326 eucharistia
1441 2272 1698 2340 denegata
1728 2273 1818 2334 sit,
1850 2281 1903 2325 et
1935 2272 2050 2339 ipse
2094 2272 2300 2325 interea

736 2361 1013 2424 moriatur,
1037 2360 1102 2413 de
1125 2361 1209 2415 bis
1235 2362 1397 2415 rebus
1423 2362 1549 2414 nihil
1580 2361 1719 2414 aliud
1745 2360 1957 2415 edicere
1994 2375 2297 2429 possumus,

730 2452 831 2506 nisi
855 2453 994 2518 (μιυά
1023 2454 1087 2507 ad
1114 2453 1204 2507 Dei
1233 2453 1490 2523 judicium
1521 2455 1780 2523 pertineat
1808 2473 1820 2518 ;
1850 2454 2100 2522 quoniam
2126 2454 2176 2507 in
2205 2454 2296 2507 1ὶεὶ

731 2554 993 2612 potestate
1022 2554 1134 2599 erat
1164 2546 1304 2615 quod
1337 2547 1537 2613 absque
1564 2546 1882 2600 eucharistia
1907 2546 2119 2598 obierit.

1225 2689 3573 2717 _______________.____.______._——~—————-—-

1611 417 1666 467 S.
1714 413 2003 467 [ﬁtillilll'i‘l
2052 404 2517 462 ιιιςυιιλμιελδις,
2557 400 3065 456 ΛΙίΟΙΙΙΕΡΙΞΕΟΙῚ

3861 397 3959 449 416

2965 513 3188 568 CAPUT
3236 512 3367 565 XIV.

2388 612 2459 663 De
2507 627 2561 662 eo
2612 610 2695 673 qui
2734 624 2826 674 pro
2863 606 3067 658 dit'ersis
3100 605 3316 670 prrcatis
3368 605 3471 655 suis
3503 608 3569 655 ull
3618 606 3960 670 pwttiteuttam

2575 686 2859 730 convertere
2885 678 3000 728 velit
3031 692 3145 727 cum
3176 676 3325 740 plena
3356 675 3763 743 commutatione.

2454 769 2762 836 Quicunque
2785 782 2879 833 per
2902 767 3041 819 varia
3077 775 3289 834 peccata
3318 766 3525 817 vinetus
3551 774 3651 825 est,
3676 774 3729 817 et
3750 779 3812 817 ea
3838 780 3956 816 cum

2384 860 2560 911 animo
2608 866 2948 925 compuncto,
2979 866 3032 909 et
3077 871 3141 908 ex
3189 870 3373 907 amore
3401 864 3613 907 a-ternze
3648 856 3788 917 vitm,
3828 871 3949 906 cun-

2386 950 2610 1003 fessario
2657 962 2754 1000 suo
2804 945 3085 1010 conliteri,
3154 954 3209 999 et
3261 943 3435 1013 prouti
3508 944 3603 1009 ipsi
3665 946 3936 1011 prmscriln

2386 1041 2673 1095 emendare
2717 1038 2879 1100 velit;
2913 1037 3272 1106 permittimus
3313 1044 3426 1089 uta
3453 1034 3562 1089 Deo
3589 1035 3940 1089 remissioner

2390 1132 2599 1186 habeat.

2987 1218 3212 1273 CAPUT
3252 1218 3366 1272 XV.

2394 1309 2467 1361 De
2496 1308 2675 1361 Jacobi
2700 1307 2863 1360 sancti
2893 1307 3111 1375 apostoli
3146 1304 3396 1371 Epistola,
3432 1304 3483 1355 in
3530 1320 3627 1369 qua
3674 1303 3795 1353 dfcit
3840 1318 3937 1369 quo

2464 1379 2612 1499 moddo
2640 1394 2735 1458 pro
2763 1389 2952 1447 wgrato
2977 1378 3179 1430 homine
3199 1376 3453 1428 orandum
3483 1414 3496 1439 ,
3529 1384 3572 1426 et
3603 1375 3708 1441 ipse
3736 1375 3845 1425 oleo
3874 1389 3965 1423 nn-

2466 1467 2558 1499 aen
2603 1465 2659 1499 us
2680 1460 2768 1499 sit.
3646 1488 3650 1493 .

2466 1460 2659 1519 gendus
2680 1460 2768 1501 stt.

2468 1543 2562 1596 llic
2587 1551 2736 1596 notat
2764 1550 2978 1595 sanctus
3006 1540 3238 1595 Jacobus
3274 1558 3285 1591 :
3318 1539 3457 1607 quos.l
3492 1540 3535 1592 si
3566 1539 3683 1607 quis
3732 1535 3955 1589 infirma-

2398 1646 2481 1689 tus
2527 1636 2612 1700 sit,
2658 1644 2715 1687 ut
2757 1633 2944 1687 invitet
2966 1634 3030 1685 ad
3071 1646 3131 1685 se
3161 1631 3497 1685 sacerdotem
3542 1645 3717 1693 suum,
3748 1638 3803 1680 et
3833 1626 3966 1679 alios

2399 1728 2488 1779 hci
2514 1726 2807 1790 ministros,
2834 1733 2891 1776 ut
2918 1737 3039 1776 eum
3070 1722 3414 1782 admoneant.
3444 1730 3499 1774 ct
3524 1720 3762 1773 infirmus
3786 1729 3960 1768 ncces

2396 1818 2605 1868 sitalem
2627 1827 2777 1867 suam
2809 1811 2911 1881 ipsi
2942 1811 3163 1874 indicet,
3183 1822 3237 1865 et
3261 1811 3412 1864 illum
3446 1818 3641 1878 ungant
3673 1808 3723 1860 in
3758 1805 3850 1859 Dei
3881 1819 3973 1858 no-

2329 1897 2371 1955 Β
2401 1908 2542 1960 mine
2568 1913 2756 1957 sancto
2798 1903 2936 1967 oleo,
2964 1910 3018 1955 et
3048 1916 3146 1970 per
3172 1901 3404 1954 lid’elium
3434 1914 3638 1968 preces,
3669 1912 3728 1950 ac
3756 1911 3850 1963 per
3880 1910 3973 1947 un~

2404 2001 2633 2052 ctiouem
2656 1996 2959 2051 conservari
2983 2003 3178 2063 potest,
3206 2004 3258 2049 et
3282 1993 3535 2047 Dominus
3563 1992 3734 2057 ipsmn
3774 1986 3932 2053 erigit
3958 2002 3971 2045 ;

2406 2102 2457 2142 et
2498 2091 2541 2143 si
2591 2090 2776 2157 plenus
2824 2097 3159 2156 peccatorum
3206 2096 3309 2147 est,
3344 2086 3430 2137 illa
3470 2083 3569 2151 ipsi
3618 2082 3977 2133 remitteutur.

2408 2180 2556 2233 Ilanc
2592 2177 2894 2231 unctionem
2918 2175 3141 2243 quilibet
3184 2173 3377 2237 liilclis,
3415 2172 3458 2224 si
3491 2169 3674 2238 possit,
3704 2166 3979 2234 acquirere

2405 2272 2507 2325 sibi
2534 2271 2715 2334 debet,
2765 2278 2820 2323 et
2844 2276 3039 2322 statuta
3095 2282 3214 2335 qua:
3246 2267 3312 2318 ad
3360 2279 3477 2318 eam
3521 2262 3809 2329 pertinent,
3849 2274 3978 2325 quo-

2408 2365 2548 2417 niam
2576 2364 2829 2431 scriptum
2852 2358 3099 2428 estquod
3128 2358 3431 2425 quicunque
3478 2356 3612 2407 hanc
3642 2352 3977 2419 disciplinam

2400 2453 2683 2517 habuerit,
2716 2452 2890 2505 anima
2920 2450 3037 2518 ejus
3068 2464 3219 2518 atque
3261 2463 3393 2516 pura
3439 2447 3507 2499 sit
3546 2453 3666 2513 post
3695 2444 3899 2497 obitum
3922 2457 3980 2495 ac

2401 2545 2615 2599 infantis
2644 2544 2735 2609 qui
2758 2542 2937 2596 statim
2966 2550 3088 2609 post
3111 2539 3373 2606 baptisma
3399 2537 3640 2590 moritur.

1869 2786 2167 2864 LIBER
2224 2783 2775 2860 SECUNDUS.

1241 2995 1462 3051 CAPUT
1504 2992 1787 3049 PRIMUM.

1022 3085 1097 3140 De
1122 3102 1181 3140 eo
1207 3086 1292 3155 qui
1320 3095 1497 3153 sponte
1528 3086 1779 3137 hominem
1802 3084 2006 3137 occidit.

814 3179 1000 3235 Laicus
1026 3180 1115 3248 qui
1152 3179 1377 3247 aliquem
1410 3177 1608 3245 absque
1649 3178 1802 3243 culpa
1847 3176 2063 3239 occidit,
2100 3174 2307 3243 jejunet
2333 3198 2381 3258 α

739 3282 945 3342 septem
974 3286 1141 3326 annos
1175 3289 1186 3325 ε
1223 3282 1330 3325 tres
1356 3271 1406 3325 in
1456 3284 1588 3337 pane
1617 3278 1671 3323 et
1701 3268 1750 3322 in
1790 3284 1945 3337 aqua,
1974 3278 2028 3322 et
2059 3278 2303 3336 quatuor,

743 3365 916 3430 prouti
936 3361 1290 3418 confessarius
1320 3361 1422 3430 ipsi
1447 3361 1854 3430 prtescripserit,
1882 3370 1933 3414 et
1962 3368 2079 3427 post
2105 3368 2307 3426 septem

741 3469 999 3508 annorum
1032 3452 1419 3520 pceniteutiam,
1449 3465 1661 3519 semper
1685 3450 1968 3517 diligenter
1996 3449 2311 3503 delictorum

744 3548 916 3614 ipsum
948 3547 1145 3615 pigeat,
1174 3559 1277 3612 qua
1306 3545 1508 3597 ratione
1537 3541 1724 3611 possit,
1754 3541 1798 3594 si
1831 3555 1860 3592 a
1900 3541 2006 3594 Deo
2038 3539 2314 3593 remissio-

748 3652 867 3688 netu
893 3635 1086 3688 habere
1108 3633 1257 3699 velit,
1287 3633 1535 3701 quoniam
1565 3631 1666 3700 ipsi
1690 3631 2013 3698 incognitum
2045 3639 2126 3684 est
2154 3643 2313 3697 quam

745 3735 958 3793 accepta
990 3726 1097 3781 Deo
1148 3725 1318 3778 futura
1372 3723 1441 3777 sit
1491 3722 1796 3791 paenitentia
1845 3721 1990 3788 ejus;
2022 3722 2066 3773 si
2120 3721 2316 3774 invitus

749 3816 849 3868 hoc
878 3815 1077 3877 fecerit,
1099 3814 1299 3882 jejunet
1328 3814 1558 3881 quinque
1596 3826 1785 3865 annos.
1819 3811 1919 3876 Qui
1952 3810 2111 3864 alium
2145 3812 2319 3864 inter-

748 3909 907 3961 licere
929 3906 1177 3967 voluerit,
1207 3917 1259 3959 et
1289 3906 1611 3959 voluntatem
1642 3918 1788 3958 suam
1831 3903 2087 3970 perficere
2115 3902 2316 3970 nequit,

743 3999 948 4065 jejunet
980 4005 1086 4050 tres
1112 4012 1313 4059 annos;
1343 4010 1502 4048 unum
1534 4009 1726 4048 annum
1756 3993 1807 4047 in
1833 4009 1967 4061 pane
1995 4003 2048 4047 et
2080 3992 2130 4045 in
2158 4007 2316 4060 aqua,

748 4099 802 4142 et
830 4088 984 4155 duos,
1015 4086 1189 4156 prouti
1221 4085 1576 4138 confessarius
1622 4083 1736 4151 ejus
1766 4083 1864 4150 ipsi
1907 4081 2319 4150 praescripserit.

752 4179 806 4231 Si
834 4178 999 4231 laicus
1023 4176 1252 4244 aliquem
1297 4172 1495 4226 invitus
1535 4172 1823 4240 occiderit,
1852 4172 2059 4240 jejunet
2092 4180 2199 4225 tres
2228 4186 2324 4225 an-

757 4283 889 4334 nos;
933 4282 1093 4322 unum
1122 4281 1317 4320 annum
1342 4266 1393 4319 in
1423 4279 1556 4333 pane
1582 4272 1636 4319 et
1658 4264 1708 4316 in
1731 4278 1885 4332 aqua,
1906 4273 1959 4315 et
1982 4262 2115 4316 duos
2150 4260 2323 4330 prouti

752 4358 1110 4414 confessarins
1139 4358 1253 4424 ejus
1280 4357 1377 4424 ipsi
1411 4355 1814 4424 praescripserit.
1845 4353 1901 4407 Si
1933 4353 2000 4405 sit
2032 4351 2325 4405 subdiaco-

756 4468 891 4514 nus,
939 4450 1143 4519 jejunet
1180 4451 1410 4517 quinque
1459 4462 1660 4509 annos;
1706 4448 1748 4500 si
1798 4447 1863 4499 sit
1914 4446 2201 4511 diaconus,
2246 4445 2326 4513 je-

3029 2977 3253 3035 CAPUT
3293 2977 3375 3032 111.

2416 3075 2492 3130 De
2540 3071 2706 3141 coqui
2754 3086 2953 3124 servum
2987 3085 3150 3141 suum
3196 3067 3516 3141 [urticausa
3555 3065 3760 3126 occidit,
3811 3067 3989 3133 absque

2852 3140 3105 3192 Itundredi
3132 3140 3212 3189 sui
3240 3137 3546 3189 testimonio.

2483 3237 2537 3291 Si
2562 3233 2681 3305 quis
2710 3231 3033 3304 (hominem)
3068 3229 3456 3296 possessionem
3486 3240 3636 3280 suam
3665 3225 3878 3279 occidat
3897 3266 3911 3288 ,
3938 3235 3989 3277 et

2410 3328 2453 3380 si
2490 3326 2692 3379 nullum
2726 3321 3089 3377 testimonium
3116 3320 3311 3373 habeat
3342 3317 3459 3387 ejus
3482 3318 3621 3386 quod
3644 3319 3987 3370 commissum

2411 3431 2513 3481 θεν,
2548 3416 2646 3470 nisi
2671 3414 2809 3484 quod
2839 3422 2894 3468 et
2923 3412 3099 3468 furore
3127 3421 3180 3466 et
3202 3411 3406 3466 incuria
3432 3410 3576 3465 illum
3604 3410 3882 3472 occiderit,
3908 3410 3985 3478 je-

2413 3512 2565 3579 junet
2591 3506 2727 3561 duos
2753 3518 2947 3559 annos.

3028 3592 3254 3649 CAPUT
3292 3594 3376 3648 IV.

2418 3692 2498 3745 Do
2525 3708 2582 3745 eo
2609 3691 2744 3760 quod
2775 3688 2957 3742 mulier
2983 3702 3046 3740 ea:
3085 3701 3297 3739 rancore
3340 3684 3541 3739 occidat
3584 3700 3784 3738 servant
3826 3700 3987 3737 suam.

2486 3786 2541 3839 Si
2574 3799 2708 3836 uxor
2737 3784 2909 3850 aliqua
2940 3793 3003 3834 ex
3036 3778 3215 3845 aliquo
3246 3777 3349 3832 levi
3380 3776 3557 3830 furore
3586 3790 3797 3829 servam
3840 3790 3989 3828 suam

2420 3874 2713 3943 suspendit,
2739 3881 2792 3927 et
2812 3887 2873 3925 ea
2896 3885 2989 3939 per
3008 3867 3412 3936 suspcusiouem
3437 3867 3712 3929 moriatur,
3738 3874 3794 3919 et
3816 3866 3885 3919 sit
3908 3865 3989 3918 ia-

2422 3980 2640 4033 nocens,
2663 3963 2870 4032 jejunet
2889 3960 3103 4015 domina
3123 3967 3325 4026 septem
3348 3972 3535 4011 annos.
3556 3958 3607 4011 Si
3628 3965 3807 4009 autem
3832 3963 3993 4009 testes

2424 4056 2615 4109 haheat
2643 4052 2782 4122 quod
2806 4065 3004 4105 nocens
3033 4058 3197 4112 esset,
3226 4048 3431 4117 jejunet
3456 4056 3629 4100 tamen
3662 4055 3772 4101 tres
3802 4060 3986 4099 annos.

3046 4160 3272 4215 CAPUT
3314 4160 3376 4213 V.

2427 4257 2505 4313 De
2531 4274 2587 4311 co
2617 4258 2701 4329 qui
2730 4256 2949 4329 seipsum
2982 4252 3166 4329 occidit
3196 4267 3259 4303 ex
3282 4249 3491 4329 incuria
3518 4247 3733 4328 aliqua;
3776 4257 3823 4301 et
3851 4248 3914 4300 de
3940 4262 3995 4298 eo

2742 4320 2831 4394 qui
2852 4340 2943 4392 pro
2972 4322 3189 4391 petentis
3213 4321 3318 4374 suis
3347 4328 3417 4373 est
3449 4320 3677 4388 punitus.

2497 4418 2551 4473 Si
2593 4418 2713 4484 quis
2739 4417 2971 4482 seipsum
3021 4413 3216 4465 occidit
3242 4411 3428 4475 armis,
3469 4410 3549 4462 vel
3578 4409 3699 4463 aliis
3730 4410 3890 4463 rebus
3918 4408 3996 4461 di-

752 4541 907 4607 junet
933 4501 1134 4607 septem
1179 4501 1379 4601 annos;
1412 4537 1453 4589 si
1485 4536 1553 4589 sit
1582 4536 1883 4603 presbyter,
1912 4533 2113 4601 jejunet
2142 4501 2324 4586 decem
2355 4537 2403 4595 Ι)
2432 4512 2620 4573 "emisi
2649 4507 2842 4607 diam“
2875 4508 3148 4569 ίηδτίηειηι
3181 4518 3285 4558 ¹¹⁰η
3314 4514 3395 4607 (ξεί
3445 4501 3764 4607 νετξξιίεευηι
3808 4510 3865 4607 ξη
3907 4516 3999 4607 PI"

759 4645 959 4693 annos;
993 4630 1036 4683 si
1068 4629 1130 4684 sit
1162 4628 1462 4697 episcopus,
1492 4626 1700 4695 jejunet
1738 4624 2017 4679 duodecim
2050 4637 2239 4675 annos.
2272 4621 2327 4675 Si

760 4722 877 4789 quis
907 4719 1163 4774 infantem
1192 4734 1346 4771 suum
1375 4717 1630 4771 occiderit
1660 4715 1886 4779 invitus,
1929 4714 2135 4783 jejunet
2164 4713 2333 4781 quiu-

761 4828 865 4880 que
892 4826 1092 4874 annos;
1128 4819 1235 4863 tres
1266 4810 1315 4862 in
1346 4822 1481 4874 pane
1503 4815 1555 4860 et
1582 4820 1737 4873 aqua,
1766 4813 1821 4859 et
1844 4806 1977 4857 duos
2010 4803 2183 4871 prouti
2206 4818 2332 4856 con-

766 4901 1015 4955 tessarius
1036 4902 1151 4968 ejus
1172 4901 1269 4968 ipsi
1295 4896 1701 4968 praescripserit.
1732 4896 1786 4950 Si
1814 4895 2098 4962 episc0pus
2119 4893 2332 4962 aliquis,

765 4996 845 5047 vel
905 4994 1182 5063 presbyter
1237 4989 1505 5044 hominem
1564 4985 1798 5051 occidat,
1850 4984 2040 5055 perdat
2088 4984 2331 5039 ordinem

767 5100 943 5139 suum.

1384 5170 1609 5225 CAPUT
1651 5169 1713 5223 11.

772 5290 847 5344 De
866 5288 1074 5342 muliere
1098 5303 1211 5357 qua:
1236 5287 1490 5355 fornicata
1532 5294 1605 5338 est
1631 5296 1674 5339 ct
1719 5285 1905 5337 deinde
1945 5299 2009 5339 ex
2054 5285 2233 5338 timore
2261 5300 2337 5336 nr-

1252 5360 1445 5425 fantem
1475 5372 1623 5409 suum
1649 5373 1721 5408 ocr
1737 5357 1853 5407 idtt.

840 5451 895 5505 Si
927 5448 1117 5503 mulier
1137 5449 1375 5516 quzedam
1409 5447 1659 5501 infantem
1691 5447 1824 5501 intra
1860 5461 1919 5499 se
1948 5445 2157 5499 occidat
2189 5455 2337 5512 potu,

774 5542 854 5594 vel
902 5541 1024 5593 aliis
1052 5540 1214 5592 variis
1258 5540 1444 5603 rebus,
1480 5539 1562 5593 vel
1591 5539 1781 5593 deinde
1824 5547 2099 5605 postquam
2132 5537 2341 5606 genitus

785 5632 873 5694 sit,
910 5631 1137 5695 accidat,
1157 5631 1358 5699 jejunet
1387 5632 1570 5685 decem
1599 5645 1798 5692 annos;
1832 5637 1939 5681 tres
1967 5628 2016 5679 in
2046 5642 2177 5694 pane
2207 5639 2257 5681 et
2292 5627 2341 5679 in

785 5740 943 5790 aqua,
974 5736 1026 5778 ct
1073 5736 1272 5793 septem
1308 5729 1481 5793 pronli
1531 5725 1887 5781 confcssarius
1930 5724 2343 5780 misericorditer

775 5816 821 5867 ei
853 5817 1194 5884 pra-scribere
1225 5817 1369 5871 velit.

2435 4606 2524 4657 tali
2556 4600 2767 4655 homine
2789 4602 2945 4653 missa
2964 4606 3227 4659 cantetur,
3258 4594 3338 4648 vel
3362 4609 3482 4648 cum
3506 4593 3681 4660 aliqua
3709 4592 3997 4657 psalmodia

2433 4709 2625 4763 corpus
2657 4702 2813 4746 terrm.
2851 4691 3232 4743 committatur.
3271 4686 3411 4740 Idem
3448 4685 3538 4752 jus
3584 4682 3883 4737 iaciendum
3923 4694 4001 4736 est

2435 4784 2506 4838 illi
2535 4782 2622 4851 qui
2659 4796 2752 4847 pro
2782 4778 3092 4832 delictorum
3117 4789 3333 4829 suorum
3365 4780 3629 4827 tormento
3660 4771 3820 4824 vitam
3852 4785 3997 4824 suam

2436 4872 2649 4926 amittit.

3038 4943 3262 4999 CAPUT
3317 4942 3402 4998 Vl.

2441 5041 2516 5095 De
2542 5057 2596 5093 eo
2627 5039 2715 5108 qui
2756 5038 3045 5091 indecenter
3093 5036 3396 5108 fornicatur,
3429 5032 3533 5108 _Itoc
3573 5041 3650 5108 est
3675 5048 3791 5084 cum
3818 5031 4000 5086 bestiis.

2511 5112 2586 5162 rei
2624 5103 2675 5163 se
2704 5125 2818 5161 cum
2842 5108 3112 5178 juvenibus
3136 5105 3339 5176 polluit,
3365 5103 3438 5156 rei
3461 5104 3714 5155 umsculus
3747 5118 3859 5153 cum
3892 5116 4003 5151 nia-

2510 5182 2671 5234 sculo.

2512 5270 2602 5323 \‘ir
2629 5269 2715 5338 qui
2744 5283 2802 5321 se
2831 5281 2948 5321 cum
2998 5263 3168 5318 bestia
3216 5263 3420 5331 polluit,
3454 5263 3535 5316 vel
3581 5259 3851 5315 masculus
3890 5274 4002 5311 eum

2442 5362 2675 5417 masculo
2700 5362 2751 5415 in
2782 5360 2939 5414 rebus
2970 5357 3286 5420 indiscretis,
3310 5355 3354 5411 si
3381 5355 3571 5409 habeat
3596 5351 3784 5419 viginti
3811 5365 4003 5408 annos.

2444 5464 2499 5507 ut
2524 5451 2824 5520 intelligere
2851 5447 3013 5518 possit
3057 5446 3197 5516 quod
3232 5461 3341 5500 rem
3376 5454 3580 5514 turpem
3612 5452 3667 5498 et
3706 5441 4002 5496 indecorarn

2444 5542 2791 5605 commiserit,
2825 5540 3122 5608 resipiscat,
3154 5538 3497 5600 confiteatur,
3532 5545 3585 5589 et
3625 5535 3830 5604 jejunet
3858 5532 4002 5602 quin-

2444 5636 2615 5689 decim
2644 5649 2843 5696 annos;
2874 5642 2925 5687 et
2956 5632 2998 5684 si
3034 5631 3256 5684 maritus
3277 5645 3503 5684 uxorem
3531 5644 3679 5682 suam
3711 5628 3927 5686 habeat,
3955 5634 4003 5677 et

2448 5730 2551 5781 tale
2596 5727 2717 5795 quid
2768 5734 3058 5794 perpetrct,
3090 5723 3390 5791 resipiscat,
3438 5732 3491 5776 et
3532 5720 3733 5789 jejunet
3786 5717 4001 5788 quandiu

2450 5820 2596 5885 vivit,
2626 5827 2677 5873 ct
2707 5833 2810 5874 non
2841 5824 3123 5887 praesumat
3153 5814 3356 5870 Domini
3387 5827 3579 5882 corpus
3621 5811 3863 5881 accipere
3890 5818 4003 5862 ante
