4168 6676
2615 96 2660 104 ..-
2945 101 2956 110 ,

3085 137 3094 142 -

286 586 386 640 U7

283 793 406 841 nino
434 786 786 853 suspeutleiuli
834 794 978 847 sunt,
1027 784 1115 846 qui
1150 784 1250 835 tale
1295 783 1418 849 quid
1461 781 1843 835 commiserint.

879 886 1103 942 CAPUT
1141 887 1247 939 V'II.

352 973 426 1024 Ile
453 988 507 1023 eo
531 971 614 1037 qui
643 969 963 1021 adulteretur
993 971 1067 1020 t'el
1099 968 1409 1020 adulterium
1435 966 1774 1019 commiserat.

347 1065 445 1129 Qui
473 1063 788 1114 adulterium
836 1060 1144 1123 committit,
1169 1060 1371 1128 jejunet
1411 1070 1614 1125 septem
1655 1073 1842 1120 annos,

279 1169 387 1210 ties
415 1157 527 1209 dies
557 1172 648 1223 per
697 1154 1107 1218 hebdomadam,
1142 1155 1191 1206 in
1239 1168 1372 1220 pane
1412 1165 1466 1206 et
1491 1167 1661 1220 aqua,
1703 1158 1759 1205 et
1803 1149 1846 1203 si

279 1249 467 1302 mulier
500 1258 689 1315 preter
721 1261 902 1299 verum
949 1261 1102 1299 suum
1147 1244 1418 1298 dominqu
1465 1243 1626 1295 aliutn
1675 1241 1845 1294 virum

279 1338 491 1402 habeat,
519 1337 707 1390 eodem
742 1336 808 1389 sit
835 1335 1015 1406 digna.

869 1433 1093 1488 CAPUT
1135 1434 1266 1485 \‘Ill.

279 1517 350 1569 De
385 1519 565 1568 marito
590 1516 674 1582 qui
706 1517 969 1584 conjugem
992 1531 1132 1564 suam
1165 1514 1371 1574 deserit,
1393 1521 1439 1562 et
1471 1512 1531 1563 de
1556 1527 1710 1564 uxore
1734 1525 1848 1579 qua:

522 1587 761 1638 maritum
791 1602 938 1636 suum
967 1586 1149 1636 deserit
1182 1595 1226 1636 ct
1261 1584 1418 1635 alium
1445 1585 1606 1650 eligit.

350 1678 440 1728 Vir
487 1677 574 1744 qui
605 1690 782 1729 veram
829 1676 1106 1743 conjngcm
1140 1691 1286 1727 suam
1334 1674 1558 1734 deserit,
1595 1683 1646 1724 et
1692 1672 1846 1724 aliam

276 1785 494 1823 uxorem
537 1769 702 1832 ducit,
735 1778 814 1822 est
860 1767 1101 1829 adulter;
1139 1781 1239 1817 nou
1293 1764 1457 1816 tradat
1496 1765 1770 1831 presbyter
1800 1763 1848 1816 ei

274 1860 674 1922 eucharistiam,
710 1873 806 1912 nec
836 1859 997 1910 ullum
1024 1871 1205 1909 eorunt
1228 1855 1424 1921 jurimu
1449 1871 1564 1922 qum
1595 1852 1848 1907 Christia-

275 1967 370 2004 nos
402 1951 588 2011 decet;
611 1959 660 2001 et
690 1950 731 2001 si
765 1949 913 2001 obire
939 1947 1087 2000 illum
1115 1951 1406 2016 contingat,
1432 1962 1534 2000 non
1559 1945 1847 2010 sopeliatur

1505 576 2056 632 l‘C!-INITEI\'TI.-\I.IS
2099 577 2225 629 [ηε.
2271 577 2331 629 II.

286 703 439 750 liuent
471 698 674 749 dictum
719 711 954 748 suorum.
992 693 1222 746 iuvenes
1251 703 1301 745 et
1342 697 1706 758 imprudentes
1737 708 1849 742 om-
1887 694 1922 746 Α
1959 690 2172 740 invitam
2205 692 2267 742 ad
2295 692 2546 757 injustum
2578 695 2912 748 concubitum
2939 699 3195 766 coegerit,
3220 701 3287 754 sit
3320 718 3528 756 exemi.-

3437 589 3535 644 “3

1951 779 2264 832 unmicatus.

2534 874 2760 928 CAPUT
2803 878 2938 930 XIV.

1951 961 2027 1012 De
2057 964 2161 1014 t'lt‘O
2205 962 2294 1026 qui
2321 962 2653 1041 ob.in_,'us.'um
2683 970 3001 1019 concubitum
3042 988 3234 1023 servam
3281 990 3504 1041 procura

2335 1033 2505 1084 tricem
2533 1053 2561 1085 a
2590 1039 2796 1089 domino
2824 1054 2915 1090 suo
2939 1041 3118 1093 allicit.

2019 1141 2073 1197 Si
2107 1145 2225 1211 quis
2257 1159 2351 1213 per
2381 1147 2643 1199 versutias
2670 1149 2891 1204 alterius
2915 1150 3144 1208 hominis
3176 1156 3518 1226 pedisequam

1951 1230 2017 1284 ab
2041 1247 2104 1284 eo
2132 1245 2344 1302 propter
2374 1234 2781 1291 fornicationem
2808 1241 3028 1308 alliciat,
3053 1253 3109 1297 et
3131 1260 3251 1298 cum
3271 1262 3331 1299 ea
3357 1249 3515 1301 invita

1947 1330 2121 1387 coeat,
2151 1323 2195 1374 si
2223 1323 2291 1376 sit
2339 1325 2419 1376 vir
2448 1326 2724 1380 ordinatus
2757 1331 2943 1395 perdat
2969 1331 3210 1388 ordinem
3257 1349 3448 1397 suum;
3479 1339 3522 1390 si

1951 1409 2144 1476 laicus,
2169 1412 2240 1466 sit
2263 1415 2781 1470 excommunicatus.

2551 1503 2780 1560 CAPUT
2812 1505 2924 1560 XV.

1953 1593 2026 1648 De
2055 1609 2113 1648 ea
2151 1596 2196 1648 si
2223 1595 2398 1664 puella
2429 1597 2533 1648 viro
2580 1597 2886 1664 desponsata
2912 1600 2997 1668 sit,
3029 1611 3074 1654 et
3109 1602 3242 1657 alius
3263 1605 3337 1657 vir
3377 1608 3522 1661 illam

2511 1669 2691 1732 spoliet
2717 1671 2942 1721 invitam.

2023 1753 2079 1810 Si
2105 1758 2275 1822 puella
2304 1757 2477 1826 aliqua
2504 1759 2822 1826 desponsata
2849 1762 2938 1825 sit,
2963 1773 3014 1816 et
3038 1763 3238 1820 interea
3263 1778 3520 1838 vastetur,

1952 1849 2032 1901 vel
2062 1849 2322 1916 aliquibus
2347 1850 2564 1902 casibus
2601 1852 2857 1917 pellatur,
2892 1853 2962 1905 sit
3004 1854 3120 1921 ejus
3165 1859 3250 1910 cui
3295 1860 3522 1927 despon-

1949 1950 2059 1988 sata
2091 1949 2232 2004 erat;
2264 1948 2316 1992 et
2345 1940 2389 1991 si
2414 1940 2603 1993 deinde
2634 1941 2837 1993 act-idat
2871 1951 2926 1994 ut
2959 1943 3182 2010 proximi
3216 1945 3365 2013 ﬁant,
3389 1964 3508 2003 cum

274 2057 392 2092 cum
440 2040 774 2092 Christianis.
817 2040 879 2090 Et
922 2041 964 2090 si
999 2054 1132 2091 uxor
1173 2055 1354 2092 verum
1399 2053 1549 2090 sumu
1598 2037 1840 2087 maritum
1879 2037 1920 2094 Β
1956 2028 2106 2078 Venia
2136 2028 2506 2096 COHIUIISMUI'.
2538 2030 2784 2098 quoniam
2819 2032 2928 2099 ipsa
2954 2034 3114 2086 im'ila
3154 2037 3220 2090 ab
3247 2053 3310 2091 eo
3341 2038 3512 2093 fuerat

271 2132 502 2192 deserat,
533 2128 758 2182 etalium
788 2131 963 2197 eligat,
992 2132 1059 2181 sit
1088 2130 1272 2182 eodem
1300 2130 1420 2198 jure
1451 2128 1624 2195 digna,
1661 2126 1731 2178 uti
1759 2141 1848 2178 su-

273 2239 364 2288 pra
411 2222 610 2274 dictum
662 2232 779 2283 est;
828 2231 880 2273 et
927 2221 1157 2287 cognati,
1206 2225 1293 2286 qui
1337 2221 1401 2272 ad
1456 2221 1554 2273 hoc
1604 2218 1844 2286 dispositi

266 2324 448 2376 erunt,
487 2312 708 2378 perdant
735 2311 871 2362 idem
900 2312 1007 2377 jus,
1055 2312 1153 2364 nisi
1185 2311 1330 2377 prius
1369 2311 1433 2363 ad
1478 2311 1842 2377 pmtiitentiam

269 2418 326 2456 se
359 2413 672 2455 convertere
698 2401 881 2465 velint,
914 2401 1084 2467 prouti
1117 2403 1480 2455 conl‘essarius
1507 2415 1689 2455 eorum
1718 2397 1845 2467 ipsis

271 2493 678 2560 pt‘mscripserit.

879 2567 1103 2624 CAPUT
1143 2569 1229 2624 ΙΧ.

478 2661 552 2713 De
584 2661 764 2712 marito
787 2661 872 2727 qui
901 2676 1106 2712 uxorem
1137 2671 1182 2711 et
1211 2661 1438 2725 pellicem
1472 2661 1640 2714 liabet.

344 2753 468 2804 \‘iro
499 2753 584 2818 qui
621 2751 905 2818 legitimam
938 2767 1152 2804 uxorein
1186 2764 1236 2804 ct
1264 2753 1504 2818 pellicem
1551 2754 1710 2807 etiam
1748 2754 1840 2806 ha-

269 2847 383 2906 bet,
437 2857 541 2895 non
574 2842 745 2894 tradat
780 2844 827 2896 ei
880 2842 1159 2910 presbyter
1204 2843 1394 2911 aliquis
1438 2845 1838 2911 eucharistiam,

261 2949 365 2987 nec
407 2934 618 3003 aliquod
651 2934 861 2986 illorum
900 2932 1099 3000 jurium
1147 2949 1264 3000 qua:
1321 2934 1639 2989 Christianis
1688 2937 1837 3000 limit,

261 3025 363 3077 nisi
411 3025 474 3076 ad
509 3025 870 3090 pmoitentiam
908 3038 964 3076 se
991 3033 1286 3078 convertat.
1321 3026 1383 3079 Et
1426 3027 1467 3080 si
1494 3028 1756 3094 pellicem,
1786 3039 1838 3082 et

259 3131 367 3167 non
403 3116 688 3184 legitimam
723 3129 942 3167 uxorem
989 3114 1197 3178 habent,
1233 3115 1361 3170 illud
1393 3118 1530 3186 quod
1564 3119 1660 3186 ipsi
1692 3120 1836 3172 νὶιΙρ-

259 3217 350 3258 ιιιι·
384 3205 683 3259 Iaciendnm
713 3215 815 3268 est,
848 3206 980 3258 sciat
1013 3215 1184 3259 tamen
1214 3208 1351 3274 quod
1385 3209 1473 3262 uni
1509 3222 1690 3263 earum
1719 3211 1836 3262 alli-

254 3309 416 3363 gatus
449 3297 537 3361 sit,
572 3297 685 3350 sive
711 3297 779 3349 sit
804 3296 1000 3365 pellex,
1037 3297 1147 3349 sive
1173 3296 1386 3367 coniux.

885 3397 1109 3454 CAPUT
1148 3399 1214 3453 Χ.

256 3487 336 3541 De
379 3506 438 3543 eo
471 3489 556 3559 qui
579 3489 857 3558 legitimam
901 3506 1110 3542 uxorem
1139 3490 1283 3543 habet
1319 3501 1363 3544 et
1408 3491 1634 3546 adltwret
1662 3504 1834 3545 extra-

825 3560 929 3612 neis
961 3559 1277 3613 mulieribus.

335 3652 392 3706 Si
447 3653 524 3705 vir
555 3651 744 3718 aliquis
787 3666 905 3704 cum
956 3651 1176 3705 alterius
1227 3652 1454 3721 legitima
1499 3671 1660 3707 uxore
1707 3657 1832 3720 coit,

252 3743 338 3795 vel
381 3758 518 3794 uxor
550 3758 668 3794 cum
702 3742 921 3794 alterius
965 3757 1090 3795 vero
1120 3755 1383 3806 consorte,
1408 3745 1608 3811 jejunet
1633 3757 1833 3813 septem

246 3847 470 3896 annos;
508 3841 611 3884 tres
656 3832 705 3885 in
739 3847 872 3899 pane
913 3842 964 3885 et
999 3832 1047 3883 in
1099 3846 1267 3902 aqua,
1312 3843 1366 3887 et
1407 3843 1632 3902 quatuor
1662 3836 1833 3903 prouti

246 3923 629 3977 conl’essatius
661 3923 774 3991 ejus
807 3922 976 3991 ipsum
1011 3922 1265 3977 docuerit.

873 4022 1097 4077 CAPUT
1141 4021 1230 4076 XI.

245 4113 321 4165 De
357 4113 474 4164 viro
500 4113 585 4180 qui
612 4113 736 4164 duas
759 4128 954 4163 sorores
985 4113 1033 4164 in
1069 4112 1444 4164 matrimonium
1473 4114 1630 4173 ducit,
1665 4115 1740 4166 rel
1768 4116 1828 4166 de

455 4198 612 4234 uxore
643 4186 846 4245 fratrem
871 4197 1023 4232 unum
1056 4193 1165 4250 post
1195 4183 1351 4233 alium
1386 4195 1630 4235 sumente.

321 4295 379 4347 Si
419 4307 557 4344 uxor
605 4291 780 4359 aliqua
825 4292 957 4344 duos
1005 4289 1190 4346 fratres
1225 4308 1382 4345 unmn
1429 4303 1544 4359 post
1582 4296 1740 4347 aiimn
1783 4297 1832 4346 in

237 4383 589 4436 (OllSOl‘llUlll
620 4381 717 4433 sibi
751 4392 949 4443 sumat,
987 4383 1186 4449 judicio
1213 4383 1428 4435 obnoxii
1474 4385 1610 4448 sint,
1639 4396 1685 4438 et
1729 4393 1832 4438 sint

241 4480 294 4528 in
347 4474 670 4542 poenitentia
717 4473 950 4541 quandiu
983 4475 1228 4537 vixerint,
1275 4475 1444 4542 prouti
1478 4475 1657 4529 confes
1690 4479 1832 4532 arius

238 4579 446 4619 eorum
480 4563 608 4630 ipsis
639 4563 1059 4628 prtescripserit,
1088 4572 1141 4616 et
1188 4575 1307 4631 post
1347 4565 1548 4618 obitum
1597 4565 1830 4633 ὶΙΙοιιι-ιτ,

240 4671 285 4708 s:
313 4653 520 4707 ccrdos
555 4654 615 4705 iis
648 4652 797 4704 faciat
824 4652 911 4719 jus
941 4652 1067 4705 illud
1099 4653 1368 4722 quomodo
1408 4655 1724 4708 Christianis
1751 4656 1828 4707 la-

1954 2118 2266 2188 (separata).

2528 2211 2758 2268 CAPUT
2799 2213 2939 2268 XVI.

1950 2300 2126 2377 Deeo,
2157 2305 2200 2356 si
2225 2307 2395 2375 puella
2416 2320 2706 2360 consecrata
2729 2307 2797 2359 ad
2825 2309 3214 2377 fornicationem
3243 2314 3522 2370 alliciatur.

2021 2375 2096 2426 lle
2117 2392 2223 2496 ﬂor!!!
2236 2389 2534 2455 consecrata
2574 2379 2744 2448 puella
2773 2375 2888 2446 qua:
2917 2382 2982 2432 ad
3011 2382 3255 2451 injustam
3288 2389 3524 2441 concubi-

2021 2453 2124 2494 tum
2152 2464 2180 2495 a
2229 2457 2400 2496 lt‘tlltl’.

2019 2453 2124 2494 tum
2152 2453 2400 2499 alluitur.

2017 2532 2069 2584 Si
2119 2549 2248 2586 uxor
2287 2537 2456 2603 aliqua
2506 2537 2785 2592 ordinetur
2814 2543 3080 2595 communi
3112 2544 3322 2608 ordine,
3367 2557 3419 2601 ct
3457 2565 3518 2603 ea

1946 2621 2137 2676 deinde
2165 2625 2422 2690 despiciat
2447 2643 2700 2691 sponsum
2727 2633 2809 2682 cui
2844 2642 2998 2685 antea
3041 2635 3356 2703 desponsata
3387 2652 3520 2704 erat,

1945 2711 2044 2766 hoc
2079 2725 2157 2767 est
2189 2715 2456 2782 Christus,
2485 2729 2539 2772 et
2561 2719 2624 2771 ad
2663 2724 2957 2776 mundanas
2990 2727 3250 2782 vanitates
3292 2745 3523 2785 reverta-

1945 2815 2052 2870 tur,
2089 2817 2142 2859 et
2191 2807 2445 2861 familiam
2482 2812 2758 2877 suscipiat,
2800 2825 2851 2867 et
2881 2817 3077 2883 cogitet
3105 2823 3523 2885 pos:essiunihus

1944 2898 2057 2949 suis
2085 2907 2138 2949 et
2179 2897 2360 2950 mundi
2407 2903 2719 2955 substantiis
2765 2905 2894 2956 iram
2945 2907 3033 2958 Dei
3070 2924 3226 2976 quam
3271 2914 3522 2967 excitavit

1944 2987 2186 3056 placare;
2215 2998 2294 3043 ast
2326 3005 2427 3044 non
2471 3003 2645 3058 potest
2697 2995 2892 3062 aliquid
2943 3012 3129 3053 eorum
3177 3001 3353 3058 facere
3401 3021 3520 3073 quae

1941 3095 2166 3148 corpore
2217 3083 2304 3150 pio
2345 3084 2500 3153 digna
2551 3097 2692 3153 sunt,
2731 3103 2826 3142 nec
2856 3091 2996 3143 ullus
3043 3094 3323 3164 presbyter
3361 3098 3428 3150 ab
3459 3113 3519 3151 ea

1941 3175 2334 3226 conlessEonem
2369 3177 2639 3242 posmlare
2672 3188 2873 3246 potest,
2907 3192 3190 3252 antequam
3241 3199 3516 3254 peccatum

1943 3280 2099 3318 suum
2149 3267 2479 3333 deseruerit,
2529 3281 2582 3324 et
2630 3274 2692 3325 ad
2745 3272 3014 3329 Christum
3067 3295 3276 3335 reversa
3326 3284 3414 3348 sit,
3459 3299 3520 3336 ac

1864 3375 1914 3443 ο
1945 3359 2136 3413 deinde
2195 3362 2336 3414 vivat
2387 3364 2548 3416 vitam
2600 3368 2772 3432 prouti
2821 3369 3177 3426 confessarius
3227 3375 3393 3442 ipsius
3443 3376 3516 3430 illi

1944 3453 2348 3520 praescripserit.

2012 3562 2065 3616 Si
2095 3564 2265 3630 puella
2296 3565 2536 3633 quaedam
2565 3567 2615 3620 in
2641 3568 2898 3623 societate
2927 3584 3046 3624 cum
3072 3571 3332 3628 ordinatis
3364 3575 3510 3630 habi-

1941 3663 2033 3719 tet,
2065 3663 2118 3706 et
2147 3655 2211 3707 ad
2259 3656 2502 3710 eumdem
2535 3658 2775 3712 ordinem
2824 3661 3039 3726 tendat,
3090 3673 3144 3718 et
3191 3664 3389 3720 interea
3423 3682 3519 3736 per

1938 3746 2139 3800 diaboli
2174 3748 2521 3802 tentationeui
2550 3750 2615 3803 ad
2647 3750 3050 3808 fornicationem
3082 3756 3383 3825 instigetur,
3409 3775 3513 3812 non

1939 3836 2006 3888 sit
2036 3837 2172 3904 apud
2210 3838 2371 3892 Deum
2403 3839 2680 3905 innocens,
2709 3843 2830 3895 licet
2854 3858 2957 3896 non
2988 3844 3058 3897 sit
3088 3845 3352 3913 ordinata,
3379 3865 3512 3918 quo-

1939 3929 2079 3980 niam
2107 3938 2259 3983 antea
2284 3930 2548 3998 cogitabat
2572 3933 2665 3986 Dei
2686 3948 2878 4001 sponsa
2905 3936 3051 4002 lieri;
3084 3947 3208 3992 tunc
3233 3940 3330 4007 ipsi
3353 3958 3508 4010 quam

1939 4018 2167 4070 maxime
2198 4020 2554 4074 necessarium
2585 4032 2666 4075 est
2695 4032 2750 4075 ut
2806 4037 3016 4089 peccata
3057 4042 3152 4081 sua
3192 4032 3510 4086 conliteatur

1939 4118 1990 4159 et
2021 4109 2291 4174 emendet,
2328 4112 2500 4178 prouti
2530 4111 2891 4169 conlessarius
2921 4117 3036 4185 ejus
3067 4119 3213 4174 illam
3243 4121 3508 4178 docuerit.

2506 4221 2729 4275 CAPUT
2769 4223 2927 4279 XVII.

2187 4306 2262 4359 De
2285 4309 2389 4360 viro
2417 4321 2682 4376 cognatam
2707 4313 2755 4362 in
2790 4330 2996 4366 uxorem
3028 4316 3262 4371 ducente.

2010 4395 2062 4448 Si
2101 4396 2219 4463 quis
2241 4399 2534 4463 proximam
2568 4413 2870 4468 cognatam,
2900 4405 2980 4458 vel
3013 4407 3176 4473 patris
3205 4419 3294 4462 aut
3334 4410 3510 4465 {ratiis

1941 4486 2170 4550 viduam,
2199 4489 2278 4541 vel
2311 4501 2531 4542 matrem
2560 4505 2707 4544 suam
2737 4494 2995 4546 uterinam
3022 4498 3071 4548 in
3097 4512 3316 4552 usorcm
3342 4501 3506 4555 duxe-

1940 4579 2026 4640 rit,
2058 4577 2125 4629 sit
2151 4585 2638 4632 excontuiunicatus
2681 4582 2746 4633 ab
2789 4585 3038 4637 omnibus
3073 4582 3427 4651 Christianis;
3458 4601 3508 4643 t-t

1938 4667 1979 4718 si
1999 4667 2062 4720 ad
2093 4671 2456 4734 paenitentiam
2480 4685 2538 4725 se
2559 4683 2854 4737 Convertat,
2883 4677 3055 4742 prouti
3084 4692 3303 4733 necesse
3329 4680 3506 4742 habet,

232 4750 504 4806 ciendum
531 4757 631 4813 est,
665 4747 705 4803 si
738 4750 1046 4816 promittant
1073 4749 1234 4817 quod,
1266 4750 1308 4804 si
1340 4749 1537 4803 diutius
1572 4751 1826 4815 vixerint,
1861 4730 1908 4788 D
1936 4770 2244 4827 conipeuset
2285 4776 2519 4831 semper,
2555 4773 2609 4817 et
2642 4765 2896 4831 paeniteat
2941 4767 3171 4836 quandiu
3218 4780 3320 4836 est,
3359 4771 3508 4839 juxta

233 4859 296 4898 se
326 4843 720 4896 emendatur-os
764 4855 901 4894 esse.
953 4840 1008 4896 Si
1036 4843 1154 4910 quis
1199 4844 1248 4896 in
1279 4842 1457 4910 aliquo
1488 4842 1712 4896 nefando
1739 4844 1830 4896 de-

230 4934 371 4989 licto
421 4931 778 5001 permanserit
822 4946 988 5000 usque
1016 4933 1080 4984 ad
1111 4932 1269 4986 linem
1297 4947 1472 4998 suum,
1503 4949 1605 4986 non
1642 4947 1828 5001 possu-

233 5039 361 5079 mus
395 5024 450 5077 ei
482 5021 710 5088 aliquam
744 5021 1108 5088 pcenitentiam
1139 5022 1485 5092 praescribere
1505 5065 1520 5090 ,
1547 5023 1648 5078 nisi
1687 5025 1826 5092 quod

227 5115 297 5170 ad
327 5117 420 5186 jus
457 5110 550 5166 Dei
581 5121 806 5179 spectet.

853 5181 934 5235 CA
947 5180 1076 5236 PUT
1117 5180 1229 5237 XII.

235 5275 314 5326 De
347 5289 436 5334 eo,
474 5272 520 5324 si
546 5271 720 5344 aliqua
747 5287 877 5324 uxor
900 5273 1203 5336 desponsata
1225 5274 1307 5335 sit,
1339 5276 1475 5341 quod
1498 5293 1594 5327 non
1617 5279 1827 5344 permis-

264 5361 388 5397 sum
423 5344 494 5396 sit
523 5341 675 5393 alteri
713 5358 933 5407 unquam
959 5346 1066 5393 viro
1094 5343 1240 5395 rebus
1269 5345 1374 5395 suis
1403 5362 1514 5396 eam
1551 5341 1787 5414 spoliare.

303 5437 367 5489 Si
401 5449 545 5488 uxor
579 5433 750 5500 aliqua
785 5431 1102 5500 desponsata
1132 5435 1221 5498 sit,
1254 5449 1458 5490 nonest
1482 5439 1826 5506 permissum,

227 5538 291 5582 ut
323 5525 535 5595 aliquis
563 5525 700 5577 alios
730 5527 890 5579 homo
936 5540 1053 5580 eam
1087 5529 1307 5595 spoliet;
1337 5529 1380 5581 si
1413 5531 1532 5594 quis
1564 5531 1662 5583 hoc
1693 5533 1831 5586 lece-

225 5622 326 5688 rIt,
365 5622 448 5675 sit
483 5621 992 5674 excommunicatus.

841 5711 1063 5766 CAPUT
1104 5713 1240 5768 XIII.

228 5806 308 5862 De
343 5807 467 5861 uiro
493 5806 580 5875 qui
618 5819 826 5857 uxorem
860 5807 936 5859 vel
974 5809 1196 5930 ptzellam
1225 5811 1438 5864 assunt't
1474 5828 1587 5866 cum
1625 5814 1829 5880 injustis

963 5894 1019 5930 re
1055 5895 1134 5930 us.

963 5894 1134 5932 ηοω.

304 5967 365 6022 Si
397 5965 530 6036 quis
559 5979 655 6034 per
690 5964 929 6023 fraudem
971 5984 1212 6038 uxorem,
1257 5971 1337 6028 vel
1364 5974 1588 6044 puellam
1619 5989 1825 6031 servam

1930 4855 2016 4924 jus
2045 4858 2373 4926 episcopale.

2490 4971 2714 5026 CAPUT
2757 4971 2944 5028 XVIII.

1937 5059 2011 5113 De
2052 5076 2107 5112 eo
2152 5060 2288 5130 quod
2328 5071 2530 5114 sanctus
2580 5061 2854 5182 Crsgorius
2899 5063 2961 5116 de
2998 5064 3192 5134 injuste
3235 5065 3505 5123 concubitu

2686 5143 2791 5182 tctt.

2686 5143 2791 5185 tctl.

2001 5245 2054 5298 Si
2079 5246 2196 5313 quis
2224 5247 2528 5312 monialem,
2562 5262 2679 5316 qua:
2715 5247 2804 5301 Dei
2831 5263 3022 5312 sponsa
3053 5260 3290 5314 vocatur,
3320 5252 3420 5304 sibi
3449 5254 3498 5304 in

1935 5351 2151 5388 uxorem
2172 5337 2334 5395 ducit.
2360 5339 2427 5390 sit
2455 5353 2515 5390 ea
2541 5339 2997 5392 excommunicata
3024 5339 3091 5392 ab
3112 5341 3346 5393 omnium
3375 5341 3504 5394 lide-

1935 5428 2058 5479 lium
2090 5428 2486 5482 communione.
2540 5429 2686 5482 Sacri
2735 5429 2851 5481 libri
2902 5428 3086 5482 dicunt
3129 5431 3270 5498 quod
3314 5430 3500 5484 eodem

1934 5519 2088 5571 modo
2111 5518 2370 5572 obnoxius
2399 5524 2464 5573 sit
2495 5520 2631 5588 apud
2663 5519 2931 5573 Christum
2952 5559 2968 5587 ,
2998 5535 3060 5575 ac
3091 5524 3230 5591 regis
3261 5523 3503 5577 minister

1932 5612 2018 5679 qui
2049 5625 2166 5663 cum
2209 5611 2350 5681 regis
2377 5622 2621 5665 consorte
2650 5611 2839 5665 coiret.
2876 5612 2941 5664 Et
2967 5613 3010 5665 si
3057 5612 3156 5666 hoc
3195 5613 3388 5666 alicubi
3416 5629 3502 5668 ac-

1931 5705 2091 5763 cidat.
2121 5707 2192 5759 uti
2227 5722 2330 5760 non
2357 5708 2433 5769 lit,
2467 5715 2520 5758 ut
2551 5705 2741 5773 aliquis
2787 5719 2881 5772 per
2911 5704 3107 5759 diaboli
3150 5707 3501 5761 tentationem

1933 5798 1983 5850 iu
2014 5797 2061 5847 id
2088 5796 2349 5858 inciderit,
2375 5806 2690 5864 separentur
2715 5795 2810 5858 illi,
2835 5806 2885 5849 et
2904 5805 3127 5864 uterque
3154 5811 3339 5850 eorum
3362 5812 3500 5851 sem-

1931 5904 2024 5956 per
2053 5888 2418 5956 ptenitentiam
2469 5896 2609 5956 agat,
2639 5897 2694 5940 et
2723 5895 2967 5955 precetur
3009 5886 3242 5957 quandiu
3276 5887 3328 5943 in
3362 5889 3502 5942 vivis

1932 5987 2011 6033 est
2042 5993 2273 6049 semper,
2296 5976 2443 6049 juxta
2467 5979 2552 6049 jus
2580 5975 2904 6048 episcopale.
