4168 6530
1562 426 1612 472 S.
1662 420 1950 472 I'LLiII'ZIiIl
1994 412 2454 470 lillUliAIZIiNSIS
2496 412 3006 466 AIii’IIIlI’Zi‘IStIOI'I

1243 533 1462 587 CAI’U'I'
1507 532 1644 581 XIX.
2265 572 2266 577 η

2896 524 3119 575 ιζΜίΣΎ
3167 525 3347 576 XXIV.

945 633 1015 683 Ue
1039 629 1142 682 viro
1169 627 1368 679 crebros
1395 625 1557 676 tuitus
1586 623 1944 672 cenunittente.

2551 616 2625 668 De
2653 618 2899 681 periurio,
2934 618 3188 682 (primario
3214 617 3470 667 entendari
3500 616 3693 668 debeat.

729 729 841 781 Non
871 733 953 778 est
985 721 1302 789 permissum
1333 714 1597 782 aliquibus
1625 710 1943 762 Christianis
1964 747 1978 768 ,
2011 716 2066 757 ut
2115 705 2232 772 plus
2404 709 2458 761 Si
2492 709 2652 759 laicus
2680 708 2871 775 aliquis
2899 709 3123 774 peieret,
3152 718 3205 760 et
3229 711 3360 760 sciat
3387 708 3525 774 quod
3554 707 3792 773 periurus
3815 709 3902 769 sit,

614 829 616 831 ’
648 837 813 889 quam
833 819 912 871 bis
935 811 1324 869 matrimonium
1352 805 1706 864 contrahant;
1738 801 1987 869 quoniam
2018 804 2234 850 Sanctus
2332 797 2535 864 ieiunet
2565 805 2789 865 quatuor
2818 813 3022 862 annos;
3069 799 3110 851 si
3142 798 3211 850 sit
3248 799 3547 851 communis
3586 797 3904 851 conditionis

653 885 719 964 f’a
735 912 851 963 ulus
883 909 982 962 hoc
1013 902 1261 973 prohibet
1289 901 1340 952 in
1370 896 1607 950 doctrina
1631 909 1748 958 sua,
1780 902 1836 945 et
1862 891 2018 944 docet
2049 901 2234 940 omnes
2339 885 2517 949 homo,
2549 886 2749 954 jeiunet
2790 889 3208 955 quinquennium
3247 907 3258 939 :
3291 889 3649 942 subdiaconus
3681 902 3771 941 sex
3805 904 3902 940 an-

655 1000 927 1060 homines,
954 992 1221 1064 quomodo
1243 991 1383 1042 circa
1416 987 1590 1040 hocse
1618 998 1806 1052 gerere
1832 981 2102 1038 debeant;
2134 978 2234 1030 hoc
2337 990 2456 1039 nos,
2487 977 2742 1032 diaconus
2786 993 3024 1044 septem,
3063 980 3339 1048 presbyter
3378 979 3583 1043 decem,
3624 980 3906 1048 episCOptts

655 1100 738 1144 est
768 1093 811 1144 si
842 1089 1012 1157 prima
1046 1101 1176 1137 uxor
1205 1078 1380 1134 mariti
1408 1076 1690 1146 cujusdam
1728 1082 1932 1126 mortua
1963 1071 2069 1133 sit,
2093 1068 2236 1137 quod
2338 1066 2640 1122 duodecim.
2675 1069 2737 1122 Et
2770 1070 2814 1122 si
2843 1070 2964 1137 quis
2991 1081 3208 1124 Coactus
3237 1072 3304 1124 sit
3333 1071 3588 1138 peierare,
3619 1072 3698 1125 vel
3729 1074 3768 1124 si
3811 1088 3906 1124 nr-

661 1197 783 1234 cum
828 1180 979 1233 venia
1011 1177 1168 1228 aliam
1211 1186 1434 1224 uxorem
1461 1180 1678 1221 sumere
1707 1164 1908 1232 possit;
1941 1169 1997 1214 et
2039 1161 2083 1213 si
2117 1167 2238 1228 post
2341 1161 2490 1223 sciat,
2521 1160 2732 1227 ieiunet
2771 1169 2878 1213 tres
2909 1175 3109 1223 annos,
3141 1178 3300 1214 unum
3326 1163 3376 1214 in
3421 1178 3552 1230 pane
3590 1171 3641 1215 et
3670 1177 3826 1229 aqua,
3855 1171 3913 1216 ee.

663 1290 782 1326 eam
814 1267 1061 1336 supersit,
1092 1265 1293 1318 habitet
1341 1272 1560 1325 semper
1588 1264 1771 1324 postea
1803 1253 2006 1320 abSquc
2048 1263 2235 1303 uxore.
2342 1253 2474 1305 duos
2506 1254 2678 1318 prouti
2724 1251 3084 1305 cotifessat'itts
3115 1243 3366 1320 ejus'ipsi
3414 1254 3827 1320 prarscripserit,
3857 1262 3910 1304 ct

655 435 755 484 4H

3807 414 3826 460 4
3837 413 3905 461 ἐι)

1255 1390 1481 1446 CAPUT
1526 1388 1644 1442 XX.

676 1492 821 1544 I’rior
862 1499 907 1542 et
939 1487 1186 1557 posterior
1219 1483 1466 1536 sententia
1501 1481 1674 1531 eadem
1715 1485 1807 1542 est,
1831 1475 1943 1526 licet
1972 1475 2041 1525 ita
2081 1473 2243 1524 divisa

1326 1559 1590 1620 appareat.

743 1653 814 1703 Ita
845 1650 1002 1702 etiam
1037 1643 1262 1707 mulier,
1298 1640 1342 1694 si
1375 1641 1606 1709 primum
1637 1637 1882 1690 maritum
1912 1650 2068 1688 suum
2107 1649 2248 1686 mor-

673 1754 822 1796 tmnn
853 1735 1189 1807 sepelivcrit,
1236 1749 1355 1787 cum
1405 1733 1554 1785 venia
1606 1738 1780 1782 sumat
1826 1729 2023 1790 alium,
2064 1727 2105 1778 si
2150 1727 2247 1777 hoc

674 1837 871 1902 eligere
901 1832 1060 1890 velit;
1093 1839 1146 1882 et
1176 1829 1220 1880 si
1251 1827 1337 1880 illa
1368 1835 1489 1878 tunc
1519 1823 1774 1891 supersit,
1803 1831 2014 1872 maneat
2036 1832 2247 1885 semper

678 1928 730 1978 in
765 1935 1035 1991 posterum
1089 1919 1139 1970 in
1187 1917 1374 1970 ordine
1409 1915 1600 1975 vidua},
1647 1911 1884 1979 quandiu
1926 1910 2074 1964 vivit.
2111 1907 2247 1960 Etsi

673 2017 861 2084 aliquis
891 2016 969 2067 vir
998 2013 1077 2063 νει
1125 2009 1314 2062 femina
1365 2009 1463 2059 hoc
1505 2004 1800 2066 violaverit,
1849 2017 1953 2054 non
2005 1999 2248 2052 diffidant

680 2109 770 2159 liei
802 2103 1202 2164 IIIISCI‘ICOl'dizl‘,
1252 2100 1344 2151 sed
1391 2107 1791 2158 Convertantur,
1843 2103 1896 2146 et
1943 2093 2249 2154 etnctnlent,

678 2195 850 2264 prouti
881 2193 1237 2248 confessarius
1282 2204 1467 2242 corum
1517 2184 1620 2240 illis
1660 2185 2057 2254 praescripserit
2085 2194 2138 2236 ct
2167 2197 2254 2234 os-

679 2285 930 2340 tetulerit.

1265 2368 1491 2422 CAPUT
1533 2367 1672 2420 XXI.

684 2469 758 2520 De
779 2484 834 2520 eo
862 2465 1116 2534 quomodo
1148 2465 1265 2532 conj
1273 2478 1389 2531 ttges
1414 2476 1466 2512 se
1489 2475 1662 2528 gerere
1683 2458 1895 2510 debeant
1928 2473 2098 2508 coram
2125 2455 2255 2508 Deo.

756 2557 906 2614 Sacri
951 2557 1073 2610 libri
1105 2563 1365 2607 annotant
1385 2553 1512 2620 quid
1539 2550 1760 2618 singulis
1793 2549 2037 2604 fidelibus
2063 2547 2259 2600 facien-

686 2654 813 2705 dutn
848 2653 937 2714 sit,
976 2663 1095 2703 cum
1142 2647 1426 2714 legitimam
1475 2658 1624 2696 suam
1665 2642 1947 2711 coniugem
1992 2642 2135 2710 prius
2165 2639 2259 2693 do-

693 2758 838 2814 mum
885 2741 1132 2803 duxerit;
1168 2739 1267 2792 hoc
1312 2745 1418 2799 cst,
1445 2735 1594 2804 iuxta
1623 2735 1742 2788 libri
1776 2733 2140 2803 prmscriptum
2162 2773 2176 2794 ,
2208 2739 2263 2783 ut

688 2847 799 2890 tres
826 2835 942 2888 dies
971 2843 1026 2888 et
1055 2841 1239 2886 noctes
1271 2831 1468 2899 primas
1498 2829 1802 2882 castitatem
1842 2840 1991 2880 suam
2026 2833 2261 2886 servent,

687 2934 744 2979 et
773 2935 898 2978 tunc
920 2923 1073 2976 tertio
1094 2923 1178 2975 die
1201 2923 1363 2974 missa
1391 2934 1576 2973 eorum
1611 2919 1721 2980 fiat,
1752 2927 1806 2971 et
1835 2917 2036 2985 absque
2063 2913 2263 2969 eucha-

689 3016 863 3080 ristia,
891 3003 1157 3075 sumatur,
1186 3026 1250 3065 ac
1293 3010 1486 3064 deinde
1528 3007 1830 3077 coniugium
1862 3021 2016 3061 suum
2047 3011 2263 3060 teneant

690 3121 872 3161 coram
907 3105 1038 3167 Deo,
1081 3112 1134 3156 et
1181 3115 1362 3156 coram
1395 3099 1614 3165 mundo,
1649 3109 1704 3152 ut
1751 3097 1879 3167 ipsis
1907 3113 2128 3152 necesse
2157 3107 2260 3149 est.

695 3197 760 3250 lit
799 3209 987 3249 omnes
1039 3193 1264 3247 familias
1306 3193 1460 3245 decet
1505 3191 1800 3244 castitatem
1850 3203 2000 3242 suam
2048 3203 2263 3242 servare

2370 3166 2772 3236 pra-scripserit.

690 3287 1037 3357 quadraginta
1084 3283 1197 3339 dies
1241 3293 1294 3338 et
1330 3291 1513 3337 noctes
1558 3290 1681 3335 ante
1730 3282 1962 3346 Pascha,
2007 3290 2059 3334 et
2101 3288 2263 3333 totam

694 3379 1079 3434 hebdomadam
1141 3376 1468 3445 paschalem.
1539 3375 1606 3428 Et
1655 3375 1880 3440 deinde,
1932 3387 2116 3427 noctes
2163 3372 2270 3426 diei

691 3471 852 3531 Solis,
896 3480 948 3523 et
990 3468 1091 3522 dici
1136 3464 1416 3529 Mercurii,
1463 3475 1517 3518 et
1561 3464 1667 3517 dici
1711 3464 1962 3527 Veneris;
2020 3463 2271 3532 quaelibet

692 3561 853 3615 etiam
886 3575 1017 3613 utor
1053 3559 1335 3628 puritatem
1373 3571 1522 3611 suam
1565 3566 1740 3611 servet
1765 3565 1872 3610 tres
1900 3570 2109 3609 menses
2147 3565 2270 3608 ante

700 3661 929 3719 partum,
962 3659 1016 3704 et
1055 3657 1173 3719 post
1211 3659 1443 3717 partum,
1493 3646 1764 3714 sexaginta
1808 3645 1920 3700 dies
1958 3655 2012 3700 et
2063 3657 2280 3711 noctes,

701 3743 816 3797 sive
848 3743 917 3796 sit
949 3742 1214 3795 masculus
1243 3739 1434 3804 infans,
1466 3737 1576 3791 sive
1609 3738 1821 3790 femina.

1263 3869 1489 3926 CAPUT
1532 3869 1694 3924 XXII.

947 3965 1021 4016 De
1049 3979 1106 4017 eo
1129 3963 1214 4033 qui
1245 3979 1350 4015 rem
1380 3963 1697 4015 seducentem
1727 3961 2011 4014 committit.

775 4057 832 4112 Si
875 4057 1067 4123 aliquis
1101 4064 1309 4118 voveat,
1363 4055 1444 4107 vel
1478 4053 1666 4106 offerat
1695 4054 1759 4105 ad
1791 4066 1997 4107 torrens
2033 4052 2273 4120 aliquod,

702 4149 784 4202 vel
816 4147 880 4200 ad
911 4146 1160 4212 lapidem,
1189 4145 1271 4200 vel
1303 4145 1367 4198 ad
1397 4147 1664 4206 arborem,
1696 4145 1777 4198 vel
1807 4144 1874 4196 ad
1909 4146 2042 4197 alias
2066 4143 2275 4212 aliquas

709 4248 1002 4298 creaturas,
1031 4246 1220 4304 prater
1261 4235 1326 4288 ad
1363 4233 1640 4288 ecclesiam
1673 4233 1786 4298 Dei,
1818 4232 1869 4286 in
1902 4235 1992 4287 Dei
2039 4235 2272 4294 nomine,

711 4330 919 4398 ieiunet
942 4337 1048 4381 tres
1076 4341 1246 4380 annos
1279 4327 1329 4378 in
1361 4339 1495 4392 pane
1522 4326 1648 4378 etin
1678 4339 1831 4393 aqua.
1877 4325 1941 4378 Et
1979 4324 2102 4378 licet
2140 4339 2273 4392 prte-

705 4431 880 4473 suniat
904 4423 954 4474 in
985 4420 1164 4488 aliquo
1198 4419 1215 4489 (
1247 4414 1591 4485 huiusmodi)
1625 4417 1740 4469 loco
1769 4416 1929 4468 edere
1961 4416 2040 4468 vel
2069 4416 2269 4479 bibere,

704 4523 756 4565 et
784 4511 976 4564 nullam
1001 4510 1224 4562 hostiam
1252 4507 1464 4573 offerre,
1495 4507 1841 4560 nihiIOminus
1870 4517 2046 4562 tamen
2065 4506 2272 4576 ieiunet

709 4617 870 4655 unum
902 4615 1100 4654 annum
1133 4601 1184 4654 in
1218 4611 1352 4668 parte
1375 4608 1429 4651 et
1459 4598 1510 4649 iu
1541 4614 1695 4665 aqua.

1264 4732 1488 4788 CAPUT
1529 4732 1714 4786 XXIII.

708 4827 774 4882 Et
815 4829 876 4882 de
915 4843 971 4882 eo
1005 4829 1085 4879 cui
1128 4829 1426 4893 permissum
1455 4843 1555 4878 non
1596 4835 1668 4878 est
1699 4841 1879 4878 ranam
1918 4825 2280 4878 divinationem

1373 4912 1620 4948 exercere.

788 5008 944 5062 Certe
975 5023 1078 5060 non
1109 5016 1191 5060 est
1237 5007 1552 5074 permissum
1592 5005 1907 5059 Christianis
1945 5019 2108 5059 vanas
2149 5005 2284 5058 divi-

718 5101 959 5154 nationes
1007 5097 1368 5160 committere,
1403 5097 1475 5149 uti
1526 5096 1724 5149 ethnici
1779 5097 2004 5158 faciunt;
2056 5095 2158 5149 hoc
2205 5105 2284 5148 est

719 5190 860 5257 quod
892 5187 1110 5240 credant
1142 5186 1193 5238 in
1216 5185 1403 5247 solem,
1432 5195 1485 5238 et
1525 5188 1722 5249 lunam,
1756 5196 1809 5238 et
1836 5185 1884 5237 in
1911 5199 2122 5238 cursum
2153 5186 2284 5238 stel-

721 5285 915 5343 larum,
937 5289 987 5332 et
1013 5279 1332 5330 constituant
1351 5276 1703 5330 divinationes
1731 5288 2026 5343 temporum
2051 5289 2134 5329 res
2161 5290 2286 5330 suas

719 5372 986 5426 ordiendi.
1039 5371 1149 5421 Non
1181 5369 1269 5421 fiat
1297 5367 1638 5436 congregatio
1667 5381 1786 5420 cum
1831 5367 2004 5434 aliqua
2053 5366 2289 5420 incauta-

723 5466 891 5522 tione,
920 5461 1018 5514 nisi
1050 5475 1167 5513 cum
1205 5459 1358 5510 Pater
1397 5469 1567 5511 noster
1606 5467 1658 5512 et
1687 5473 1804 5511 cum
1831 5457 2013 5518 Credo,
2057 5457 2141 5510 vel
2167 5471 2286 5509 cum

724 5554 987 5619 aliquibus
1028 5550 1277 5619 precibus
1303 5565 1420 5617 qua:
1448 5549 1514 5602 ad
1562 5550 1725 5602 Deum
1758 5549 2042 5616 pertinent.
2075 5548 2127 5601 Si
2173 5547 2289 5615 quis

727 5644 864 5694 lianc
890 5657 1001 5694 rem
1028 5657 1215 5694 vanam
1237 5643 1553 5704 committat,
1577 5642 1850 5708 resipiscat
1876 5653 1928 5695 et
1949 5643 2288 5702 confiteatur,

726 5746 776 5787 et
807 5737 1008 5801 ieiunet
1037 5735 1380 5800 quadraginta
1409 5733 1553 5794 dies;
1589 5743 1643 5785 et
1682 5736 1724 5786 si
1762 5734 1952 5785 deinde
1992 5749 2048 5785 se
2075 5735 2288 5786 vanitat;

727 5828 802 5877 illi
838 5839 1020 5877 rursus
1049 5824 1365 5876 adiunxerit.
1391 5823 1596 5890 ieiunet
1625 5837 1726 5875 tris
1764 5824 2215 5894 qtt.itlt';ige:ittias.

2344 1342 2388 1394 si
2439 1357 2542 1395 non
2573 1341 2642 1394 sit
2681 1343 2958 1396 ordinatus
3001 1342 3232 1396 libertati
3281 1352 3524 1397 restituat
3570 1343 3796 1409 aliquem
3844 1359 3908 1395 ex

2345 1447 2524 1485 amore
2552 1431 2663 1484 Dei.
2696 1431 2760 1485 Et
2787 1435 2828 1486 si
2859 1435 2976 1502 quis
3002 1450 3064 1488 ex
3114 1435 3303 1487 timore
3327 1434 3552 1502 alicujus
3583 1434 3663 1487 vel
3704 1449 3909 1495 amore,

2349 1523 2430 1575 vel
2462 1538 2554 1589 pro
2586 1536 2744 1575 usura
2767 1523 2942 1589 aliqua
2971 1523 3194 1590 peieret,
3223 1525 3499 1576 distribuat
3529 1525 3912 1590 possessionem

2351 1630 2499 1666 suam
2535 1615 2877 1682 pauperibus,
2897 1627 2948 1667 et
2973 1615 3128 1667 abeat
3151 1614 3216 1667 ad
3237 1616 3635 1678 monasterium,
3657 1626 3706 1668 et
3729 1629 3910 1667 cmen-

2351 1705 2460 1766 det,
2495 1706 2666 1771 prouti
2690 1707 3047 1759 confessarius
3070 1707 3184 1773 eius
3214 1707 3312 1774 ipsi
3343 1706 3694 1770 adnotaverit,
3723 1715 3776 1761 et
3805 1720 3914 1775 pa:-

2353 1798 2626 1853 nitcntiam
2658 1808 2774 1867 agat
2807 1813 3017 1867 semper
3041 1798 3269 1865 quandiu
3303 1798 3352 1851 in
3383 1797 3512 1852 vivis
3533 1807 3633 1852 est.

2923 1897 3148 1953 CAI‘lT
3191 1898 3352 1951 XXV.

3006 1977 3079 2029 De
3111 1978 3268 2045 furto.

2426 2069 2480 2123 Si
2514 2069 2700 2136 aliquis
2729 2084 2837 2122 rem
2872 2068 3155 2136 pretiosam
3191 2067 3414 2132 Ittrclur,
3443 2068 3485 2121 si
3517 2069 3583 2120 sit
3623 2068 3814 2126 laicus,
3841 2071 3918 2135 je-

2349 2163 2498 2229 iunet
2528 2163 2760 2228 quinque
2786 2174 2978 2223 annos,
3008 2158 3364 2213 subdiaconus
3393 2173 3482 2212 sex
3506 2199 3519 2214 .
3557 2159 3806 2211 diaconos
3833 2180 3916 2211 δι’·

2357 2261 2517 2319 ptetn,
2555 2251 2828 2319 presbyter
2868 2249 3084 2310 decem,
3118 2248 3398 2316 f‘pISCOpUS
3437 2248 3737 2302 duodecim.
3777 2251 3837 2302 l.t
3874 2251 3918 2301 si

2357 2343 2476 2410 quis
2509 2357 2620 2396 rem
2678 2341 2999 2396 mediocrem
3047 2340 3272 2407 auferat,
3303 2339 3487 2394 reddat
3517 2340 3710 2393 furtum
3753 2343 3799 2394 ei
3835 2345 3920 2408 qui

2359 2433 2485 2487 illud
2516 2435 2956 2502 possidebatpet
2997 2432 3203 2500 ieiunet
3251 2447 3443 2484 annum
3494 2432 3544 2484 iu
3595 2448 3729 2498 pane
3771 2442 3826 2485 et
3871 2433 3922 2484 in

2358 2541 2532 2595 aqua;
2561 2535 2616 2581 et
2638 2525 2682 2579 si
2711 2539 2816 2578 non
2860 2523 3054 2578 habeat
3085 2523 3226 2578 unde
3255 2525 3447 2576 furtum
3479 2524 3694 2588 reddat,
3723 2523 3925 2592 ieiunet

2363 2628 2471 2673 tres
2492 2633 2660 2672 annos
2693 2619 2746 2671 in
2774 2633 2907 2688 pane
2936 2625 2990 2671 et
3017 2617 3067 2671 in
3100 2632 3255 2686 aqua.

2914 2717 3140 2773 CAPUT
3185 2718 3376 2771 XXVI.

2852 2797 2929 2850 De
2959 2799 3094 2862 [also
3140 2798 3451 2850 testimonio.

2435 2892 2490 2947 Si
2517 2890 2634 2960 quis
2666 2892 2717 2942 iu
2758 2888 2892 2942 falso
2924 2889 3228 2942 testimooio
3260 2889 3550 2957 (inventus)
3599 2887 3793 2952 fuerit,
3828 2905 3929 2941 non

2363 2993 2446 3037 est
2481 2983 2530 3036 ei
2587 2981 2901 3049 permissum
2953 2980 3330 3033 eucharistiam
3377 2978 3616 3047 accipere
3653 2989 3930 3046 antequam

2365 3078 2706 3137 confiteatur,
2733 3081 2784 3127 et
2816 3072 3066 3127 emendet
3095 3071 3267 3140 prouti
3298 3069 3653 3127 confessarius
3675 3071 3790 3139 eius
3832 3071 3929 3138 ipsi

2910 3254 3134 3310 CAPUT
3175 3253 3387 3308 XXVII.

2709 3349 2782 3402 De
2803 3347 3061 3401 discordia
3091 3363 3201 3399 cum
3229 3347 3460 3414 proxima
3489 3361 3596 3400 suo.

2442 3446 2600 3497 Certe
2645 3442 2772 3495 nulli
2805 3439 3107 3494 Christiano
3136 3439 3335 3492 licitum
3371 3449 3451 3491 est
3493 3439 3545 3492 itt
3577 3437 3796 3491 ecc'esia
3845 3437 3934 3489 L‘ei

2373 3552 2565 3592 munus
2593 3536 2701 3588 Deo
2741 3533 2956 3597 offerre,
2985 3532 3218 3600 quandiu
3247 3529 3524 3592 invidiam,
3554 3530 3635 3582 vel
3683 3527 3934 3589 furorctn,

2372 3632 2456 3686 vel
2499 3630 2726 3697 aliquam
2773 3625 3095 3679 discordiam
3145 3622 3336 3676 habeat
3387 3622 3439 3674 in
3486 3619 3645 3674 corde
3685 3633 3783 3673 suo
3812 3634 3935 3686 erga

2376 3722 2671 3790 proximum
2702 3733 2889 3781 suum;
2920 3718 3167 3786 quoniam
3217 3729 3407 3768 munus
3447 3712 3561 3780 eius
3591 3726 3694 3765 non
3739 3719 3820 3764 cst
3851 3724 3938 3763 ac-

2373 3822 2585 3881 ceptum
2613 3811 2744 3873 Deo,
2769 3821 3051 3876 antequam
3081 3808 3312 3873 seipsum
3338 3803 3665 3864 reconciliet,
3688 3812 3739 3857 et
3759 3817 3940 3856 emen-

2375 3906 2460 3958 det
2482 3903 2617 3969 apud
2639 3903 2932 3970 proximum
2956 3915 3130 3952 suum.
3153 3897 3412 3962 Quoniam
3432 3894 3674 3948 Salvator
3696 3895 3747 3945 in
3773 3894 3937 3945 Evan-

2373 3995 2515 4064 gelio
2541 4009 2637 4047 suo
2666 3993 2790 4046 dicit
2818 4010 2829 4044 :
2865 3991 2926 4047 Si
2951 4007 3129 4043 manus
3160 3987 3347 4054 offeras
3374 3987 3441 4039 ad
3469 3987 3630 4038 altare
3658 3983 3770 4047 Dei,
3803 3992 3847 4035 et
3873 3981 3941 4035 ibi

2375 4084 2654 4137 recorderis
2673 4083 2804 4151 quod
2830 4083 2989 4151 frater
3013 4092 3150 4142 titus,
3181 4080 3278 4130 huc
3304 4089 3385 4131 est
3410 4093 3423 4128 :
3452 4076 3668 4144 quilibet
3689 4075 3941 4127 Christia-

2379 4191 2474 4228 nus
2497 4174 2812 4225 inimicitiam
2851 4173 3014 4240 foveat
3041 4179 3202 4224 tecum
3223 4209 3237 4231 ,
3276 4169 3448 4221 desere
3473 4166 3540 4218 ibi
3569 4180 3750 4216 manus
3777 4174 3937 4222 (nunt,

2377 4274 2422 4318 et
2444 4265 2525 4317 abi
2543 4269 2609 4316 ad
2632 4267 2837 4334 fratrem
2861 4275 3022 4326 tuum,
3046 4272 3091 4314 et
3113 4258 3451 4313 reconcilieris
3466 4272 3580 4310 cum
3599 4271 3677 4319 eo,
3698 4265 3743 4309 et
3765 4253 3941 4307 deinde

2379 4359 2488 4412 ueni
2517 4358 2583 4410 ad
2612 4358 2774 4409 altare
2801 4366 2845 4407 et
2875 4353 3000 4420 oﬂ‘er
3037 4351 3140 4406 Deo
3171 4360 3428 4416 acceptum
3455 4363 3653 4401 manus.

2908 4452 3133 4508 CAPUT
3172 4448 3412 4505 XXVIII.

3008 4531 3084 4584 De
3111 4533 3298 4600 furore.

2456 4626 2510 4682 Si
2563 4627 2684 4694 quis
2731 4623 2863 4677 adeo
2912 4623 3142 4676 furiosus
3183 4629 3238 4673 et
3276 4619 3409 4673 duro
3460 4618 3621 4672 corde
3652 4605 3748 4680 sit,
3774 4627 3833 4671 ut
3877 4616 3940 4669 ad

2385 4717 2588 4770 nullum
2633 4716 2720 4784 ius
2773 4713 2954 4767 mundi
2994 4721 3049 4766 et
3095 4725 3277 4782 pacem
3323 4707 3497 4763 redire
3544 4708 3695 4765 nolit,
3722 4724 3840 4762 cum
3880 4721 3943 4760 eo

2392 4811 2480 4879 qui
2510 4825 2633 4879 erga
2665 4809 2834 4877 ipsum
2863 4804 3104 4873 deliquit,
3136 4803 3204 4855 sit
3230 4799 3736 4855 excommunicatus.

2945 4914 3164 4970 CAPUT
3207 4912 3396 4967 XXIX.

2388 5013 2464 5066 De
2493 5028 2550 5064 eo
2595 5014 2682 5080 qui
2713 5013 3062 5080 juramentum
3089 5014 3308 5076 'pra'stat
3331 5004 3468 5072 quod
3499 5003 3552 5055 in
3585 5002 3806 5071 gratiam
3835 5015 3944 5052 cum

2807 5093 3038 5156 proximo
3067 5101 3158 5139 suo
3188 5084 3352 5136 redire
3379 5082 3526 5135 nolit.

2459 5183 2772 5248 Quicunque
2805 5194 2898 5246 pro
2935 5178 3104 5242 aliqua
3137 5173 3398 5228 discordia
3435 5172 3680 5225 inimicus
3711 5172 3797 5222 liat
3831 5183 3948 5237 pro-

2390 5274 2517 5327 ximi
2559 5273 2664 5334 sui,
2709 5279 2762 5323 ct
2810 5269 2942 5322 adeo
2971 5267 3175 5337 rigidus
3203 5265 3305 5329 sit,
3340 5273 3394 5317 ut
3419 5263 3778 5332 iuramentum
3812 5276 3946 5328 pra:-

2389 5375 2491 5418 stet
2520 5378 2580 5417 sc
2614 5364 2661 5414 in
2707 5362 2928 5429 gratiam
2958 5359 3191 5425 aliquam
3223 5371 3342 5408 cum
3389 5368 3455 5407 eo
3485 5353 3573 5420 qui
3602 5366 3725 5421 erga
3775 5353 3945 5419 ipsum

2391 5453 2610 5522 deliquit
2651 5467 2757 5505 non
2804 5463 2923 5503 esse
2965 5449 3275 5508 rediturum,
3326 5445 3397 5498 sit
3445 5449 3948 5498 excornmuntcatus.

2390 5545 2442 5598 Si
2485 5553 2658 5595 autem
2693 5540 2888 5594 reverti
2920 5538 3070 5599 velit,
3098 5547 3151 5588 et
3177 5536 3230 5588 in
3261 5534 3484 5601 gratiam
3524 5531 3718 5597 redire,
3747 5531 3950 5598 ieiunet

2392 5650 2554 5690 unum
2603 5647 2799 5686 annum
2850 5639 3066 5697 prepter
3091 5628 3472 5694 iuramentum,
3504 5634 3558 5677 et
3588 5632 3696 5677 tres
3725 5623 3949 5689 quadra-

2391 5729 2620 5797 gesimus
2664 5740 2781 5777 cum
2829 5735 2960 5790 pane
3003 5729 3054 5772 et
3100 5732 3269 5785 aqua;
3303 5725 3358 5770 et
3389 5713 3480 5768 illo
3518 5729 3657 5766 anno
3698 5725 3952 5779 praeterea

2413 5823 2592 5878 eiunet
2647 5815 2820 5869 "emi
2853 5811 3207 5868 confessaritts
3236 5806 3350 5865 eius
3381 5806 3454 5862 ilii
3486 5804 3869 5874 prmscripserit
