4168 6534
280 412 383 466 421

862 529 1086 582 CAPUT
1135 531 1296 585 XXX.

286 612 365 664 De
393 630 452 664 ro
485 615 564 666 cui
592 632 666 682 ρει
685 618 890 694 missum
922 636 1021 671 non
1048 631 1126 694 est.
1152 632 1202 672 nt
1227 625 1410 689 aliquis
1439 631 1702 694 pecuniam
1722 646 1866 682 suam

664 687 730 736 ad
758 688 1007 756 injustam
1040 691 1287 744 tributum
1313 687 1504 748 tradat.

360 769 593 825 Cuilibet
626 774 768 827 ﬁdeli
805 778 1124 842 prohibitum
1158 791 1259 843 est,
1292 785 1593 852 pecuniam,
1627 787 1707 841 vel
1740 803 1862 855 pos-

279 862 578 915 sessionem
605 878 779 927 suam,
805 868 868 918 ad
894 868 1104 936 aliquod
1132 871 1383 939 injustum
1411 877 1660 930 tributum
1686 890 1868 933 mutuo

276 951 432 1010 dare,
478 955 576 1006 hoc
626 966 731 1020 est,
777 966 831 1007 ut
880 973 982 1010 non
1033 957 1221 1013 nﬁ'erat
1273 963 1388 1029 plus
1437 965 1663 1020 reddere
1708 981 1864 1035 quam

279 1053 439 1094 antea
491 1055 674 1098 mutuo
721 1059 1034 1115 acceperat;
1080 1051 1173 1103 sed
1224 1067 1289 1106 ex
1336 1069 1539 1119 amore,
1567 1068 1615 1110 et
1651 1068 1864 1126 propter

1534 419 2089 481 PLENiTENTIALIS
2131 428 2254 480 ΜΒ.
2301 429 2383 479 lil.

3455 459 3554 510 ωε

1901 547 1942 601 Λ
1978 543 2352 597 necessitatem
2427 552 2648 617 quisque
2723 569 2902 610 mutuo
2958 561 3043 614 det
3097 564 3214 617 aliis
3274 572 3550 634 pecuniam

1973 648 2147 695 suam,
2180 643 2231 687 et
2263 641 2679 703 possos~ionem,
2716 652 2882 708 prouti
2929 653 3047 703 vebt
3101 664 3156 705 ut
3205 656 3303 722 ipsi
3353 660 3458 710 ﬁat.
3496 662 3549 711 Si

1972 725 2089 790 quis
2138 727 2238 780 hoc
2305 746 2366 780 ex
2430 734 2654 786 avaritia
2705 738 2930 801 quadam
2984 741 3173 807 faciat,
3224 749 3362 799 sacri
3427 748 3544 800 libri

1971 817 2018 870 ei
2073 820 2424 886 praescribunt
2474 828 2731 882 triennale
2784 832 3078 900 jejunium;
3136 855 3293 892 unum
3348 856 3542 894 annum

1972 924 2094 962 eum
2127 926 2264 977 pane
2293 922 2349 966 et
2377 929 2533 983 aqua,
2567 928 2618 970 et
2641 919 2774 973 duos
2808 923 2980 990 prouti
3033 927 3395 984 confessarius
3445 931 3543 999 ipsi

1976 1003 2381 1068 praescripserit.

284 1188 3538 1240 ___.__.____________________________

1515 1328 1816 1405 LIBER
1871 1333 2342 1410 TERTIUS.

795 1473 1018 1528 CAPUT
1061 1473 1342 1530 PRIMUM.

319 1566 420 1620 llic
462 1567 636 1635 incipit
671 1568 892 1634 primum
922 1577 1071 1646 caput
1100 1569 1161 1618 de
1180 1570 1532 1647 ordinatorttm
1563 1569 1824 1626 hominum

899 1647 1242 1689 matrimonio.

352 1730 403 1782 Si
438 1732 712 1801 presbyter
753 1731 836 1783 vel
883 1730 1138 1784 diaconus
1183 1747 1402 1786 uxorem
1445 1734 1627 1801 durat,
1672 1738 1858 1804 perdat

278 1819 523 1872 ordinem
565 1835 740 1882 suum,
771 1830 822 1873 et
870 1819 913 1872 si
947 1831 1222 1888 postquam
1271 1822 1500 1876 ordinati
1542 1835 1665 1878 sunt
1697 1826 1856 1880 forni-

275 1908 546 1962 Catinncm
595 1912 950 1973 committant,
1004 1921 1195 1977 prazter
1247 1911 1360 1966 hac
1407 1913 1653 1982 jejunent
1700 1919 1860 1972 etiam

281 2012 496 2069 septem
532 2016 700 2055 annos
727 2001 875 2071 juxta
903 2002 990 2070 jus
1023 2001 1346 2072 episcopale.

904 2102 1130 2158 CAPUT
1173 2104 1233 2158 ll.

274 2191 356 2245 De
378 2193 438 2245 iis
459 2193 542 2261 qui
571 2192 936 2245 sacerdotalem
969 2195 1195 2246 ordinent
1218 2197 1311 2248 rite
1334 2213 1533 2251 seruare
1548 2199 1853 2254 desiderant.

348 2290 403 2341 Si
445 2288 723 2356 presbyter
762 2298 1042 2341 accusatus
1079 2289 1148 2341 sit
1191 2291 1499 2357 capitalium
1547 2295 1851 2349 criminum.

270 2385 560 2445 antequam
593 2378 867 2430 ordinatus
909 2386 1076 2440 esset,
1107 2389 1162 2431 et
1191 2394 1251 2432 ea
1285 2380 1432 2448 prius
1459 2384 1734 2435 confessus
1764 2384 1850 2446 sit,

269 2477 328 2520 et
356 2470 676 2530 correxerit,
714 2467 886 2535 prouti
937 2468 1302 2523 cinnlessarius
1333 2471 1450 2538 ejus
1480 2472 1576 2541 ipsi
1609 2477 1856 2542 pra‘scri-

266 2557 471 2623 pserit;
502 2556 548 2609 si
579 2557 791 2619 deinde.
812 2567 1084 2626 postquam
1110 2558 1385 2613 ordinatus
1407 2560 1495 2625 sit,
1515 2562 1699 2616 eadem
1729 2563 1848 2616 vitia

266 2649 591 2708 comntittal,
644 2661 748 2699 non
800 2648 958 2700 debet
1006 2650 1283 2702 servitium
1329 2651 1544 2720 aliquod
1587 2653 1652 2707 ad
1683 2655 1852 2710 altare

269 2738 366 2793 Dei
409 2743 609 2801 facere,
643 2738 736 2793 sed
775 2751 986 2794 maneat
1017 2741 1148 2795 alias
1177 2757 1297 2797 cum
1339 2747 1638 2801 communis
1667 2750 1851 2802 condi-

266 2830 431 2883 tionis
456 2829 786 2893 hominibns;
813 2841 866 2884 et
893 2831 936 2883 si
971 2835 1169 2886 reverti
1199 2833 1349 2900 velit,
1377 2836 1647 2902 emendet,
1673 2840 1847 2908 prouti

268 2921 556 2990 episcopus
596 2920 694 2990 ipsi
727 2921 1130 2990 przescripserit.

883 3013 1110 3069 CAPUT
1151 3015 1234 3070 III.

735 3104 948 3168 Deinde,
981 3106 1042 3158 de
1071 3108 1392 3176 presbyteris.

340 3193 395 3248 Si
441 3194 721 3265 presbyter
761 3196 843 3249 vel
892 3193 1147 3249 diaconus
1197 3197 1468 3253 hominem
1519 3200 1730 3254 occidat
1761 3201 1842 3256 vel

1953 3177 2200 3235 iutilulati
2230 3183 2354 3237 sint.

265 3286 491 3354 pejeret,
527 3289 714 3356 perdat
742 3289 984 3343 ordinem
1018 3304 1194 3355 suum,
1224 3299 1277 3344 et
1303 3292 1347 3345 si
1379 3293 1445 3345 ad
1480 3293 1844 3361 paenitentiam

263 3393 324 3430 se
375 3389 685 3435 convertere
733 3379 918 3444 velint,
964 3380 1255 3436 emendent
1295 3381 1444 3451 juxta
1501 3383 1591 3453 jus
1640 3384 1847 3455 episco-

263 3468 403 3536 pa!e.

875 3540 1098 3597 CAPUT
1139 3542 1225 3597 IV.

698 3630 916 3696 Deinde,
943 3633 1006 3687 de
1035 3635 1277 3690 ministris
1299 3634 1415 3690 Dei.

345 3723 660 3778 Sacerdotes
708 3723 822 3787 Dei,
855 3735 909 3778 et
955 3725 1184 3793 diaconi,
1216 3735 1269 3781 et
1309 3727 1400 3782 alii
1449 3728 1539 3785 Dei
1589 3730 1839 3795 ministri,

269 3815 361 3883 qni
413 3814 463 3868 in
495 3816 584 3870 Dei
635 3817 836 3886 templo
881 3817 992 3872 Deo
1038 3819 1244 3873 servire
1271 3819 1486 3889 debent,
1519 3832 1571 3876 ct
1599 3835 1844 3878 sanctuao

271 3906 410 3959 rium
454 3920 514 3960 ac
554 3921 735 3960 sacros
775 3907 941 3961 libros
971 3922 1127 3962 manu
1159 3918 1406 3974 tractare,
1435 3925 1648 3979 semper
1675 3914 1840 3967 casti-

279 4005 440 4048 tatem
487 4010 635 4049 suam
690 4007 926 4052 servent.
978 4002 1072 4052 Ast
1113 4000 1158 4052 si
1207 3999 1398 4069 aliquis
1430 4001 1584 4068 hujus
1630 4003 1842 4069 generis

264 4086 427 4139 homo
460 4086 511 4139 in
543 4085 948 4142 fornicationem
983 4088 1244 4150 inciderit.
1279 4091 1596 4146 conﬁteatur
1624 4092 1840 4148 contes-

261 4179 407 4231 sario
437 4193 533 4232 suo
559 4189 611 4233 et
639 4180 885 4233 emendet
920 4182 1094 4247 prouti
1128 4182 1226 4248 ipsi
1256 4183 1674 4249 prasscripserit;
1714 4187 1837 4251 quia

261 4271 509 4325 Salvator
538 4271 666 4324 dicit
693 4289 704 4323 :
737 4270 913 4325 Estote
940 4275 1129 4338 sancti,
1160 4273 1280 4341 quia
1309 4291 1401 4344 ego
1426 4273 1673 4329 Dominus
1701 4276 1836 4331 Deus

260 4372 306 4414 et
329 4359 574 4413 Dominus
601 4370 760 4414 uester
777 4377 891 4414 sum
920 4373 1144 4415 sanctus.

880 4451 1108 4506 CAPUT
1149 4451 1213 4505 ν.

1964 1499 2144 1538 secum
2192 1487 2457 1553 habeant,
2505 1505 2570 1543 ne
2614 1489 2750 1546 forte
2797 1507 2890 1561 per
2936 1493 3133 1549 diaboli
3190 1499 3536 1556 teutationem

1963 1589 2081 1628 cum
2115 1577 2215 1627 illis
2249 1591 2489 1642 peccent.

2567 1669 2790 1725 CAPUT
2836 1673 2939 1726 VII.

1968 1754 2043 1807 De
2065 1755 2351 1812 hominibus
2378 1761 2629 1814 ordinatis
2651 1763 2739 1827 qui
2760 1767 3124 1831 possessionem
3153 1786 3296 1824 suum
3320 1781 3543 1832 mercede

2537 1833 2650 1883 aliis
2680 1849 2957 1902 exponunt.

2036 1916 2091 1970 Si
2125 1918 2431 1987 episcopus,
2460 1921 2543 1974 vel
2575 1923 2761 1987 abbas,
2797 1927 2876 1978 vel
2910 1930 3206 1997 presbyter,
3236 1936 3317 1987 vel
3350 1936 3542 1994 similis

1965 2005 2058 2059 Dei
2099 2007 2368 2071 minister,
2402 2011 2680 2078 pecuniam
2710 2027 2859 2066 suam
2906 2015 2970 2069 ad
3003 2016 3255 2086 injustam
3288 2025 3537 2081 tributum

1961 2107 2145 2150 nmtuo
2169 2098 2399 2166 dederit,
2425 2111 2475 2154 et
2508 2116 2612 2156 non
2645 2107 2955 2160 recordetur
2985 2108 3101 2177 ejus
3129 2115 3268 2180 quod
3293 2115 3540 2174 Salvator

1958 2201 2052 2254 per
2087 2188 2337 2243 Davidem
2372 2193 2700 2257 pSaImismm
2729 2195 2854 2248 dicit
2886 2216 2897 2249 :
2934 2197 3073 2252 Tunc
3103 2202 3291 2258 divitiis
3330 2209 3439 2274 ejus
3468 2212 3541 2262 uti

1959 2275 2164 2336 debetis,
2211 2281 2297 2345 qui
2329 2283 2596 2345 pecuniam
2627 2300 2776 2336 suant
2821 2288 2886 2338 ad
2918 2289 3115 2341 nultum
3147 2293 3394 2362 injustum
3445 2300 3535 2349 tri-

1958 2369 2136 2420 butum
2167 2371 2342 2424 tradit.
2390 2371 2444 2426 Si
2475 2374 2596 2440 quis
2627 2386 2806 2428 contra
2842 2379 2942 2433 hoc
2975 2380 3182 2446 fecerit,
3215 2401 3317 2438 non
3349 2400 3425 2441 est
3455 2390 3538 2443 di-

1956 2474 2091 2527 gnus
2121 2468 2176 2511 ut
2203 2460 2585 2516 eucharistiam
2617 2466 2864 2533 accipiat,
2894 2479 3177 2538 antequam
3211 2474 3310 2528 hoc
3350 2493 3536 2532 emen-

1954 2548 2178 2612 daverit,
2227 2552 2404 2617 prouti
2449 2553 2535 2607 hic
2581 2569 2741 2624 supra
2789 2556 2988 2613 dictum
3036 2570 3137 2628 est,
3174 2563 3274 2620 hoc
3315 2579 3398 2621 eat
3445 2584 3538 2638 per

1956 2639 2218 2693 triennale
2243 2639 2536 2708 jejunium.

2547 2733 2771 2791 CAPUT
2815 2738 2945 2792 VIII.

2278 2818 2358 2873 De
2385 2823 2740 2879 ordinaturum
2769 2833 3229 2898 procurationibus.

2025 2910 2164 2964 Nulli
2218 2913 2535 2982 presbytero
2579 2919 2897 2985 permissum
2931 2933 3032 2988 est,
3067 2942 3163 2981 nec
3191 2931 3436 3001 diacono,
3473 2947 3530 2990 ut

1950 3000 2055 3052 sint
2109 2999 2364 3066 praefecti,
2418 3005 2501 3058 vel
2548 3019 2955 3078 procuratores,
3001 3016 3079 3069 vel
3126 3019 3264 3073 circa
3321 2999 3528 3094 negotia

1951 3090 2190 3157 quaedam
2245 3093 2509 3150 mundana
2556 3102 2821 3168 occupati,
2878 3105 2981 3160 nisi
3030 3108 3171 3163 circa
3223 3128 3283 3166 ea
3315 3090 3534 3185 ad'qua:

2554 3257 2782 3317 CAPUT
2823 3262 2912 3320 IX.

2031 3341 2107 3396 De
2150 3361 2206 3398 eo
2233 3350 2370 3417 quod
2410 3351 2672 3404 ordinatus
2705 3357 3075 3474 [complacitum
3113 3374 3281 3416 sumat
3321 3383 3438 3420 cum

2616 3439 2700 3474 mu
2727 3441 2846 3474 tere.

2616 3439 2846 3478 mulsere.

2022 3506 2213 3561 Verum
2241 3509 2333 3564 Dei
2373 3513 2696 3579 ministrum,
2729 3518 2816 3586 qui
2866 3518 3008 3576 circa
3038 3522 3131 3578 Dei
3171 3527 3386 3581 servitia
3429 3544 3521 3586 oc-

1946 3607 2170 3664 cupatus
2196 3610 2298 3664 est,
2345 3616 2452 3656 non
2483 3605 2638 3658 decet
2675 3607 2741 3661 de
2774 3608 2892 3664 loco
2936 3611 2991 3664 in
3035 3614 3232 3679 locum,
3265 3619 3331 3672 de
3360 3620 3523 3676 domo

1947 3687 1998 3740 in
2040 3688 2258 3743 domum
2305 3693 2592 3760 proﬁcisci,
2647 3699 2872 3765 proximi
2923 3717 3143 3759 uxorem
3183 3709 3518 3776 desiderans,

1945 3776 2149 3845 absque
2178 3780 2418 3836 doctoris
2447 3785 2530 3838 sui
2559 3787 2732 3841 venia.
2763 3789 2862 3844 Ast
2895 3793 2939 3846 si
2968 3796 3088 3864 quis
3119 3795 3257 3852 hanc
3286 3813 3516 3856 consue-

1946 3866 2180 3920 tudinem
2224 3869 2438 3935 habeat,
2470 3875 2770 3942 resipiscat,
2799 3890 2853 3933 et
2879 3885 3146 3953 emendet,
3181 3892 3355 3956 prouti
3384 3907 3518 3947 con-

1944 3954 2194 4010 lessarius
2223 3958 2339 4026 ejus
2368 3961 2465 4030 ipsi
2493 3967 2902 4033 praescripserit.

2546 4076 2772 4132 CAPUT
2811 4081 2881 4136 X.

2468 4166 2686 4235 Deinde,
2713 4173 2775 4224 de
2803 4178 2997 4228 eodem.

2008 4254 2322 4310 Monachum
2359 4257 2449 4325 qui
2491 4259 2729 4326 seipsum
2759 4261 2868 4316 Deo
2897 4266 3065 4329 vovit,
3096 4278 3149 4322 et
3173 4282 3387 4326 sanctas
3421 4291 3509 4332 re-

1939 4349 2087 4416 gulas
2119 4349 2362 4419 suscipit,
2396 4365 2500 4404 non
2529 4351 2681 4406 decet
2706 4354 2937 4423 aliquem
2967 4361 3293 4416 tnundanum
3338 4366 3511 4423 h0no-

1937 4452 2049 4491 rem
2093 4438 2421 4504 desiderare,
2455 4440 2538 4495 vel
2585 4443 2714 4497 illud
2762 4448 2902 4514 quod
2935 4448 3043 4503 Deo
3093 4455 3238 4507 vovit
3265 4456 3501 4521 violare;

259 4537 338 4592 De
363 4556 421 4593 eo
441 4542 693 4608 quomodo
715 4541 949 4593 sacerdos
972 4551 1020 4594 et
1049 4542 1289 4595 diaconus
1319 4560 1371 4595 se
1401 4561 1570 4613 gerere
1599 4545 1825 4600 debeant.

1950 4528 1979 4580 ii
2014 4529 2113 4582 hoc
2147 4530 2356 4594 fecerit,
2389 4531 2687 4601 resipiscat,
2717 4547 2770 4590 et
2799 4539 3067 4606 emendet,
3102 4546 3273 4612 prouti
3304 4549 3508 4617 episco-

330 4628 671 4692 Sacerdotes,
719 4639 774 4683 et
819 4629 1048 4694 diaconi,
1084 4638 1139 4685 et
1171 4631 1260 4687 Dei
1310 4634 1560 4701 ministri,
1593 4637 1681 4705 qui
1729 4637 1828 4705 ipsi

257 4721 446 4773 nolunt
492 4735 588 4772 nec
632 4728 855 4784 possunt
891 4735 1070 4775 coram
1101 4720 1210 4776 Deo
1251 4723 1547 4778 castitatem
1593 4740 1828 4790 servare,

254 4825 377 4879 quae
405 4809 530 4878 ipsis
563 4809 793 4877 injuncta
822 4821 924 4876 est,
949 4812 1300 4867 detruduntur
1327 4830 1356 4868 a
1388 4817 1683 4871 ministerio
1709 4833 1826 4886 suo,

254 4901 396 4971 quod
431 4899 673 4954 homines
713 4900 832 4968 puri
862 4903 914 4956 in
945 4904 1105 4957 domo
1132 4903 1223 4958 Dei
1251 4907 1358 4959 Deo
1385 4916 1672 4974 praestant;
1704 4921 1756 4963 et
1785 4911 1828 4963 si

255 4991 512 5056 deinceps
540 4991 734 5044 reverti
757 5001 810 5046 et
838 4993 1076 5047 conﬁteri
1105 4995 1290 5063 velint,
1323 4997 1626 5064 emendent,
1652 5001 1826 5069 prouti

251 5081 620 5138 confessarius
652 5097 837 5138 eorum
867 5084 996 5150 ipsis
1025 5087 1434 5154 prtescripserit.

864 5182 1088 5240 CAPUT
1132 5187 1217 5241 Vl.

503 5273 580 5328 De
608 5277 856 5343 episcopis
886 5289 932 5332 et
953 5281 1016 5332 de
1039 5282 1154 5332 aliis
1181 5280 1272 5334 Dei
1302 5283 1566 5337 ministris.

327 5367 485 5422 Certe
513 5368 760 5422 omnibus
788 5368 1109 5435 prohibitum
1141 5382 1223 5425 est
1253 5371 1306 5425 in
1336 5373 1504 5428 sacris
1535 5375 1680 5428 libris
1710 5375 1822 5429 sin-

251 5461 392 5530 gulis
433 5460 707 5528 episcopo,
737 5469 792 5515 et
823 5459 1036 5528 abbati,
1073 5470 1127 5516 et
1165 5464 1496 5532 presbytero,
1542 5474 1598 5519 ut
1626 5468 1823 5522 nullius

251 5551 435 5606 uvoris
472 5551 765 5618 proximam
808 5566 988 5606 secum
1023 5552 1281 5618 habeant;
1319 5556 1386 5608 ita
1418 5557 1576 5609 etiam
1605 5558 1824 5613 cuilibet

251 5645 496 5698 ministro
545 5642 653 5707 Dei,
703 5645 791 5713 qui
842 5643 894 5698 in
941 5648 1186 5700 castitate
1234 5646 1342 5700 Deo
1389 5650 1591 5702 servire
1641 5650 1818 5720 debet,

247 5737 574 5805 prohibitum
622 5746 702 5790 est
761 5745 820 5790 ut
874 5752 1044 5806 neque
1092 5747 1366 5806 cognatam
1413 5752 1604 5804 suam,
1650 5756 1822 5812 neque

247 5833 406 5885 aliam
453 5843 672 5883 uxorein
707 5837 925 5900 propter
962 5830 1196 5900 alicujus
1245 5833 1320 5886 rei
1353 5832 1622 5909 negotium
1673 5834 1819 5892 intus

1939 4635 2034 4689 pus
2061 4622 2109 4674 ei
2134 4623 2454 4690 przescribit.

2548 4693 2775 4751 CAPUT
2815 4699 2900 4752 XI.

2250 4784 2323 4838 De
2353 4788 2590 4841 monac/ti
2616 4800 2663 4842 et
2691 4794 2953 4848 monachae
2982 4797 3198 4853 delictis.

2004 4873 2060 4927 Si
2091 4877 2384 4931 monachus
2430 4888 2483 4931 et
2513 4883 2776 4946 monialis,
2811 4885 2899 4950 qui
2932 4885 3040 4939 Deo
3069 4889 3276 4955 seipsos
3306 4907 3510 4949 conse-

1933 4977 2242 5033 craverunt,
2272 4977 2326 5022 et
2355 4979 2534 5024 votum
2564 4987 2715 5026 suum
2743 4972 2850 5027 Deo
2878 4988 3156 5042 voverunt,
3185 4995 3278 5046 per
3307 4983 3505 5040 diaboli

1933 5057 2276 5110 tentatiouem
2313 5060 2410 5112 hoc
2443 5061 2658 5124 violent,
2690 5074 3006 5130 separentur
3035 5067 3102 5120 ab
3129 5071 3373 5123 munibus-
3406 5091 3495 5126 nr-

1931 5145 2123 5199 dinatis
2172 5147 2501 5212 hominibus;
2553 5159 2605 5203 et
2653 5151 2696 5203 si
2745 5153 2808 5205 ad
2858 5153 3022 5207 Deum
3070 5159 3261 5209 reverti
3312 5161 3499 5227 velint,

1931 5241 2074 5308 prius
2128 5256 2247 5294 cum
2311 5243 2557 5311 lacrymis
2615 5245 3010 5311 conﬁteantur,
3069 5259 3120 5302 et
3177 5253 3471 5305 enteudent

1928 5333 2158 5401 quandiu
2195 5335 2244 5386 in
2272 5335 2404 5388 vivis
2432 5346 2576 5400 sunt,
2606 5337 2777 5404 prouti
2805 5337 3092 5407 episc0pus
3125 5343 3410 5409 provincia:
3445 5362 3506 5399 ns

1928 5423 2336 5492 prtescripserit.

2531 5494 2755 5549 CAPUT
2797 5496 2914 5549 XII.

2036 5585 2111 5641 De
2140 5587 2366 5641 mulieris
2397 5589 2678 5640 ministerio
2710 5590 2776 5640 ad
2807 5589 2989 5655 altare,
3014 5595 3152 5659 quod
3183 5593 3252 5645 ad
3284 5613 3394 5648 eam

2520 5674 2620 5709 non
2651 5661 2884 5723 pertinet.

1997 5748 2149 5816 Szrpe
2193 5749 2413 5817 legimus
2461 5749 2511 5802 in
2557 5751 2724 5803 sacris
2771 5750 2939 5815 libris,
2974 5764 3076 5804 non
3137 5767 3254 5806 esse
3297 5753 3495 5822 justum

1925 5842 2062 5912 quod
2093 5840 2264 5910 aliqua
2301 5842 2430 5896 laica
2463 5857 2594 5897 uxor
2625 5841 2827 5910 impura
2855 5840 2948 5899 Dei
2979 5843 3235 5912 mysteria
3267 5844 3318 5899 iu
3344 5847 3495 5903 allati
