4168 6544
746 413 848 467 6:23

1645 420 1699 470 Ξ.
1751 418 2044 471 ΕῖζΙξΙὶΙΗΙ
2092 418 2557 471 ΙίίΚΗίΑίῖῘ-ᾐκςιὲ
2601 416 3113 469 ΑΙζ(ἷΙΙΙῐίΡΙὲἰ(’ἶ(Η“Ι

3880 418 3982 470 42’s

743 531 938 585 Christi
972 543 1194 599 tractet,
1228 550 1323 588 nec
1357 550 1541 588 sacros
1572 535 1768 597 libros,
1800 552 1894 587 nec
1924 534 2310 597 sanctuarium,
2345 545 2387 595 Α
2423 542 2610 595 petitor
2638 529 2928 597 psalmodia
2960 538 3013 581 et
3042 529 3395 598 elcemosynis
3421 531 3789 584 remissionem
3822 542 3980 597 petat.

749 626 889 690 quod
922 630 1212 680 consecrati
1247 628 1491 681 homines
1523 643 1680 681 manu
1716 628 1909 679 vorsari
1940 626 2154 689 debent,
2186 644 2315 695 quo~

749 717 889 768 uiam
923 728 1137 770 sanctus
1165 718 1365 771 Paulus
1397 719 1497 770 hoc
1530 720 1813 771 admodum
1850 718 2137 785 prohibuit.

1330 810 1558 865 CAPUT
1598 810 1732 863 XIII.

754 899 826 950 De
856 915 913 951 eo
947 902 1083 967 quod
1109 902 1319 969 quilibet
1349 903 1583 955 sacerdos
1609 911 1801 953 statuta
1827 917 1920 952 sua
1947 916 2094 952 nasse
2120 899 2314 950 debeat.

824 988 1130 1053 Quemlibet
1158 991 1487 1043 sacerdotem
1511 989 1663 1042 decet
1689 1005 1845 1043 nosse
1876 989 2169 1041 doctrinam
2200 1002 2318 1054 qua:

747 1083 810 1132 τισι
845 1094 1082 1135 sanctum
1116 1084 1228 1149 ejus
1257 1082 1501 1136 ordinem
1546 1085 1773 1151 pertinet
1794 1122 1808 1144 ,
1840 1092 1892 1135 et
1922 1096 2037 1133 eam
2069 1080 2316 1147 pepulum

748 1175 961 1235 docere,
997 1186 1047 1226 et
1084 1189 1384 1240 pra-parare
1433 1176 1579 1226 illum
1612 1174 1675 1225 ad
1706 1174 1795 1225 Dei
1834 1172 2119 1241 judicium,
2159 1183 2213 1225 et
2250 1171 2314 1224 ad

746 1269 938 1316 anima:
969 1281 1077 1316 sua:
1106 1267 1469 1317 cmumodum.

1330 1356 1557 1409 CAPUT
1602 1356 1735 1410 XIV.

754 1444 827 1495 1).:
873 1462 929 1495 eo
970 1446 1107 1508 quod
1154 1455 1362 1497 sanctus
1407 1447 1715 1514 Augustinus
1761 1446 1972 1495 Romam
2018 1445 2207 1497 miserit
2251 1448 2318 1495 ad

822 1524 1055 1567 sum-tum
1085 1516 1408 1583 Gregorium,
1438 1513 1494 1567 et,
1513 1526 1718 1568 sanctus
1743 1513 2018 1585 Gregorius
2050 1517 2094 1566 ei
2125 1530 2323 1582 respon-

819 1603 927 1635 sum
961 1596 1164 1635 miserit.

825 1699 989 1752 Simul
1020 1715 1081 1753 ac
1107 1711 1325 1755 sanctus
1352 1702 1676 1771 Augustinus
1706 1702 1758 1755 in
1783 1702 2073 1770 Anglorum
2109 1703 2321 1755 natione

756 1792 1015 1859 baptisma
1046 1792 1448 1855 introduxisset,
1481 1802 1532 1846 et
1559 1794 1647 1846 Dei
1681 1807 1861 1846 servos
1895 1794 2089 1858 ubique
2118 1791 2319 1844 consti-

2421 624 2474 675 Si
2521 631 2697 674 autem
2742 623 2901 673 tertio
2940 620 3097 671 modo
3143 618 3371 683 accidat,
3411 621 3549 688 quod
3594 623 3754 672 homo
3780 621 3867 673 die
3898 622 3977 673 vi-

2420 715 2563 776 deat,
2598 711 2677 765 vel
2710 713 2927 780 cogitet,
2961 711 3043 765 vel
3078 710 3363 765 meditetur
3407 727 3517 765 rem
3547 710 3886 779 prohibitam,
3933 723 3985 765 ct

2421 807 2612 857 noxius
2642 817 2795 856 amor
2825 802 3064 866 accidat,
3095 811 3150 856 et
3174 804 3367 871 cupido
3394 804 3617 865 ardens,
3648 813 3701 857 et
3734 814 3860 856 tunc
3891 818 3984 871 per

2420 893 2541 958 hoc,
2584 908 2646 948 ac
2693 907 2786 961 per
2828 894 3027 947 diaboli
3072 894 3463 949 simulationem
3511 896 3772 962 polluatur
3818 894 3868 946 in
3901 910 3981 947 so-

2419 999 2567 1047 mno,
2619 999 2723 1037 non
2766 992 2851 1037 est
2894 985 2943 1038 ei
2994 985 3307 1053 permissum
3354 986 3725 1040 eucharistiam
3774 1001 3985 1039 sumere

2418 1081 2651 1132 crastino
2690 1078 2797 1143 die,
2832 1089 3107 1147 postquam
3149 1079 3248 1133 hoc
3278 1080 3326 1134 ei
3370 1080 3660 1143 acciderit;
3707 1079 3799 1132 sed
3846 1093 3898 1142 ο,
3924 1096 3983 1129 εις

2421 1172 2580 1223 habet
2621 1171 2749 1222 illud
2793 1172 3035 1223 conliteri
3079 1181 3131 1222 et
3161 1172 3469 1231 emendare,
3508 1171 3679 1237 prnuti
3706 1169 3982 1224 confessa-

2423 1264 2535 1315 t'itts
2560 1266 2672 1330 t'jth
2708 1264 2802 1331 ipsi
2837 1264 3238 1331 prd-srripseiil.

3027 1357 3245 1409 (ZAI’I‘T
3291 1355 3401 1408 ΧΥ.

2489 1448 2562 1500 De
2590 1464 2649 1499 eo
2677 1448 2814 1514 quod
2843 1450 3091 1515 sacerdoti
3123 1450 3251 1498 nihil
3283 1450 3442 1515 prosit
3468 1450 3600 1515 quod
3622 1450 3799 1516 justus
3828 1448 3916 1509 sit,

2603 1520 2643 1570 si
2670 1521 2884 1588 injustas
2907 1518 2967 1569 ob
2993 1517 3246 1587 iniustitia
3277 1534 3371 1569 sua
3394 1519 3638 1570 deducere
3664 1519 3811 1569 nolit.

2502 1610 2597 1663 llic
2631 1612 2848 1672 dicitur,
2890 1612 2961 1662 uti
3000 1619 3216 1663 sanctus
3255 1608 3443 1661 Paulus
3482 1607 3658 1668 docet,
3698 1605 3988 1675 quemlibet

2426 1700 2817 1767 presbyterum,
2847 1701 2934 1767 qui
2962 1700 3028 1751 ad
3064 1700 3315 1767 populum
3345 1698 3436 1752 Dei
3462 1698 3756 1751 docendum
3789 1698 3987 1748 comu-

2427 1800 2570 1841 tutus
2598 1797 2700 1855 est,
2735 1801 2786 1840 ut
2818 1789 3012 1842 nullius
3040 1804 3221 1842 eorum
3256 1796 3436 1854 parcat
3462 1800 3529 1841 ex
3561 1784 3784 1852 alicujus
3813 1782 3984 1836 homi-

758 1883 967 1943 tuisset,
1001 1891 1053 1935 et
1082 1882 1462 1950 ordinavisset,
1505 1883 1751 1937 mittebat
1790 1883 2067 1950 epistolam
2100 1884 2319 1935 Romam
2362 1889 2400 1943 ιζ
2434 1882 2513 1931 tiis
2542 1882 2750 1942 timore,
2786 1896 2882 1933 nec
2910 1896 3005 1947 pro
3039 1880 3259 1947 pecunia
3290 1881 3483 1946 aliqua,
3523 1877 3591 1931 ita
3625 1887 3681 1929 ut
3718 1893 3823 1928 non
3861 1890 3992 1941 prm-

755 1973 821 2025 ad
862 1980 1103 2026 sanctum
1138 1971 1470 2043 Gregorium,
1504 1975 1592 2044 qui
1626 1989 1758 2044 papa
1808 1975 1879 2027 ibi
1914 1984 2049 2039 erat,
2091 1984 2145 2028 et
2175 1989 2326 2042 roga-

759 2067 846 2119 bat
874 2081 995 2119 eum
1028 2074 1087 2119 ut
1118 2081 1213 2133 per
1243 2067 1523 2132 epistolam
1556 2068 1655 2135 ipsi
1686 2068 1924 2122 mitteret
1962 2067 2088 2135 quid
2132 2067 2328 2121 facien-

758 2159 881 2210 dum
913 2158 981 2210 sit
1007 2158 1145 2211 circa
1178 2167 1491 2213 nocturnam
1536 2160 1878 2227 pollutionem
1915 2174 2031 2226 qua:
2060 2173 2204 2227 saepe
2231 2159 2327 2212 ho-

760 2248 992 2302 minibus
1035 2248 1086 2302 in
1137 2263 1326 2304 somno
1363 2248 1585 2315 accidit;
1636 2259 1813 2303 utrum
1860 2249 2093 2304 crastino
2130 2250 2217 2304 die
2262 2248 2327 2302 ad

762 2340 1141 2396 eucharistiam
1193 2342 1383 2408 abire,
1437 2344 1523 2398 vel
1574 2343 1957 2398 eucharistiam
2009 2358 2330 2397 consecrare

761 2430 951 2498 possit,
984 2430 1027 2484 si
1060 2431 1338 2500 presbyter
1379 2441 1545 2485 esset.
1593 2432 1692 2486 Ille
1720 2433 1881 2485 etiam
1915 2433 1962 2485 ei
1994 2433 2223 2500 prudens
2248 2449 2333 2488 re-

760 2534 1017 2586 sponsum
1052 2520 1222 2585 misit,
1255 2530 1310 2574 et
1340 2520 1475 2573 dixit
1504 2529 1563 2575 ut
1590 2520 1812 2590 quilibet
1841 2521 2081 2574 minister
2113 2521 2209 2575 Dei
2241 2537 2330 2576 se-

759 2608 888 2663 dulo
957 2610 1188 2677 inquirat
1230 2611 1296 2664 de
1341 2612 1531 2677 quibus
1596 2612 1758 2664 rebus
1803 2622 2059 2666 nocturna
2114 2614 2333 2680 pollutio

761 2700 983 2764 oriatur,
1016 2699 1265 2767 quoniam
1307 2715 1376 2753 ex
1420 2699 1587 2754 tribus
1623 2700 1800 2755 causis
1840 2701 2114 2755 suboritur
2156 2705 2335 2757 animo

768 2787 1057 2841 dormienti
1094 2806 1105 2840 :
1136 2788 1404 2843 interdum
1436 2804 1499 2843 ex
1533 2790 1763 2843 naturali
1817 2790 2127 2845 inﬁrmitate
2156 2801 2211 2846 et
2239 2793 2337 2845 im-

766 2878 1072 2944 becillitate,
1121 2880 1385 2933 interdum
1414 2895 1478 2934 ex
1506 2880 1870 2949 superﬂuitate
1916 2883 2021 2935 cibi
2072 2892 2127 2937 et
2157 2894 2331 2952 potus,

768 2968 1030 3023 interdum
1074 2974 1230 3023 etiam
1276 2984 1398 3025 cum
1441 2972 1558 3041 quis
1595 2973 1682 3028 die
1719 2974 1916 3042 cogitat
1954 2983 2008 3028 et
2050 2975 2338 3032 meditatur

770 3059 947 3113 inania
984 3069 1039 3115 et
1076 3063 1361 3131 prohibita,
1401 3080 1519 3131 qua:
1566 3081 1685 3119 cum
1731 3066 1959 3133 vigilans
1993 3066 2079 3121 die
2118 3068 2337 3139 cogitat,

772 3152 883 3204 huic
911 3152 1193 3207 dormienti
1224 3166 1381 3209 noctu
1409 3157 1719 3212 obveniant.
1748 3158 1951 3227 Itaque,
1981 3174 2104 3214 cum
2135 3163 2253 3229 quis
2283 3165 2334 3218 in

2431 1971 2572 2022 dicet
2615 1971 2859 2022 onmibus
2911 1969 3215 2022 hominibus
3265 1970 3385 2035 quid
3438 1968 3544 2020 illis
3594 1966 3891 2018 iacit-udum
3944 1975 3993 2015 et

2429 2057 2555 2125 quid
2595 2059 2945 2111 omittendum
2977 2057 3068 2119 sit.
3100 2058 3145 2111 si
3174 2058 3285 2125 ipsc
3315 2055 3439 2108 velit
3467 2068 3587 2109 esse
3618 2054 3793 2105 salvus
3825 2055 3875 2103 in
3912 2052 3995 2105 die

2427 2149 2612 2217 judicii
2640 2166 2819 2204 coram
2842 2152 2949 2204 Deo
2972 2151 3104 2217 ipso.

3012 2238 3238 2293 CAPUT
3279 2237 3415 2293 XVI.

2737 2333 2813 2386 De
2848 2333 3223 2384 conversatione
3261 2330 3683 2398 presbyterorum.

2504 2426 2739 2495 Quilibet
2791 2424 3070 2492 presbyter
3100 2422 3189 2484 sit,
3223 2420 3298 2472 uti
3340 2429 3557 2471 vocatus
3599 2425 3702 2470 est.
3732 2415 3994 2469 Sacer-tius

2431 2528 2515 2573 est
2562 2532 2661 2569 vox
2693 2515 2910 2577 Grzca,
2950 2520 3004 2566 et
3052 2511 3233 2565 Latine
3284 2510 3544 2579 signiﬁcat
3597 2523 3799 2560 sacrum
3839 2507 3991 2563 dans;

2435 2611 2549 2678 ipse
2574 2621 2783 2662 sacrum
2810 2606 2940 2658 dare
2965 2603 3126 2657 debet
3158 2603 3372 2672 populo,
3405 2597 3490 2653 cui
3528 2599 3713 2652 doctor
3741 2606 3797 2650 et
3820 2606 3996 2665 pastor

2435 2699 2758 2755 constitutus
2796 2706 2900 2760 est,
2932 2698 3033 2749 boc
3061 2703 3161 2758 est,
3190 2704 3247 2747 ut
3290 2701 3501 2746 sanctos
3530 2704 3701 2743 mores
3739 2698 3790 2743 et
3820 2703 4000 2741 exem-

2440 2792 2523 2859 pla
2555 2791 2659 2843 illis
2687 2788 2962 2850 ostendat;
2993 2786 3273 2838 admoneat
3320 2782 3460 2847 illos,
3492 2795 3558 2835 ne
3600 2780 3668 2835 de
3702 2778 3767 2833 iis
3794 2777 4000 2833 dicatur

2438 2885 2658 2937 verbum
2708 2879 2944 2934 terribile
2974 2876 3112 2946 quod
3142 2875 3386 2930 Salvator
3413 2873 3625 2928 dicebat
3672 2871 3739 2924 de
3770 2872 3997 2936 pastori-

2440 2977 2538 3031 bus
2579 2974 2758 3043 populi
2788 2970 3032 3034 lsraelis,
3067 2967 3309 3037 inquiens
3341 2982 3352 3016 :
3394 2963 3482 3018 Vw
3515 2962 3651 3017 vobis
3689 2960 3996 3030 pastoribur,

2440 3068 2526 3135 qui
2553 3067 2719 3136 gregis
2759 3064 2889 3116 lacte
2921 3060 3142 3119 utimini.
3184 3068 3230 3111 et
3259 3071 3430 3109 eorum
3463 3054 3583 3107 lana
3608 3068 3693 3105 vos
3718 3053 3926 3108 vestitis,
3954 3059 4001 3098 et

2442 3175 2557 3212 cum
2597 3159 2809 3225 pingues
2865 3160 3053 3215 essent,
3107 3165 3191 3203 eos
3238 3147 3534 3211 dissecatis,
3576 3154 3619 3198 et
3658 3159 3769 3196 cum
3815 3140 4002 3206 inﬁrmi

770 3257 960 3295 somno
993 3245 1223 3311 pollutus
1253 3247 1323 3299 sit
1360 3262 1423 3301 ex
1455 3248 1653 3301 carnali
1688 3249 2072 3319 imbecillitate,
2103 3267 2209 3307 non
2241 3254 2336 3309 fuit
2364 3232 2408 3292 (ἶ
2442 3256 2627 3312 essent,
2656 3262 2741 3301 eos
2788 3260 2890 3296 non
2933 3239 3290 3301 corroboratis,
3324 3252 3482 3306 neque
3511 3250 3669 3305 agros
3715 3231 3999 3285 ntcdcmiui.

773 3332 874 3387 hoc
904 3335 955 3387 in
984 3335 1100 3402 ejus
1144 3345 1438 3404 potestate;
1489 3348 1606 3392 oret
1650 3340 1834 3393 sedulo
1880 3341 1945 3394 ad
1980 3341 2166 3407 Deum,
2216 3353 2271 3398 et
2307 3360 2337 3399 a

774 3422 886 3475 Deo
930 3426 1297 3480 remiSsionem
1338 3436 1503 3495 petat.
1547 3428 1616 3481 Et
1656 3430 1700 3481 si
1747 3428 1850 3483 hoc
1876 3445 1938 3484 ex
1972 3434 2340 3500 superﬂuitate

773 3512 878 3566 cibi
933 3515 1012 3566 vel
1046 3522 1205 3583 potus
1250 3517 1472 3582 oriatur,
1515 3518 1583 3571 sit
1616 3518 1912 3585 obnoxius;
1953 3530 2185 3576 attamen
2232 3540 2337 3578 non

774 3611 859 3655 est
886 3602 933 3655 ei
959 3604 1277 3658 eucliaristia
1306 3606 1638 3675 deneganda,
1682 3622 1779 3661 nec
1820 3607 1998 3663 missa
2028 3610 2336 3677 celebratio,

776 3693 822 3745 si
861 3695 1135 3763 presbyter
1162 3697 1252 3761 sit,
1284 3697 1327 3749 si
1362 3698 1589 3752 maxime
1619 3698 1978 3752 necessarium
2005 3700 2094 3765 sit,
2127 3711 2180 3755 et
2207 3702 2341 3756 alius

780 3799 885 3837 non
930 3786 1069 3838 adsit
1108 3788 1386 3854 sacerdos,
1427 3788 1515 3858 qui
1562 3790 1662 3843 hoc
1692 3790 2043 3847 ministerium
2087 3803 2339 3862 peragat;

781 3872 826 3925 si
865 3884 1041 3929 autem
1084 3877 1218 3929 alius
1262 3878 1404 3931 adsit
1445 3878 1534 3945 qui
1570 3880 1670 3932 hoc
1710 3880 2061 3935 ministerium
2093 3892 2344 3949 praestare

778 3977 959 4035 queat,
998 3968 1185 4021 nlt'IItlS
1220 3970 1267 4024 ei
1306 3980 1412 4034 est,
1443 3970 1487 4023 si
1521 3984 1587 4025 eo
1615 3971 1699 4025 die
1739 3972 1839 4026 hoc
1870 3974 2099 4037 omittat,
2129 3980 2184 4026 et
2225 3973 2345 4025 dili-

778 4136 986 4149 0—-

2445 3350 2491 3393 et
2538 3355 2654 3392 cum
2727 3338 2877 3405 fracti
2943 3342 3135 3394 essent,
3182 3348 3263 3385 eos
3317 3346 3416 3381 non
3471 3327 3752 3389 restituitis,
3792 3336 3839 3377 et
3895 3340 4005 3376 cum

2446 3429 2662 3495 dispersi
2701 3435 2881 3490 essent,
2926 3440 3010 3477 eos
3058 3439 3158 3474 non
3216 3420 3473 3491 colligitis,
3521 3427 3567 3471 et
3607 3418 3855 3484 dispersos
3908 3429 4004 3465 non

2446 3521 2688 3589 qum-itis.
2755 3518 2909 3570 Nunc
2986 3515 3148 3566 omnis
3208 3526 3332 3582 gres:
3397 3525 3535 3562 meus
3584 3508 3848 3560 seditiosus
3907 3512 4006 3563 est,

2449 3616 2684 3679 quoniam
2734 3625 2834 3662 non
2862 3607 3045 3661 [tabent
3076 3614 3327 3673 pastorem
3356 3602 3590 3670 aliquem,
3628 3608 3674 3652 et
3712 3598 3849 3652 cibus
3889 3595 4011 3663 [acti

2449 3712 2566 3755 sunt
2622 3700 2854 3755 omnibus
2914 3698 3083 3751 bestiis
3129 3697 3271 3765 feris.
3340 3695 3507 3748 Omne
3568 3693 3668 3745 boc
3712 3690 3907 3744 dit-itur
3945 3688 4011 3740 dc

2450 3791 2713 3859 episcopis
2741 3798 2791 3842 et
2818 3788 2885 3841 de
2908 3786 3248 3856 presbyteris,
3276 3786 3364 3852 qui
3414 3783 3505 3837 Dei
3556 3781 3805 3850 pupulum
3838 3779 3891 3832 in
3927 3778 4012 3830 die

2448 3880 2632 3948 judicii
2682 3879 2747 3932 ad
2784 3878 3043 3947 judicium
3088 3877 3284 3929 ducere
3329 3874 3559 3937 debent,
3608 3870 3899 3939 quemlibet
3949 3867 4009 3919 sd

2457 3973 2750 4041 portionem
2785 3987 2904 4037 quc
2932 3972 2979 4023 ei
3010 3978 3162 4021 antea
3197 3969 3247 4017 in
3278 3968 3380 4017 vita
3414 3965 3675 4033 assignato
3701 3972 3837 4014 erat.

1996 4265 2292 4342 LIBER
2347 4267 2845 4358 QUARTUS.

784 4431 1063 4509 Sciendum
1107 4440 1178 4483 est
1226 4430 1477 4509 quomodo
1520 4429 1612 4509 llic.
1645 4442 1856 4499 quartus
1897 4435 2025 4509 liber
2066 4452 2166 4509 non
2216 4438 2277 4489 sit
2330 4438 2521 4498 divisus
2560 4441 2611 4492 in
2666 4442 2872 4509 capita,
2928 4456 3042 4491 cum
3074 4441 3269 4509 priores
3312 4440 3429 4492 libri
3464 4447 3576 4491 sunt
3614 4440 3665 4491 in
3717 4443 3882 4507 capita
3937 4441 4013 4491 di-

854 4504 982 4579 visi;
1018 4502 1110 4553 hoc
1129 4510 1236 4579 est,
1279 4502 1517 4579 quoniam
1558 4502 1651 4579 llic.
1678 4513 1890 4579 quartus
1930 4506 2073 4579 liber_
2093 4508 2390 4571 desumptus
2419 4520 2490 4560 est
2530 4526 2591 4562 ea:
2617 4502 2774 4562 tribus-
2800 4527 2819 4563 :
2844 4513 2889 4562 si
2917 4514 3029 4576 quis
3058 4502 3156 4561 cito
3187 4509 3380 4575 aliquid
3410 4510 3461 4561 in
3488 4510 3641 4561 tribus
3671 4502 3856 4579 (libris)
3890 4513 4017 4564 ince-

856 4573 965 4624 nire
993 4570 1185 4639 nequit,
1215 4570 1307 4621 hoc
1339 4572 1389 4623 in
1417 4580 1599 4639 quarto
1635 4572 1886 4624 invenitur
1916 4586 2017 4626 tam
2040 4577 2101 4627 de
2128 4578 2404 4644 majoribus
2431 4595 2584 4647 quam
2613 4581 2889 4633 minoribus
2916 4570 3085 4645 rebus,
3111 4570 3427 4648 manifestius
3454 4588 3499 4631 ct
3527 4570 3845 4648 quantocius.

855 4706 909 4760 Si
966 4706 1245 4772 episcopus
1290 4704 1480 4771 aliquis
1538 4704 1805 4759 hominem
1867 4706 2111 4771 occidat,
2176 4710 2359 4776 perdat
2387 4715 2435 4773 Ι)
2532 4714 2588 4769 Si
2633 4714 2861 4768 clericus
2905 4713 3172 4769 hominem
3202 4714 3434 4783 occidat,
3478 4715 3678 4783 jejunet
3704 4732 3801 4771 sex
3830 4732 4015 4785 annos,

795 4800 1033 4854 ordinem
1079 4814 1255 4861 suum,
1285 4807 1338 4852 et
1377 4798 1581 4866 jejunet
1610 4799 1887 4853 duodecim
1920 4816 2119 4868 annos;
2152 4816 2355 4873 septem

787 4892 841 4944 in
875 4902 1007 4957 [iane
1046 4898 1102 4943 et
1143 4902 1299 4956 aqua,
1346 4898 1401 4942 et
1441 4889 1677 4956 quinque
1718 4889 1918 4960 (annis)
1970 4900 2075 4947 tres
2120 4894 2235 4949 dies
2268 4911 2360 4964 per

790 4979 1196 5043 hebdomadam,
1226 4989 1280 5033 et
1313 4980 1533 5049 reliquis
1564 4988 1744 5034 utatur
1774 4982 1894 5036 cibo
1925 4998 2043 5037 suo.

860 5072 914 5124 Si
967 5072 1281 5139 presbyter,
1331 5074 1414 5123 vel
1465 5072 1754 5124 monachus
1808 5075 2075 5127 hominem
2126 5077 2355 5145 occidat,

792 5162 977 5228 perdat
1026 5162 1264 5215 ordinem
1316 5178 1512 5228 suum,
1569 5179 1622 5218 et
1666 5167 1870 5235 jejunet
1923 5168 2107 5222 decem
2157 5187 2357 5236 annos;

792 5256 1025 5319 quinque
1056 5268 1174 5307 cum
1208 5270 1340 5322 pane
1385 5264 1439 5308 et
1464 5271 1618 5324 aqua,
1654 5268 1707 5312 et
1736 5260 1969 5328 reliquos
1999 5261 2233 5329 quinque
2264 5264 2358 5315 tri-

798 5345 893 5395 bus
942 5342 1133 5397 diebus
1176 5358 1269 5412 per
1317 5345 1725 5415 hebdomadam,
1758 5359 1813 5403 et
1862 5351 2065 5419 reliquo
2110 5353 2228 5407 cibo
2260 5368 2357 5408 suo

795 5444 988 5488 utatur.

864 5526 915 5576 Si
964 5525 1218 5579 diaconus
1261 5526 1525 5582 hominem
1572 5532 1823 5597 occidat,
1888 5535 2076 5602 perdat
2122 5536 2360 5590 ordinem

800 5633 951 5668 suum
991 5626 1045 5669 et
1077 5617 1283 5684 jejunet
1320 5629 1523 5685 septem
1569 5639 1759 5689 annos,
1803 5638 2028 5694 quatuor
2070 5644 2188 5682 cum
2229 5646 2365 5700 pane

799 5719 851 5758 et
888 5724 1055 5774 aqua,
1096 5720 1145 5762 et
1179 5720 1286 5764 tres
1320 5714 1533 5781 (annos)
1564 5716 1770 5783 jejnnet
1820 5720 1988 5774 tribus
2033 5722 2222 5779 diebus
2272 5739 2366 5793 per

804 5796 1207 5865 hebdomadam,
1238 5812 1289 5854 et
1321 5802 1537 5873 reliquis
1565 5805 1684 5861 cibo
1716 5824 1813 5862 suo
1844 5819 2042 5865 utatur.

2464 4814 2573 4860 tres
2600 4821 2721 4859 cum
2754 4820 2889 4873 pane
2917 4814 2972 4861 et
2998 4820 3155 4875 aqua,
3187 4814 3242 4861 et
3271 4814 3378 4861 tres
3411 4807 3613 4875 jejunet
3641 4807 3809 4863 tribus
3836 4808 4018 4863 diebus

2464 4914 2557 4967 per
2587 4898 2959 4968 septimanam,
2986 4909 3041 4953 et
3068 4899 3289 4968 reliquis
3316 4900 3436 4954 cibo
3461 4915 3559 4954 suo
3590 4908 3785 4954 utatur.

2535 4990 2589 5043 Si
2624 4990 2788 5043 laicus
2816 4990 3043 5059 aliquem
3089 4989 3318 5057 occidat,
3347 4990 3552 5059 jejunet
3579 4992 3813 5061 quinque
3838 5007 4019 5053 annos.

2472 5089 2577 5134 trcs
2618 5081 2669 5134 in
2710 5096 2845 5149 pane
2878 5091 2932 5136 et
2965 5096 3123 5149 aqua,
3156 5089 3211 5134 et
3244 5081 3378 5134 duos
3413 5081 3617 5150 jejunet
3656 5082 3820 5137 tribus
3843 5082 4022 5138 diebus

2470 5184 2565 5240 per
2594 5173 2964 5239 septimanam,
2995 5180 3048 5225 et
3074 5172 3289 5241 reliquis
3307 5171 3431 5227 cibo
3458 5188 3554 5226 suo
3580 5180 3779 5227 utatur.

2540 5265 2596 5319 Si
2638 5264 2754 5333 quis
2797 5264 3096 5319 ordinatum
3144 5264 3411 5319 hominem
3454 5264 3676 5328 occidat,
3714 5266 3797 5319 vel
3832 5280 4019 5334 cogna-

2472 5362 2581 5407 tum
2623 5354 2760 5423 ejus,
2791 5354 3003 5409 deserat
3045 5355 3288 5421 patriam,
3329 5362 3382 5408 et
3420 5354 3805 5422 possessionem
3849 5369 4023 5415 suam,

2472 5456 2527 5501 et
2565 5447 2969 5501 abeatRomam
3000 5448 3065 5500 ad
3096 5460 3307 5515 papam,
3337 5456 3392 5502 et
3419 5446 3574 5502 faciat
3615 5457 3801 5515 postea
3862 5448 4025 5515 promi

2476 5555 2607 5608 papa
2640 5543 2688 5593 ei
2720 5542 3121 5609 praescripserit.

2546 5632 2600 5685 Si
2648 5634 2929 5700 episc0pus
2990 5633 3221 5701 aliquam
3268 5632 3671 5687 fornicationem
3718 5633 4027 5693 committat,

2476 5723 2554 5776 vel
2602 5724 2949 5789 adulteretur,
2988 5724 3193 5793 jejunet
3220 5723 3501 5778 duodecim
3531 5738 3730 5788 annos;
3766 5725 4031 5793 presbyter

2477 5823 2527 5865 et
2567 5814 2857 5868 monachus
2894 5815 3077 5868 decem
3119 5828 3320 5880 annos,
3350 5822 3405 5868 et
3445 5814 3704 5868 diaconus
3732 5823 3958 5882 septem.
3984 5823 4033 5868 et
