4168 6530
215 458 331 512 4⁸25

1422 449 1989 511 ΡΟΕΝΙΤΕΝΤῙΑΜΞ
2026 450 2155 504 LIB.
2206 451 2288 503 IV.

3399 462 3499 512 ωδ

209 572 451 625 clericus
477 584 568 623 sex
602 582 795 629 annos.
828 578 882 621 et
911 567 1076 620 laicus
1102 566 1335 636 quinque
1380 582 1576 629 annos,
1614 564 1686 617 uti
1721 566 1805 617 hic:
1838 573 1879 625 Λ
1914 566 1962 616 iu
1997 581 2151 632 aqua.
2189 575 2239 616 et
2265 565 2378 616 aliis
2411 565 2598 617 dio-bu;
2621 569 3495 637 unumunum-'1,exceptararoe

210 677 388 730 supra
419 660 485 714 de
510 659 798 713 homicidio
822 659 1078 721 scriptum
1113 667 1214 712 est.

292 751 354 803 Si
399 748 587 816 aliquis
633 750 910 802 ordinatus
957 747 1235 816 cpiscopus
1261 748 1341 800 vel
1388 748 1690 815 presbyter,
1724 748 1805 800 vel

211 841 543 906 monachus,
574 840 656 892 vel
697 838 955 892 diaconus
985 851 1289 892 consortem
1339 852 1490 891 suam
1540 837 1802 901 habuerit,

209 941 514 1001 antequam
546 931 822 985 ordinatus
850 940 1024 996 esset,
1052 941 1105 983 et
1136 946 1251 984 eam
1282 946 1342 983 ex
1376 944 1557 983 amore
1591 930 1679 983 Dei
1717 930 1807 982 de-

208 1030 393 1083 serat,
430 1029 483 1074 et
527 1021 767 1073 ordinem
814 1020 1092 1088 suscipiat,
1123 1029 1177 1071 et
1206 1020 1400 1072 deinde
1433 1035 1527 1086 per
1573 1020 1805 1071 I’oruica-

212 1114 427 1167 tionem
465 1113 687 1165 invicem
717 1111 1131 1179 eonjungantur,
1167 1110 1389 1177 quilibet
1424 1111 1627 1179 jejunet
1656 1112 1806 1180 juxta

208 1204 473 1257 ordinem
498 1217 673 1265 suum,
706 1201 779 1253 uti
809 1216 969 1263 supra
1000 1202 1063 1251 de
1093 1201 1385 1255 homicidzo
1420 1202 1674 1267 scriptum
1706 1212 1804 1251 est.

292 1292 351 1345 Si
382 1293 501 1360 quis
546 1305 666 1343 cum
712 1290 928 1342 mouiali
974 1289 1285 1355 foruicetur,
1320 1306 1438 1358 qua:
1472 1291 1578 1342 Deo
1611 1291 1706 1355 ipsi
1758 1289 1808 1339 iu

214 1396 488 1449 sponsum
538 1382 856 1450 desponsata
899 1394 1003 1445 est,
1048 1383 1089 1433 si
1138 1383 1209 1434 sit
1252 1382 1555 1446 episcopus,
1607 1378 1810 1446 jejunet

210 1473 507 1527 duodecim
559 1489 755 1535 annos,
812 1482 1016 1540 septeu
1070 1489 1189 1526 cum
1242 1490 1374 1541 pane
1430 1484 1483 1526 et
1539 1490 1708 1541 aqua,
1758 1484 1811 1528 et

212 1567 460 1633 quinque
500 1564 697 1633 (anuis)
732 1575 839 1618 tres
878 1566 992 1617 dies
1036 1580 1131 1632 per
1162 1566 1549 1620 hebdomadam
1594 1568 1644 1620 in
1677 1580 1811 1634 pane

210 1664 275 1708 ct
310 1671 475 1723 aqua,
510 1666 561 1706 et
603 1656 838 1723 reliquos
893 1665 1068 1708 utatur
1099 1657 1220 1711 cibo
1249 1671 1365 1719 suo,
1402 1667 1619 1722 excepta
1651 1671 1812 1711 carne

215 1744 376 1806 sola;
428 1752 483 1794 et
523 1746 748 1811 quilibet
785 1747 933 1813 juxta
984 1747 1225 1799 ordinem
1266 1762 1418 1799 suum
1466 1748 1698 1815 jejunet,
1734 1750 1810 1800 si-

215 1835 426 1887 militer
473 1838 545 1887 uti
587 1836 675 1888 hic
721 1852 885 1906 supra
933 1839 1000 1891 de
1052 1838 1338 1892 homicidio
1384 1840 1579 1893 dictum
1612 1851 1710 1894 est.
1747 1841 1809 1893 Et

1910 658 2048 707 sola.
2084 656 2139 708 Si
2194 656 2418 708 sitrleri
2460 656 2746 724 u~‘jejunct
2797 675 2958 711 ttumn
3017 674 3234 724 annum,
3293 664 3497 720 duobus

1912 749 2102 799 diebus
2133 764 2227 815 per
2269 748 2659 800 hebdomadam
2688 750 2735 800 in
2772 767 2904 815 pane
2936 764 2981 803 et
3020 752 3069 803 ia
3096 767 3226 821 aqua
3283 761 3337 806 et
3368 756 3464 808 rel:

1911 838 2031 904 quis
2064 838 2251 889 diebus
2281 856 2307 889 a
2346 856 2509 895 carne
2540 842 2825 895 abstineat.
2855 846 2906 897 Si
2940 846 3008 897 sit
3037 850 3333 914 presbyter,
3358 848 3497 916 jeju~

1913 942 2001 983 net
2031 934 2263 998 quinque
2292 947 2458 985 annos
2492 951 2505 997 ;
2541 952 2703 988 unum
2738 937 2788 988 in
2839 953 2971 1004 pane
3000 952 3051 993 et
3083 956 3237 1009 aqua,
3269 952 3321 995 et
3366 959 3498 1011 qua-

1914 1034 2035 1073 tuor
2061 1025 2297 1088 qttolibct
2328 1024 2412 1078 die
2440 1028 2659 1080 Veneris
2693 1030 2746 1082 iu
2783 1046 2916 1096 parte
2946 1041 2999 1085 et
3022 1049 3152 1101 aqut
3193 1078 3207 1098 ,
3240 1048 3293 1092 et
3322 1040 3495 1107 ψωΙὶ-

1912 1114 1995 1166 bet
2029 1116 2134 1168 alio
2166 1117 2250 1169 die
2277 1133 2303 1168 a
2337 1134 2496 1171 carne
2526 1122 2808 1175 altStiueat.

1983 1195 2034 1259 Si
2065 1210 2182 1277 quis
2214 1211 2541 1277 sortilegium
2570 1219 2649 1268 vel
2684 1217 3064 1271 divinationem
3094 1220 3375 1285 adhibeat,
3403 1224 3487 1278 vel

1915 1300 2114 1368 vigilias
2144 1318 2267 1354 suas
2293 1304 2353 1354 ad
2389 1307 2600 1373 aliquod
2625 1317 2851 1370 torrens,
2873 1313 2949 1363 vel
2982 1314 3043 1364 ad
3068 1314 3227 1366 aliam
3258 1316 3490 1383 aliquam

1910 1404 2206 1446 creaturam
2242 1408 2596 1467 prieterqnam
2630 1402 2691 1451 ad
2721 1401 2809 1453 Dei
2835 1406 3115 1459 ecclesiam
3152 1408 3327 1475 faciat,
3358 1410 3497 1481 jeju-

1912 1493 1998 1535 net
2029 1495 2135 1538 tres
2157 1499 2344 1549 annos,
2383 1505 2542 1541 unum
2566 1490 2613 1541 iu
2648 1506 2781 1556 pane
2807 1503 2861 1544 et
2890 1510 2990 1562 aqu
3010 1512 3044 1556 ι,
3077 1506 3130 1549 et
3154 1498 3358 1553 duobus
3384 1502 3495 1555 die-

1914 1573 2007 1625 bus
2033 1576 2274 1629 Mercurii
2306 1588 2357 1631 et
2387 1578 2605 1633 Veneris
2638 1585 2688 1635 in
2737 1600 2871 1650 pane
2916 1597 2969 1640 et
2996 1604 3128 1657 aqua
3161 1608 3173 1651 ;
3206 1602 3255 1644 et
3287 1592 3503 1662 reliquis

1913 1664 2102 1718 diebus
2134 1677 2311 1722 utatur
2330 1672 2449 1724 cibo
2476 1690 2591 1733 suo,
2627 1689 2844 1743 excepta
2874 1694 3033 1733 carne
3058 1684 3190 1734 sola.

1986 1753 2129 1808 Uxor
2158 1759 2345 1811 eodem
2379 1763 2537 1815 modo
2561 1766 2791 1818 obnoxia
2823 1771 2913 1827 sit.
2983 1772 3024 1822 si
3051 1787 3170 1823 cum
3232 1773 3494 1840 aliquibus

1914 1844 2373 1901 incantationibus
2431 1864 2678 1915 proci-eat
2738 1856 3042 1919 infantem,
3080 1862 3159 1914 vel
3216 1867 3385 1933 (eum)
3435 1870 3497 1919 aal

218 1926 478 1977 monialis
518 1926 717 1993 jejunet
752 1929 935 1981 decem
980 1944 1174 1994 annos,
1207 1931 1424 1983 omnino
1455 1933 1527 1983 uti
1558 1947 1716 2000 supra
1744 1933 1810 1985 de
1846 1920 1885 1975 Β
1915 1938 2143 2002 compita
2171 1949 2221 1990 et
2258 1954 2349 2005 per
2374 1951 2567 1995 terram
2604 1945 2795 2007 trahit;
2822 1961 2983 2001 omne
3017 1950 3116 2003 hoc
3158 1920 3381 2023 magnus
3412 1969 3494 2011 est

219 2014 561 2081 presbyteris
592 2017 847 2082 scriptum
879 2027 980 2069 est.

299 2103 353 2155 Si
386 2105 502 2169 quis
524 2118 643 2155 eum
679 2106 896 2158 moniali
922 2107 1167 2160 fornicari
1193 2108 1371 2171 vellet,
1401 2118 1452 2162 et
1481 2125 1540 2163 ea
1573 2125 1805 2163 consen-

228 2196 335 2246 tire
367 2195 549 2257 nollet,
573 2194 778 2261 jejunet
810 2213 971 2250 unum
1024 2214 1219 2251 annum
1269 2215 1363 2267 pro
1397 2201 1481 2253 illa
1507 2201 1693 2268 injusta
1727 2219 1817 2253 vo-

226 2283 437 2337 luntate
462 2284 511 2337 iu
543 2300 678 2352 pane
706 2298 753 2339 el
785 2303 945 2353 aqua.

311 2376 369 2429 Si
398 2380 515 2443 quis
536 2392 655 2428 cum
681 2378 897 2429 alterius
924 2381 1333 2446 Iegitimauxore
1364 2383 1615 2436 fornicari
1638 2385 1814 2447 vellet,

231 2474 291 2517 et
325 2467 437 2530 ipsa
468 2468 771 2518 consentire
804 2468 985 2532 nollet,
1011 2470 1215 2536 jejunet
1245 2488 1337 2536 pro
1367 2471 1560 2539 iujusta
1602 2488 1693 2525 sua
1730 2490 1820 2523 m-

225 2557 439 2609 luutate
471 2566 579 2609 tres
608 2558 1081 2625 quadragesimas;
1118 2563 1340 2625 primum
1374 2563 1439 2614 ad
1488 2562 1719 2614 mediam

222 2657 452 2713 autem,
501 2649 789 2701 secundam
830 2650 895 2704 ad
947 2653 1322 2717 mquinocrium
1365 2657 1709 2715 autumnale,
1766 2662 1819 2706 et

236 2742 457 2791 tertiam
488 2742 550 2789 ad
576 2739 760 2791 Natale
792 2740 1024 2792 Domini.

299 2830 357 2883 Si
386 2830 503 2897 quis
533 2845 651 2882 cum
682 2831 872 2883 fetnina
905 2829 1152 2884 fornicari
1206 2833 1348 2895 velit,
1395 2843 1447 2885 et
1469 2848 1527 2885 ea
1577 2848 1607 2884 c
1629 2851 1820 2886 uiscu-

227 2923 334 2975 tire
361 2922 511 2984 nolit,
558 2922 763 2989 jejunet
802 2922 1145 2993 quadraginta
1195 2924 1307 2977 dies
1367 2932 1420 2977 et
1468 2925 1819 2995 quadraginta

230 3023 421 3065 noctes
454 3012 503 3063 in
549 3027 681 3075 pane
709 3020 761 3064 et
789 3026 947 3077 aqua.

297 3101 353 3153 Si
383 3100 500 3167 quis
528 3100 751 3153 alterum
801 3100 902 3152 lilia
931 3117 1024 3155 sua
1048 3117 1110 3169 sp
1134 3102 1239 3154 iliet
1262 3143 1277 3163 ,
1322 3114 1634 3171 compensat
1663 3106 1805 3173 apud

228 3191 439 3243 amicos
466 3232 480 3254 ,
515 3201 567 3244 et
607 3192 809 3258 jejunet
854 3192 1074 3255 quilibet
1101 3209 1281 3247 eorum
1335 3210 1530 3249 annmn
1564 3215 1725 3252 unum
1760 3200 1810 3252 in

1922 2030 2285 2091 paganismus.

1995 2116 2050 2169 Si
2086 2132 2218 2168 uxor
2250 2119 2491 2185 quadam
2527 2132 2651 2188 potu
2685 2137 2781 2175 suo
2814 2126 3067 2179 infantem
3124 2131 3173 2182 in
3207 2135 3380 2201 se'p=.a
3413 2152 3503 2188 sm

1920 2216 2108 2271 Sponte
2140 2210 2343 2274 ρετιιςιι,
2398 2213 2475 2263 vel
2502 2214 2764 2279 aliquibus
2791 2218 2947 2270 rebus
2994 2234 3112 2272 cum
3164 2238 3500 2292 corrumpat.

1915 2296 2118 2361 jejunet
2150 2310 2353 2365 sepiem
2384 2316 2551 2353 annos
2584 2319 2598 2367 ;
2635 2314 2739 2356 tres
2773 2307 2821 2358 in
2850 2322 2980 2373 pauc
3005 2320 3057 2361 et
3087 2327 3253 2379 aqua,
3288 2326 3339 2368 et
3372 2319 3495 2371 reli-

1923 2407 2055 2453 quos
2079 2398 2258 2441 utatur
2283 2394 2403 2443 cibo
2428 2408 2545 2455 suo,
2576 2409 2797 2461 excepta
2830 2414 2988 2450 carne
3020 2404 3151 2453 so'a.

1994 2479 2043 2531 Si
2072 2481 2189 2541 quis
2221 2480 2381 2533 laicus
2410 2484 2566 2533 alium
2604 2487 2868 2545 vulneret.
2899 2504 3210 2555 c-uupemct
3237 2496 3284 2549 ei
3307 2500 3501 2550 vulnus

1923 2579 1977 2619 et
2006 2569 2183 2622 solvat
2214 2587 2307 2639 pro
2336 2574 2759 2639 medicamentis,
2796 2580 2883 2649 c‘j
2911 2582 3068 2647 -junet
3093 2602 3249 2639 uuam
3272 2592 3500 2657 quadra-

1922 2661 2179 2727 gesimam
2210 2672 2335 2713 ante
2368 2664 2549 2718 Natale
2583 2667 2786 2719 Domini
2822 2672 2871 2722 iu
2904 2688 3035 2739 pauc
3066 2689 3117 2726 et
3148 2694 3301 2745 aqua.

1995 2751 2047 2803 Si
2078 2752 2195 2816 quis
2227 2754 2477 2807 clericum
2512 2760 2774 2824 vulneret,
2803 2762 3008 2827 jejunet
3038 2765 3104 2817 du
3127 2785 3171 2821 IS
3194 2772 3495 2841 quadrage-

1924 2841 2121 2891 simus:
2158 2857 2315 2893 unam
2350 2854 2474 2897 ante
2508 2849 2733 2899 mediam
2784 2862 3042 2915 :t'statem,
3097 2868 3145 2909 et
3176 2858 3223 2909 al
3250 2876 3332 2913 am
3382 2877 3506 2915 ante

1926 2928 2112 2984 Natale
2143 2931 2183 2984 ι)
2208 2933 2373 2998 uniui,
2400 2940 2633 2987 sucunlo
2665 2954 2875 3004 semper
2905 2943 2988 2996 die
3019 2947 3065 2995 iu
3102 2962 3234 3013 pauc
3262 2963 3314 3002 et
3342 2968 3499 3021 aqua.

1995 3022 2048 3076 SI
2086 3025 2203 3091 quis
2232 3028 2512 3079 ecclesiam
2548 3030 2637 3082 Dei
2670 3031 2917 3101 infringat
2951 3035 3074 3089 furti
3108 3055 3288 3106 causa,
3322 3047 3507 3099 reddat

1924 3113 2138 3176 furtum.
2174 3128 2219 3169 et
2248 3116 2455 3183 jejunet
2505 3130 2714 3185 septem
2768 3138 2957 3189 annos,
3003 3132 3173 3194 prouti
3213 3134 3298 3185 hic
3346 3152 3503 3203 supra

1921 3209 2173 3269 scriptum
2207 3212 2373 3263 estde
2408 3212 2717 3267 homicidio.

226 3296 367 3348 pane
395 3290 449 3334 et
477 3295 631 3349 aqua,
661 3290 714 3333 et
737 3282 968 3348 reliquos
999 3284 1113 3337 dies
1133 3285 1251 3337 cibo
1298 3300 1393 3337 suo
1436 3298 1668 3351 utantur,
1720 3305 1813 3343 ex-
1844 3288 1889 3349 C
1992 3296 2044 3350 Si
2074 3300 2190 3363 quis
2216 3298 2417 3353 foretur
2472 3302 2647 3355 cibum
2684 3307 2760 3359 rel
2818 3324 3069 3375 pannum,
3115 3324 3169 3367 et
3225 3316 3389 3371 rantes
3442 3337 3502 3371 gn:

225 3380 383 3439 cepta
437 3387 638 3435 carne;
682 3380 736 3426 et
786 3380 963 3426 sumat
1018 3389 1135 3427 eam
1166 3375 1358 3431 deinde
1391 3378 1439 3429 in
1491 3395 1732 3443 uxorem,
1769 3380 1812 3433 si

221 3464 386 3517 amici
411 3464 601 3517 velint.

297 3555 355 3608 Si
385 3556 612 3619 aliquem
642 3556 885 3612 diabolus
910 3558 1043 3612 adeo
1077 3561 1367 3623 obsederit,
1406 3571 1459 3613 ut
1494 3578 1614 3615 cum
1649 3563 1809 3616 mutis

226 3648 420 3700 bestiis
448 3659 624 3712 coeat,
680 3650 996 3702 conliteatur
1020 3651 1345 3705 confessario
1370 3668 1465 3705 suo
1492 3694 1505 3717 ,
1540 3664 1589 3707 et
1611 3653 1814 3723 jejunet

226 3738 539 3806 quindecim
564 3753 748 3801 annos,
782 3751 983 3804 septem
1016 3740 1065 3792 in
1093 3754 1225 3807 parte
1254 3750 1309 3794 et
1330 3757 1490 3809 aqua,
1525 3752 1577 3795 et
1604 3754 1811 3807 septem

221 3826 468 3896 quolibet
494 3841 653 3892 anno,
680 3827 884 3894 jejunet.
918 3838 1025 3881 tres
1057 3832 1491 3898 quadragesintas
1526 3834 1575 3884 iu
1602 3848 1735 3899 pane
1758 3843 1814 3885 et

221 3930 389 3984 aqua,
422 3931 580 3968 unam
612 3918 1070 3986 quadragesimam
1099 3930 1222 3974 ante
1265 3922 1487 3986 Pascha,
1539 3931 1593 3977 et
1622 3938 1814 3977 secun-

220 4008 356 4060 dam
388 4020 503 4074 post
536 4008 922 4073 Pentecostem,
955 4022 1006 4064 et
1037 4014 1243 4065 tertiam
1276 4023 1398 4067 ante
1428 4014 1612 4067 Natale
1637 4016 1812 4067 Domi-

226 4099 310 4161 ni,
346 4108 401 4151 et
451 4113 663 4166 semper
689 4098 895 4167 jejunet
941 4101 1128 4156 diebus
1185 4103 1426 4157 Mercurii
1451 4114 1505 4158 et
1566 4104 1807 4168 Veneris,

224 4190 471 4260 quandiu
505 4191 713 4244 vixerit.

299 4280 356 4332 Si
389 4281 504 4345 quis
535 4279 973 4333 consuetudinem
1015 4280 1208 4335 habeat
1238 4284 1469 4351 seipsum
1500 4301 1595 4340 sua
1622 4300 1810 4355 sponte

216 4373 485 4438 polluere,
516 4373 718 4438 jejunet
739 4374 1021 4428 triennium
1045 4392 1058 4439 ;
1091 4378 1325 4443 quolibet
1346 4379 1530 4433 borum
1549 4396 1806 4437 auuorum

216 4475 333 4517 tres
363 4464 790 4531 quadragesiutas
818 4464 869 4517 in
896 4480 1029 4532 pane
1078 4476 1132 4520 et
1157 4481 1321 4535 aqua,
1354 4478 1409 4524 et
1440 4472 1668 4540 reliqum
1695 4476 1809 4529 dies

211 4555 433 4608 omittat
464 4554 696 4621 quoudie
738 4569 978 4620 carnem,
1027 4559 1263 4626 exceptis
1305 4560 1587 4617 dominicis
1622 4564 1810 4620 diebus

218 4645 391 4698 Solis.

290 4735 350 4787 Si
379 4735 495 4802 quis
522 4736 746 4788 alterum
782 4734 1223 4790 incantationibus
1254 4737 1460 4807 perdat,
1490 4738 1695 4808 jejunet
1719 4757 1805 4797 se—

215 4839 369 4895 ptem
398 4840 587 4886 annos,
617 4836 841 4891 quatuor
874 4827 924 4879 in
958 4841 1091 4891 pane
1120 4838 1174 4881 et
1210 4844 1346 4898 aqua
1368 4873 1381 4895 ,
1417 4840 1470 4885 et
1498 4841 1532 4883 ιι
1546 4846 1605 4885 es
1637 4833 1805 4889 tribus

208 4919 411 4973 diebus
443 4932 535 4984 per
566 4918 949 4970 hebdomadam
979 4919 1032 4971 in
1068 4934 1203 4987 pane
1254 4930 1308 4973 et
1336 4936 1492 4991 aqua.

288 5011 348 5064 Si
377 5011 494 5076 quis
526 5010 666 5063 fuste
714 5011 970 5076 percutiat
1002 5012 1251 5078 aliquem,
1276 5013 1479 5080 jejunet
1508 5025 1616 5070 trcs
1638 5034 1803 5073 annos

215 5105 271 5157 in
303 5115 440 5168 pane
503 5109 558 5153 et
577 5114 736 5168 aqua,
770 5110 824 5154 et
853 5101 986 5154 duos
1010 5103 1217 5169 jejunet
1276 5106 1444 5160 tribus
1476 5109 1666 5163 diebus
1701 5127 1794 5177 per

213 5192 604 5249 hebdomadam
636 5193 686 5245 iu
721 5209 852 5259 pane
872 5205 926 5246 et
952 5210 1109 5262 aqua.
1137 5206 1190 5247 et
1212 5198 1254 5249 si
1290 5199 1447 5251 homo
1477 5217 1540 5253 ex
1567 5204 1795 5257 fustibus

214 5288 509 5348 "mrtaltll‘,
539 5285 747 5351 jejunet
772 5295 985 5353 septem
1018 5302 1209 5355 annos,
1265 5292 1482 5344 omnino
1513 5302 1569 5346 ut
1600 5294 1683 5347 hic
1705 5311 1796 5349 su-

209 5396 311 5450 pra
343 5382 594 5446 scriptum
624 5388 723 5432 est.

285 5494 341 5547 Si
374 5496 491 5562 quis
522 5494 965 5549 incantationibus
999 5506 1178 5552 utatur
1197 5500 1263 5554 ad
1289 5501 1515 5570 alicujus
1544 5519 1785 5558 amorem

209 5586 316 5641 sibi
346 5587 763 5649 conciliandum,
792 5596 845 5641 et
874 5589 919 5640 ei
955 5590 1007 5642 in
1048 5591 1193 5655 cibo,
1251 5594 1333 5646 vel
1362 5595 1410 5646 iu
1448 5606 1592 5663 potu,
1628 5600 1709 5651 vel
1741 5600 1791 5652 in

208 5677 438 5745 alicnjus
469 5679 679 5747 generis
706 5677 1149 5734 incantationibus
1181 5682 1377 5749 tradat,
1420 5695 1475 5738 ut
1524 5702 1673 5740 amor
1724 5690 1791 5741 il-

217 5773 323 5825 lius
353 5770 548 5825 exinde
577 5780 855 5838 augeatur,
880 5774 920 5823 si
950 5772 1049 5825 hoc
1078 5775 1240 5827 laicus
1273 5777 1446 5834 faciat.
1476 5779 1676 5845 jejunet
1706 5781 1789 5831 di-

209 5864 430 5919 midium
465 5862 587 5916 anni
615 5864 800 5915 diebus
848 5864 1095 5916 Mercurii
1146 5878 1197 5917 et
1232 5868 1454 5923 Veneris
1491 5873 1538 5922 iu
1575 5887 1707 5940 pane
1732 5881 1788 5926 et

578 5956 850 6013 Parnet.
896 5955 1252 6017 LXXXIX.

1920 3384 2128 3439 nuditas
2161 3388 2328 3454 ipsum
2356 3390 2418 3440 ad
2482 3392 2579 3445 hoc
2622 3399 2874 3462 coegerit,
2903 3401 2975 3469 jej
3003 3416 3105 3458 met
3162 3415 3267 3458 tres
3303 3410 3401 3459 huh
3425 3412 3501 3464 lo-

1918 3485 2099 3535 madas
2134 3485 2185 3536 in
2246 3501 2381 3550 pauc
2430 3496 2677 3557 etaqut;
2726 3493 2979 3549 siautem
3029 3498 3223 3552 furtum
3281 3505 3505 3558 reddere

1917 3576 2131 3640 possit,
2162 3593 2263 3628 non
2295 3589 2516 3646 cogatur
2538 3580 2602 3632 ad
2631 3581 2928 3650 jejunium,
2976 3590 3067 3641 sed
3098 3607 3159 3643 ex
3193 3607 3375 3646 amore
3408 3597 3498 3649 Dei

1917 3664 2014 3731 ipsi
2042 3667 2290 3719 remissio
2319 3670 2499 3722 detur.

1986 3755 2042 3808 Si
2075 3756 2192 3823 quis
2226 3757 2564 3815 Christianus
2608 3764 2862 3819 infantem
2920 3784 3071 3823 suum
3107 3812 3121 3829 .
3157 3775 3237 3826 vel
3273 3780 3500 3841 proximi

1917 3848 1994 3897 sui
2030 3864 2125 3914 pro
2156 3850 2337 3917 aliquo
2367 3854 2535 3916 pretio
2573 3856 2892 3920 tendidertt,
2924 3876 3027 3912 non
3061 3861 3251 3917 habeat
3273 3882 3495 3921 censor-

1917 3941 2043 3991 tium
2098 3940 2311 4008 a‘iquod
2342 3958 2461 3994 cum
2497 3943 2819 4002 Christianis
2847 3960 3128 4019 antequam
3178 3972 3296 4008 eum
3325 3974 3354 4011 e
3386 3975 3500 4013 ser-

1919 4034 2083 4085 vitule
2115 4034 2434 4097 redetnerit;
2471 4036 2512 4088 si
2538 4048 2717 4091 autem
2750 4040 2922 4106 ipsum
2966 4046 3207 4099 obtinere
3240 4063 3489 4118 nequeat,

1915 4126 2089 4176 tradat
2112 4134 2320 4178 tantum
2356 4126 2593 4193 pecunia:
2624 4140 2882 4193 quantum
2914 4135 3058 4199 prius
3082 4152 3173 4204 per
3208 4138 3376 4204 ipSum
3410 4159 3495 4194 ar.—

1912 4225 2145 4282 reperat.
2170 4227 2222 4268 et
2263 4220 2487 4269 redimat
2516 4234 2635 4270 eum
2666 4235 2694 4272 e
2726 4222 2983 4275 servitute
3002 4240 3063 4275 ae
3095 4227 3283 4282 liberet
3318 4232 3486 4295 illum,

1913 4318 1963 4359 ct
1992 4306 2193 4372 jejunet
2225 4318 2426 4374 septeni
2457 4310 2786 4376 septimanas
2820 4312 2871 4366 itt
2906 4329 3042 4379 pane
3074 4328 3127 4371 et
3155 4335 3287 4388 aqua
3318 4337 3332 4384 ;
3363 4333 3417 4376 et
3448 4326 3488 4377 si

1914 4399 2191 4453 facultates
2216 4416 2318 4453 non
2352 4402 2541 4456 habeat
2573 4412 2624 4455 ut
2660 4419 2781 4457 eum
2814 4407 3081 4464 redimere
3110 4412 3309 4478 possit,
3352 4415 3490 4483 jeju-

1914 4502 2003 4545 net
2039 4503 2161 4545 octo
2187 4504 2239 4545 et
2272 4494 2456 4561 viginti
2504 4494 2864 4551 hebdomadas
2892 4498 2943 4551 in
2977 4516 3109 4566 pane
3140 4511 3374 4569 ctaqna.

1986 4580 2039 4633 Si
2088 4582 2206 4648 quis
2238 4584 2546 4647 sanguinem
2605 4586 2685 4637 vel
2718 4600 2932 4640 eat-nem
2967 4604 3227 4663 t'nurtuam
3261 4598 3403 4665 edat,
3436 4608 3493 4653 et

2105 4638 2117 4648 .
2354 4638 2363 4647 μ
2859 4638 2873 4640 τ
2903 4638 2932 4640 ἣν
2968 4638 3016 4642 ·--
3042 4638 3227 4663 """"":
3262 4638 3403 4665 “‘"H
3436 4638 3490 4653 υ·

1837 4638 1885 4695 D
1914 4674 2014 4726 hoc
2049 4690 2111 4728 ex
2145 4678 2463 4730 necessitate
2495 4692 2596 4731 uon
2630 4678 3026 4751 faciat,jt-ju:tet
3050 4686 3335 4747 duodecim
3362 4693 3490 4748 heb-

1911 4764 2186 4831 domadas,
2230 4768 2467 4822 secundo
2496 4784 2709 4838 semper
2732 4774 2815 4826 die
2840 4776 2889 4827 in
2922 4790 3057 4843 pane
3086 4788 3139 4831 et
3171 4794 3329 4850 aqua.

1980 4858 2036 4913 Si
2057 4861 2171 4927 quis
2185 4863 2376 4929 sagitta
2400 4862 2564 4916 feram
2585 4863 2901 4931 tetigerit,et
2919 4882 2978 4921 ea
3003 4878 3181 4925 tamen
3195 4874 3485 4944 aufugerit.

1909 4963 1959 5006 et
1990 4962 2107 5021 post
2138 4956 2348 5006 tertium
2375 4955 2514 5009 diem
2544 4967 2751 5011 mortua
2783 4959 3176 5031 inveniatur,et
3198 4969 3367 5033 canis,
3400 4973 3483 5023 vc!

1910 5044 2170 5113 lupus,vel
2194 5044 2401 5112 vulpes,
2429 5046 2509 5099 vel
2541 5062 2714 5111 ursus,
2740 5049 2823 5104 vel
2852 5050 2988 5105 alius
3014 5054 3223 5119 generis
3241 5056 3348 5111 fera
3367 5074 3486 5113 eam

1907 5150 2154 5205 aggressa
2186 5138 2274 5199 sit,
2301 5151 2404 5191 non
2442 5146 2621 5207 tangat
2649 5142 2790 5195 illam
2820 5144 3015 5211 aliquis
3048 5146 3408 5206 Christianus.

1974 5228 2029 5281 Si
2052 5226 2206 5295 lupus
2229 5228 2452 5295 alicujus
2478 5231 2691 5298 generis
2723 5246 2887 5301 pecus
2910 5234 3187 5301 dilaceret.
3243 5248 3301 5295 et
3350 5242 3475 5303 illu-l

1905 5322 2095 5374 exinde
2120 5319 2399 5386 moriatur,
2434 5336 2538 5375 nou
2564 5331 2747 5391 tangat
2774 5325 2900 5381 illud
2929 5329 3068 5381 ullus
3099 5328 3437 5389 Christianus
3468 5355 3481 5398 ;

1902 5414 1944 5466 si
1976 5414 2092 5481 quis
2120 5423 2294 5467 autem
2331 5415 2431 5469 hoc
2457 5414 2663 5482 fecerit,
2688 5418 2892 5485 jejunet
2921 5432 3151 5489 quatuor
3191 5427 3484 5483 hebdoma-

1903 5504 1997 5556 das
2025 5504 2073 5557 iu
2103 5519 2259 5570 pane,
2285 5515 2336 5559 et
2367 5522 2500 5575 aqua
2529 5524 2541 5557 :
2575 5508 2619 5561 si
2649 5510 2845 5564 vixerit
2867 5520 2920 5565 et
2951 5512 3149 5569 deinde
3177 5518 3477 5588 occidatur,

1905 5608 2118 5647 utantur
2157 5610 2222 5647 00
2248 5610 2367 5648 Clllll
2400 5612 2569 5649 \‘8lll3.

1972 5687 2027 5741 Si
2062 5687 2165 5738 [ει-ξι
2199 5687 2439 5752 quaedam
2466 5687 2516 5741 iu
2554 5698 2664 5742 rete
2694 5690 2764 5743 sit
2793 5690 3057 5745 suffocata
3088 5736 3103 5759 ,
3129 5710 3235 5750 non
3268 5708 3350 5753 est
3385 5704 3472 5756 ulli

1903 5781 2215 5841 permissum
2243 5793 2302 5829 ea
2336 5779 2407 5830 uti
2434 5794 2448 5839 ;
2478 5778 2521 5831 si
2546 5780 2664 5847 quis
2684 5780 2768 5833 illa
2797 5791 2992 5845 utatur,
3013 5782 3221 5853 jejunet
3253 5800 3480 5860 quatuor

1902 5870 2283 5937 hebdomadas,
2310 5873 2546 5925 secundo
2580 5890 2791 5944 semper
2820 5878 2902 5931 die
2926 5878 2973 5930 in
2999 5893 3135 5946 pane
3163 5890 3213 5933 et
3240 5883 3287 5935 in
3316 5900 3475 5953 aqua.

3018 5968 3086 6025 1'4
