4168 6538
796 428 885 479 te;
1676 426 1732 477 s.
1783 421 2072 478 Mitti-ill“
2115 421 2581 477 EliOltACiZNSiS
2632 423 3146 481 AltCllllil’lStZOPl

857 541 1056 610 Siquis
1090 540 1285 606 piscem
1318 544 1580 590 mortuum
1645 536 1696 586 in
1745 536 1944 602 piscina
1999 530 2253 592 inveniat,
2311 541 2359 584 et
2396 538 2440 592 Α

795 650 909 688 cum
937 633 1079 696 edat,
1107 633 1309 701 jejunet
1338 638 1567 698 quatuor
1619 626 1980 680 hebdomadas
2009 622 2194 676 diebus
2227 622 2364 674 Mer-

793 728 920 783 curii
950 737 1002 782 et
1033 726 1249 781 Veneris
1279 725 1330 778 in
1366 737 1499 792 pane
1523 735 1573 776 et
1606 737 1760 787 aqua,
1795 731 1845 772 et
1875 717 2094 784 reliquis
2122 716 2307 770 diebus
2335 731 2362 766 a

793 836 947 877 carne
984 819 1286 881 abstineat;
1315 827 1368 870 et
1397 815 1441 870 si
1486 815 1605 885 quis
1629 815 1680 868 in
1713 811 1927 865 tlainine
1961 819 2225 864 mortuum
2262 809 2360 876 pis-

791 929 902 968 cem
929 911 1180 974 inveniat,
1209 908 1414 964 edatur.

855 1002 909 1056 Si
938 1001 1056 1070 quis
1086 999 1366 1054 ordinatus
1395 998 1458 1051 ad
1486 993 1821 1050 venationem
1851 993 2049 1056 abeat,
2075 992 2118 1045 si
2156 991 2227 1043 sit
2253 991 2363 1042 cleo

789 1095 947 1157 ricus,
979 1093 1245 1146 abstineat
1271 1089 1553 1144 duodecim
1580 1099 1794 1140 menses
1825 1100 1852 1138 a
1886 1097 2046 1138 carne
2075 1083 2369 1148 ;diaconns

787 1186 918 1240 duos
947 1197 1132 1246 annos,
1167 1181 1440 1250 presbyter
1463 1187 1593 1241 tres,
1620 1186 1672 1231 et
1696 1177 1976 1245 episcOpus
2002 1183 2234 1242 septem.

860 1279 912 1334 Si
939 1278 1217 1345 episcopus
1249 1274 1459 1343 aliquis,
1495 1273 1574 1327 vel
1605 1271 1876 1326 ord;natus
1896 1269 2054 1322 homo
2077 1282 2219 1333 Stepe
2243 1279 2368 1318 con-

787 1373 925 1424 sulto
956 1367 1248 1420 inebrietur
1279 1407 1292 1430 ,
1340 1365 1421 1419 vel
1447 1364 1514 1417 ab
1555 1365 1653 1417 hoc
1682 1363 1968 1422 abStineat,
2002 1359 2082 1414 vel
2129 1357 2371 1412 ordinent

784 1477 937 1517 suum
959 1460 1142 1529 perdat
1166 1477 1179 1514 :
1212 1461 1258 1513 si
1290 1461 1581 1512 monachus
1604 1473 1667 1511 ex
1693 1456 1857 1510 nimia
1887 1454 2145 1510 ebrietate
2172 1457 2370 1513 vomat,

785 1553 988 1624 jejunet
1014 1553 1227 1621 triginta
1252 1552 1387 1605 dies.

857 1647 910 1700 Si
963 1646 1241 1714 presbyter
1299 1643 1378 1695 vel
1446 1642 1704 1694 diaconus
1735 1654 1796 1694 ex
1859 1638 2119 1693 ebrietate
2171 1643 2370 1699 vomat,

782 1735 984 1806 jejunet
1013 1734 1350 1804 quadraginta
1378 1734 1488 1787 dies
1525 1751 1536 1797 ;
1566 1733 1606 1786 si
1643 1733 1828 1794 laicus,
1853 1745 1973 1784 cum
2007 1729 2273 1798 permissu
2295 1743 2357 1781 ex

784 1827 1042 1880 ebrietate
1097 1835 1294 1889 vomat,
1341 1823 1545 1892 jejunet
1598 1822 1945 1890 quadraginta
1977 1821 2132 1883 dies;
2183 1820 2225 1872 si
2279 1833 2372 1884 per

3959 427 4056 478 42$

2542 531 2640 598 Qui
2663 533 2880 587 calicem
2912 535 3051 591 inter
3079 536 3296 590 missam
3343 546 3494 588 suam
3534 534 3812 600 effundat,
3855 534 4056 606 jejunet

2475 627 2683 689 triginta
2717 626 2852 680 dies.

2539 717 2640 782 Qui
2673 716 2967 772 comederit
3007 723 3291 786 antequam
3338 718 3402 770 ad
3429 717 3813 772 eucharistiam
3864 728 3973 776 eat.
4003 729 4053 770 et

2472 818 2652 875 postea
2679 809 3054 863 eucharistiam
3085 810 3350 868 comedat.
3397 810 3606 878 jejunet
3639 820 3847 877 septem
3881 811 4019 863 dies.

2545 897 2601 952 Si
2630 898 2852 952 maritus
2880 907 2933 952 et
2956 912 3088 953 uxor
3119 898 3170 951 in
3195 899 3538 952 matrimonio
3561 899 4050 969 conjunctiessent,

2473 997 2526 1041 et
2552 991 2688 1044 alter
2715 1005 2903 1044 eorum
2954 990 3048 1047 Dei
3084 991 3326 1046 minister
3354 1005 3473 1046 esse
3502 993 3648 1055 velit,
3695 1003 3748 1047 et
3779 992 3922 1046 alter
3965 1008 4053 1046 no-

2475 1079 2552 1144 lit,
2589 1080 2669 1134 vel
2696 1081 2829 1134 alter
2873 1082 3060 1136 horum
3093 1083 3162 1137 sit
3210 1083 3472 1145 infirmus,
3515 1083 3648 1136 alter
3702 1097 3902 1147 sanus;
3941 1097 4052 1136 cum

2479 1180 2658 1224 mutuo
2683 1183 2946 1226 consensu
2979 1182 3174 1236 tamen,
3208 1173 3254 1226 si
3313 1175 3514 1238 velint,
3548 1175 3788 1243 separari
3812 1183 4053 1234 possunt,

2477 1262 2652 1318 ethoc
2679 1263 2747 1317 sit
2769 1279 2888 1317 cum
2926 1264 3234 1318 testimonio
3269 1266 3528 1332 episcopi.

2550 1352 2643 1408 Dei
2677 1354 2922 1408 minister
2950 1356 3038 1423 qui
3072 1354 3123 1408 in
3152 1369 3340 1408 somno
3365 1355 3593 1420 pollutus
3609 1364 3708 1419 est,
3752 1363 3938 1422 surgat
3968 1396 3981 1418 ,
4004 1364 4054 1408 et

2478 1455 2874 1516 cantetseptem
2901 1446 3151 1513 psalmos,
3184 1458 3237 1502 et
3265 1449 3442 1502 llectat
3479 1462 3615 1516 genu
3643 1463 3800 1502 suum
3848 1452 3916 1501 ad
3955 1457 4051 1501 ter-

2480 1552 2592 1592 ram
2625 1537 2676 1593 itt
2706 1539 3259 1609 cnjnslib-tversiculi
3303 1541 3429 1606 line,
3482 1551 3535 1596 et
3562 1541 3768 1610 jejunet
3820 1544 4052 1596 crastino

2479 1631 2566 1685 die
2596 1632 2646 1686 in
2679 1647 2812 1702 pane
2840 1644 2892 1688 et
2920 1649 3052 1702 aqua
3080 1650 3093 1699 ;
3128 1635 3206 1688 vel
3257 1645 3435 1689 cantet
3467 1637 3675 1702 triginta
3707 1650 3893 1690 eorum
3920 1635 4054 1703 ρελι-

2480 1738 2713 1787 morum,
2738 1725 2825 1792 qui
2855 1725 3043 1793 Optimi
3073 1727 3121 1780 ei
3148 1726 3428 1789 videntur;
3459 1735 3512 1779 et
3540 1727 3592 1780 in
3617 1725 3699 1794 cnj
3725 1728 3908 1780 islibet
3939 1741 4054 1780 ver-

2480 1813 2628 1864 siculi
2648 1812 2752 1866 ﬁne
2780 1829 2951 1881 genua
2982 1829 3075 1868 sua
3100 1815 3165 1868 ad
3195 1826 3390 1868 terram
3430 1816 3628 1869 ﬂectat.

787 1917 1024 1970 fraudem
1053 1915 1212 1968 alium
1240 1888 1549 1977 inebrietur,
1581 1888 1785 1981 jejunet
1811 1888 2165 1980 quadraginta
2199 1909 2335 1960 dies.
2404 1888 2447 1947 Β
2547 1903 2601 1958 Si
2633 1919 2744 1967 sus,
2778 1904 2860 1960 vel
2888 1905 3110 1974 gallina,
3135 1905 3219 1960 vel
3255 1905 3480 1975 alicujus
3510 1906 3718 1975 generis
3773 1906 3972 1960 animal
3993 1906 4053 1960 de

863 2005 922 2059 Si
949 2020 1062 2058 tnns
1091 2005 1141 2057 in
1169 2019 1360 2072 aquam
1391 2003 1668 2068 ceciderit,
1726 2002 2038 2056 extrahatur
2075 2018 2088 2065 ;
2137 2009 2188 2054 et
2215 2014 2366 2067 spar-

791 2105 944 2164 gatur
967 2108 1087 2148 cum
1145 2102 1282 2162 aqua
1314 2105 1650 2158 consecrata,
1683 2100 1736 2146 et
1757 2092 1802 2146 si
1834 2092 1982 2144 vivus
2015 2090 2078 2143 sit
2105 2090 2373 2144 vendatur

788 2199 924 2254 aqua
952 2201 965 2250 ;
995 2184 1037 2237 si
1064 2192 1243 2237 autem
1277 2182 1330 2237 in
1362 2197 1422 2238 ea
1453 2192 1698 2237 mortuus
1727 2182 1820 2248 sit,
1863 2180 2169 2236 eliundatur
2201 2191 2253 2234 et
2275 2193 2368 2234 vas

789 2273 1011 2327 lavetur.

863 2363 1062 2418 Deinde
1090 2363 1288 2418 dictum
1314 2373 1394 2418 est
1424 2363 1474 2416 in
1505 2361 1608 2416 alio
1633 2361 1768 2426 loco,
1798 2360 1840 2414 si
1866 2358 1986 2430 (ibi)
2011 2359 2234 2412 multum
2266 2358 2368 2412 cibi

789 2453 857 2508 sit
883 2455 1185 2519 collectum,
1218 2464 1497 2524 spargatur
1521 2468 1655 2522 aqua
1678 2461 2008 2515 consecrata,
2037 2462 2088 2506 et
2113 2449 2372 2504 vendatur

788 2545 986 2612 (cibus)
1016 2547 1057 2598 si
1082 2560 1302 2599 necesse
1329 2547 1418 2607 sit,
1447 2555 1498 2598 et
1522 2544 1638 2613 quis
1661 2559 1726 2598 eo
1756 2543 2042 2595 admodum
2077 2541 2331 2608 indigeat.

860 2639 913 2693 In
938 2638 1118 2708 quinta
1142 2638 1480 2707 generatione
1506 2637 1688 2690 ﬁdeles
1706 2648 1763 2689 se
1780 2634 2102 2703 conjungere
2131 2643 2369 2700 possunt;

787 2739 842 2783 et
866 2731 916 2784 in
949 2739 1130 2800 quarta
1154 2732 1196 2782 si
1230 2730 1586 2792 inveniantur,
1621 2742 1725 2780 non
1777 2733 2097 2794 separentur
2126 2739 2140 2788 ;
2176 2723 2230 2778 in
2260 2732 2369 2778 ter-

791 2818 858 2872 tia
889 2818 1232 2887 generatione
1260 2827 1598 2886 separentur.

861 2909 1044 2964 Mulier
1074 2911 1125 2963 in
1173 2909 1563 2963 consuetudine
1619 2921 1712 2961 sua
1773 2913 2047 2960 menstrua
2092 2902 2374 2959 ecclesiam

791 3014 897 3053 non
927 3000 1121 3063 adeat,
1158 3013 1253 3052 nec
1281 2999 1657 3052 eucharistiam
1700 2998 1944 3065 accipiat,
1979 3011 2077 3050 nec
2104 2995 2372 3059 monialis,

791 3105 889 3145 nec
915 3090 1106 3144 mulier
1125 3089 1277 3152 laica;
1310 3097 1363 3143 et
1385 3087 1428 3142 si
1454 3089 1552 3142 hoc
1575 3087 1780 3152 iecerit,
1802 3086 2010 3155 jejunet
2039 3085 2372 3154 vigintidies.

861 3181 915 3236 Si
946 3181 1061 3248 quis
1091 3181 1287 3250 aliquid
1333 3181 1527 3235 vendat
1577 3180 1716 3249 quod
1769 3179 1936 3242 canis,
1980 3179 2061 3232 vel
2093 3193 2234 3242 mus,
2289 3175 2375 3232 vel

791 3271 1012 3324 mustela
1045 3270 1281 3334 violavit,
1315 3269 1393 3322 vel
1427 3267 1583 3323 edere
1626 3268 1846 3336 incepit,
1872 3277 1925 3322 et
1956 3268 2070 3335 ipse
2092 3266 2194 3321 hoc
2218 3267 2372 3332 sciat,

791 3371 972 3413 cantet
997 3369 1212 3414 centum
1255 3358 1532 3430 psalmos;
1573 3359 1617 3412 si
1654 3361 1874 3423 nesciat,
1909 3366 2086 3412 cantet
2122 3359 2377 3429 quinqua-

789 3450 932 3518 ginta
963 3450 1216 3518 psalmos.

863 3541 920 3596 Si
951 3542 1069 3609 quis
1100 3557 1164 3595 ex
1186 3543 1388 3597 incuria
1415 3555 1507 3596 sua
1562 3541 1940 3596 eucharistiam
1982 3541 2208 3609 perdat,
2241 3542 2380 3611 jeju-

791 3641 879 3686 net
907 3641 1014 3686 tres
1045 3633 1481 3700 quadragesimus
1508 3633 1743 3701 quolibet
1789 3632 1873 3686 die
1905 3631 2124 3686 Veneris
2155 3634 2206 3686 in
2243 3647 2378 3700 pane

789 3729 843 3776 et
868 3735 1025 3792 aqua,
1059 3731 1114 3777 et
1163 3721 1380 3792 reliquis
1419 3721 1603 3777 diebus
1642 3731 1818 3776 utatur
1864 3721 1982 3776 cibo
2014 3736 2131 3787 suo,
2184 3733 2380 3792 praeter

789 3827 1029 3868 carnem.

858 3901 914 3958 Si
942 3916 1002 3957 ea
1030 3917 1136 3956 non
1178 3911 1487 3958 consecrata
1531 3917 1595 3957 ex
1623 3902 1823 3957 incuria
1868 3903 1920 3956 in
1946 3911 2141 3958 terram
2197 3904 2372 3970 cadat,

790 4002 968 4050 cantet
993 3995 1375 4065 quinquaginta
1411 3997 1663 4064 psalmos.

858 4087 918 4141 Si
948 4088 1064 4155 quis
1089 4087 1320 4157 negligat
1344 4098 1710 4142 consecratam
1741 4087 2143 4153 eucharistiam,
2193 4096 2254 4144 ut
2291 4090 2373 4143 ni-

793 4177 894 4230 mis
915 4177 1006 4232 diu
1034 4189 1300 4243 servetur,
1329 4185 1382 4232 et
1401 4178 1576 4247 aliqua
1631 4179 1909 4246 impuritas
1957 4178 2093 4234 inea
2149 4179 2244 4246 sit,
2292 4181 2375 4236 vel

804 4283 912 4326 non
941 4269 1100 4324 habet
1158 4269 1382 4322 formam
1408 4284 1589 4333 suam,
1615 4269 1821 4338 jejunet
1843 4270 2194 4340 quadraginta
2219 4273 2357 4328 dies.

861 4360 918 4414 Si
944 4361 1059 4430 quis
1091 4358 1318 4413 hostiam
1337 4371 1545 4414 evomat
1561 4375 1624 4416 ex
1646 4361 1926 4430 ebrietate,
1947 4362 2030 4418 vel
2050 4377 2117 4418 ex
2148 4363 2373 4432 luxurie,

793 4459 1002 4528 jejunet
1032 4455 1378 4524 quadraginta
1412 4454 1546 4507 dies.

2475 2013 2702 2066 Corpore
2723 1999 2954 2054 hominis
2981 2001 3104 2054 edat
3137 2002 3215 2054 vel
3243 2001 3554 2070 sanguinetn
3578 1999 3692 2069 ejus
3722 2001 3894 2063 bibat,
3918 2002 4052 2055 occio

2475 2089 2630 2140 datur
2659 2089 2879 2153 animal,
2906 2099 2958 2143 et
2983 2090 3137 2142 detur
3162 2089 3405 2144 canibus.

2549 2179 2606 2232 Si
2642 2179 2761 2247 quis
2813 2181 3034 2234 alterius
3079 2181 3298 2234 domum
3349 2181 3647 2246 comburat,
3684 2181 3896 2250 jejunet
3947 2192 4050 2235 tres

2475 2285 2663 2334 annos,
2689 2272 2927 2326 secundo
2977 2288 3193 2342 semper
3224 2274 3310 2328 die
3341 2274 3392 2329 in
3419 2291 3552 2344 pane
3575 2286 3625 2328 et
3654 2290 3813 2344 aqua,
3845 2286 3902 2332 et
3929 2277 4050 2331 reli-

2474 2378 2609 2431 quos
2636 2363 2748 2418 dies
2775 2365 2981 2434 jejunet
3001 2376 3209 2431 contra,
3241 2378 3294 2420 et
3323 2384 3350 2421 a
3374 2383 3532 2422 carne
3549 2370 3830 2424 abstineat.

2550 2456 2606 2511 Si
2639 2457 2862 2524 alicujus
2895 2458 3108 2526 generis
3133 2460 3334 2513 animal
3364 2461 3415 2513 in
3450 2461 3644 2514 fossam
3689 2476 3837 2530 aqua:
3870 2462 4044 2524 cadat,

2474 2555 2528 2598 et
2559 2555 2824 2599 mortuum
2873 2547 2942 2600 ibi
2997 2547 3316 2613 inveniatur,
3353 2559 3605 2617 purgetur
3647 2552 3795 2604 fovea
3827 2551 3917 2603 illa
3943 2592 3957 2614 ,
4002 2561 4052 2603 et

2474 2647 2753 2705 spargatur
2785 2639 2836 2692 in
2867 2652 2929 2692 ea
2961 2654 3094 2708 aqua
3146 2650 3491 2705 consecrata;
3549 2651 3604 2694 et
3632 2643 3676 2695 si
3707 2645 3827 2708 quis
3879 2643 3947 2696 de
3995 2657 4052 2695 ea

2475 2739 2657 2798 gustet
2687 2739 2970 2800 antequam
3001 2730 3141 2786 fossa
3171 2742 3480 2788 consecrata
3514 2734 3617 2798 sit,
3661 2733 3867 2803 jejunet
3889 2751 4046 2788 unam

2477 2822 2828 2892 septimanam
2855 2823 2905 2876 in
2931 2837 3065 2891 pane
3088 2835 3141 2878 et
3164 2838 3298 2892 aqua
3333 2839 3346 2887 ;
3376 2823 3420 2879 si
3444 2822 3544 2878 hoc
3567 2825 3818 2892 nesciret,
3844 2825 4058 2895 jejunet

2478 2929 2642 2969 unum
2675 2914 2815 2968 diem
2848 2913 2900 2967 in
2935 2927 3070 2982 pane
3098 2923 3154 2968 et
3180 2927 3334 2981 aqua.

2550 3005 2745 3074 Siquis
2801 3014 3016 3072 propter
3059 3003 3422 3058 inﬁrmitatem
3465 3019 3614 3058 suam
3644 3004 3724 3058 vel
3749 3005 4044 3068 mollitiem,

2476 3099 2742 3167 jejunium
2773 3107 2827 3153 et
2865 3097 3204 3153 severitatem
3235 3098 3369 3151 hanc
3396 3095 3619 3151 suli‘erre
3661 3099 3840 3166 nequit
3894 3113 4052 3166 quam

2481 3189 2844 3245 confessarins
2859 3190 2906 3244 ei
2935 3188 3252 3257 prmscribit,
3284 3188 3331 3242 ei
3348 3189 3661 3255 permissum
3685 3199 3766 3241 est
3787 3186 4052 3256 jejunium

2483 3297 2636 3336 suum
2670 3281 2934 3336 redimere
2963 3295 3086 3335 cum
3113 3281 3312 3349 pietate
3358 3289 3410 3333 et
3439 3277 3776 3334 facultatibus
3828 3278 4052 3343 mundi;

2487 3372 2588 3426 hoc
2629 3381 2710 3427 est
2741 3372 2921 3442 igitur,
2944 3372 2989 3426 si
3015 3373 3136 3437 quis
3161 3369 3230 3425 sit
3279 3369 3447 3431 dives.
3480 3369 3569 3423 det
3619 3384 3714 3436 pro
3767 3369 4050 3424 duodecim

2483 3465 2747 3518 mensium
2776 3463 2978 3532 jejunio
3011 3463 3220 3530 triginta
3254 3461 3448 3516 solidos
3473 3477 3488 3527 ;
3513 3461 3557 3515 si
3589 3475 3690 3514 non
3735 3461 3871 3515 aleo
3909 3460 4054 3515 dives

2492 3556 2584 3618 sit,
2621 3565 2745 3609 tunc
2775 3556 2953 3609 solvat
2991 3553 3174 3622 viginti
3205 3552 3427 3618 solidos;
3457 3551 3500 3606 si
3531 3564 3626 3605 nec
3663 3553 3798 3605 adeo
3824 3552 3976 3606 dives
3993 3553 4054 3606 sit

2481 3645 2576 3700 det
2595 3647 2779 3700 decem
2803 3645 3024 3700 solidos.
3057 3644 3112 3700 Si
3135 3653 3311 3699 autem
3338 3657 3536 3710 pauper
3563 3643 3650 3708 sit,
3670 3651 3725 3695 ttt
3746 3657 3844 3696 nec
3869 3643 4050 3697 decem

2484 3734 2696 3802 habeat,
2731 3735 2820 3790 det
2853 3744 2962 3788 tres
2993 3733 3195 3788 solidos
3219 3773 3235 3798 ,
3267 3731 3516 3802 quoniam
3548 3733 3691 3786 dives
3714 3731 3923 3787 facilius
3951 3743 4051 3787 tra-

2482 3824 2610 3880 dere
2633 3833 2806 3894 potest
2841 3825 3057 3895 triginta
3087 3824 3290 3879 solidos
3313 3837 3467 3892 quam
3503 3837 3700 3892 pauper
3719 3832 3828 3878 tres
3854 3843 3866 3876 :
3899 3839 4050 3880 verus

2482 3914 2686 3968 solidus
2713 3917 2784 3968 sit
2803 3929 3016 3984 semper
3043 3912 3323 3968 duodecim
3336 3910 3638 3967 obolorum.
3665 3911 3827 3980 Hujus
3845 3917 4051 3983 generLs

2481 4008 2838 4076 eleemosynte
2872 4006 2925 4059 in
2959 4014 3069 4058 tres
3099 4014 3274 4072 partes
3303 4003 3602 4059 dividendae
3630 4013 3754 4058 sunt
3782 4019 3797 4068 ;
3849 4020 3951 4059 una
3972 4015 4049 4059 est

2481 4111 2600 4166 quae
2621 4098 2772 4151 altari
2808 4096 2903 4151 Dei
2959 4097 3292 4166 imponatur;
3347 4098 3512 4151 altera
3539 4137 3556 4163 ,
3587 4111 3687 4167 qua
3720 4097 3960 4152 homines
3981 4112 4043 4152 ex

2480 4189 2739 4244 servitute
2768 4188 3102 4241 redimuntur
3135 4204 3149 4252 ;
3199 4196 3254 4242 et
3281 4188 3433 4243 tertia
3473 4188 3665 4243 deinde
3707 4198 3949 4243 servetur
3975 4202 4029 4242 ut

2476 4281 2855 4336 ecclesiasticis
2879 4281 3284 4335 necessitatibus
3315 4279 3680 4335 distribuatur.

2555 4370 2722 4425 L‘nius
2747 4370 2853 4425 diei
2879 4370 3138 4440 jejunium
3190 4383 3295 4424 uno
3343 4369 3498 4424 obolo
3528 4369 3712 4425 redimi
3745 4380 3940 4439 potest,
3966 4374 4046 4425 vel

2481 4459 2728 4538 ducentis
2759 4461 3000 4529 psalmis,
3026 4469 3081 4515 et
3108 4461 3215 4516 alio
3243 4462 3422 4526 modo,
3455 4462 3572 4531 quis
3589 4472 3764 4517 cantet
3799 4481 3809 4514 :
3847 4462 4048 4516 Misere-

863 4550 918 4603 Si
945 4549 1060 4616 quis
1087 4561 1149 4599 ex
1173 4545 1480 4598 inlirmitate
1502 4545 1887 4598 eucharistiam
1912 4557 2145 4613 evomat,
2166 4545 2375 4616 jejunet
2405 4579 2458 4640 Β
2486 4565 2541 4602 re
2568 4551 2668 4602 mei
2699 4547 2838 4604 Dcus
2861 4550 3169 4615 duodecies,
3203 4559 3256 4604 et
3284 4549 3562 4604 duodecim
3588 4549 3743 4605 Pater
3771 4564 3976 4616 noster;
3997 4562 4047 4605 et

792 4650 998 4711 septem
1037 4639 1177 4704 dies,
1207 4640 1288 4693 vel
1318 4638 1422 4692 duo
1451 4638 1699 4707 psalteria
1731 4647 1937 4693 cantet.

862 4731 920 4787 Si
946 4731 1064 4800 quis
1089 4730 1317 4784 hostiam
1353 4730 1402 4780 in
1425 4728 1604 4797 ignem
1631 4729 1878 4797 projiciat
1912 4771 1928 4796 ,
1986 4730 2068 4784 vel
2094 4731 2145 4784 iit
2179 4731 2374 4786 [lumen

785 4836 838 4878 nt
875 4824 1124 4891 putreliat
1148 4821 1211 4874 ad
1237 4821 1650 4883 comedendum,
1675 4828 1855 4874 cantet
1875 4831 2090 4874 centum
2123 4823 2375 4891 psalmos.

864 4916 921 4971 Si
952 4915 1097 4968 canis
1120 4913 1346 4982 alicujus
1363 4914 1618 4966 vomitum
1631 4912 2089 4980 devoret,jejunet
2109 4913 2372 4983 (vomens)

791 5018 1009 5062 rentum
1034 5004 1218 5060 diebus
1252 5021 1267 5072 ;
1302 5005 1346 5059 si
1376 5007 1476 5060 hoc
1508 5005 1736 5060 nesciret
1770 5043 1784 5068 ,
1806 5003 2014 5074 jejunet
2035 5005 2375 5076 quadraginta

797 5100 1005 5154 diebus.

865 5191 921 5247 Si
972 5191 1140 5245 hostia
1177 5189 1419 5259 quadam
1452 5191 1660 5260 impura
1714 5190 1796 5245 vel
1855 5188 2011 5244 nimis
2043 5201 2252 5247 vetusta
2282 5192 2372 5259 sit,

797 5283 1166 5335 comburatur.

869 5370 925 5426 Si
961 5384 1076 5423 mus
1101 5370 1220 5423 edat
1263 5369 1486 5423 hoStiam
1535 5385 1602 5424 ex
1660 5372 1863 5425 incuria
1921 5372 2036 5440 ejus
2089 5373 2176 5441 qui
2233 5373 2376 5426 illam

795 5473 1115 5513 conservare
1137 5458 1373 5522 deberet,
1399 5461 1604 5528 jejunet
1631 5461 1976 5531 quadraginta
1997 5462 2130 5527 dies;
2154 5462 2242 5531 qui
2275 5463 2374 5516 ho-

800 5552 918 5604 stiae
949 5551 1181 5618 aliquant
1213 5563 1411 5617 partem
1446 5553 1652 5620 perdat,
1685 5551 1894 5620 jejunet
1925 5554 2106 5621 viginti
2130 5555 2263 5608 dies.

868 5642 968 5706 Qui
994 5643 1046 5695 in
1077 5642 1380 5696 testimonio
1435 5644 1612 5713 p0puli
1643 5645 1871 5698 chrisma
1899 5661 2051 5700 suum
2103 5647 2298 5716 perdit,
2325 5657 2378 5702 et

801 5732 928 5786 illud
962 5733 1156 5788 deinde
1181 5749 1286 5788 non
1314 5735 1563 5806 inveniat,
1618 5737 1826 5808 jejunet
1864 5748 1971 5793 tres
2028 5740 2342 5810 quadragesi

802 5839 936 5891 uias,
968 5825 1050 5881 vel
1078 5841 1238 5880 unum
1273 5841 1490 5884 annum.

2498 4640 2550 4693 in
2584 4639 2872 4707 cujuslibet
2915 4640 3166 4695 versiculi
3208 4638 3313 4694 ﬁne
3341 4643 3391 4694 in
3423 4649 3617 4695 terram
3647 4655 3704 4696 se
3753 4651 4046 4710 prosternat

2479 4743 2660 4783 coram
2683 4730 2835 4784 altari
2870 4729 2981 4794 Dei,
3007 4739 3062 4784 et
3089 4731 3134 4784 si
3167 4730 3283 4798 quis
3303 4730 3650 4798 psalmodiam
3679 4733 3902 4797 nesciat,
3928 4743 4045 4787 tunc

2487 4832 2584 4887 pro
2621 4819 2779 4873 unius
2801 4818 2904 4872 diei
2932 4818 3143 4888 jejunio
3172 4828 3350 4874 cantet
3375 4822 3750 4890 quinquaginta
3777 4821 3929 4875 Pater
3955 4839 4046 4876 no-

2480 4921 2604 4972 ster,
2656 4919 2712 4964 et
2758 4910 2914 4964 t0ties
2942 4912 3078 4964 sein
3112 4921 3306 4966 terram
3354 4922 3671 4980 prosternat.
3715 4912 3781 4967 Et
3834 4927 4038 4981 septem

2479 5015 2742 5054 annorum
2769 5000 3032 5070 jejunium
3059 5002 3113 5056 in
3136 5002 3420 5057 duodecim
3467 5003 3736 5058 mensibus
3765 5008 3884 5074 quis
3909 5006 4043 5059 redi-

2483 5107 2632 5147 mere
2685 5103 2884 5162 potest,
2937 5094 2981 5148 si
3023 5095 3259 5162 quolibet
3286 5096 3376 5150 die
3414 5105 3590 5151 cantet
3638 5097 3962 5165 psalterium,
3991 5107 4042 5152 et

2479 5185 2618 5238 aliud
2651 5196 2830 5250 noctu,
2861 5198 2911 5240 et
2945 5187 3320 5256 quinquaginta
3355 5188 3638 5258 (psalmos)
3668 5191 3900 5257 vesperi.

2550 5279 2682 5332 Cum
2709 5295 2810 5332 una
2828 5280 2988 5333 missa
3014 5289 3218 5347 septem
3239 5278 3444 5334 dierum
3470 5279 3722 5348 jejunium
3749 5281 3934 5335 redimi
3961 5297 4040 5350 po-

2481 5378 2606 5433 test,
2634 5380 2686 5424 et
2715 5385 2836 5422 cum
2867 5369 3054 5424 decem
3099 5370 3320 5439 (missis)
3361 5380 3589 5438 quatuor
3614 5372 3876 5424 mensium
3913 5372 4040 5440 jeju-

2482 5461 2627 5515 nium
2657 5462 2843 5516 redimi
2882 5470 3092 5530 potest,
3123 5469 3179 5516 et
3221 5477 3342 5517 cum
3373 5462 3555 5532 viginti
3617 5464 3797 5518 missis
3850 5475 4038 5532 septem

2482 5554 2746 5608 mensium
2786 5553 3045 5624 jejunium
3076 5554 3264 5608 redimi
3323 5563 3530 5622 potest;
3586 5562 3640 5610 et
3692 5568 3815 5609 cum
3840 5557 4038 5625 triginta

2483 5644 2659 5699 missis
2685 5645 2966 5700 duodecim
3016 5646 3275 5700 mensium
3303 5644 3561 5715 jejunium
3612 5643 3803 5700 redimi
3854 5655 4035 5713 tuaest.

2481 5736 2535 5790 Si
2565 5737 2684 5805 quis
2708 5750 2831 5792 cum
2853 5751 2979 5792 vero
3012 5735 3104 5791 Dei
3158 5749 3340 5792 amore
3365 5751 3459 5807 pro
3479 5750 3539 5793 se
3567 5736 3684 5806 ipso
3723 5736 4037 5793 intercedere

2483 5829 2627 5896 velit,
2655 5831 2704 5883 in
2730 5831 2893 5885 sacris
2913 5830 3198 5900 Scripturis
3223 5829 3420 5888 dictum
3443 5838 3524 5886 est
3541 5828 3682 5898 quod
3713 5829 4039 5900 omnipotens
