4168 6530
211 461 321 517 ιεξθ

1431 457 1996 514 POEMTENTIALIS
2035 457 2162 511 LIB.
2212 456 2272 510 ιγ

3397 469 3500 521 4δῦ

216 573 358 624 Deus
383 570 665 625 duodecim
725 571 896 625 modis
931 570 1242 625 hominibus
1271 569 1358 624 dat
1421 570 1799 623 retnissiOnetu
1833 571 1879 628 Λ
1913 567 2113 629 venias,
2161 578 2214 620 et
2271 566 2338 619 ibi
2385 567 2667 635 tliligcttlcr
2723 585 2816 638 pro
2867 580 2914 621 ιιι
2960 573 3071 637 5,50
3117 590 3267 636 ures,
3305 587 3358 629 et
3407 596 3498 645 pro

214 675 578 731 peccatorum.
608 663 786 720 Prima
827 665 1073 719 remissio
1099 673 1440 733 peccatorum
1473 676 1553 718 est
1591 680 1684 732 per
1735 665 1808 717 la-

212 768 434 808 vacrum
459 755 728 823 baptismi.
787 755 1030 810 Secunda
1064 757 1310 810 remissio
1341 765 1422 809 est
1473 772 1566 824 per
1603 755 1696 809 Dei
1754 768 1806 810 et

214 846 495 901 hominum
519 863 782 908 amorem.
820 859 876 902 ιιι
907 849 1027 918 quis
1050 850 1234 918 diligat
1269 849 1432 902 Deum
1465 864 1528 903 ex
1561 857 1671 903 toto
1693 863 1807 901 cor-

210 940 307 1008 de,
367 950 420 994 et
455 951 580 994 tunc
631 941 934 1010 proximum
990 957 1182 1003 suum,
1242 941 1342 994 hoc
1385 949 1467 994 est
1512 939 1808 1010 quemlibet

210 1029 607 1099 Christianum,
660 1033 732 1086 uti
764 1047 820 1087 se
850 1033 1046 1102 ipsum.
1080 1033 1260 1086 Tertia
1292 1033 1542 1086 remissio
1585 1042 1669 1086 est
1714 1045 1807 1100 per

209 1123 641 1180 distributionem
660 1127 1118 1197 eleemosyuarum
1140 1146 1148 1179 :
1170 1129 1419 1196 quoniam
1447 1128 1701 1196 scriptum
1726 1136 1808 1180 est

209 1217 357 1282 quod
387 1216 541 1272 sicuti
573 1233 693 1271 cum
723 1235 858 1287 aqua
891 1219 1027 1287 ignis
1055 1219 1431 1288 exstinguitur,
1473 1219 1541 1272 ita
1576 1220 1808 1272 eleemo-

207 1321 350 1378 syna
377 1309 517 1364 delet
548 1311 822 1364 hominum
846 1321 1083 1378 peccata.
1113 1313 1308 1378 Quarta
1345 1311 1594 1365 remissio
1615 1322 1696 1364 est
1715 1325 1808 1376 per

209 1401 604 1470 psalmodiam,
661 1411 714 1454 et
762 1402 1117 1468 Iacrymarunt
1162 1401 1525 1464 CiftlSi‘IICIII,
1578 1411 1631 1452 ιιι
1688 1403 1808 1468 quis

211 1501 560 1560 peccatorum
589 1506 809 1544 suorum
852 1491 1218 1558 paenitentiam
1243 1500 1361 1559 :tgal
1391 1499 1443 1544 et
1472 1491 1614 1554 ﬂeat,
1647 1505 1808 1558 prou-

209 1580 250 1632 ti
281 1583 399 1649 quis
433 1580 560 1633 facit
594 1591 813 1649 propter
841 1581 996 1634 amici
1025 1581 1104 1634 sui
1135 1581 1355 1634 obitum.
1388 1581 1578 1647 Quinta
1611 1579 1805 1633 remis-

207 1673 297 1724 sio
325 1680 426 1735 est,
461 1687 551 1738 per
581 1672 976 1726 confessionem
1011 1682 1352 1739 peccatorum
1392 1714 1404 1735 ,
1440 1681 1496 1723 ut
1526 1671 1647 1737 quis
1677 1685 1803 1738 pec-

207 1769 334 1813 cata
384 1775 477 1812 sua
503 1763 820 1814 conﬁteatur
843 1761 1177 1816 confessario
1220 1777 1340 1824 suo,
1392 1769 1446 1813 et
1500 1762 1547 1812 ei
1601 1769 1804 1812 secreta

209 1866 311 1904 sua
370 1853 609 1918 revelet,
681 1861 734 1906 et
807 1852 999 1906 deinde
1074 1861 1432 1920 compenset,
1488 1853 1660 1918 pruuti
1710 1851 1803 1916 ipsi

211 1943 623 2010 praascripserit.
654 1943 812 1995 Sexta
843 1944 1088 1996 remissio
1118 1953 1199 1995 est
1223 1984 1236 2006 ,
1267 1954 1317 1994 ut
1369 1943 1488 2009 quis
1510 1957 1578 1995 ex
1609 1956 1793 1993 amore
1835 1931 1877 1988 Β

212 2035 334 2097 Dei,
368 2044 419 2087 et
451 2044 667 2102 propter
689 2035 881 2087 anima:
907 2051 1016 2088 suae
1050 2035 1301 2096 salutem,
1352 2035 1597 2100 corporis
1619 2033 1698 2086 sui
1727 2033 1804 2085 iu~

203 2125 382 2193 justas
403 2123 718 2191 cupiditates
748 2136 980 2193 superet,
1024 2135 1073 2177 et
1107 2140 1163 2176 se
1191 2125 1360 2192 ipsum
1395 2125 1530 2176 adeo
1557 2123 1804 2191 snhjnget

209 2230 310 2283 per
338 2216 600 2282 jejunium
624 2225 677 2269 et
705 2233 798 2283 per
819 2218 953 2268 alias
977 2216 1223 2278 virtutes,
1256 2225 1312 2267 ιιι
1359 2215 1519 2267 homo
1551 2215 1797 2278 interior,

206 2307 316 2361 hoc
339 2317 419 2361 est
450 2312 623 2360 anima
651 2324 742 2373 pro
775 2308 858 2377 pia
910 2307 1191 2362 habeatur.
1251 2307 1487 2375 Septima
1547 2306 1798 2359 remissio

204 2408 316 2460 est,
345 2407 403 2452 ut
433 2399 551 2468 quis
584 2402 976 2465 possessionem
1016 2413 1188 2461 suum,
1237 2407 1292 2451 et
1315 2398 1541 2450 infantes
1561 2411 1710 2459 suos,
1739 2410 1799 2448 ac

208 2491 440 2558 patriam
471 2504 624 2544 suam
675 2506 739 2544 ex
767 2505 949 2543 amore
1001 2489 1092 2542 Dei
1127 2492 1374 2554 deserat,
1399 2497 1454 2541 ct
1495 2488 1548 2540 in
1603 2497 1799 2540 terram

205 2588 522 2634 extraneum
547 2583 726 2645 abeat,
746 2592 798 2634 et
828 2581 896 2633 ibi
927 2582 1091 2632 vitam
1121 2595 1272 2632 suam
1300 2579 1685 2632 liniat.0ctava
1713 2593 1798 2631 re-

213 2671 404 2724 missio
426 2681 528 2738 est,
563 2687 684 2726 cum
716 2673 836 2741 quis
867 2687 931 2726 ex
966 2671 1065 2725 hac
1100 2672 1204 2724 vita
1236 2670 1447 2725 decedit
1474 2686 1565 2736 per
1598 2670 1801 2737 suppli-

207 2763 392 2825 cium;
429 2771 483 2816 et
509 2763 665 2817 amici
687 2762 872 2831 ipsius,
897 2777 1018 2816 cum
1071 2763 1123 2816 in
1149 2764 1282 2816 vivis
1312 2771 1476 2824 esset,
1509 2777 1629 2814 eum
1656 2761 1799 2813 redi-

210 2871 362 2908 mere
385 2863 625 2924 possunt,
653 2866 704 2910 et
729 2856 825 2923 ipsi
852 2855 1224 2910 remissionem
1275 2854 1415 2920 apud
1464 2854 1629 2907 Deum
1661 2854 1799 2904 Olili-

209 2961 341 3000 nere
373 2961 467 3014 per
493 2947 574 3016 pia
606 2945 842 3012 servitia,
868 2955 919 2999 et
953 2960 1046 3015 per
1076 2947 1444 3014 possessiones
1494 2958 1619 2998 suas
1649 2960 1801 2996 mun-

207 3043 400 3099 danas.
425 3044 572 3098 Nona
598 3045 843 3099 remissio
870 3056 951 3098 est
977 3041 1345 3098 misericordia
1373 3051 1428 3094 et
1458 3041 1595 3095 bona
1643 3040 1798 3092 ﬁdes.

209 3137 432 3191 Decima
459 3139 703 3191 remissio
727 3146 832 3200 est,
859 3151 982 3190 cum
1003 3137 1233 3204 aliquem
1263 3150 1291 3188 a
1325 3135 1560 3202 peccatis
1591 3132 1704 3186 suis
1729 3131 1796 3187 ad

210 3227 309 3282 Dei
334 3229 1064 3284 voluntatemconvertimus.
1097 3229 1388 3283 Undecima
1417 3229 1665 3283 remissio
1694 3239 1796 3294 est,

211 3328 274 3374 ut
295 3321 418 3391 quis
451 3336 515 3376 ex
544 3336 729 3376 amore
749 3322 843 3376 Dei
873 3323 1112 3378 remittat
1142 3323 1353 3375 illorum
1377 3322 1566 3376 delicta
1596 3323 1683 3390 qui
1715 3337 1800 3376 er-

210 3428 279 3482 ga
311 3429 435 3468 eum
459 3414 823 3483 deliquerunt,
857 3416 1108 3483 quoniam
1141 3415 1387 3470 Salvator
1419 3415 1472 3468 itt
1516 3416 1807 3483 Evangelia

211 3519 316 3560 suo
338 3507 414 3559 ait
445 3524 457 3558 :
493 3507 751 3560 Remittite
773 3517 820 3561 et
842 3509 1130 3561 remittetur
1174 3507 1329 3560 vobis.
1361 3505 1686 3560 Duodecimn
1722 3522 1807 3560 re-

212 3597 404 3650 missio
431 3605 515 3651 εει
544 3599 860 3668 martyrium
887 3637 900 3660 ,
935 3597 1007 3649 ttti
1047 3597 1206 3650 ﬁebat
1234 3597 1423 3649 latroni
1448 3605 1573 3650 ante
1602 3596 1808 3662 passio-

214 3702 342 3742 nem
382 3687 612 3752 Domini,
639 3703 761 3740 cum
814 3687 1063 3741 Salvator
1082 3687 1181 3754 ipsi
1207 3687 1417 3741 diceret
1446 3704 1456 3738 :
1519 3687 1703 3738 Verum
1733 3696 1804 3738 est

210 3780 355 3848 quod
415 3779 502 3831 tibi
526 3780 662 3844 dico,
719 3795 851 3831 nunc
901 3777 1050 3830 hodie
1071 3789 1124 3830 tu
1154 3778 1251 3831 eris
1301 3792 1497 3831 mecum
1527 3777 1580 3828 in
1635 3777 1805 3829 Patris

212 3868 317 3921 mei
348 3883 526 3938 regno.

290 3959 421 4014 llaec
448 3967 572 4014 sunt
599 3959 778 4014 divina
809 3971 1074 4030 praecepta
1105 3976 1226 4030 qua:
1266 3962 1420 4016 nobis
1458 3963 1806 4017 observanda

209 4059 373 4118 sunt,
409 4051 512 4104 hoc
540 4060 660 4116 est,
694 4050 891 4119 primo,
923 4065 1083 4106 verus
1115 4053 1206 4105 Dei
1238 4062 1293 4106 et
1321 4051 1596 4106 hominum
1628 4069 1801 4119 amor,

212 4153 270 4196 et
315 4141 573 4207 castitas,
623 4150 681 4195 et
727 4140 1025 4210 jejunium,
1059 4151 1113 4194 et
1160 4143 1500 4206 constantia,
1532 4151 1588 4196 et
1637 4143 1808 4196 simus

220 4233 490 4298 humiles,
537 4242 592 4288 et
633 4232 927 4300 moderati,
958 4241 1014 4288 et
1053 4233 1298 4302 benigni,
1331 4243 1386 4288 et
1429 4235 1720 4299 patientes,
1756 4244 1806 4286 et

212 4323 519 4388 mansueti,
547 4333 602 4378 et
633 4325 924 4394 hospitales
946 4363 960 4387 ,
993 4333 1048 4378 et
1087 4326 1552 4394 eleentosynarum
1590 4341 1650 4378 ac
1680 4341 1805 4380 sau-

208 4428 424 4472 ctarutn
474 4414 776 4484 vigiliarum
829 4415 1010 4484 pleni,
1058 4424 1111 4470 et
1163 4417 1333 4470 simus
1382 4417 1802 4481 misericordes,

214 4516 273 4560 et
305 4503 555 4572 pacilici;
589 4513 642 4558 et
672 4503 786 4557 hate
830 4505 1174 4568 omittamus,
1223 4519 1417 4573 nempe
1459 4506 1801 4575 superbiam,

1913 662 2055 711 Oltttti
2102 660 2294 726 populo
2327 658 2630 726 lnptizatn,
2666 670 2716 714 et
2751 678 2848 730 pro
2883 665 3213 716 C‘HliCSSI‘IFlO
3237 708 3250 732 ,
3287 679 3339 720 et
3374 683 3494 722 tunc

1915 765 2008 817 pru
2041 751 2194 801 nobis
2223 752 2472 804 omnilms
2505 754 2765 805 oraveris.
2811 754 3014 808 Dilcete
3049 757 3118 808 ttti
3143 797 3156 818 ,
3190 772 3289 825 ego
3334 771 3384 812 te
3414 777 3497 815 ro-

1910 857 1998 908 go,
2031 850 2083 892 ttt
2110 842 2312 908 cogites
2339 843 2613 912 quomodo
2643 843 2692 896 in
2724 844 2865 900 hunc
2894 850 3148 900 mundum
3185 850 3499 920 progenitus

1911 930 2073 984 fueris
2103 947 2114 993 ;
2148 944 2200 985 et
2233 935 2524 1002 quomodo,
2559 945 2611 989 et
2644 937 2771 1004 quid
2807 946 2863 988 tu
2908 940 3104 992 mundo
3147 939 3268 994 huic
3315 955 3499 995 mutuo

1909 1026 2044 1086 des;
2075 1033 2128 1078 et
2173 1026 2445 1094 quomodo
2491 1042 2685 1094 Corpus
2733 1044 2793 1082 ac
2845 1031 3018 1082 anima
3068 1043 3154 1084 tua
3202 1037 3496 1101 separanda

1909 1119 2051 1194 sint;
2099 1125 2152 1169 et
2202 1129 2386 1185 postea
2434 1119 2487 1170 in
2537 1135 2639 1184 quo
2684 1122 3130 1174 commorationis
3175 1123 3290 1176 loco
3321 1127 3496 1178 anima

1911 1218 1996 1260 tua
2025 1217 2332 1274 exspectare
2355 1208 2553 1262 debeat
2579 1208 2718 1262 diem
2747 1211 2930 1275 λιιλιιριὶ
2964 1229 2976 1275 ;
3009 1221 3067 1266 et
3092 1211 3253 1264 etiam
3287 1221 3494 1280 tempus

1909 1313 2031 1352 cum
2062 1302 2271 1359 anima,
2317 1309 2372 1351 ct
2411 1315 2606 1367 corpus
2642 1311 2788 1352 tntnn
2835 1305 3210 1371 cottgreganda
3254 1315 3416 1367 sunt,
3444 1317 3498 1357 et

1909 1389 2101 1442 deinde
2143 1389 2207 1442 ad
2257 1390 2350 1442 Dei
2395 1390 2652 1456 judicium
2698 1391 2990 1444 ducenda:
3043 1404 3096 1445 ct
3143 1406 3250 1447 tum
3301 1403 3392 1456 tu,
3434 1409 3500 1445 ac

1912 1485 2134 1552 quilibet
2171 1486 2334 1537 homo
2369 1499 2466 1551 pro
2499 1485 2757 1550 operibus
2790 1485 2902 1538 suis
2942 1485 3082 1552 jusze
3128 1488 3500 1554 compenSahi-

1913 1585 2015 1641 tur,
2051 1586 2107 1630 et
2140 1578 2368 1645 accipiet
2400 1591 2428 1629 a
2458 1578 2667 1642 judicio
2703 1578 2792 1630 illo
2821 1595 2833 1642 ;
2867 1587 2921 1631 et
2946 1578 3142 1633 deinde
3171 1593 3293 1633 cum
3323 1581 3496 1634 anima

1913 1677 1966 1720 et
1997 1683 2224 1735 corpore
2264 1668 2536 1722 obtinebis
2582 1669 2740 1720 vitam
2791 1683 3083 1734 aeternam,
3131 1671 3214 1725 vel
3242 1681 3499 1726 aeternam

1912 1769 2179 1822 mortem,
2216 1762 2390 1821 prouti
2422 1770 2580 1810 antea
2614 1761 2938 1827 deliqueris,
2984 1772 3090 1814 tam
3133 1765 3296 1816 vitam
3340 1774 3498 1817 mter-

1911 1868 2033 1906 nant
2066 1868 2224 1921 quam
2263 1853 2522 1906 inlinitam
2568 1868 2803 1919 prunam.
2845 1855 2993 1907 Tunc
3035 1871 3155 1908 cum
3200 1872 3354 1910 mane
3385 1858 3500 1927 pri--

1909 1962 2051 1997 mum
2083 1945 2419 2006 sui-rexeris,
2453 1944 2600 2013 signa
2651 1953 2704 1996 te
2753 1961 2912 2010 quam
2960 1945 3400 2012 diligentiSsitne,
3445 1960 3499 2001 et

1908 2035 2074 2088 Deum
2127 2050 2262 2099 ora;
2309 2049 2428 2087 cum
2482 2036 2718 2086 cubitum
2768 2046 2818 2086 te
2863 2038 3193 2098 contuleris,
3225 2038 3398 2100 idem,
3444 2050 3502 2090 ιιι

1908 2128 1998 2180 tibi
2024 2141 2118 2194 per
2140 2125 2306 2178 Deum
2337 2133 2552 2192 peccata
2575 2134 2659 2176 tua
2688 2125 2943 2188 remittat,
2982 2133 3054 2186 et,
3087 2137 3202 2191 post
3237 2141 3487 2192 ιιιιιτεοσιι,

1907 2231 2159 2271 :tternatn
2203 2219 2432 2285 quietem
2464 2226 2516 2270 et
2549 2215 2970 2268 miscricordiam
3003 2233 3152 2270 suam
3198 2217 3307 2270 tlt-l.
3355 2221 3494 2288 Age-

1905 2310 2064 2371 dum,
2099 2309 2294 2361 dilecte
2326 2309 2428 2370 uti,
2464 2307 2675 2375 cogita,
2720 2308 2846 2374 quid
2894 2318 3141 2375 parentes
3187 2309 3351 2363 nestti
3397 2328 3495 2363 an-

1909 2413 1987 2455 tea
2023 2401 2251 2464 l'ucrint,
2288 2411 2338 2454 et
2369 2403 2554 2469 quales
2589 2417 2729 2452 nunc
2774 2416 2872 2454 nos
2911 2403 3118 2464 simus;
3164 2404 3242 2455 vel
3278 2404 3494 2471 quinam

1912 2494 2124 2546 illorum
2168 2506 2309 2544 nunc
2351 2499 2685 2557 appareant,
2737 2492 2826 2557 qui
2881 2500 3005 2542 ante
3059 2502 3272 2543 centum
3328 2506 3496 2544 annos

1912 2585 2133 2653 pulvete
2177 2591 2331 2635 terra:
2373 2581 2780 2648 (integebantur,
2827 2581 2984 2648 quale
3025 2595 3122 2634 nos
3162 2596 3284 2635 mox
3337 2583 3494 2635 futuri

1905 2690 2115 2740 sumus,
2149 2688 2267 2726 cum
2302 2672 2478 2723 anima
2510 2686 2577 2723 ex
2617 2685 2842 2736 Corpore
2872 2672 3183 2725 excesserit.
3218 2675 3492 2740 Agedum,

1904 2769 2065 2821 cltare
2098 2765 2165 2818 mi
2189 2805 2203 2830 ,
2236 2762 2666 2832 quandoquidem
2704 2761 2843 2815 Deus
2875 2762 3030 2817 nobis
3061 2763 3320 2832 (tempus)
3355 2779 3489 2818 con-

1906 2860 2078 2923 cedit,
2124 2871 2408 2910 caveamus
2451 2855 2604 2907 nobis
2645 2869 2673 2906 a
2716 2855 2987 2921 petcatis,
3031 2867 3085 2908 et
3129 2872 3158 2907 a
3205 2856 3346 2909 vitiis
3391 2855 3497 2908 illis

1907 2966 2032 3018 qua}
2076 2947 2320 3001 diabolus
2367 2945 2520 2998 nobis
2566 2945 2845 3012 suggerit:
2894 2948 3067 2997 omnis
3107 2945 3253 2998 furor
3295 2947 3438 3000 venit
3467 2962 3495 2998 a

1907 3041 2153 3102 diabolo,
2204 3049 2258 3094 et
2302 3041 2478 3091 omnis
2519 3039 2919 3101 controversia,
2984 3048 3036 3092 et
3075 3054 3234 3091 omne
3276 3040 3496 3093 infortu-

1907 3132 2076 3184 nium.
2131 3129 2372 3196 Agedum
2420 3143 2548 3196 ergo
2598 3130 2914 3181 resistamus
2965 3130 3051 3192 ei,
3093 3138 3148 3182 et
3191 3131 3499 3199 mitigemus

1909 3224 2145 3278 animum
2200 3229 2476 3285 nostrum,
2532 3227 2584 3271 et
2641 3219 2995 3288 imploremus
3051 3219 3144 3270 Dei
3196 3220 3500 3272 tttisericor-

1909 3317 2090 3379 diatn,
2121 3324 2173 3368 et
2202 3311 2456 3366 auxilium
2493 3311 2643 3380 ejus,
2693 3323 2746 3364 ttt
2794 3322 3056 3380 ptaecepta
3103 3313 3266 3380 ipsius
3312 3313 3496 3373 obser-

1913 3423 2039 3462 vare
2074 3409 2361 3476 possimus.
2397 3406 2638 3473 Agedum
2673 3404 3075 3472 frequentemus
3106 3406 3366 3460 ectlesias
3406 3421 3503 3459 nn-

1911 3513 2054 3555 atras
2085 3500 2273 3553 diebus
2303 3498 2443 3553 Solis
2473 3507 2526 3550 ct
2557 3495 2710 3550 [estis
2731 3538 2745 3561 ,
2776 3509 2828 3550 et
2860 3512 3002 3564 saepe
3033 3496 3173 3549 inter
3204 3496 3318 3550 hazc
3360 3508 3498 3551 tent-

1911 3609 2037 3662 pora
2062 3635 2074 3659 ,
2110 3606 2216 3659 quo
2244 3592 2439 3655 swpius
2471 3604 2535 3642 eo
2579 3590 2799 3651 melius,
2834 3599 2888 3642 et
2929 3603 3213 3643 cateamus
3253 3590 3405 3643 nobis
3433 3589 3501 3644 ab

1911 3685 2105 3739 invidia
2129 3725 2142 3748 ,
2177 3683 2325 3737 etab
2357 3685 2431 3734 ira
2455 3725 2467 3746 ,
2501 3689 2554 3734 et
2584 3697 2609 3732 a
2644 3683 2823 3735 verbis
2857 3683 3168 3751 inutilibus,
3212 3696 3266 3736 et
3305 3699 3334 3737 a
3377 3700 3500 3739 cra-

1911 3775 2034 3844 pula
2061 3813 2075 3839 ,
2109 3782 2164 3826 et
2195 3788 2220 3824 a
2257 3773 2584 3840 blasphemia
2608 3811 2623 3833 ,
2656 3781 2710 3823 et
2739 3787 2767 3823 a
2803 3771 3042 3840 biloquio
3066 3813 3080 3835 ,
3113 3784 3164 3826 et
3195 3788 3224 3826 a
3257 3774 3391 3827 falso
3423 3783 3501 3828 te-

1912 3867 2197 3928 stimunio,
2230 3876 2280 3918 et
2311 3868 2376 3917 ali
2409 3864 2724 3925 homicidio,
2759 3873 2812 3918 et
2842 3881 2870 3916 a
2903 3866 3166 3932 perjuris,
3214 3874 3270 3920 et
3309 3881 3337 3919 a
3381 3882 3499 3922 cre-

1912 3963 2024 4015 bris
2070 3959 2542 4023 iornicationibus,
2577 3967 2631 4011 et
2677 3973 2707 4010 a
2756 3957 2992 4026 qualibet
3037 3959 3342 4025 impuritate
3381 3973 3500 4014 cor-

1914 4053 2059 4120 poris
2092 4051 2278 4104 nostri.
2324 4051 2388 4103 Et
2415 4050 2638 4119 agedum
2672 4050 2964 4116 cogitemus
2994 4050 3266 4116 quomodo
3297 4065 3500 4119 praepa-

1912 4160 2032 4199 rare
2058 4144 2350 4198 debeamus
2375 4144 2608 4195 animam
2637 4152 2904 4203 nostram,
2933 4150 2986 4193 et
3009 4155 3204 4208 corpus
3234 4151 3498 4204 nostrum,

1911 4235 2340 4303 quandoquidem
2366 4232 2504 4284 Detts
2527 4231 2680 4284 nobis
2706 4229 2977 4298 (gratiam)
2998 4231 3246 4284 concedit
3271 4241 3326 4284 tit
3352 4231 3404 4284 in
3435 4248 3501 4286 eo

1911 4339 2236 4390 occupentur
2267 4338 2374 4389 quo
2407 4321 2596 4374 saltem
2637 4328 2757 4388 post
2788 4323 2928 4372 hunc
2971 4318 3229 4372 mundum
3263 4322 3497 4389 quietem

1915 4418 2208 4470 habt-alnus
2239 4431 2302 4468 ex
2337 4413 2431 4467 Dei
2475 4410 2865 4466 misericordia.
2910 4411 3133 4465 Domine
3174 4411 3275 4477 mi,
3311 4426 3410 4479 ego
3451 4425 3501 4464 te.

1913 4526 2083 4578 rogo,
2132 4508 2222 4574 qui
2270 4507 2320 4559 in
2368 4505 2665 4574 Evangelio
2711 4513 2802 4557 tuo
2831 4501 2895 4556 ad
2923 4516 3111 4557 omnes
3141 4517 3266 4556 vere
3314 4502 3496 4557 tideles

214 4609 273 4653 ct
313 4596 631 4662 avaritiam,
675 4604 731 4650 et
777 4595 1065 4659 invidiam,
1112 4606 1168 4651 et
1210 4612 1400 4652 vanam
1443 4599 1701 4667 gloriam,
1747 4607 1796 4652 et
1832 4633 1886 4693 Β
1913 4601 2048 4654 dicis
2081 4619 2090 4651 :
2139 4598 2306 4652 Petile
2333 4609 2380 4650 et
2411 4597 2621 4648 dabitur
2650 4596 2790 4648 vobis
2822 4611 2840 4648 :
2885 4607 2984 4660 ego
3016 4605 3101 4659 te,
3135 4593 3360 4648 Dauniae
3390 4596 3497 4658 mi,

215 4687 456 4752 (artum,
482 4695 538 4741 et
563 4686 799 4755 rapinam
819 4728 834 4752 ,
864 4698 914 4741 et
945 4685 1384 4752 fornicationem,
1412 4699 1465 4741 et
1491 4691 1797 4756 crapulam,

207 4790 269 4836 et
301 4779 651 4833 homicidium
675 4821 692 4844 ,
715 4788 768 4833 ct
795 4777 1051 4848 perjuria,
1076 4789 1129 4834 et
1153 4781 1493 4834 mendacium
1515 4821 1529 4846 ,
1558 4792 1611 4835 et
1637 4782 1802 4836 male-

208 4873 418 4926 dictum
437 4911 453 4938 ,
478 4881 531 4926 et
557 4873 1002 4925 controversiam.
1037 4871 1270 4939 Tempus
1298 4873 1643 4927 servitiorum
1671 4888 1804 4942 quo-

207 4964 296 5018 vis
320 4977 463 5015 anno
484 4962 699 5016 advenit
721 5003 736 5025 ,
762 4971 819 5016 ut
843 4962 1068 5032 quilibet
1094 4978 1214 5018 cum
1241 4965 1572 5020 confessario
1599 4981 1696 5021 suo
1725 4968 1801 5021 lo-

202 5065 435 5126 quatur,
467 5065 522 5111 et
549 5071 670 5110 cum
701 5054 1018 5110 eonfessarii
1047 5059 1126 5111 sui
1157 5059 1309 5112 venia
1347 5059 1611 5128 jejunium
1644 5075 1797 5114 suum

202 5146 478 5211 ordiatur,
510 5156 566 5200 et
596 5147 707 5201 Deo
736 5161 798 5201 ac
827 5144 1162 5202 eonfessario
1188 5164 1288 5203 sua
1317 5150 1515 5204 delicta
1541 5166 1637 5204 sua
1670 5167 1800 5206 con-

204 5238 428 5292 ﬁteatur
458 5251 578 5306 quae
611 5239 944 5307 perpetravit
972 5255 986 5300 ;
1021 5239 1102 5292 vel
1136 5240 1513 5306 homicidium,
1544 5243 1626 5295 vel
1657 5246 1803 5297 occi-

200 5331 420 5384 sionem
452 5327 722 5393 hominis,
757 5329 838 5384 vel
869 5329 1281 5385 fornicationem
1306 5373 1320 5398 ,
1363 5333 1448 5387 vel
1494 5334 1656 5387 ullum
1701 5334 1800 5388 ali-

201 5419 356 5491 quod
383 5433 570 5475 eorum
617 5435 738 5489 qua:
780 5421 1046 5478 adversus
1106 5426 1270 5478 Deum
1313 5426 1626 5496 delinquere
1673 5443 1797 5496 pos-

199 5528 434 5568 sumus:
466 5511 664 5568 deinde
697 5514 895 5569 habeas
924 5513 1000 5587 (ο
1027 5515 1188 5571 homo
1214 5520 1232 5584 )
1267 5531 1447 5570 veram
1485 5517 1642 5571 Iidem
1672 5534 1800 5588 erga

202 5608 412 5673 Deum,
441 5617 496 5664 et
520 5607 716 5663 devoto
744 5608 846 5665 hoc
873 5621 1116 5680 tempere
1142 5612 1430 5682 diligenter
1473 5630 1595 5670 ores
1639 5618 1795 5684 (quo-

201 5699 352 5753 niam
396 5697 504 5752 scis
549 5699 676 5768 quid
721 5699 952 5769 feceris)
990 5715 1111 5754 cum
1154 5702 1373 5771 jejunus
1421 5705 1561 5771 tuis,
1591 5715 1792 5759 etcum

199 5792 566 5862 eleemosynis
597 5792 736 5858 tuis,
771 5803 826 5848 et
853 5808 975 5848 cum
1008 5795 1258 5863 precibus
1291 5796 1426 5858 tu?s.
1462 5811 1592 5865 quas
1625 5812 1788 5865 quam

195 5883 402 5954 optime
428 5881 607 5951 noris,
637 5891 690 5939 et
720 5885 912 5953 quovis
944 5883 1029 5939 die.
1067 5883 1351 5943 Dominica
1397 5887 1460 5940 ad
1504 5888 1782 5943 ecclesiam

1917 4690 2188 4745 humiliter
2221 4704 2350 4757 rogo
2373 4729 2386 4753 ,
2420 4699 2476 4742 ut
2507 4686 2638 4740 mihi
2669 4687 2946 4740 condones
2978 4687 3027 4740 id
3063 4685 3203 4755 quod
3235 4687 3459 4739 obsecro
3484 4729 3497 4746 ,

1908 4787 1951 4839 si
1998 4785 2088 4838 tibi
2135 4781 2424 4851 placuerit,
2473 4789 2526 4835 et
2571 4780 2765 4833 anima:
2803 4793 2935 4833 mea:
2979 4778 3124 4832 salus
3153 4780 3205 4831 in
3238 4787 3496 4832 anet-num

1909 4893 2029 4930 cum
2062 4874 2346 4929 mundana:
2377 4874 2500 4925 vita:
2529 4886 2663 4926 mea:
2693 4871 3069 4924 benedictione
3099 4869 3372 4939 persistat.

1978 4970 2032 5023 Si
2066 4966 2183 5037 quis
2204 4967 2349 5032 juret
2376 4965 2514 5018 inter
2543 4977 2735 5016 manus
2759 4961 3029 5032 episcopi,
3056 4961 3138 5015 vel
3168 4959 3494 5028 presbyteri,

1914 5061 1996 5116 vel
2029 5058 2278 5120 diaconi,
2314 5056 2396 5109 vel
2430 5056 2481 5109 in
2512 5054 2704 5117 altari,
2739 5055 2822 5107 vel
2854 5056 2908 5106 in
2941 5064 3254 5107 consecrata
3296 5052 3494 5104 Christi

1908 5167 2099 5215 cruce,
2132 5160 2186 5205 et
2215 5148 2286 5205 sit
2317 5149 2586 5219 perjurum
2608 5190 2622 5216 ,
2651 5148 2857 5217 jejunet
2894 5155 3001 5200 tres
3043 5160 3233 5199 annos.
3279 5144 3335 5200 Si
3378 5145 3497 5214 quis

1909 5248 1961 5301 in
2015 5261 2120 5299 non
2171 5251 2489 5298 consecrata
2534 5241 2737 5295 Christi
2787 5254 2950 5294 cruce
2998 5238 3242 5308 pejerat,
3290 5237 3496 5306 jejunet

1908 5351 2071 5391 unum
2101 5350 2338 5398 annum;
2381 5332 2472 5402 qui
2506 5331 2736 5401 periuria
2779 5331 3096 5391 committit,
3134 5328 3344 5396 jejunet
3389 5341 3496 5382 tres

1905 5443 2094 5483 annos.
2149 5428 2206 5482 Si
2260 5425 2456 5494 aliquis
2506 5439 2628 5479 cum
2684 5423 2882 5476 fernina
2931 5420 3244 5485 fornicetur,
3290 5421 3494 5488 jejunet.

1907 5532 2016 5576 tres
2047 5533 2246 5584 annos,
2278 5517 2363 5571 vel
2395 5516 2534 5571 duos
2576 5513 2834 5584 plenario.
2865 5513 2920 5568 Si
2948 5510 3068 5582 quis
3107 5526 3230 5566 cum
3273 5512 3495 5564 alterius

1907 5613 2004 5668 viri
2035 5625 2206 5666 uxore
2238 5610 2589 5671 adulteretur,
2618 5605 2824 5673 jejunet
2857 5613 3089 5673 quatuor
3118 5617 3289 5656 annos
3311 5643 3327 5666 ,
3359 5605 3493 5654 duos

1907 5711 2170 5776 integros,
2206 5707 2342 5760 duos
2377 5705 2516 5756 alios
2544 5703 2596 5755 in
2629 5701 2796 5754 tribus
2828 5697 3270 5766 quadragesimis,
3301 5705 3356 5750 et
3385 5705 3493 5750 tres

1905 5801 2023 5853 dies
2053 5799 2106 5851 in
2139 5794 2494 5852 ltebdontada.
2527 5791 2626 5858 Qui
2674 5805 2794 5845 cum
2841 5789 3055 5842 homine
3095 5785 3361 5851 delicato,
3409 5787 3491 5840 vel

1903 5906 2022 5946 cum
2055 5890 2162 5948 alio
2193 5890 2468 5953 masculo,
2503 5886 2584 5940 vel
2621 5901 2740 5939 cum
2787 5884 2954 5939 bestia
2986 5882 3128 5951 coit,
3161 5881 3364 5951 jejunet
3395 5883 3491 5935 de-
