4168 6530
770 408 861 457 431

1764 403 2059 461 Efilibﬂ'fl
2103 399 2566 456 liliiil’iACENSlS
2609 395 3115 451 AliClliEPiSCUl‘l

3943 394 4038 445 £31

770 534 887 568 (‘t‘lll
920 529 1109 570 annos.
1148 515 1201 570 ln
1237 516 1341 567 alio
1376 515 1491 566 loco
1523 513 1590 565 dit
1615 525 1722 567 tum
1757 529 1831 567 est
1862 556 1872 579 ,
1910 514 1998 581 qui
2032 532 2148 564 cum
2186 513 2349 565 bestia
2382 516 2428 570 Α
2458 509 2531 577 git
2582 524 2641 560 ea
2665 548 2678 572 ,
2728 522 2847 573 qua:
2887 507 2999 559 ha-c
3041 505 3264 574 opponit
3296 516 3345 558 υ.
3388 504 3485 571 Qui
3528 519 3672 574 smpe
3730 506 4035 571 fornicatur,

770 610 898 671 coit,
927 606 1137 676 jejunet
1163 605 1458 675 quindecim
1491 604 1693 660 hiemes
1720 623 1733 669 ;
1759 617 1809 660 et
1840 606 2119 657 Sodomita:
2149 617 2351 673 septem

778 716 950 751 annos
978 700 1239 766 jojuncnt.
1271 695 1322 749 Si
1355 697 1610 750 delicatus
1651 712 1769 749 cum
1813 697 2043 749 dit-licito
2069 697 2211 758 Coit,
2256 698 2350 749 de-

775 809 893 841 u-m
928 804 1097 842 atinos
1131 789 1502 855 pmnitentiam
1535 800 1690 859 agtnl
1720 807 1732 851 ;
1768 790 1810 840 si
1841 787 2101 842 delicatus
2145 792 2212 841 ita
2246 788 2352 841 for-

773 886 841 934 llit
862 895 979 936 atus
1012 882 1169 935 fuerit
1192 882 1358 935 semel
1390 883 1630 946 incaute,
1657 880 1862 949 jejunet
1893 893 2117 949 quatuor
2145 896 2347 935 annos:

772 975 817 1026 si
865 991 926 1027 ex
976 974 1365 1029 consuetudine
1394 977 1458 1027 sit
1483 1016 1495 1035 ,
1546 974 1617 1025 nti
1669 973 1898 1027 Basilius
1930 974 2140 1027 dicebat
2169 1014 2181 1037 ,
2213 975 2253 1026 si
2287 974 2354 1027 sit

771 1085 879 1120 non
915 1068 1224 1130 ordinatus,
1257 1068 1560 1137 quindecim
1590 1082 1789 1131 annos,
1822 1083 1981 1120 unum
2014 1082 2209 1119 annum
2241 1084 2350 1120 om-

769 1159 898 1212 nino
946 1161 1021 1214 uti
1070 1162 1301 1222 mulier;
1350 1160 1393 1212 si
1441 1175 1573 1226 puer
1615 1161 1807 1223 fuerit,
1850 1160 2019 1227 prima
2062 1159 2177 1213 vice
2220 1159 2354 1212 duos

769 1267 939 1304 annos
966 1268 979 1316 ;
1015 1252 1058 1305 si
1089 1265 1276 1305 rursus
1306 1252 1406 1305 hoc
1438 1250 1629 1313 faciat,
1660 1249 1866 1319 jejunet
1893 1261 2122 1319 quatuor
2148 1265 2350 1315 annos;

769 1346 814 1396 si
852 1356 1086 1411 tempore
1126 1343 1323 1398 diurno
1366 1344 1588 1407 fecerit,
1632 1359 1796 1397 unum
1839 1360 2072 1409 annum,
2117 1344 2201 1396 vel
2249 1352 2355 1397 tres

768 1438 1247 1504 quadragesimus;
1291 1437 1335 1490 si
1382 1452 1452 1492 se_
1486 1438 1657 1506 ipsmu
1702 1438 1935 1504 polluat,
1980 1447 2206 1505 quatuor
2237 1436 2354 1492 dies

771 1530 972 1597 absque
1004 1543 1165 1585 carne
1193 1530 1397 1599 jejunet
1426 1549 1438 1595 ;
1470 1531 1512 1583 si
1545 1530 1811 1583 desideret
1843 1530 2133 1595 fornicari,
2165 1541 2215 1584 et
2246 1548 2350 1586 non

768 1625 981 1691 possit,
1008 1624 1216 1692 jejuuct
1244 1626 1591 1693 quadraginta
1622 1624 1773 1688 dies,
1807 1624 1889 1677 vel
1923 1625 2110 1691 viginti
2141 1641 2154 1689 ;
2200 1625 2243 1679 si
2287 1626 2356 1680 sit

772 1730 924 1778 puer,
959 1726 1009 1769 et
1038 1716 1138 1770 hoc
1168 1731 1313 1786 smpe
1345 1715 1502 1770 faciat
1527 1759 1541 1782 ,
1575 1716 1655 1769 vel
1689 1716 2065 1783 suspendatur.
2100 1718 2181 1770 “el
2209 1717 2352 1786 ΜΗ·-

769 1813 862 1856 net
895 1804 1077 1873 Viginti
1112 1806 1253 1861 dies.
1285 1806 1341 1860 Si
1376 1822 1509 1860 uxor
1538 1806 1717 1859 fornici
1742 1814 1847 1868 tur,
1882 1816 1991 1858 tres
2023 1821 2192 1858 annos
2240 1820 2355 1872 pm-

2466 600 2668 666 primus
2705 612 2876 651 canon
2918 595 3119 665 judicat
3153 595 3291 664 quod
3324 597 3506 649 decem
3540 611 3711 650 annos
3743 599 4035 661 pmniteat;

2462 700 2513 742 et
2548 689 2814 743 secundus
2842 706 3010 741 canon
3035 687 3242 756 judicat
3273 699 3475 756 septem
3509 704 3677 741 annos
3706 707 3717 751 ;
3747 690 3794 741 si
3831 702 4039 756 [implet

2462 782 2880 835 imbecillitatem
2931 782 2978 832 al
3004 780 3152 845 cujus
3206 781 3324 842 fiat,
3395 780 3635 831 nonnulli
3691 779 3878 831 dicunt
3936 792 4036 832 tres

2460 887 2651 925 annos.
2684 869 2738 926 Si
2774 870 2937 925 frater
2968 886 3088 923 cum
3123 869 3285 922 fratre
3315 879 3467 923 coeat
3510 886 3603 937 per
3643 870 4035 938 copulatiuuem

2460 965 2703 1029 corporis
2723 1005 2735 1026 ,
2770 963 3075 1032 quindecim
3107 978 3276 1015 annos
3302 962 3510 1030 jejunet
3540 965 3738 1032 absque
3768 979 3956 1016 carne.
3985 963 4036 1015 Si

2458 1067 2629 1112 mater
2658 1071 2776 1108 cum
2809 1070 2971 1124 parvo
2999 1055 3108 1108 filio
3136 1070 3233 1108 suo
3262 1065 3443 1118 coeat,
3466 1055 3673 1125 jejunet
3702 1067 3811 1109 tres
3837 1070 4035 1117 annos;

2460 1151 2581 1219 (ita)
2618 1159 2671 1201 ut
2705 1149 2791 1202 illa
2822 1163 3038 1202 carnem
3074 1163 3178 1201 non
3207 1157 3383 1217 gustet
3413 1162 3573 1201 unum
3604 1148 3746 1201 diem
3781 1163 3876 1214 per
3906 1147 4035 1200 beb-

2461 1239 2743 1293 domadam
2778 1239 2842 1293 ad
2881 1252 3184 1308 vesperam.
3227 1239 3325 1305 Qui
3359 1255 3415 1293 se
3459 1240 3646 1309 polluit
3688 1241 3918 1307 impuris
3947 1253 4035 1290 ρος

2459 1332 2832 1401 gitatiouibus,
2868 1341 2988 1401 agat
3019 1331 3388 1399 pmnitcntiam
3419 1347 3585 1399 usque
3614 1332 3741 1384 dum
3776 1332 4029 1399 cogitatio

2459 1424 2736 1494 praeteriit.
2787 1424 2887 1488 Qui
2934 1431 3078 1475 amat
3118 1421 3343 1475 feminas
3390 1422 3440 1475 iu
3489 1423 3667 1476 animo
3708 1439 3847 1486 suo,
3899 1432 4039 1489 roget

2460 1516 2831 1569 remissionem
2860 1514 2959 1567 sibi
2986 1530 3014 1567 a
3047 1514 3189 1580 Deo;
3217 1516 3260 1569 si
3290 1524 3491 1582 qumrat
3516 1515 3807 1568 amicitiam
3835 1531 4036 1577 earum,

2462 1610 2563 1663 hoc
2594 1620 2674 1663 est
2702 1622 2974 1675 amorem,
3019 1615 3073 1660 et
3118 1622 3220 1660 non
3251 1608 3486 1660 obtineat
3526 1622 3678 1671 eum,
3714 1607 3919 1675 jejuuet
3961 1622 4039 1660 se-

2462 1711 2607 1770 ptetu
2638 1700 2771 1754 dies.
2818 1700 2871 1752 Si
2901 1698 3021 1767 quis
3054 1698 3102 1751 in
3135 1697 3386 1751 ultionem
3416 1698 3622 1765 cognati
3660 1701 3737 1751 sui
3775 1698 4039 1751 hominem

2459 1791 2686 1857 occidit,
2714 1790 2867 1843 faciat
2897 1790 2969 1843 uti
2998 1789 3262 1844 lmmicida
3292 1806 3384 1857 per
3410 1802 3609 1858 sep'em
3642 1804 3812 1843 annos
3840 1792 3923 1843 vel
3952 1792 4042 1841 de-

774 1897 1054 1949 nitentiam
1089 1906 1210 1964 agat
1238 1915 1250 1959 ;
1292 1901 1336 1950 si
1371 1899 1481 1963 ipsa
1511 1896 1757 1949 eumdem
1790 1896 2003 1947 modum
2035 1910 2216 1948 secum
2248 1894 2356 1948 for-
2396 1884 2438 1943 Β
2466 1902 2582 1941 cem
2614 1905 2625 1953 ;
2668 1887 2712 1940 si
2754 1885 2954 1950 solvat,
2980 1884 3191 1953 jejunet
3219 1883 3490 1937 dimidiam
3528 1894 3727 1951 partem
3766 1886 4041 1951 temporis.

776 1987 984 2039 ltitf;'tttii
1031 1987 1287 2050 imitetur,
1333 2001 1496 2040 unum
1549 2001 1747 2038 annum
1799 1986 2165 2052 pmnitentiam
2215 1994 2355 2048 agat.

774 2074 973 2129 Eadem
1008 2076 1315 2141 pit-nitentia
1345 2085 1427 2128 est
1456 2074 1730 2128 viduarum
1755 2091 1768 2137 ;
1801 2086 1853 2129 et
1886 2075 2076 2128 femina
2103 2092 2221 2145 qua;
2251 2091 2362 2128 ma-

776 2173 933 2218 r.f.um
968 2166 1123 2219 habet
1154 2166 1407 2232 majorem
1436 2176 1667 2218 meretur
1694 2166 1952 2234 (poenam)
1980 2166 2021 2218 si
2049 2166 2359 2219 fornicetur.

777 2258 876 2323 Qui
906 2272 1088 2310 semen
1129 2259 1207 2309 oti
1262 2258 1531 2319 immittit,
1558 2256 1765 2325 jejunet
1792 2266 1996 2323 septem
2028 2272 2229 2309 annos:
2264 2257 2362 2309 hoc

776 2350 962 2415 (enim)
987 2359 1067 2402 est
1092 2350 1377 2415 pessimum
1405 2348 1651 2418 (crimen)
1674 2349 1739 2403 ab
1761 2348 2023 2415 aliquibus
2043 2348 2356 2416 judicatum,

770 2452 837 2495 .nt
886 2458 1099 2509 semper
1150 2443 1214 2495 ad
1258 2442 1413 2496 finem
1454 2443 1574 2495 vita:
1614 2456 1723 2494 suae
1766 2442 2133 2509 paenitentiam
2176 2450 2353 2509 agant.

769 2534 872 2599 Qui
913 2548 1032 2586 cum
1074 2546 1245 2588 matre
1275 2548 1370 2587 sua
1401 2536 1539 2597 coit,
1566 2533 1777 2601 ji-junet
1806 2532 2110 2600 quindecim
2142 2548 2311 2587 annos
2340 2552 2353 2596 ;

776 2630 832 2675 cf.
860 2638 1129 2690 nunquam
1160 2624 1419 2689 desistat,
1456 2623 1553 2677 nisi
1597 2623 1684 2676 die
1724 2621 1904 2687 Solis,
1953 2632 2007 2675 et
2046 2632 2355 2675 sanctorum

779 2712 959 2776 festis,
990 2721 1043 2765 ct
1072 2714 1230 2766 abeat
1258 2714 1421 2767 etiam
1456 2713 1506 2765 in
1541 2724 1733 2765 tcrrant
1781 2713 2149 2781 peregrinam,
2191 2722 2244 2766 et
2286 2712 2356 2766 ibi

770 2804 977 2871 jejunet
1015 2813 1219 2871 septem
1248 2818 1435 2857 annos.
1469 2803 1565 2871 Qui
1597 2819 1719 2857 cum
1754 2818 1943 2856 sorore
1974 2817 2068 2856 sua
2101 2802 2237 2864 coit,
2279 2802 2357 2870 je-

775 2898 928 2961 junet
956 2904 1161 2962 septem
1189 2909 1401 2960 annos;
1434 2896 1483 2948 in
1516 2894 1787 2948 nonnullis
1821 2894 2114 2947 canonibus
2156 2893 2357 2946 dictum

781 2994 861 3039 est
899 2984 1182 3039 duodecim
1217 3000 1417 3053 annos,
1451 2986 1705 3053 quoniam
1740 2992 1912 3038 mater
1944 2984 2156 3036 illorum
2188 2984 2358 3036 conti-

2468 1980 2523 2034 Si
2555 1980 2675 2047 quis
2712 1979 2981 2031 hominem
3010 1976 3224 2031 occidat
3255 1977 3305 2030 in
3336 1977 3531 2030 ultione
3563 1978 3745 2029 matris
3776 1992 3910 2040 sur,
3944 1986 4042 2029 tres

2467 2087 2666 2131 annos,
2712 2069 2795 2122 vel
2841 2068 3027 2121 decem
3075 2067 3389 2134 (jejuuet);
3436 2067 3693 2118 homicida
3734 2066 3927 2119 decem
3970 2065 4044 2118 vel

2467 2171 2696 2228 septem.
2748 2161 2802 2213 Si
2850 2158 2970 2228 quis
3014 2158 3335 2211 monachum
3377 2158 3457 2212 vel
3502 2158 3759 2211 clericum
3805 2158 4041 2219 occidat,

2466 2250 2677 2304 deserat
2710 2264 2856 2303 arma
2887 2264 3006 2315 sua,
3038 2257 3092 2301 et
3120 2249 3321 2303 serviat
3350 2248 3481 2311 Deo,
3510 2248 3593 2302 vel
3622 2248 3830 2316 jejunet
3861 2248 4043 2301 decem

2466 2358 2635 2396 annos
2663 2360 2676 2397 :
2710 2352 2763 2396 et
2796 2344 2896 2396 hoc
2925 2342 2993 2396 sit
3019 2340 3156 2411 juris
3198 2342 3536 2410 episcopalis.
3594 2342 3694 2410 Qui
3733 2344 4043 2409 episcOpum

2469 2436 2554 2489 vel
2587 2436 2962 2505 presbyterum
2995 2435 3229 2499 occidit,
3262 2435 3359 2489 hoc
3388 2436 3455 2488 sit
3481 2435 3613 2503 juris
3642 2434 3794 2504 regii.
3825 2434 3927 2501 Qui
3955 2434 4047 2487 do-

2466 2529 2595 2583 mini
2626 2530 2705 2582 sui
2730 2528 2882 2596 jussu
2913 2527 3180 2580 hominem
3209 2527 3433 2590 occidit,
3460 2526 3667 2596 jejunet
3694 2527 4043 2596 quadrag'nta

2466 2618 2580 2671 dies
2615 2634 2627 2682 ;
2661 2618 2704 2669 si
2738 2631 2829 2685 per
2863 2619 2995 2670 iram
3026 2620 3125 2670 hoc
3158 2616 3346 2683 faciat,
3392 2628 3497 2671 tres
3539 2632 3707 2671 annos
3750 2618 4041 2683 paeniteat;

2464 2711 2509 2764 si
2542 2712 2642 2764 hoc
2674 2709 2868 2764 frustra
2915 2710 3096 2764 fecerit
3124 2749 3137 2775 ,
3174 2709 3382 2779 jejunet
3406 2725 3567 2764 unum
3601 2723 3798 2763 annum
3826 2727 3841 2772 ;
3895 2708 3940 2762 si
3982 2722 4044 2761 et

2466 2804 2761 2869 ebrietate,
2814 2803 2895 2856 vel
2939 2803 3116 2871 aliqua
3162 2804 3425 2871 imperitia
3477 2800 3749 2856 hominem
3802 2801 4044 2862 occidat,

2470 2906 2580 2951 tres
2612 2910 2783 2949 annos
2807 2896 3056 2964 jejunet;
3093 2896 3137 2947 si
3172 2896 3222 2948 in
3259 2895 3428 2949 inutili
3464 2895 3555 2950 lite
3596 2894 3871 2949 hominem
3911 2891 4045 2947 oet-i-

2467 2989 2593 3053 dat,
2622 2988 2829 3056 jejunel
2858 2986 3045 3040 decem
3077 2999 3268 3039 annos.

849 3105 874 3132 ⁸
906 3095 1113 3150 Mallem
1140 3096 1316 3166 legere
1343 3114 1354 3147 :
1384 3097 1624 3164 quoniam
1669 3093 1879 3147 illorum
1918 3096 2068 3147 matri
2114 3097 2338 3149 convenit
2379 3097 2498 3150 huic
2524 3112 2578 3149 se
2608 3112 2880 3166 apponere.
2915 3093 3183 3148 \VILKINS.

781 3238 1006 3254 ο..-

1264 3330 1373 3391 EX
1421 3329 1770 3389 EIUSDEM
1819 3327 2161 3388 EGBERTI
2211 3324 2874 3387 POENITENTIALIS
2920 3321 3160 3384 LlBliO
3203 3323 3561 3386 SECUNDO

1780 3493 1838 3533 IN
1886 3492 2149 3535 PUBIJCA
2196 3490 2618 3533 BIBLIOTHECA
2667 3489 3051 3546 οχοΝιεΝει,

2250 3628 2333 3665 sua
2366 3624 2531 3662 TITULO
2558 3613 2581 3640 ³³

1542 3746 1772 3799 ABHINC
1813 3745 2089 3796 DIVERSA
2139 3744 2217 3795 EX
2258 3744 2549 3796 DlVERSlS
2596 3741 2976 3794 EXCESSIBUS
3022 3741 3290 3792 JUDICIA.

864 3884 903 3937 I.
941 3879 1001 3935 Si
1041 3878 1156 3949 quis
1206 3876 1408 3931 tardius
1440 3875 1523 3929 vel
1567 3874 1796 3944 tepidius
1834 3874 2092 3927 orationis
2129 3872 2364 3928 debitum
2398 3878 2442 3939 ο
2475 3868 2694 3923 clesiam
2726 3867 3134 3937 properaverit,
3168 3867 3596 3937 correptionibus
3626 3872 3943 3942 subjacebit.

782 3969 1079 4039 persolvit,
1122 3966 1334 4022 fletibus
1359 4006 1373 4031 ,
1413 3965 1685 4020 doloribus
1733 3962 2169 4033 orationibusque
2208 3962 2358 4018 redi-

778 4071 975 4116 matur.

861 4151 921 4206 ll.
963 4150 1020 4205 Si
1070 4150 1186 4218 quis
1230 4149 1283 4204 in
1326 4149 1568 4203 oratione
1615 4154 1913 4215 prostratus
1956 4142 2361 4207 dormitat-erit,

789 4245 924 4297 hanc
962 4241 1171 4310 culpam
1214 4239 1493 4310 triplicatis
1533 4237 1867 4292 orationibus
1892 4278 1907 4303 ,
1941 4252 2060 4291 cum
2102 4235 2363 4304 triplicata

780 4335 1161 4389 decantatione
1190 4332 1374 4402 psalmi
1403 4329 1849 4400 quinquagesimi,
1881 4339 2180 4397 prostratus
2208 4338 2363 4382 terrm

781 4435 1192 4583 “missionis
1226 4521 1468 4581 tempore
1494 4510 1757 4565 orationis
1798 4508 2015 4575 ludere,
2067 4508 2364 4576 fabulisque

788 4619 977 4659 vacare
1009 4602 1405 4672 prmsumpserit
1426 4642 1440 4666 ,
1471 4601 1612 4671 quod
1659 4600 2042 4669 nequissimum
2089 4605 2204 4661 est,
2236 4598 2369 4666 vigi-

794 4700 898 4759 liis,
935 4694 1168 4756 ﬂetibus,
1202 4693 1531 4746 orationibus
1561 4691 1825 4759 expietur.
1857 4688 1913 4743 Si
1942 4690 1993 4742 iu
2025 4686 2363 4742 consuetudi—

797 4804 919 4842 nem
950 4786 1229 4852 habuerit,
1265 4784 1469 4853 majore
1500 4782 1811 4852 pmnitentia
1844 4780 2112 4848 expietur.

860 4878 945 4931 IV.
988 4878 1043 4931 Si
1074 4878 1191 4945 quis
1219 4876 1513 4930 decantatis
1544 4875 1805 4943 psalmum
1832 4874 1913 4927 vel
1947 4872 2213 4926 modicum
2247 4871 2370 4924 titti-

787 4968 997 5022 baverit
1019 5009 1032 5031 ,
1062 4976 1359 5036 prostratus
1390 4964 1618 5019 orationi
1650 4964 1956 5033 pavimento
1982 4963 2365 5033 indulgentiam

786 5074 815 5111 a
848 5058 1073 5113 Domino
1104 5065 1376 5126 exposcat.

864 5150 926 5201 V.
972 5148 1026 5205 Si
1066 5150 1184 5217 quis
1224 5148 1448 5201 clericus
1492 5156 1585 5200 aut
1625 5146 1918 5200 monachus
1948 5145 2187 5213 corporis
2218 5146 2367 5198 sani—

2546 3959 2679 4014 \‘lll.
2721 3959 2773 4014 Si
2803 3960 2922 4028 quis
2953 3969 3196 4030 tempore
3224 3961 3489 4014 orationis
3518 3971 3575 4016 et
3605 3965 3933 4032 psalmorum
3964 3984 4041 4021 ra-

2467 4054 2697 4123 gationis
2723 4052 2973 4122 taediique
2999 4067 3159 4107 causa
3194 4053 3293 4107 bac
3320 4052 3548 4121 illacque
3591 4058 3937 4121 discurrerit,
3970 4059 4043 4113 rel

2469 4146 2521 4199 in
2550 4146 2667 4213 ipso
2692 4144 2871 4198 officio
2904 4144 3057 4212 vagis
3084 4142 3357 4198 obtutibus
3384 4144 3711 4200 aberraverit
3733 4186 3749 4212 ,
3776 4148 3927 4216 juxta
3957 4164 4040 4201 ar-

2470 4238 2684 4292 bitrium
2717 4236 2909 4307 prioris
2937 4237 3212 4306 paeniteat.

2541 4328 2631 4383 IX.
2672 4328 2935 4385 Clericum
2958 4368 2974 4395 ,
3005 4342 3162 4397 quem
3190 4328 3399 4383 ebrium
3430 4326 3595 4384 fuisse
3623 4330 3950 4393 constiterit,
3984 4340 4036 4382 ut

2472 4425 2607 4479 ordo
2641 4426 2862 4493 patitur,
2904 4422 3120 4492 triginta
3159 4422 3363 4477 dierum
3406 4424 3579 4492 spatio
3607 4438 3635 4475 a
3666 4424 4035 4477 communione

2475 4516 2763 4569 statuimus
2815 4512 3237 4569 submovendum
3270 4555 3285 4580 ,
3345 4524 3438 4568 aut
3491 4514 3755 4583 corporali
3809 4514 4037 4568 dandum

2470 4606 2755 4675 supplicio.

2544 4700 2611 4753 Χ.
2652 4699 2706 4753 Si
2738 4698 2855 4767 quis
2886 4696 3114 4751 clericus
3138 4705 3227 4749 aut
3256 4694 3549 4749 monachus
3576 4694 3816 4749 ebriosus
3849 4695 4034 4758 fuerit,

2473 4792 2640 4845 ttibus
2672 4789 2946 4843 mensibus
2976 4788 3026 4839 in
3056 4802 3193 4856 pane
3221 4795 3274 4840 et
3302 4801 3436 4854 aqua
3465 4788 3740 4854 poeniteat.

2556 4879 2645 4934 Xl.
2689 4878 2743 4933 Si
2784 4877 2903 4947 quis
2942 4877 3169 4932 clericus
3210 4876 3472 4941 lascivus,
3508 4877 3785 4945 petulans,
3815 4875 4037 4929 subsan-

2486 4984 2663 5041 uator,
2698 4971 3053 5039 turpiloquus,
3090 4969 3439 5030 ridiculosus,
3474 4969 3802 5035 inconstans,
3830 4968 4034 5021 iracun-

2483 5065 2582 5119 dus
2612 5108 2625 5132 ,
2664 5062 2879 5116 timidus
2908 5102 2922 5126 ,
2954 5062 3251 5115 obstinatus
3274 5099 3288 5124 ,
3337 5059 3485 5127 juxta
3532 5061 3722 5129 prioris
3770 5058 4035 5113 arbitrium

2476 5156 2648 5209 triduo
2680 5155 2957 5223 paeniteat.

790 5248 899 5293 tate
927 5240 1226 5293 consistens
1254 5238 1443 5306 vigiliis
1470 5248 1522 5291 et
1551 5236 1880 5306 quotidianis
1905 5237 2093 5290 officiis
2114 5236 2364 5301 defuerit,
2395 5233 2445 5292 D
2545 5244 2660 5298 XII.
2703 5243 2758 5299 Si
2817 5243 2937 5310 quis
2994 5240 3224 5295 clericus
3278 5255 3370 5308 per
3423 5248 3694 5293 creaturas
3746 5240 4029 5308 juraverit,

790 5328 978 5396 perdat
1007 5330 1459 5383 communionem.

868 5418 952 5472 γι.
996 5419 1049 5471 Si
1074 5418 1189 5485 quis
1217 5420 1442 5475 clericus
1464 5420 1664 5485 absque
1692 5419 1995 5485 corpusculi
2022 5421 2100 5471 sui
2130 5420 2365 5486 inmqua-

794 5509 941 5563 litate
982 5508 1171 5577 vigiliis
1208 5510 1355 5563 deest
1378 5550 1390 5568 .
1422 5510 1688 5564 stipendio
1722 5512 1957 5578 privatus
1988 5512 2367 5566 excommuni-

794 5610 964 5653 cetur.

867 5688 975 5743 γη.
1016 5691 1069 5746 Si
1096 5691 1214 5761 quis
1243 5693 1469 5747 clericus
1500 5696 1621 5750 dato
1651 5700 1803 5767 signo
1833 5713 1937 5752 non
1969 5698 2148 5752 statim
2182 5698 2246 5750 ad
2278 5711 2367 5752 cc-

2477 5335 2738 5390 acerrime
2769 5333 3080 5402 objurgetur
3106 5348 3120 5396 ;
3154 5330 3200 5385 si
3237 5328 3525 5398 perstiterit
3554 5330 3604 5383 in
3636 5329 3791 5394 vitio,
3823 5344 4031 5384 excom-

2474 5425 2793 5481 municetur.

2561 5516 2694 5571 Xlll.
2735 5515 2973 5569 Clericus
3001 5512 3203 5582 absque
3234 5512 3424 5579 prioris
3449 5512 3531 5567 sui
3558 5512 3707 5581 jussu
3738 5513 3782 5568 si
3810 5527 3905 5583 per
3932 5513 4033 5580 pla-

2477 5620 2589 5662 teas
2638 5607 2864 5663 civitatis
2913 5605 3120 5659 inutiles
3166 5607 3419 5658 decursus
3467 5614 3716 5673 peragat,
3766 5606 4020 5674 pmuiten-

2480 5700 2604 5752 tiam
2636 5706 2779 5767 agat.

872 5817 892 5844 ⁸
922 5806 1001 5862 De
1035 5808 1113 5863 his
1143 5810 1430 5866 rationibus
1462 5814 1578 5867 vide
1607 5814 1849 5883 superius
1884 5814 2343 5871 Prtemonitiouem
2378 5826 2550 5869 meam
2582 5814 2645 5869 ad
2678 5812 3033 5869 Collectioues
3066 5808 3349 5864 canonicas
3417 5800 3653 5879 l‘igberti.
3688 5806 3874 5863 ilum.
