4168 6530
164 411 270 468 I55

1259 391 1834 456 PCENITENTIALIS
1877 391 2185 448 LXClilil'I
2203 392 2325 448 υλι.

3324 399 3427 451 4⁸54

230 532 370 589 XIV.
409 532 646 587 Clericus
674 543 765 597 per
789 535 988 595 plateas
1014 532 1067 578 et
1091 522 1356 575 andronas
1384 528 1437 583 ⁸,
1464 516 1565 571 uisi
1594 520 1735 569 certa
1768 506 1820 563 Α
1917 506 2102 559 XXVI.
2139 508 2191 561 Si
2222 509 2337 572 quis
2367 506 2415 559 in
2450 508 2622 574 aliquo
2656 509 3018 561 ecclesiastico
3039 516 3205 578 gradu
3237 528 3420 567 sacra-

160 636 217 679 οιι
248 623 463 678 maximi
492 621 649 674 ol'ﬁcii
680 619 759 673 sui
794 616 1109 672 necessitate
1133 658 1145 677 ,
1178 629 1281 665 non
1317 610 1573 663 ambulet.

238 714 353 767 XV.
396 714 451 769 Si
483 714 600 781 quis
631 712 860 765 clericus
892 708 1036 763 solus
1067 722 1185 760 cum
1218 704 1329 758 sola
1363 704 1564 765 absque
1592 700 1740 752 testi-

166 806 270 859 bus
322 805 528 858 duobus
577 812 668 854 aut
719 802 885 855 tribus
936 800 1073 867 loqui
1123 793 1550 866 p'tesumpserit,
1600 791 1740 859 quod

166 896 389 965 antiqua
431 910 691 948 canonum
734 902 928 945 statuta
972 890 1287 958 prohibent,
1322 886 1585 939 acerrime
1616 898 1739 935 cor-

163 991 413 1056 ripiatur,
446 1000 499 1042 et
525 986 817 1041 secundum
851 985 1066 1037 modum
1101 980 1298 1049 peccati
1332 978 1594 1045 publicam
1625 982 1745 1041 agat

166 1081 561 1149 paenitentiam.
597 1078 706 1131 Iloc
737 1076 904 1130 sancti
939 1075 1122 1127 Patres
1156 1070 1516 1138 Augustinus,
1554 1066 1743 1119 Iliero-

168 1188 395 1239 ILyIIIUS,
436 1171 686 1229 ltasilins,
720 1166 1046 1235 Gregorius,
1080 1172 1132 1216 et
1155 1162 1333 1217 czntcri
1366 1175 1523 1229 quam
1558 1156 1741 1219 tnulti,

169 1263 369 1315 edictis
399 1260 506 1313 suis
539 1259 951 1327 prohibuerunt.

246 1351 384 1404 XVI.
428 1352 481 1405 Si
514 1366 634 1417 quts
675 1350 991 1419 cogitaverit
1033 1346 1229 1414 aliquid
1276 1343 1417 1412 quod
1456 1340 1746 1396 secundum

166 1444 481 1497 tuandatum
528 1443 737 1495 Domini
782 1451 901 1503 est,
945 1450 1000 1495 et
1044 1455 1148 1492 non
1181 1438 1398 1500 fecerit,
1431 1445 1488 1489 ut
1518 1434 1747 1488 mendax

168 1544 226 1585 et
260 1542 597 1599 contemptor
622 1546 649 1584 a
685 1531 912 1585 Domino
943 1528 1408 1592 condemnabitnr,
1438 1525 1539 1579 nisi
1570 1524 1743 1594 parui-

175 1627 401 1678 teutiam
435 1627 485 1678 in
521 1627 617 1678 hac
644 1625 814 1692 egerit
848 1626 973 1676 vita.

257 1715 415 1770 XVII.
460 1716 515 1770 Si
550 1716 665 1784 quis
694 1713 959 1768 deﬁnierit
989 1714 1161 1782 aliqua
1194 1727 1349 1780 agere
1380 1726 1497 1780 quae
1531 1709 1751 1762 Domino

175 1825 286 1860 non
343 1808 597 1876 placent,
648 1808 799 1874 juxta
858 1807 1074 1859 moduru
1128 1806 1326 1871 peccati
1388 1802 1752 1870 ptenitentiam

172 1910 330 1967 agat,
362 1908 415 1950 et
446 1898 544 1951 hoc
572 1899 711 1966 quod
745 1908 945 1953 temere
984 1908 1037 1950 et
1077 1898 1274 1964 injuste
1317 1896 1590 1959 deﬁnivit,
1639 1893 1760 1947 irri-

173 2002 287 2041 llilll
330 2002 625 2041 I'eVUCCIUI'.

262 2078 444 2132 XVIII.
490 2080 545 2131 Si
588 2078 704 2145 quis
737 2078 1033 2145 hospitibus
1062 2084 1115 2130 et
1146 2075 1443 2145 peregrinis
1484 2091 1601 2129 eum
1633 2090 1662 2140 ,ιζ
1685 2093 1762 2127 ιιι-

176 2169 271 2220 tlio
302 2178 353 2220 et
381 2168 658 2221 alacritate
698 2169 852 2234 juxta
895 2168 1297 2235 possibilitatem
1330 2181 1481 2219 suam
1516 2182 1759 2217 necessa-

176 2262 261 2312 ria
309 2276 412 2313 non
462 2260 746 2327 pra-buerit
788 2261 1071 2326 obsequia,
1102 2260 1146 2313 si
1182 2260 1345 2312 laicus
1371 2266 1484 2320 est,
1519 2258 1581 2309 ad
1618 2258 1760 2309 arbi-

176 2354 344 2405 trium
395 2351 689 2405 sacerdotis
744 2352 1109 2418 paenitentiam
1158 2359 1311 2418 agat,
1358 2360 1411 2403 et
1457 2349 1525 2401 de
1567 2358 1763 2401 caetero

175 2444 517 2505 emendetur,
554 2457 619 2496 ne
648 2456 676 2495 a
706 2442 933 2495 Domino
962 2441 1139 2493 audiat
1166 2458 1176 2491 :
1211 2439 1412 2508 Hospes
1445 2439 1516 2507 fui
1539 2478 1553 2502 ,
1584 2448 1630 2491 et
1664 2454 1764 2489 non

176 2535 444 2603 recepistis
468 2550 545 2586 me
574 2532 788 2602 (Matth.
819 2534 973 2601 xxv).
1011 2533 1065 2587 Si
1098 2540 1274 2584 autem
1309 2535 1358 2583 in
1390 2531 1569 2598 aliquo
1598 2533 1761 2598 gradu

174 2624 546 2681 ecclesiastico
663 2624 915 2691 praeﬁxus
944 2620 1130 2683 fuerit,
1157 2620 1449 2676 secundum
1476 2634 1761 2674 consecra-

184 2714 353 2766 tionis
383 2728 498 2766 snm
528 2713 943 2775 sublimitatem,
989 2714 1304 2779 ampliorem
1346 2726 1468 2765 cum
1515 2711 1763 2779 lacrytnis

180 2813 238 2856 et
290 2802 625 2857 orationibus
677 2812 797 2871 agat
850 2802 1261 2871 pmuitentiatu,
1316 2811 1371 2855 et
1425 2804 1760 2869 postmodum

182 2898 526 2952 eruendetnr.

262 2987 406 3041 XIX.
448 2986 504 3041 Si
548 2987 667 3053 quis
693 2987 1049 3055 cogitationes
1081 2988 1245 3041 malas
1275 2997 1328 3039 et
1360 2985 1573 3039 inutiles
1601 2986 1763 3039 corde

181 3078 417 3141 volutat,
452 3091 573 3128 mox
605 3090 703 3129 suo
736 3074 1044 3131 manilestet
1074 3078 1359 3139 sacerdoti,
1392 3086 1444 3130 et
1473 3076 1761 3129 secundum

180 3168 303 3230 eius
347 3167 663 3226 consilium,
709 3165 929 3233 jejuniis
958 3208 972 3231 ,
1021 3168 1416 3237 clcemosynis,
1468 3167 1680 3219 ﬂetibus
1711 3175 1764 3220 et

185 3257 524 3309 urazinnibus
555 3257 789 3309 divinum
820 3266 1073 3324 exposcat
1112 3257 1429 3325 adjutorium
1454 3296 1469 3323 ,
1500 3257 1767 3326 quoadus-

180 3365 294 3418 que
326 3348 543 3401 recedat
575 3349 877 3414 lmjusmodi
913 3349 1110 3417 passio.

266 3438 387 3491 XX.
431 3438 485 3492 Si
529 3438 647 3506 quis
688 3441 739 3492 itt
783 3439 926 3494 clero
970 3440 1289 3494 constitutus
1332 3440 1491 3494 alicui
1522 3440 1771 3495 damnum

192 3532 533 3597 parvissima:
580 3532 653 3584 rei
695 3532 967 3599 illlU'L‘I’il,
1028 3534 1213 3587 reddat
1252 3535 1457 3599 aliena,
1502 3543 1555 3589 et
1599 3536 1772 3589 triduo

186 3623 449 3691 pngteat
479 3641 492 3687 ;
528 3622 574 3675 Ia
598 3637 691 3675 cus
723 3624 904 3678 biduo.

267 3711 411 3764 XXI.
454 3712 510 3765 Si
550 3714 668 3779 quis
709 3716 874 3768 verbo
915 3716 965 3768 in
1006 3716 1235 3784 aliquem
1281 3719 1551 3772 hominem
1586 3734 1775 3787 pecca-

188 3802 366 3867 verit,
402 3805 445 3856 si
476 3805 657 3857 statim
694 3805 1081 3871 reminiscens,
1113 3809 1179 3861 ad
1215 3809 1422 3864 veniam
1456 3813 1773 3877 poscendam

189 3892 355 3945 fuerit
387 3891 671 3947 inclinatus
698 3935 712 3958 ,
759 3897 1013 3962 percipiat
1053 3896 1120 3951 ab
1164 3912 1227 3950 eo
1265 3898 1643 3968 indulgentiam
1690 3901 1772 3953 cui

188 3996 416 4047 cognost
441 3981 545 4033 itur
594 3981 784 4035 fecisse
835 3985 1103 4051 injuriam.
1153 3986 1252 4052 Qui
1300 3998 1477 4041 autem
1530 4000 1619 4042 aut
1671 4008 1772 4044 non

188 4071 361 4137 petit,
398 4080 490 4123 aut
522 4086 626 4123 non
660 4087 720 4124 ex
758 4074 936 4125 animo
981 4077 1251 4141 postulat,
1292 4077 1439 4145 juxta
1493 4094 1773 4134 excessum

187 4162 406 4229 injuria:
435 4176 680 4231 congrua:
708 4164 977 4233 subjaceat
1007 4168 1351 4233 paenitentiar.

1852 609 1949 657 tus,
1987 614 2265 665 pereuSSor
2301 598 2563 652 ettstiterit
2591 602 2749 668 (quod
2779 618 2892 654 esse
2928 620 3027 654 non
3063 603 3266 669 debet),
3302 620 3421 658 cor-

1850 688 2069 753 ripiatur
2113 688 2492 742 ecclesiasticis
2538 692 2988 745 satisfactionibus
3035 695 3337 749 acerrime:
3376 696 3421 747 si

1850 794 1952 830 non
2000 780 2400 843 emendaverit,
2471 781 2640 832 tribus
2700 784 2967 835 mensibus
3023 786 3419 837 SIUlesISSIIIIO

1850 871 2118 935 subjectus
2164 868 2375 922 ﬂetibus
2426 874 2678 937 posuitcat
2713 874 3075 925 tantummodo
3120 874 3169 926 itt
3211 890 3344 941 pane
3373 886 3427 927 ct

1850 976 2001 1030 aqua.

1922 1054 2137 1107 XXVII.
2181 1054 2233 1107 Si
2280 1055 2399 1119 quis
2449 1056 2743 1125 presbyter,
2796 1057 3055 1111 diaconus
3102 1069 3192 1111 aut
3238 1074 3425 1111 mona-

1850 1144 2003 1213 chus,
2038 1148 2395 1210 otiositatem,
2432 1148 2845 1214 stultiloquium,
2876 1148 3275 1209 scurrilitatem,
3303 1165 3425 1217 gar-

1853 1239 2145 1303 rulitatem,
2178 1255 2445 1304 somnum,
2480 1240 2766 1307 pigritiam,
2812 1252 3097 1309 torporem,
3146 1250 3200 1296 et
3248 1242 3332 1297 his
3363 1244 3434 1295 si-

1856 1329 1995 1380 milia
2028 1330 2294 1393 dilexerit,
2331 1330 2505 1383 triduo
2536 1330 2807 1397 poeniteat.

1930 1419 2161 1474 XXVIII.
2189 1422 2241 1475 Si
2274 1424 2393 1490 quis
2419 1422 2711 1474 monachus
2737 1422 3066 1475 sanctionem
3096 1423 3295 1491 regula:
3322 1421 3434 1477 vio-

1860 1512 2064 1577 laverit,
2097 1524 2147 1567 et
2174 1525 2353 1567 contra
2377 1530 2530 1568 usum
2562 1525 2821 1579 veterum,
2851 1516 2993 1569 vesci
3021 1516 3270 1571 carnibus
3302 1532 3436 1585 pra:-

1860 1606 2169 1671 sumpserit,
2216 1623 2307 1673 per
2338 1623 2430 1661 sex
2481 1610 2744 1662 mensium
2787 1610 3015 1675 spatium
3060 1609 3344 1665 retrusioni
3383 1622 3438 1665 et

1864 1696 2188 1761 pmnitenlite
2220 1698 2539 1763 subjacebit.

1938 1786 2128 1840 XXIX.
2166 1789 2262 1853 Qui
2295 1790 2551 1853 detrahit,
2596 1801 2683 1844 aut
2715 1793 2938 1846 libenter
2976 1798 3120 1849 audit
3151 1796 3438 1851 detrahen-

1795 1851 1841 1911 Β
1870 1889 1993 1942 tem,
2051 1880 2227 1934 triduo
2284 1884 2540 1948 pmniteat
2574 1904 2582 1934 :
2616 1885 2659 1937 si
2710 1897 2887 1939 autem
2942 1887 3195 1953 pra-lato,
3236 1901 3438 1959 septem

1871 1970 2051 2021 diebus
2082 1986 2113 2036 p
2138 1973 2354 2025 rnitcat.

1943 2060 2105 2113 XXX.
2145 2062 2242 2126 Qui
2272 2064 2593 2122 detrahitde
2640 2069 2822 2129 fratre,
2855 2082 2943 2125 aut
2987 2074 3134 2128 audit
3160 2075 3445 2128 detrahen-

1872 2164 1997 2215 tem,
2030 2164 2083 2205 et
2126 2156 2341 2219 patitur,
2390 2162 2839 2213 exenmmunicari
2884 2163 3059 2217 debet.
3105 2166 3254 2229 Quod
3297 2146 3340 2220 si
3375 2166 3442 2221 de

1867 2258 1929 2296 eo
1955 2246 2040 2311 qui
2068 2257 2279 2312 prmcst,
2314 2250 2536 2317 amplius
2560 2256 3070 2310 excommunicetur.

1939 2337 2127 2391 XXXI.
2180 2341 2233 2393 Si
2288 2342 2405 2409 quis
2450 2360 2552 2395 non
2602 2346 2711 2398 vult
2743 2348 3075 2401 reconciliari
3130 2348 3280 2403 fratri
3347 2366 3444 2403 suo

1867 2443 2020 2493 quem
2063 2431 2187 2483 odio
2222 2431 2395 2499 habet,
2434 2435 2612 2487 tandiu
2655 2436 2704 2488 itt
2739 2452 2870 2503 parte
2913 2448 2966 2493 et
2998 2455 3130 2507 aqua
3164 2443 3444 2506 pteniteat,

1870 2538 2031 2589 usque
2058 2525 2180 2576 dum
2218 2528 2588 2579 reconcilietur
2610 2528 2677 2578 ei.

1941 2617 2153 2670 XXXII.
2188 2619 2238 2672 Si
2272 2620 2390 2686 quis
2420 2620 2679 2672 excitatur
2709 2634 2754 2672 e‘
2788 2621 3154 2686 contristatur,
3183 2632 3237 2675 et
3260 2624 3447 2675 irasci-

1870 2718 1951 2761 tur
1980 2710 2235 2763 adversus
2272 2725 2392 2763 eum
2422 2712 2509 2777 qui
2554 2710 2619 2763 ad
2663 2713 2958 2765 orationem
2993 2712 3139 2766 illutn
3172 2714 3443 2773 excitavit.

1872 2813 1891 2837 ε
1925 2801 2373 2854 excommunicari
2421 2800 2596 2864 debet,
2626 2811 2679 2856 et
2721 2820 2826 2855 non
2876 2805 3197 2859 manducare
3236 2806 3441 2874 quoad-

1872 2904 2035 2958 usque
2074 2901 2418 2958 compunctus
2450 2903 2698 2959 agnoscat
2736 2894 3015 2947 stultitiam
3056 2910 3227 2963 suam,
3267 2906 3319 2950 et
3374 2896 3443 2948 ita

1870 2996 2158 3035 conversus
2188 2983 2404 3049 recipiat
2437 2983 2833 3049 indulgentiam.

1941 3073 2178 3127 XXXIII.
2223 3074 2275 3126 Si
2322 3077 2439 3139 quis
2486 3075 2817 3127 Christianus
2865 3076 3090 3129 mendax
3151 3076 3448 3143 reperitur,

1872 3166 2012 3231 quod
2040 3180 2158 3217 esse
2191 3180 2293 3218 non
2320 3164 2496 3226 debet,
2532 3165 2652 3233 quia
2684 3164 2926 3219 Christus
2955 3164 3210 3220 Dominus
3241 3178 3445 3232 noster,

1873 3270 1900 3307 a
1934 3272 2038 3325 quo
2068 3273 2260 3311 nomen
2293 3258 2517 3326 accepit,
2553 3260 2746 3311 Veritas
2794 3267 2910 3325 est,
2944 3258 3237 3312 secundum
3268 3260 3451 3328 quali-

1876 3358 2033 3401 tatem
2079 3351 2533 3418 quantitatcmque
2581 3349 2843 3402 rneudaeii
2890 3350 3259 3416 paenitentiam
3309 3361 3447 3418 agat.

1874 3440 2139 3509 Scriptum
2196 3451 2279 3494 est
2326 3442 2466 3493 enim
2517 3439 2751 3494 :Pcrdes
2810 3456 2981 3492 sumes
3030 3441 3117 3504 qui
3172 3442 3449 3505 loquuntur

1874 3532 2209 3583 mendacium.
2268 3531 2364 3593 Et,
2421 3546 2567 3582 autne
2628 3530 2947 3581 mendacium
3016 3546 3046 3580 (ι
3107 3529 3311 3581 diabolo
3380 3539 3451 3581 est

1876 3620 2095 3687 (Ps-altu.
2125 3622 2194 3689 v).

1948 3709 2187 3761 XXXIV.
2218 3709 2271 3763 Si
2306 3710 2422 3777 quis
2451 3709 2783 3765 Christtanus
2818 3710 3007 3765 fabulis
3036 3710 3242 3773 otiosis,
3277 3710 3455 3764 stulti-

1879 3802 2111 3870 loqu:is,
2170 3802 2343 3855 verbis
2408 3802 2738 3869 jucularibus
2792 3802 3065 3869 risumque
3121 3802 3454 3855 moventibus

1876 3892 2160 3956 sruduerit,
2193 3896 2331 3961 quod
2367 3896 2658 3946 secundum
2704 3892 2915 3946 Domini
2965 3892 3351 3958 definitionem,
3401 3903 3460 3947 et

1879 3983 2049 4035 sancti
2081 3982 2227 4035 Pauli
2266 3997 2313 4049 a;
2336 3983 2495 4035 ostoli
2530 3982 2669 4045 ejus,
2720 3993 2992 4047 peccatum
3035 3996 3155 4037 esse
3185 3984 3456 4050 dignosci-

1882 4083 1993 4135 tur;
2021 4072 2285 4126 sacerdoti
2309 4090 2404 4125 suo
2430 4074 2753 4136 manifestet,
2780 4083 2832 4126 et
2858 4074 3151 4128 secundum
3174 4076 3453 4130 arbitrium

1879 4163 1997 4230 ejus
2030 4164 2351 4230 modumque
2384 4163 2561 4215 delicti
2609 4166 2883 4229 poeniteat.
2914 4163 3083 4217 Nemo
3129 4167 3459 4221 Christianus

267 4248 437 4301 XXII.
470 4250 524 4305 Si
556 4253 674 4317 quis
714 4266 819 4305 non
850 4257 1139 4321 acquiescit
1169 4266 1223 4308 ut
1262 4258 1549 4312 satisfaciat
1578 4262 1665 4326 qui
1700 4262 1780 4313 in-

190 4340 318 4392 tulit
344 4337 617 4405 injnriam,
648 4339 996 4395 admoneatur
1026 4354 1082 4396 ιιι
1108 4345 1523 4401 satisfactiOnetu
1551 4348 1599 4403 ei
1630 4350 1779 4404 exhi-

190 4430 337 4482 leat.
376 4426 436 4482 Si
457 4439 627 4481 autem
658 4447 759 4482 non
807 4434 1046 4498 audierit,
1076 4434 1143 4488 sit
1171 4436 1312 4490 nobis
1342 4438 1470 4489 sicut
1506 4440 1705 4506 gentilis
1732 4452 1780 4493 et

188 4517 501 4585 publicanus
532 4519 744 4585 (Matth.
777 4524 948 4587 xvttt).

1884 4267 2063 4319 parum
2100 4252 2293 4320 pendat
2322 4262 2411 4305 aut
2440 4254 2671 4321 negligat
2699 4269 2793 4306 sua
2823 4254 2983 4307 etiam
3020 4256 3236 4309 minima
3268 4272 3460 4325 pecca-

1884 4354 1954 4407 ta,
1984 4358 2101 4411 qua:
2136 4342 2250 4395 ﬁeri
2283 4342 2457 4395 solent
2488 4342 2540 4394 in
2578 4343 2726 4395 vanis
2758 4351 2811 4395 et
2840 4345 3077 4397 ventosis
3116 4346 3457 4413 cogitatiOni-

1885 4436 2003 4499 bus,
2038 4435 2087 4487 in
2122 4433 2476 4489 locutionibus
2507 4434 2791 4502 superﬂuis
2836 4442 2888 4488 et
2934 4436 3143 4501 otiosis,
3178 4437 3228 4490 in
3274 4439 3459 4505 operi-

1807 4565 1860 4624 D
1886 4530 1981 4584 bus
2010 4531 2209 4598 absque
2239 4530 2558 4584 necessitate
2591 4530 2843 4595 peractis,
2890 4530 3027 4583 sicut
3069 4541 3152 4584 est
3193 4534 3457 4597 appetitus

265 4608 460 4663 XXIII.
494 4608 549 4664 Si
590 4613 706 4678 quis
753 4617 1097 4668 contristatus
1145 4618 1373 4671 noluerit
1420 4621 1772 4686 reconciliari,

188 4697 562 4755 s.it.sfaciente
592 4716 656 4753 eo
686 4702 774 4770 qui
798 4705 1149 4769 contristavit,
1182 4707 1456 4761 acerrimis
1487 4720 1783 4764 macerctur

191 4792 425 4855 iuediis,
478 4794 771 4861 usquedum
814 4798 1040 4863 gratanti
1073 4798 1251 4853 animo
1301 4803 1520 4869 recipiat
1568 4803 1779 4857 satisfa-

186 4886 449 4937 t-tiouem.

272 4978 463 5033 XXIV.
493 4977 592 5043 Qui
623 4979 836 5034 sibimet
865 4980 1090 5035 invicem
1132 4984 1372 5037 convicia
1419 4984 1699 5054 objiciunt,
1736 4990 1780 5044 si

194 5070 432 5123 invicem
481 5072 580 5124 sibi
620 5071 864 5125 celeriter
908 5071 1133 5125 laxanda
1175 5083 1520 5141 cognoscunt,
1569 5076 1620 5131 lii
1667 5080 1775 5145 jam

193 5163 262 5214 ab
291 5161 403 5213 alio
434 5159 710 5226 judicandi
741 5176 845 5214 non
876 5173 1019 5225 sunt,
1054 5164 1173 5229 quia
1208 5166 1403 5231 pariter
1431 5166 1527 5219 silti
1572 5170 1777 5222 veniant

194 5254 328 5307 dare
361 5251 757 5313 festinaverint;
791 5254 835 5305 si
868 5262 1044 5308 tamen
1072 5255 1337 5310 excedere
1373 5255 1697 5325 frequentius
1728 5261 1777 5313 in

1889 4622 2150 4683 ciborum,
2186 4620 2567 4672 immoderatus
2610 4622 2768 4685 risus,
2791 4622 3091 4687 superfluus
3134 4636 3374 4685 somnus,
3404 4637 3459 4678 ct

1893 4709 2294 4763 innumerabilia
2328 4709 2452 4760 talia
2483 4726 2491 4759 :
2518 4708 2611 4760 sed
2639 4710 2811 4775 potius
2842 4725 2935 4776 pro
2966 4710 3049 4763 his
3075 4722 3197 4766 ante
3228 4716 3457 4769 tribunal

1892 4800 2113 4853 districti
2142 4800 2333 4868 judicis
2376 4801 2627 4853 assistere
2675 4801 2935 4855 rationem
2983 4802 3287 4860 redditurus
3332 4823 3457 4875 per-

1895 4893 2154 4943 timescat.
2208 4890 2470 4957 Scriptum
2503 4900 2585 4943 est
2614 4891 2756 4943 enim
2789 4909 2800 4943 :
2839 4891 2911 4945 De
2937 4896 3074 4947 omni
3120 4896 3265 4951 verba
3296 4900 3458 4954 otioso

1893 4986 2025 5049 quod
2063 4986 2217 5037 locuti
2251 4986 2450 5051 {uerunt
2476 4982 2723 5044 homines,
2751 4984 2962 5037 reddent
2992 4988 3242 5039 rationem
3274 4987 3380 5041 Deo
3408 4993 3462 5044 in

1890 5076 1969 5125 die
1990 5075 2173 5141 judicii
2202 5072 2413 5137 (Matth.
2446 5071 2505 5139 t).
2540 5073 2600 5125 Et
2627 5074 2750 5124 item
2780 5071 3049 5141 Scriptura
3081 5093 3091 5127 :
3125 5075 3272 5129 Nihil
3304 5079 3465 5147 impu-

1891 5168 2047 5214 nitum
2070 5166 2376 5232 derelinquat
2413 5164 2565 5215 Dens.
2605 5164 2664 5217 Et
2690 5164 2809 5219 ideo
2840 5180 2935 5233 pro
2966 5165 3047 5220 Itis
3082 5168 3302 5233 aliisque
3334 5185 3463 5238 pec-

1889 5267 1970 5309 cat
1992 5271 2017 5309 s
2049 5257 2406 5323 pmnitentiam
2437 5265 2575 5321 agat.

192 5343 504 5405 semetipsis
533 5358 635 5396 non
664 5354 1010 5412 praesumunt.

270 5434 440 5490 XXV.
492 5435 548 5491 Si
591 5437 707 5503 quis
754 5437 981 5492 clericus
1024 5439 1304 5507 superbire
1349 5442 1779 5509 prazsumpserit,

199 5528 402 5596 s:r-pius
457 5530 673 5595 proprio
720 5527 745 5565 δ
793 5532 1281 5587 excommunicetur
1328 5534 1463 5588 cibo.
1532 5532 1781 5587 Lascivus

198 5622 324 5675 item
358 5620 523 5675 simili
553 5620 850 5689 subjacebit
873 5627 1175 5679 sentcntia‘.

1964 5347 2177 5400 XXXV.
2209 5349 2260 5401 Si
2290 5346 2405 5415 quis
2456 5358 2539 5401 est
2590 5348 2950 5402 eonteutiusus
2980 5350 3058 5401 vel
3106 5350 3464 5403 contradicmr

1892 5439 2085 5492 sanctis
2117 5439 2373 5505 imperiis,
2418 5448 2507 5491 aut
2539 5438 2764 5491 mendax
2794 5450 2882 5491 aut
2932 5439 3265 5502 inoltediens,
3296 5452 3385 5493 au:
3414 5441 3463 5493 itt

1895 5532 2155 5585 locutione
2188 5532 2475 5595 clamosus,
2502 5541 2589 5582 aut
2632 5532 2916 5584 iracundus
2936 5572 2949 5595 ,
2973 5542 3059 5584 aut
3090 5533 3461 5593 subsannator,

1893 5634 1979 5675 aut
2014 5622 2126 5687 plus
2153 5622 2275 5689 joco
2301 5636 2453 5690 quam
2500 5621 2787 5673 honestum
2820 5630 2902 5675 est
2938 5620 3167 5682 deditus,
3201 5628 3293 5672 aut
3328 5621 3464 5675 dure

274 5743 297 5804 ἕ
336 5734 388 5787 ld
409 5744 523 5797 est,
551 5733 730 5804 populi
759 5738 1127 5793 conllucntias.

1968 5754 1973 5764 ι
2022 5736 2126 5789 AL,
2200 5752 2399 5797 μέμνηαι
2466 5734 2922 5785 cxcvtttntttnicctnr
2978 5733 3128 5794 cibo,
3198 5740 3252 5783 ut
3309 5744 3463 5797 supra

272 5802 297 5838 λ’
333 5804 464 5860 Vide
494 5802 634 5859 infra
656 5819 773 5874 cap.
805 5806 891 5859 .32.
1894 5822 2005 5873 κιρ.
2042 5804 2130 5859 '25,
