4168 6526
765 388 870 442 655
1666 397 1722 455 5.
1769 398 2061 454 EGBERTI
2104 397 2570 461 EBORACENSIS
2610 403 3126 464 ARCHIEPISCOPI
3935 420 4031 473 436

763 499 1119 571 respondens,
1153 513 1204 559 et
1235 505 1454 561 omnino
1500 509 1756 579 quidquid
1798 525 1980 566 contra
2033 514 2338 582 Scriptura-
2372 521 2424 578 Α
2451 531 2630 572 suram
2662 533 2902 590 opusque
2934 525 3158 590 peccati,
3192 526 3256 578 ad
3289 529 3586 585 sacerdotis
3614 532 3896 588 arbitrium
3931 550 4034 603 pu-

763 603 881 644 rum
931 605 1202 648 sacrarum
1259 597 1628 652 auctoritatem
1678 610 1790 664 est;
1846 604 2136 657 secundum
2193 621 2346 660 men-
2456 620 2640 666 niteat.

767 743 4023 820 ΙΕΕΞΞΕΞΞΞΞΞΞΞΞΞΞΞΞΞΞΞΞΞΞΞΞεΞεεεΞΞΞΞεξξξεεεεξεεεεεεεΞεΞεεεεεεΞΞΞΞεεεΞΞΞΞΞΞΞΞΞΞΞΞΞΞΞΕΞΞΞΞΞΞΕΞΞΞΞ

1622 895 2290 1014 SANCTI
2369 901 3186 1021 EGBEBTI

1919 1122 2348 1176 EBORACENSIS
2384 1124 2861 1180 ARCHIEPISCOPI

1038 1286 1278 1410 DE
1374 1282 1563 1415 IN
1571 1284 2464 1430 STITUTIO'N
2484 1291 2588 1418 E
2691 1294 3727 1432 CATHOLICA

2105 1503 2126 1530 °
2165 1510 2541 1588 DIALOG
2561 1514 2705 1588 US.
3433 1511 3455 1524 ’

1929 1704 2124 1766 (Mausi,
2156 1703 2298 1754 Cone.
2325 1704 2531 1753 Collect.
2565 1713 2682 1756 tom.
2710 1707 2836 1770 XII.)

2328 1814 2444 1824 _—

828 1878 1001 1933 Prima
1032 1877 1206 1933 fronte
1236 1877 1513 1947 prmsentis
1546 1878 1770 1946 paginae.
1809 1889 1947 1932 luam
1979 1875 2339 1932 venerabilem
2374 1877 2418 1936 Β
2963 1875 3048 1931 Ill.
3084 1894 3492 1937 inventionum.

755 1971 987 2038 petimus
1037 1971 1391 2028 sanctitatem.
1437 1977 1492 2021 ut
1536 1981 1597 2021 ea
1645 1983 1765 2036 ane
1809 1982 2084 2022 sacrorum
2130 1968 2337 2036 apicum

750 2065 1108 2124 atteStatione.
1156 2062 1221 2115 ad
1271 2061 1628 2131 pontificalem
1663 2060 2053 2128 providentiam
2103 2073 2132 2112 a
2182 2059 2339 2112 nobis

749 2154 952 2207 directa
999 2161 1145 2216 sunt,
1179 2162 1332 2221 grato
1371 2152 1551 2205 animo
1604 2167 1724 2206 cum
1775 2151 2037 2206 cbaritate
2081 2151 2340 2216 suscipias

747 2246 1010 2311 (Charitas
1042 2244 1184 2298 enim
1209 2243 1484 2312 aedificat).
1517 2254 1568 2297 et
1594 2244 1635 2296 si
1667 2259 1767 2309 qua
1817 2244 1867 2294 in
1913 2243 1992 2294 eis
2024 2241 2338 2304 acceptione

747 2326 998 2390 videntur
1045 2336 1238 2403 digna,
1293 2334 1638 2388 fraternitatis
1693 2346 1795 2390 tua:
1840 2335 2198 2403 chirographo
2247 2332 2336 2386 fir-

746 2437 992 2492 mentur;
1024 2427 1066 2480 si
1089 2441 1192 2495 qua
1225 2441 1356 2480 vero
1399 2428 1576 2480 niinus
1626 2435 1747 2494 apte
1781 2427 1982 2494 prolata
2021 2436 2332 2489 noscuntur,

747 2526 800 2571 tu
831 2517 978 2586 quasi
1023 2517 1405 2570 subtilissimus
1451 2515 1714 2585 interpres
1765 2518 1979 2570 utiliora
2015 2518 2334 2570 intcrserere

744 2623 850 2662 non
903 2607 1208 2675 dedigneris
1237 2626 1245 2658 :
1271 2617 1324 2661 et
1378 2617 1495 2675 post
1525 2606 1955 2660 informationem
1989 2620 2176 2660 eorum
2215 2622 2334 2673 quae

740 2701 806 2752 ad
833 2709 884 2753 te.
909 2701 1067 2754 missa
1093 2709 1217 2752 sunt
1247 2702 1551 2763 verborum,
1583 2699 1936 2752 beatitudinis
1970 2709 2073 2751 ture
2103 2698 2329 2751 concilia

743 2792 896 2847 nobis
950 2793 1245 2846 litterarum
1297 2791 1695 2846 cbaracteribus
1740 2791 2013 2844 insinuare
2056 2789 2328 2857 cupimus;

741 2893 1005 2949 quatenus
1053 2881 1288 2934 vicissim
1323 2881 1646 2934 membranis
1679 2880 2130 2945 discurrentibus,
2167 2894 2331 2933 unum

739 2984 900 3042 atque
924 2974 1152 3041 idipsnm
1169 2974 1462 3026 sentiamus
1481 2970 1706 3024 vinculis
1722 2971 2007 3024 cliaritatis
2030 2970 2238 3024 innexi.
2268 2971 2334 3025 Ut

743 3075 922 3118 autem
959 3063 1262 3117 fraternitas
1299 3071 1384 3115 tua
1428 3062 1627 3117 certius
1649 3061 1715 3114 de
1745 3062 2064 3130 supradictis
2087 3060 2330 3127 judicare

738 3155 938 3222 possit,
977 3153 1327 3222 preponimus
1353 3161 1574 3221 utraque
1604 3153 1784 3217 simul,
1815 3152 2060 3205 consulta
2082 3150 2329 3206 videlicet

739 3255 792 3300 ct
823 3259 1101 3314 respousa.

1299 3357 1337 3411 Ι.
1368 3371 1778 3411 ικτειιιιοολτιο.

811 3473 868 3528 Si
895 3476 1166 3528 necessitas
1191 3473 1430 3540 coegerit,
1466 3473 1516 3525 in
1537 3483 1786 3542 quantum
1818 3473 1947 3525 ralct
1971 3476 2326 3544 juranienfum

733 3568 980 3634 ep'scupi,
1014 3566 1310 3636 presbyteri,
1344 3566 1420 3618 vel
1451 3565 1678 3629 diaconi,
1711 3565 1784 3618 vel
1819 3567 2094 3618 monachi?

1381 3691 1684 3732 RESPONSIO.

811 3792 1040 3846 Ordines
1071 3791 1360 3858 supradicti
1407 3790 1697 3846 secundum
1745 3791 1942 3860 gradus
1976 3789 2324 3859 promntinnis

737 3882 972 3937 habeant
1043 3890 1360 3948 potestatem
1398 3882 1728 3950 protestandi
1759 3899 1769 3934 :
1803 3883 2081 3950 presbyter
2125 3895 2322 3934 secun-

734 3974 862 4028 dum
909 3989 977 4026 nu
1006 3993 1013 4024 ;—
1041 3988 1194 4026 erum
1239 3973 1341 4027 1Ξο
1393 3971 1829 4039 tributariorum,
1883 3972 2142 4026 diaconus
2194 3987 2322 4026 vero

731 4066 878 4132 juxta
915 4078 1195 4117 numerum
1222 4064 1291 4116 60
1320 4064 1672 4129 manentium,
1725 4064 2020 4117 monachus
2067 4079 2193 4116 vero
2235 4078 2322 4116 se-

734 4164 969 4216 cundum
1030 4175 1315 4216 numerum
1362 4161 1432 4214 50
1481 4161 1904 4214 tributariorum.
1967 4160 2068 4214 Sed
2119 4161 2216 4214 ltoc
2267 4158 2318 4212 in

735 4252 997 4305 criminali
1036 4265 1214 4306 causa.
1265 4248 1529 4305 Czeterum
1579 4251 1624 4304 si
1669 4250 1735 4305 de
1783 4249 2026 4305 terminis
2068 4265 2319 4320 agrorum

737 4341 906 4396 oritur
935 4340 1235 4406 altercatio,
1267 4341 1582 4410 presbytero
1616 4340 1772 4394 liceat
1799 4341 2083 4408 juramenti
2129 4341 2209 4394 sui
2239 4351 2321 4394 at-

737 4433 1023 4487 tcStatione
1071 4441 1269 4486 terram
1318 4430 1567 4485 videlicet
1614 4433 1771 4485 unius
1816 4433 2076 4486 tributarii
2135 4433 2188 4487 in
2232 4432 2319 4502 jus

736 4523 1032 4577 transferre
1085 4519 1362 4577 Ecclesia).
1420 4521 1638 4575 Duobus
1691 4535 1907 4590 quoque
1962 4521 2200 4576 diaconis
2266 4523 2315 4577 id

739 4619 915 4682 ipsum
959 4615 1291 4670 conceditur.
1321 4613 1653 4670 Testificatio
1679 4629 1804 4669 vero
1837 4615 1993 4670 trium
2024 4616 2316 4670 monacho-

739 4725 855 4764 rum
885 4710 934 4763 in
968 4709 1201 4778 idipsum
1225 4705 1475 4764 Sufficiat.

1274 4819 1334 4874 11.
1370 4833 1778 4873 ΙΝΤΕΒΒΟΕΛΠΟ.

815 4935 1104 5002 Presbyter,
1139 4934 1406 4996 diaconus,
1457 4931 1499 4983 si
1546 4939 1757 5001 possunt
1790 4940 1936 4983 testes
1984 4930 2095 4996 ﬁeri
2144 4930 2320 4982 verbo-

739 5046 854 5083 rum
883 5028 1278 5083 nouissimorum
1316 5039 1430 5094 qua:
1455 5039 1487 5076 a
1518 5022 1841 5076 morientibus
1891 5022 2019 5088 ﬁunt
2069 5023 2129 5074 de
2177 5022 2319 5076 rebus

738 5123 844 5176 suis
867 5122 892 5174 ?

1375 5221 1673 5264 RESPONSIO.

813 5323 1068 5375 Assumat
1097 5322 1256 5374 etiam
1287 5333 1468 5375 secum
1517 5333 1678 5373 unum
1725 5317 1806 5371 vel
1849 5317 1982 5371 duos
2011 5335 2019 5368 :
2049 5327 2102 5369 nt
2132 5319 2182 5370 in
2227 5333 2321 5370 ore

739 5414 966 5466 duorum
1007 5411 1092 5465 vel
1128 5411 1282 5464 trium
1338 5411 1552 5464 testium
1602 5416 1708 5463 stet
1757 5423 1917 5462 omne
1963 5406 2205 5471 verbum,
2253 5422 2319 5460 ne

739 5504 878 5557 forte
907 5502 1008 5556 sub
1040 5511 1298 5570 praetextu
1330 5502 1566 5555 avaritia:
1613 5499 1893 5568 propinqui
1940 5497 2312 5552 defuncturum

742 5593 822 5645 liis
854 5593 1225 5646 contradicant
1257 5606 1376 5658 qua:
1398 5591 1464 5645 ab
1492 5590 1873 5645 ecclesiasticis
1904 5589 2168 5650 dicuntur,
2202 5589 2315 5642 solo

744 5683 1054 5752 presbytero
1085 5684 1166 5737 vel
1200 5683 1423 5737 diacono
1455 5683 1770 5752 perliibente
1801 5681 2179 5736 testimonium.

2522 1963 2810 2036 Presbyter,
2837 1965 3108 2032 diaconus,
3139 1971 3240 2022 sive
3278 1973 3576 2038 monachus,
3616 1974 3661 2028 si
3708 1976 3761 2028 in
3794 1978 4021 2046 nefandis

2443 2069 2752 2111 accusantur
2792 2061 3124 2128 facinoribus.
3167 2062 3310 2114 nullo
3349 2065 3591 2119 existente
3619 2068 3841 2122 evidenti
3867 2087 4020 2141 argu—

2443 2161 2632 2210 mento,
2678 2167 2778 2217 qua
2805 2151 3020 2214 ratione,
3065 2151 3108 2204 si
3150 2151 3481 2222 inculpabifes
3512 2165 3650 2220 sunt,
3684 2175 3899 2225 possunt
3927 2177 4005 2215 ex.

2441 2239 2572 2304 piari
2586 2242 2608 2291 ?

3078 2349 3382 2390 RESPOSSW.

2513 2421 2645 2476 Dum
2675 2433 2885 2478 constat
2913 2425 3064 2479 fidele
3097 2426 3453 2480 testimOnium
3500 2442 3619 2482 esse
3670 2428 3722 2482 iu
3751 2444 3845 2484 ore
3884 2430 4013 2484 duo-

2439 2529 2555 2567 rum
2593 2515 2676 2567 vel
2725 2513 2882 2567 trium
2916 2515 3166 2579 testium;
3201 2530 3296 2570 nos
3327 2531 3393 2570 ne
3425 2517 3562 2573 forte
3609 2519 3885 2574 videamur
3925 2536 4014 2573 an-

2435 2615 2589 2672 gusto
2629 2604 2835 2674 judicio
2881 2620 3002 2660 eum
3053 2606 3142 2672 qui
3185 2607 3304 2662 sine
3335 2619 3553 2676 peccato
3582 2619 3664 2664 est
3689 2613 4009 2678 opprimere.

2435 2704 2488 2749 et
2539 2695 2674 2748 facta
2733 2697 2948 2749 testium
2996 2694 3314 2752 difficultate
3359 2698 3612 2752 obruatur
3659 2700 4006 2754 innocentia:

2437 2785 2592 2840 liceat
2618 2796 2873 2840 accusata
2903 2786 3004 2840 sub
3034 2786 3212 2856 regula
3257 2788 3546 2842 constituto
3575 2789 3791 2844 cuilibet
3820 2804 3885 2844 ex
3930 2791 4011 2844 bis

2437 2879 2605 2932 tribus
2645 2878 2918 2948 gradibus,
2967 2879 3264 2948 presbyteri
3294 2880 3520 2945 scilicet,
3552 2881 3759 2936 diaconi
3783 2883 3865 2938 vel
3899 2898 4008 2938 mo-

2437 2970 2592 3024 naclii
2629 2979 2790 3024 testes
2813 2968 3110 3036 producere
3135 2969 3200 3024 ad
3233 2969 3615 3039 purificandum
3640 2985 3719 3026 se.
3750 2973 3843 3029 Sat
3869 2977 4005 3028 enin.

2431 3061 2562 3115 satis
2591 3071 2695 3124 est,
2743 3061 2934 3116 exinde
2978 3060 3113 3116 duos
3152 3064 3234 3117 vel
3276 3071 3386 3118 tres
3423 3079 3559 3134 quos
3609 3068 3802 3132 poterit
3828 3081 4008 3121 secum

2432 3149 2663 3206 educere
2691 3150 2757 3206 ad
2797 3151 3168 3206 defensionem
3199 3154 3302 3209 sui.
3335 3153 3429 3208 Cui
3463 3170 3589 3209 vero
3623 3155 3816 3210 desunt
3842 3172 4006 3212 escu-

2355 3226 2399 3286 C
2433 3251 2680 3305 satores,
2730 3241 2812 3296 vel
2865 3253 3080 3311 propter
3137 3251 3395 3297 terrorem
3449 3246 3848 3312 accusantium,
3895 3245 4007 3314 ipse

2429 3331 2576 3385 solus
2617 3331 2720 3385 sibi
2768 3332 2994 3386 sufficiat
3040 3333 3096 3387 in
3147 3332 3457 3390 defensione
3512 3334 3823 3390 innocentia:
3871 3351 4001 3400 sur,

2429 3436 2587 3490 quem
2619 3435 2717 3477 nec
2752 3421 2898 3476 visus
2946 3425 3182 3488 testium,
3231 3437 3330 3479 nec
3371 3423 3462 3478 filii
3493 3426 3752 3492 procreati
3780 3425 4004 3494 produnt

2429 3511 2769 3580 culpabilem.
2802 3513 3148 3568 Inhonestum
3179 3525 3257 3568 est
3290 3515 3436 3570 enim
3477 3524 3533 3567 ut
3562 3526 3653 3568 aut
3697 3530 3792 3584 per
3835 3515 4001 3586 neglio

2429 3605 2662 3673 gentiam
2713 3603 3055 3659 sacerdotum
3111 3603 3360 3675 iniquitas
3406 3605 3731 3672 cumuletur,
3776 3617 3868 3660 aut
3915 3623 4003 3675 per

2429 3694 2660 3760 inepiam
2697 3692 2899 3762 jurium
2931 3693 3135 3766 [Forte,
3165 3693 3378 3764 virium]
3405 3697 3732 3765 opprimatur
3779 3698 3996 3765 puritas.

2429 3785 2532 3838 Pro
2575 3785 2774 3839 idcirco
2821 3787 3112 3852 sancimus,
3163 3803 3285 3842 cum
3317 3789 3397 3843 cui
3427 3790 3628 3844 crimen
3675 3791 3999 3860 impingitur,

2426 3888 2477 3929 ut
2513 3885 2673 3944 ponat
2702 3891 2863 3944 super
2890 3888 3049 3947 caput
3069 3894 3222 3934 suum
3251 3894 3466 3935 crucem
3492 3881 3726 3946 Domini,
3753 3891 3808 3937 et
3838 3892 4001 3938 teste-

2427 3975 2513 4019 tur
2557 3983 2651 4032 per
2702 3967 2972 4022 viventem
3024 3969 3079 4023 in
3129 3971 3344 4034 smcula,
3394 3970 3543 4039 cujus
3584 3973 3876 4040 patibulum
3921 3984 4001 4027 est

2423 4070 2571 4120 crux,
2623 4071 2742 4112 sese
2787 4057 3084 4113 immunem
3129 4073 3249 4115 esse
3278 4077 3305 4113 a
3338 4071 3557 4130 peccato
3585 4061 4000 4132 bnjusmodi:ct

2423 4148 2500 4200 sic
2526 4147 2704 4200 omnia
2729 4147 3046 4202 dimittenda
3077 4159 3202 4203 sunt
3224 4150 3427 4217 judicio
3457 4151 3571 4208 Dei.

2947 4239 3032 4294 IV.
3076 4256 3481 4297 txrcnnocarto.

2498 4325 2789 4397 Presbyter,
2821 4329 2898 4382 vel
2936 4329 3204 4394 diaconus,
3233 4331 3277 4385 si
3305 4335 3580 4387 exanimati
3600 4339 3828 4403 corrupti
3866 4339 3997 4393 inse-

2423 4419 2654 4482 niuntur,
2687 4437 2789 4488 qua
2817 4421 3078 4488 rigilantia
3101 4433 3366 4492 pastorum
3396 4428 3783 4493 praenuntius
3814 4439 3912 4496 est,
3940 4446 4000 4484 ne

2422 4509 2486 4562 ab
2515 4510 2676 4577 oﬁicio
2705 4510 2909 4579 quidem
2937 4513 3118 4565 remoti
3140 4514 3190 4566 in
3220 4513 3324 4566 alia
3351 4515 3548 4568 diotcesi
3579 4526 3880 4581 pratentent
3907 4520 3995 4573 nul

2425 4599 2662 4664 nistrare,
2691 4614 2751 4653 ac
2776 4615 2865 4668 per
2887 4599 2983 4654 hoc
3010 4602 3246 4655 nonnulli
3272 4605 3727 4660 scandalizentur?

3065 4709 3364 4750 RESPOISIO.

2498 4782 2780 4854 Presbyter
2809 4785 2892 4838 vel
2922 4783 3199 4851 diaconus,
3241 4789 3285 4841 si
3327 4788 3740 4844 clarescentibus
3773 4791 3940 4860 culpis
3965 4807 3994 4843 a

2426 4878 2640 4945 proprio
2682 4878 2935 4945 episcopo
2977 4879 3178 4946 ejectus
3210 4880 3260 4934 in
3294 4879 3533 4936 Ecclesia
3561 4883 3664 4935 alia
3696 4884 3995 4940 ministrare

2427 4967 2811 5034 pertentaverit
2839 4985 2851 5020 :
2877 4983 3002 5021 mox
3037 4979 3092 5022 ut
3118 4970 3388 5038 cognitum
3430 4955 3608 5035 fuerit,
3642 4972 3708 5025 ab
3747 4975 3996 5041 episcopo

2429 5058 2583 5128 cujus
2611 5067 2694 5113 est
2735 5059 2983 5115 ditecesis
3030 5061 3330 5128 expellatur
3354 5076 3366 5114 :
3406 5071 3458 5116 et
3485 5063 3564 5116 sic
3590 5077 3684 5130 per
3711 5077 3898 5118 omnes
3921 5078 3998 5119 se-

2429 5154 2526 5208 dcs
2560 5152 2918 5208 Ecclesiarum
2952 5169 3222 5222 nunquam
3249 5154 3475 5217 stabilis,
3509 5169 3720 5223 semper
3750 5171 3911 5224 vagus
3939 5168 3991 5209 et

2431 5247 2681 5315 profugus
2719 5255 2986 5308 versetur,
3028 5245 3200 5298 donec
3246 5244 3398 5312 longa
3439 5243 3724 5298 afflictione
3754 5245 3992 5300 humilia-

2431 5348 2513 5390 tns
2540 5335 2723 5392 redeat
2753 5336 2817 5392 ad
2843 5334 3152 5390 sustinenda
3174 5333 3294 5402 jura
3319 5335 3697 5390 ecclesiastica.

2958 5427 3020 5481 \'.
3055 5442 3466 5482 tarsunocnto.

2500 5519 2636 5585 Quid
2666 5519 2905 5573 habemus
2943 5520 3006 5572 de
3046 5519 3208 5572 sacris
3235 5518 3528 5572 ministeriis
3559 5535 3674 5585 quc
3699 5529 3811 5573 ante
3853 5519 3990 5571 davn-

2425 5612 2678 5663 nationem
2709 5613 2966 5680 presbyter
3007 5621 3278 5679 corruptus
3318 5610 3505 5680 peregit
3535 5649 3550 5673 ,
3585 5611 3661 5665 vel
3685 5626 3794 5678 quas
3831 5620 3992 5678 postea

2423 5701 2688 5755 denotatus
2717 5701 2996 5756 inconsulte
3026 5716 3232 5768 usurpat
3248 5701 3280 5753 it
3303 5701 3326 5751 ξ’

814 5827 833 5847 ο·
873 5817 1054 5869 f.ditns
1085 5820 1309 5888 primum
1344 5817 1569 5873 Dublinii
1617 5816 1772 5881 1065,
1806 5831 1962 5882 opera
2006 5817 2156 5871 .loan.
2189 5813 2380 5870 \Vara'i
2407 5814 2614 5884 equitis.
