4168 6534
203 420 304 473 ιΞῖ

836 544 1135 583 RESPONSIO.

272 620 561 675 Ministeria
591 633 716 673 vero
752 633 890 686 quae,
924 628 1178 687 usurpato
1213 619 1424 671 noiniue
1458 616 1776 683 sacerdotis,

204 728 309 767 non
340 712 546 765 dicatus
588 712 863 777 ignorante
910 710 1101 777 populo
1131 710 1353 777 peregit,
1400 708 1616 759 minime
1665 723 1781 759 cre-

203 807 380 858 dimus
410 803 732 871 abjicicnda,
769 816 889 854 nam
919 802 1061 855 male
1109 800 1247 852 bona
1279 798 1630 851 ministrando
1669 799 1782 866 ipse

200 895 303 950 sibi
351 910 495 958 rens,
546 894 663 947 aliis
712 908 817 946 non
866 892 1067 945 nocuit.
1114 890 1316 944 Scienti
1368 898 1545 941 autem
1593 902 1781 942 causas

204 987 427 1039 minime
453 984 719 1049 detersas,
761 994 812 1035 et
842 983 930 1049 qui
984 991 1160 1035 tamen
1194 981 1451 1047 particeps
1496 978 1667 1031 factus
1702 988 1783 1032 est

201 1076 465 1138 damnati,
524 1075 792 1144 quomodo
848 1074 1099 1127 tribuitur
1147 1072 1195 1125 ei
1251 1071 1510 1140 perfectio
1562 1085 1679 1139 qua:
1731 1071 1780 1123 in

201 1170 363 1221 dante
396 1182 499 1219 non
530 1174 666 1229 erat,
703 1174 724 1199 ει
757 1179 915 1232 quam
966 1164 1078 1231 ipse
1126 1163 1373 1229 accipere
1416 1169 1591 1227 potest
1638 1160 1785 1213 dam-

203 1261 497 1319 nationem,
530 1259 709 1327 utique
747 1257 835 1325 qui
870 1271 964 1324 per
1008 1256 1148 1323 quod
1180 1254 1365 1306 habuit
1397 1267 1487 1320 per
1516 1267 1673 1321 prava
1703 1249 1785 1304 of-

204 1351 322 1404 licia
354 1348 523 1412 dedit,
560 1360 615 1401 ut
659 1348 774 1414 ejus
815 1348 1078 1415 particeps
1122 1345 1349 1398 similem
1396 1344 1646 1397 sortiatur
1694 1356 1787 1395 ex-

206 1440 711 1497 communicatiouis
754 1441 1097 1493 sententiam.
1132 1438 1235 1492 Sed
1265 1440 1365 1490 hoc
1413 1438 1479 1491 de
1521 1436 1787 1504 baptismo

207 1534 381 1600 accipi
417 1534 494 1585 fas
524 1546 627 1584 non
657 1541 761 1593 est,
798 1531 935 1597 quod
965 1530 1147 1584 iterari
1190 1544 1292 1582 non
1322 1528 1515 1581 debeat
1542 1545 1553 1579 :
1587 1526 1784 1596 reliqua

205 1638 339 1675 vero
376 1622 669 1677 ministeria
702 1636 793 1690 per
822 1620 1098 1689 indignum
1133 1620 1272 1684 data,
1319 1620 1493 1673 minus
1524 1617 1674 1672 firma
1708 1618 1786 1670 vi-

204 1712 424 1765 dentur.

724 1799 807 1853 Vl.
841 1813 1249 1853 INTERROGATIO.

1117 414 1205 470 DE
1248 413 1720 471 INSTITUTIONE
1761 413 2146 469 CATIIOLICA
2192 416 2553 472 DIALOGUS.

3362 420 3463 475 ‘58

1812 528 1855 583 Α
1888 527 2070 581 dicari.
2099 527 2151 581 Si
2193 530 2281 597 qui
2315 543 2441 581 vero
2472 530 2817 581 Cthieslttstici
2854 530 3054 584 crimen
3086 529 3298 599 aliquod
3329 534 3465 589 inter

1890 616 2049 671 laicos
2094 616 2557 685 perpetraverint,
2613 618 2991 681 homicidium,
3026 620 3106 672 vel
3159 619 3461 673 lornicatio-

1890 724 2035 771 nem,
2061 710 2139 761 vel
2171 711 2365 762 furtum
2394 717 2631 775 agentes.
2667 711 2772 762 llos
2816 711 3013 777 placuit
3058 724 3084 761 a
3122 710 3467 764 saecularibus

1887 800 1937 853 iu
1971 813 2103 865 quos
2131 808 2484 866 peccaverunt
2513 798 2820 853 omnimodo
2846 803 3129 867 occupari,
3166 800 3264 851 nisi
3289 799 3467 853 animo

1889 891 2043 943 fuerit
2072 888 2323 943 Ecclesia:
2352 906 2447 957 pro
2482 892 2671 944 talibus
2704 891 3028 945 satisfacere.
3064 892 3202 944 Laici
3230 906 3355 945 vero
3379 894 3465 959 qui

1890 981 2141 1046 sacrilega
2162 996 2218 1034 se
2241 984 2554 1047 contagione
2575 981 2886 1034 miscuerint
2915 984 3121 1047 \elatis,
3147 999 3250 1036 non
3275 983 3465 1036 eodem

1890 1072 2049 1125 modo
2081 1072 2162 1124 lex
2195 1086 2300 1139 quo
2329 1072 2535 1138 publica
2572 1072 2888 1125 loruicarios
2931 1075 3102 1140 pttniri
3138 1075 3443 1139 percensuit

1888 1163 1981 1215 sed
2023 1162 2288 1229 duplicata
2346 1162 2559 1229 triginta
2610 1162 2863 1215 siclurum
2911 1163 3132 1230 pecunia
3168 1182 3180 1217 :
3223 1164 3324 1219 hoc
3354 1176 3437 1218 est

1889 1252 2163 1319 sexaginta
2210 1260 2493 1319 argenteos
2530 1250 2772 1303 volumus
2810 1251 2937 1303 dare
2969 1252 3225 1305 Ecclesiae
3258 1251 3435 1305 adulta

1891 1355 2068 1396 rantes
2110 1362 2120 1394 :
2172 1343 2293 1409 quia
2345 1356 2532 1410 graves
2587 1356 2760 1394 causa:
2811 1344 3082 1410 graviores
3127 1354 3181 1398 et
3232 1344 3457 1398 acriore.

1892 1448 2135 1503 qumrunt
2170 1450 2347 1485 curas.

2424 1524 2511 1577 ΙΧ.
2557 1539 2969 1578 txrennocnto.

1965 1617 2023 1668 Si
2066 1616 2459 1683 permittendum
2506 1625 2575 1667 est
2618 1618 2922 1684 presbyteris
2951 1658 2965 1679 ,
3018 1616 3121 1669 sive
3170 1617 3465 1687 peregrinis,

1893 1707 1994 1757 sive
2063 1705 2218 1756 nostri
2262 1706 2493 1772 generis,
2539 1709 2729 1771 passim
2786 1708 3075 1760 ministrare
3122 1706 3307 1775 absque
3354 1723 3474 1759 con-

1893 1794 2103 1845 scientia
2131 1794 2349 1860 episc0pi
2374 1794 2493 1857 loci,
2518 1794 2572 1847 in
2594 1799 2740 1860 cujus
2762 1796 2959 1848 diarcesi
2989 1798 3173 1849 iterum
3202 1797 3467 1849 demoran-

288 1889 577 1958 Presbyter,
602 1888 869 1953 diaconus,
902 1891 1011 1943 sine
1037 1900 1164 1942 nutu
1193 1891 1377 1958 prioris
1402 1890 1481 1943 sui
1504 1889 1789 1943 transiiiens
1822 1888 1870 1948 Β
1898 1898 1999 1949 tur,
2034 1888 2252 1937 maxime
2275 1885 2363 1937 sub
2396 1886 2556 1947 laicis,
2602 1904 2845 1953 nusquam
2872 1889 3093 1952 stabiles,
3120 1905 3207 1942 nec
3229 1890 3356 1952 loco,
3385 1904 3473 1941 nec

204 1981 261 2034 in
294 1982 418 2043 alia,
445 1982 487 2033 si
513 1982 658 2033 liceat
689 1983 887 2034 dimcesi
916 1984 1243 2035 ministrare?

858 2084 1162 2125 RESPONSIO.

286 2162 619 2216 [)i'sv'rtorcm
682 2177 802 2216 vero
862 2165 1087 2232 propri-.u
1147 2162 1397 2217 Ecclesia:
1453 2162 1789 2215 interdictum

206 2256 469 2307 habemus
514 2257 562 2307 in
616 2256 717 2307 alia
757 2256 1087 2319 ministrare;
1127 2255 1516 2308 ministrantem
1559 2270 1685 2308 vero
1717 2266 1793 2307 ta-

209 2347 391 2397 litcra
443 2361 537 2398 sun
585 2348 884 2400 submoveri
944 2348 1141 2413 officio,
1196 2348 1365 2402 donec
1416 2348 1791 2402 reconcilietur

210 2435 467 2489 Ecclesia:
497 2450 627 2490 suae.

737 2529 841 2582 Vll.
885 2545 1297 2584 INTERROGATIO.

287 2618 349 2671 Si
385 2620 498 2686 quis
534 2620 878 2688 cujuscunque
914 2622 1176 2689 dignitatis
1200 2624 1517 2686 transfugam
1550 2620 1791 2671 clericum

210 2706 287 2758 rei
320 2706 624 2758 monachum
672 2723 800 2760 ausu
840 2709 1065 2777 improbo
1095 2709 1186 2761 sub
1220 2725 1273 2760 se
1319 2710 1498 2761 habere
1538 2724 1788 2777 prtesum-

205 2800 370 2867 pserit
394 2816 413 2864 ;
444 2799 565 2867 quid
589 2801 649 2851 de
678 2798 780 2863 Itis,
811 2800 1118 2863 c/tarissimi,
1150 2801 1415 2853 decernitis
1445 2802 1468 2852 ?

856 2905 1154 2944 RESPONSIO.

282 2978 536 3047 Quisquis
564 2994 689 3034 vero
720 2979 941 3033 fratrum
972 2992 1155 3034 contra
1189 2982 1473 3035 interdicta
1514 2983 1791 3037 venerabi-

212 3067 343 3121 lium
399 3083 659 3122 cauonmn
705 3070 1029 3140 transfugam
1060 3073 1310 3125 clericum
1345 3073 1424 3125 vcl
1465 3074 1785 3126 monachum

208 3163 332 3213 sine
360 3160 551 3214 litteris
580 3162 811 3228 paciﬁcis
836 3163 1168 3229 susceperit,
1198 3173 1252 3217 et
1282 3172 1575 3217 conventus
1607 3165 1657 3217 in
1692 3164 1789 3217 hac

210 3250 570 3304 obstinatione
604 3253 987 3319 perduraverit,
1019 3253 1206 3307 reddat
1227 3255 1363 3320 quod
1403 3263 1659 3306 statutum
1679 3262 1780 3320 est,
1814 3234 1862 3296 θ
1893 3270 1951 3307 ea
1980 3268 2093 3322 qua:
2119 3254 2213 3305 sibi
2237 3254 2381 3322 juste
2417 3252 2491 3304 vel
2521 3251 2708 3319 injuste
2738 3247 2954 3299 uindicat
3003 3261 3020 3298 :

209 3340 429 3407 triginta
470 3340 684 3407 quidem
737 3342 936 3405 siclus,
988 3343 1293 3410 quindecim
1347 3358 1475 3395 vero
1533 3344 1787 3411 episcopo

208 3429 334 3491 loci,
380 3431 684 3497 quindecim
731 3432 909 3486 abbati
955 3432 1107 3499 cujus
1140 3434 1458 3485 monachum
1502 3433 1617 3485 sine
1656 3442 1784 3487 nutu

212 3522 411 3589 prioris
454 3521 536 3575 sui
575 3533 925 3590 susceperat;
978 3533 1033 3577 et
1079 3524 1359 3592 fugitivum
1409 3523 1664 3588 dimittat,
1697 3532 1787 3578 aut

209 3612 444 3679 amplius
504 3614 990 3667 excommunicatus
1057 3614 1400 3681 periclitetur.
1474 3614 1787 3682 Quicunque

203 3719 338 3756 vero
383 3720 448 3757 ex
481 3704 628 3758 laicis
674 3707 760 3773 qui
795 3706 1134 3759 monasteriis
1182 3721 1413 3773 prmcssc
1471 3715 1780 3770 noscuntur,

202 3794 389 3848 taliter
425 3793 654 3862 aliquem
688 3794 750 3847 ad
792 3810 851 3849 se
884 3796 1101 3848 minime
1152 3794 1500 3861 pertinentem
1532 3809 1783 3860 suscepe-

204 3886 299 3948 rit,
328 3884 517 3937 rcddat
545 3884 779 3938 debitum
812 3895 1087 3948 statutum,
1117 3888 1222 3953 regi
1252 3886 1465 3954 quidem
1496 3886 1680 3939 decem
1708 3886 1784 3938 si-

204 3976 347 4039 cl.=s,
377 3976 560 4029 decem
592 3992 718 4030 vero
747 3978 923 4030 abbati
953 3977 1104 4046 cujus
1131 3977 1385 4031 domestit
1403 3993 1490 4030 um
1512 3977 1625 4030 sine
1656 3991 1782 4031 con-

201 4082 367 4119 sensu
402 4066 654 4120 Ecclesiae
687 4077 996 4131 susceperat
1025 4069 1462 4121 :etdesertorem
1494 4068 1779 4135 relinquat,

198 4165 297 4210 aut
319 4164 519 4209 tantam
542 4156 713 4211 adhuc
739 4157 929 4211 reddat
966 4161 1267 4226 pecuniam,
1297 4167 1549 4226 quantam
1579 4168 1633 4213 et
1658 4167 1782 4213 ante

197 4248 421 4303 dedisse
470 4250 833 4317 cognoscitur.
890 4248 1007 4303 Jam
1057 4260 1240 4318 postea
1291 4249 1782 4303 excommunicettzr

196 4354 377 4407 usque
423 4339 490 4393 ad
519 4339 959 4404 satisfactionem,
1004 4351 1267 4406 quatenus
1306 4341 1554 4395 obstinati
1586 4343 1780 4409 quique

196 4430 292 4498 qui
328 4428 493 4483 Deum
524 4429 743 4484 minime
782 4429 1028 4485 timentes
1085 4445 1365 4485 censuram
1416 4434 1782 4486 excommuni-

193 4516 429 4571 cationis
467 4518 684 4571 omnino
711 4527 1004 4585 spernunt,
1049 4519 1237 4572 saltem
1290 4519 1579 4573 amissione
1606 4535 1780 4573 rerum

194 4624 420 4663 suarum
454 4623 516 4663 ex
549 4620 696 4677 parte
713 4612 946 4663 damnati
971 4612 1186 4664 minime
1211 4622 1539 4677 praesumant
1568 4615 1781 4667 Statutis

194 4700 493 4755 contraria.
546 4700 668 4753 lltec
702 4709 885 4754 autem
923 4700 1165 4755 delinitio
1196 4711 1407 4755 maneat
1444 4716 1567 4769 erga
1602 4717 1783 4756 mona-

194 4790 370 4846 steria
401 4791 684 4862 virginum,
722 4807 840 4860 quae
874 4794 973 4846 sub
1010 4793 1186 4861 regula
1214 4807 1331 4848 esse
1360 4793 1666 4862 probantur.

688 4883 817 4938 Vill.
861 4900 1260 4940 INTERRCGATIO.

274 4974 339 5028 Si
375 4975 487 5043 quis
531 4975 897 5028 monac/torum
944 4978 1191 5046 sacrilega
1236 4994 1289 5030 se
1329 4980 1627 5050 contagione
1666 4982 1782 5035 mis-

192 5066 383 5128 cuerit,
427 5066 645 5118 vindicta
670 5066 874 5133 quidem
902 5067 1105 5120 sceleris
1152 5068 1178 5105 υ
1223 5068 1265 5121 si
1287 5070 1501 5135 pertinet
1526 5071 1594 5123 ad
1625 5072 1779 5125 laicos

190 5156 287 5226 qui
317 5164 434 5209 sunt
460 5170 635 5209 eorum
667 5156 959 5227 propinqui,
994 5173 1125 5210 nunc
1151 5159 1519 5227 persequamini
1548 5162 1573 5212 .9

852 5262 1152 5303 RESPONSIO.

276 5334 353 5389 De
382 5334 462 5389 his
486 5335 575 5404 qui
611 5336 744 5389 intra
773 5336 1062 5391 Ecclesiam
1090 5337 1139 5392 in
1171 5339 1418 5407 gravibus
1448 5341 1525 5394 vel
1560 5342 1607 5394 in
1643 5343 1774 5397 levi-

193 5427 297 5480 bus
323 5426 626 5479 commissis
654 5426 989 5495 delinquunt,
1023 5428 1152 5482 nihil
1188 5429 1431 5484 vindicta:
1463 5433 1687 5498 pertinet
1708 5434 1773 5487 ad

190 5529 291 5570 eos
343 5515 433 5583 qui
484 5514 613 5569 foris
641 5523 765 5569 sunt
813 5534 824 5567 :
872 5518 1101 5570 maxime
1131 5532 1250 5572 cum
1286 5521 1571 5587 Apostolus
1612 5521 1772 5589 dicat,

189 5618 386 5659 omnes
414 5617 603 5658 causas
636 5603 889 5659 Ecclesia:
917 5604 1111 5659 debere
1145 5607 1283 5675 apud
1316 5609 1618 5664 sacerdotes
1646 5610 1781 5679 diju-

268 5724 295 5752 ³
329 5716 541 5785 Aliquid
574 5715 761 5771 deesse
793 5717 1018 5772 videtur.
1054 5720 1375 5774 "ARDHNI'S.

269 5785 295 5825 ι)
327 5786 383 5841 id
414 5799 519 5855 est,
548 5796 722 5841 utrum
753 5789 1034 5857 pertineat.

1814 4578 1862 4635 D

1894 1980 2197 2031 auctoritate
2231 1979 2512 2046 pontiﬁcali
2534 1981 2770 2045 primitiis
2792 1983 3017 2049 fundati.

2533 2086 2832 2123 RESl'ONSlO.

1970 2162 2313 2230 l‘resbytrros
2358 2161 2667 2229 peregrinos
2697 2200 2712 2225 ,
2758 2159 2837 2212 vel
2886 2159 3127 2212 absolute
3176 2160 3470 2221 ordinatos,

1895 2251 2008 2305 sine
2035 2254 2225 2305 litteris
2257 2252 2707 2305 commendatitiis
2731 2252 3129 2304 circumeuntes
3174 2250 3472 2317 provincias

1896 2357 2154 2410 nusquam
2189 2358 2280 2397 eos
2310 2342 2684 2396 administrare
2716 2341 2966 2409 patimur,
3014 2341 3096 2393 vel
3137 2347 3470 2393 sacramenta

1896 2434 2105 2486 tradere
2132 2435 2333 2503 absque
2378 2434 2706 2486 conscientia
2749 2432 2990 2499 episc0pi
3022 2430 3145 2484 loci.
3189 2431 3318 2495 Qua:
3347 2444 3473 2482 vero

1896 2527 2191 2577 necessaria
2244 2534 2365 2577 sum
2397 2524 2593 2591 placuit
2624 2538 2718 2577 eos
2748 2522 3119 2575 administrare
3152 2538 3164 2572 :
3213 2520 3278 2573 ad
3308 2521 3467 2572 mini-

1895 2616 2052 2668 steria
2086 2623 2260 2667 tamen
2312 2628 2589 2667 sacrorum
2634 2612 2764 2667 tales
2807 2614 3057 2664 nolumus
3084 2610 3315 2673 admitti,
3357 2609 3472 2662 sine

1893 2704 2077 2775 grandi
2110 2704 2456 2759 discretione.

2419 2797 2484 2850 Χ.
2528 2809 2929 2850 INTERROGATIO.

1966 2890 2027 2944 Si
2056 2890 2166 2959 quis
2212 2893 2370 2961 frater
2398 2889 2473 2942 vel
2495 2903 2639 2942 soror
2668 2886 2840 2951 aliqua
2870 2886 2935 2935 ad
2978 2899 3029 2935 se
3062 2880 3388 2950 pertinentia,
3418 2889 3471 2931 ut

1894 2983 2131 3047 a'stintat,
2175 2999 2275 3036 non
2316 2984 2385 3034 ita
2429 2980 2628 3045 repetit,
2664 2974 3089 3046 utjudicantibus
3123 2970 3472 3025 Ecclesiarunt

1895 3071 2197 3139 prmsulibus
2228 3074 2273 3125 ei
2300 3072 2509 3139 paci/ire
2535 3070 2889 3127 restituantur,
2932 3064 3019 3116 sed
3040 3071 3324 3126 contempto
3354 3074 3472 3129 pro-

1894 3164 2004 3231 prio
2036 3163 2269 3231 episcopo
2300 3160 2717 3213 irrationabiliter
2746 3166 2767 3193 ο
2797 3171 2964 3206 rerum
2993 3164 3230 3222 properat
3252 3151 3474 3204 obtinere

3074 3246 3197 3313 quid
3241 3244 3309 3295 ad
3363 3246 3472 3294 Ita’c

1892 3346 2058 3398 dicitis
2089 3345 2112 3396 ?

2534 3447 2833 3489 RESPONSIO.

1967 3530 2277 3595 Quicunque
2308 3527 2469 3580 frater
2499 3525 2576 3577 vel
2611 3538 2760 3578 soror
2788 3537 2898 3577 rem
2932 3520 3160 3590 aliquam
3194 3518 3257 3573 ad
3289 3533 3346 3572 se
3378 3520 3474 3588 (ut

1892 3620 2139 3684 aestimat)
2168 3616 2517 3681 pertinentem
2550 3628 2651 3667 non
2689 3614 2761 3665 ita
2792 3611 3013 3679 repetit,
3040 3608 3472 3678 utjudicantibus

1893 3711 2245 3765 Ecclesiarum
2275 3706 2658 3765 sacerdotibus,
2682 3704 2773 3758 sed
2808 3720 2898 3771 per
2924 3711 3131 3756 exteras
3161 3708 3468 3768 potestates,

1894 3800 2001 3853 vim
2032 3800 2228 3852 faciens
2254 3798 2508 3857 obtineat,
2535 3795 2694 3849 etiam
2728 3794 2830 3847 hoc
2858 3792 2997 3860 quod
3028 3791 3287 3847 violentus
3316 3791 3475 3845 evicit

1889 3891 2107 3945 omnino
2132 3888 2330 3955 perdat,
2358 3896 2445 3939 aut
2468 3887 2532 3937 ab
2558 3884 2789 3937 Ecclesia
2810 3881 3133 3951 expellatur.
3162 3883 3268 3934 iVec
3296 3892 3471 3933 tamen

1888 3979 2148 4033 Ecclesia:
2178 3994 2286 4031 sum
2313 3976 2678 4045 przejudicium
2702 3974 3023 4040 imponimus
3052 3989 3063 4024 :
3090 3972 3183 4025 sed
3215 3979 3333 4037 post
3358 3971 3470 4024 obi—

1891 4080 1999 4122 tum
2047 4067 2479 4122 anathematizati
2530 4066 2748 4135 integris
2793 4065 3038 4117 omnibus
3082 4064 3133 4117 in
3186 4073 3324 4117 statu
3371 4076 3471 4116 suo

1889 4159 2229 4214 manentibus
2283 4158 2621 4227 partibusque
2672 4158 2722 4209 in
2776 4156 2951 4209 medio
2996 4154 3293 4218 collocatis,
3342 4156 3467 4222 quid

1890 4248 2196 4317 antiquitas,
2228 4257 2321 4300 aut
2350 4249 2546 4301 veritas
2578 4246 2791 4308 habeat,
2822 4244 3102 4312 diligenter
3134 4243 3467 4313 requiratur;

1886 4352 1939 4395 ct
1969 4345 2044 4395 sic
2074 4339 2444 4394 dimittendum
2478 4347 2562 4393 est
2588 4338 2785 4403 judicio
2815 4337 3207 4405 episcoporum.

2406 4428 2497 4483 XI.
2537 4442 2942 4481 lNTERROGATIO.

1964 4523 2096 4587 Quid
2126 4524 2192 4573 ad
2219 4522 2327 4573 Ita'c
2359 4520 2556 4583 dicitis,
2590 4519 2826 4587 quoniam
2856 4518 3055 4583 quidem
3084 4516 3315 4569 nonnulli
3343 4532 3465 4586 pro-

1891 4615 2006 4679 pria
2038 4614 2275 4664 habentes
2306 4612 2631 4672 monasteria,
2664 4610 2737 4662 ita
2764 4625 2824 4661 ea
2854 4609 3136 4661 inconsulte
3165 4608 3465 4676 disponunt,

1891 4712 1941 4755 ut
1989 4712 2097 4767 post
2148 4702 2337 4753 obitum
2384 4700 2626 4763 illorum,
2673 4700 2773 4751 duo
2819 4698 2971 4751 simul
3014 4699 3274 4763 utriusque
3319 4712 3467 4751 sexus

1891 4809 2043 4845 unum
2074 4794 2366 4861 possideant
2409 4792 2778 4845 monasterium
2818 4801 2906 4843 aut
2945 4792 3129 4860 a’quali
3169 4799 3302 4845 sorte
3340 4790 3467 4843 divi-

1889 4884 2032 4945 dant,
2064 4878 2087 4917 ἀ
2120 4882 2164 4933 si
2194 4882 2430 4934 interesse
2459 4897 2558 4933 non
2590 4883 2947 4934 convenerint?

2530 4986 2827 5027 RESPONSIO.

1960 5067 2288 5123 Venerabilis
2336 5069 2675 5136 congregatio
2731 5082 2891 5120 unum
2942 5083 3006 5121 ex
3054 5066 3259 5122 duobus
3306 5068 3467 5137 eligat

1887 5174 2044 5227 quem
2087 5158 2185 5213 sibi
2228 5174 2461 5227 praeesse
2501 5160 2765 5213 desiderat
2802 5178 2813 5211 :
2860 5170 2912 5214 et
2954 5159 3040 5213 hic
3082 5175 3203 5213 cum
3244 5162 3467 5215 consilio

1888 5254 2119 5323 episcopi
2166 5254 2264 5307 loci
2311 5255 2664 5307 constituatur
2701 5253 2883 5306 abbas.
2931 5252 3007 5307 Eo
3049 5269 3175 5307 vero
3213 5254 3464 5307 defuncto

1887 5345 1973 5412 qui
2008 5344 2255 5413 praelatus
2281 5351 2383 5405 est,
2408 5345 2506 5397 iste
2534 5344 2801 5398 secundus
2830 5346 2917 5407 qui
2946 5355 3355 5398 connumeratus
3384 5357 3463 5399 est

1888 5435 2037 5489 initio
2067 5435 2256 5498 haeres,
2279 5435 2503 5501 accipiat
2527 5436 2758 5501 regimen
2783 5434 2946 5488 totius
2970 5434 3294 5501 monasterii,
3322 5438 3462 5504 quod

1886 5533 2005 5579 ante
2034 5540 2137 5579 non
2169 5540 2233 5579 ex
2266 5535 2374 5584 toto
2404 5528 2494 5580 sed
2525 5542 2587 5579 ex
2620 5537 2768 5592 parte
2797 5527 2897 5579 sibi
2929 5542 3239 5580 anticessum
3267 5528 3461 5594 gaude-

1886 5616 1993 5667 bat.
2028 5614 2081 5668 Si
2117 5623 2291 5667 tamen
2323 5616 2510 5683 dignus
2553 5616 2873 5682 inveniatur,
2914 5634 3010 5671 suo
3040 5616 3291 5685 episcopo
3317 5617 3460 5685 jnili-

1960 5737 1980 5763 ε
2011 5726 2103 5779 llic
2134 5727 2328 5794 aliquid
2363 5728 2552 5782 deesse
2580 5730 2797 5783 \idclttr.
2839 5732 3006 5786 "suo.

1956 5794 1977 5830 ἀ
2022 5796 2155 5864 Lege
2188 5800 2228 5848 si
2260 5799 2386 5850 inter
2414 5814 2480 5850 se.
2520 5799 2687 5853 "\ltD.
