4168 6530
747 403 848 462 439

1645 408 1692 460 S.
1750 405 2044 462 EGBEllTl
2090 407 2555 464 EBURACENSIS
2595 410 3106 467 ARClllEl’lSCOi‘l

3908 416 4005 468 ΗΟ

743 528 917 572 tante.
939 516 1090 585 Quod
1121 518 1164 572 si
1197 520 1348 574 aliter
1381 519 1571 571 laclun
1607 522 1782 585 fuerit,
1816 522 2112 590 ltujusmodi
2146 533 2322 575 votum
2352 525 2402 583 Α
2428 527 2728 578 monac/tum
2758 528 3027 579 obnoxium
3052 544 3159 580 esse
3187 531 3488 594 pronuntiat
3515 547 3608 598 pro
3633 531 3799 584 causis
3826 533 4001 597 aliqui-

743 608 988 664 mefficax
1019 618 1178 680 atque
1209 612 1414 664 irritum
1443 610 1711 676 judicetur
1746 629 1757 663 :
1787 614 1962 681 sitque
1993 615 2212 678 faciens,
2245 615 2323 668 νει

739 701 1098 766 consentiens,
1134 703 1504 770 accipiensque
1533 704 1834 759 anatltema.

1254 795 1364 848 Ml.
1405 810 1813 850 INTEBRUGA'I‘IO.

808 881 962 947 Quod
989 883 1035 936 si
1061 884 1176 953 quis
1205 900 1267 937 ex
1294 885 1438 936 laicis
1467 883 1707 937 clericum
1740 887 1815 938 vel
1851 887 2153 938 monac/tum
2185 887 2318 937 occi-

738 975 892 1037 derit,
925 984 1095 1028 utrum
1131 976 1346 1044 pretium
1377 978 1637 1045 sanguinis
1668 981 1946 1030 secundum
1977 980 2132 1050 legem
2166 991 2317 1030 nam-

733 1069 858 1120 lium
884 1080 1151 1138 parentum
1183 1071 1484 1137 prapinquis
1514 1071 1622 1138 ejus
1652 1072 1965 1124 reddendum
1995 1074 2079 1136 sit,
2113 1088 2178 1123 an
2207 1087 2321 1124 am-

730 1156 884 1225 pliori
912 1158 1124 1225 pecunia
1156 1161 1436 1213 senioribus
1465 1162 1568 1213 suis
1596 1165 2008 1232 satisfaciendum
2038 1163 2124 1231 sit,
2155 1176 2318 1218 vestra

732 1249 1043 1303 unanimitas
1070 1251 1306 1305 sanciat?

1387 1357 1680 1398 πεδρολδιο.

799 1429 1111 1500 Quicunque
1164 1449 1293 1489 vero
1345 1452 1407 1490 ex
1466 1439 1611 1488 laicis
1664 1437 1922 1492 occiderit
1969 1440 2312 1507 episcopum,

730 1523 1096 1593 Presbyterum
1129 1525 1210 1580 vel
1239 1526 1541 1591 diaconum,
1568 1539 1656 1580 aut
1688 1531 2030 1594 monachum,
2059 1541 2171 1598 agat
2205 1544 2316 1596 poe-

733 1622 1013 1674 nitentiam
1041 1619 1333 1678 secunduin
1370 1625 1564 1693 gradus
1607 1627 1933 1694 poenitentia:
1964 1628 2312 1690 coastitntos;

727 1724 782 1766 et
814 1713 1002 1767 reddat
1029 1719 1253 1784 pretium
1287 1717 1537 1770 Ecclesia:
1561 1731 1670 1772 sua:
1702 1721 1952 1787 episcopo
1978 1729 2000 1754 η
2021 1720 2312 1773 secundum

727 1802 1040 1859 universalis
1082 1805 1329 1871 concilii,
1373 1821 1470 1874 pro
1513 1811 1826 1878 presbytero
1865 1812 2200 1877 octingentos
2242 1809 2313 1864 si-

2429 615 2542 677 bus,
2578 617 2890 684 jampridem
2922 618 3010 670 sub
3057 620 3186 672 laico
3211 620 3383 672 Itabitu
3425 625 3750 688 perpetratis,
3781 625 3871 675 sed
3891 639 4000 675 n3;-

2427 706 2545 757 dum
2575 707 2730 772 ﬁnitis
2761 722 2779 758 :
2809 707 2910 759 sive
2937 708 3056 775 quia
3077 710 3280 763 minime
3307 713 3592 779 pra'uuluit,
3623 715 3725 765 sive
3751 714 3886 776 quod
3911 731 3996 765 an-

2425 805 2506 850 tea
2537 797 2907 852 dissimulando
2943 801 3100 852 tacuit
3130 817 3284 868 usque
3323 818 3476 867 nunc,
3509 813 3553 855 et
3582 805 3736 857 modo
3767 803 4000 857 Ecclesia

2425 887 2664 941 molestus
2693 899 2740 941 et
2768 889 3090 957 importunus
3120 893 3346 944 insistit?

3069 996 3366 1037 ηεεροκςιο.

2492 1070 2746 1139 Quisquis
2790 1087 2918 1127 vero
2959 1073 3230 1128 saecularis
3259 1073 3536 1129 servitium
3574 1086 3772 1130 sancta
3802 1075 3998 1143 profes-

2420 1161 2587 1216 sionis
2619 1163 2800 1217 subire
2829 1163 3129 1230 desiderat;
3172 1165 3217 1219 si
3262 1165 3622 1233 interrogatus
3660 1166 3994 1234 respondeat,

2421 1255 2741 1307 conditionis
2765 1253 2976 1308 servilis
3005 1269 3124 1310 sese
3157 1271 3260 1311 non
3289 1271 3408 1310 esse
3433 1257 3747 1320 obnoxium,
3780 1271 3879 1311 nec
3905 1257 3998 1312 lto-

2420 1346 2691 1400 micidiutn
2721 1347 2893 1414 palam
2923 1360 3257 1416 perpetras<e
3284 1348 3695 1413 inetnendatum,
3721 1365 3894 1416 neque
3913 1365 3996 1402 res

2420 1443 2576 1498 alieni
2603 1443 2736 1513 juris
2772 1444 2930 1498 modo
2959 1445 3058 1499 sub
3087 1460 3145 1498 se
3190 1445 3405 1510 habere,
3450 1443 3549 1498 nisi
3581 1443 3706 1508 Deo,
3739 1443 3889 1512 cujus
3916 1454 3997 1498 est

2418 1552 2602 1592 servus
2637 1545 2854 1606 propter
2881 1536 3136 1592 offensam
3169 1535 3364 1603 peccati
3400 1555 3410 1589 :
3442 1537 3582 1605 quod
3613 1537 3656 1590 si
3689 1536 3872 1591 fefellit
3900 1537 3995 1590 Ec-

2417 1627 2630 1681 clesiam
2658 1627 2770 1690 Dei,
2795 1636 2850 1682 et
2874 1629 3074 1682 crimen
3103 1642 3256 1682 suum
3279 1628 3464 1682 dolose
3492 1627 3766 1692 celaverit,
3794 1628 3993 1696 placuit

2418 1716 2711 1771 Ecclesiam
2738 1719 2934 1772 habere
2960 1729 3271 1787 potestatem
3299 1719 3594 1773 dimittendi
3623 1733 3765 1785 eum,
3796 1723 3879 1773 vel
3909 1736 3985 1772 sa-

2417 1808 2663 1863 tisfacere
2699 1823 2792 1873 pro
2820 1824 2884 1863 eo
2915 1811 2959 1863 si
2991 1811 3238 1863 voluerit.
3272 1809 3378 1863 Eos
3409 1824 3536 1863 vero
3561 1811 3646 1876 qui
3675 1812 3808 1863 tales
3845 1811 3989 1863 inve-

725 1895 861 1957 clos,
913 1911 1006 1961 pro
1054 1896 1281 1950 diacono
1326 1899 1686 1970 sexiogentos,
1731 1915 1828 1967 pro
1875 1901 2134 1953 monacho
2187 1915 2309 1954 vero
2343 1896 2388 1955 B
2416 1899 2739 1965 niuntnr,ab
2759 1899 2999 1953 ecclesia;
3024 1900 3202 1954 limine
3226 1914 3318 1966 per
3338 1901 3444 1952 vim
3471 1900 3708 1952 volumus
3730 1901 3989 1964 abstrahi,

723 1989 1139 2054 quadringentos
1169 1999 1450 2058 argenteos
1483 2007 1494 2041 :
1529 1991 1627 2043 nisi
1657 2001 1746 2042 aut
1773 1991 2002 2059 dignitas
2032 1992 2304 2055 natalium,

722 2077 804 2130 vcl
853 2079 1100 2130 nobilitas
1144 2081 1353 2147 generis
1398 2079 1565 2148 major
1611 2092 1854 2150 reposcat
1900 2084 2150 2150 pretium.
2193 2083 2305 2136 Non

719 2167 862 2218 enim
891 2166 1090 2234 justum
1121 2179 1220 2232 est,
1257 2177 1312 2222 ut
1342 2170 1614 2223 servitium
1649 2182 1844 2225 Sanctae
1877 2172 2223 2241 professionis
2255 2171 2304 2227 in

721 2260 944 2312 meliore
987 2263 1152 2330 gradu
1200 2263 1405 2328 perdat,
1440 2263 1578 2328 quod
1621 2265 1854 2318 esterior
1897 2264 2001 2317 vita
2034 2268 2133 2319 sub
2174 2267 2306 2319 laico

721 2351 903 2403 habitu
939 2352 1184 2406 habuisse
1211 2354 1329 2421 jure
1361 2365 1638 2422 parentum
1669 2356 2017 2424 dignoscitur.
2053 2358 2145 2411 Cui
2178 2375 2304 2412 vt-r-t

720 2458 824 2493 ttutt
857 2455 936 2494 est
966 2443 1265 2496 substantia
1297 2454 1352 2496 ut
1383 2445 1606 2499 l‘cditltal
1649 2461 1706 2500 se
1735 2461 1764 2499 a
1797 2458 2098 2515 perpetrato
2131 2450 2302 2501 ltonii-

717 2534 879 2594 cidio,
921 2531 1034 2601 regi
1067 2533 1413 2589 dimittendus
1445 2547 1524 2590 est
1553 2538 1618 2590 ad
1656 2539 2008 2605 puniendum;
2040 2557 2105 2593 tte
2138 2541 2302 2593 inter-

718 2629 947 2678 ti~ctores
977 2639 1257 2679 servorum
1293 2627 1382 2680 Dei
1413 2642 1473 2682 se
1519 2638 1703 2696 putent
1745 2631 1958 2698 impune
1991 2646 2145 2699 posse
2178 2649 2300 2699 pec-

717 2732 860 2769 care.
893 2716 1018 2771 lla‘c
1047 2733 1172 2772 vero
1201 2719 1428 2774 vindicta
1461 2736 1618 2789 quant
1651 2723 1716 2775 de
1748 2721 2045 2776 homicidiis
2080 2725 2300 2796 presby-

719 2819 954 2858 ltzl‘ttt'tllll
987 2808 1413 2875 percensuimus,
1441 2820 1653 2862 maneat
1674 2825 1800 2876 erga
1826 2811 2045 2867 abbates
2071 2814 2156 2879 qui
2181 2824 2304 2868 sunt

713 2897 830 2948 sine
858 2897 1078 2961 ordine;
1113 2897 1212 2951 nisi
1255 2899 1486 2966 aliquem
1519 2915 1584 2954 ex
1615 2901 1694 2953 his
1736 2903 1994 2970 synodale
2023 2904 2300 2972 collegium

713 2991 884 3041 altiori
931 2991 1156 3046 consilio
1193 3002 1283 3046 aut
1325 2993 1656 3063 superiorem
1699 3003 1790 3049 aut
1830 2995 2133 3052 inierintem
2163 2998 2302 3066 judi-

710 3099 769 3132 νδ
783 3080 930 3135 verit.

1216 3173 1350 3227 Xlll.
1394 3191 1804 3232 tsrcnnocnto.

2413 2006 2586 2059 neque
2628 2005 2657 2044 a
2703 1993 2787 2044 die
2825 1991 3193 2044 conventionis
3240 1997 3442 2058 tempus
3473 1989 3721 2042 Eet-lt-sia:
3767 1991 3989 2044 concedi

2413 2099 2532 2136 reos
2563 2083 2814 2151 deinceps
2846 2085 2908 2137 ad
2943 2083 3320 2147 eccttltandos;
3353 2082 3445 2137 sed
3473 2092 3529 2135 ut
3559 2082 3667 2136 Deo
3697 2093 3884 2150 agatur
3909 2099 3990 2136 re-

2411 2175 2666 2237 verentia,
2703 2175 2902 2243 absque
2946 2174 3050 2227 ulla
3092 2173 3307 2228 laesione
3339 2173 3619 2239 veriusque
3661 2175 3988 2240 relinquendi

2410 2274 2533 2317 sunt
2565 2281 2574 2314 :
2609 2264 2749 2333 qttod
2795 2264 3022 2318 ecclesia
3063 2263 3254 2317 domus
3299 2263 3688 2332 prOpitiationis
3729 2275 3841 2328 est,
3884 2280 3989 2317 ltntt

2408 2353 2661 2420 spelunca
2705 2353 2990 2408 latronum.
3036 2353 3176 2424 Lege
3205 2353 3595 2410 dedicationem
3628 2356 3805 2422 templi
3839 2355 3992 2410 Salo-

2409 2444 2602 2496 monis.
2637 2443 2742 2497 fles
2772 2458 2900 2498 vero
2931 2444 2975 2498 si
3022 2457 3153 2512 quas
3186 2443 3437 2497 Ecclesiae
3465 2443 3758 2507 obtulerat,
3784 2457 3878 2498 eas
3904 2458 3991 2497 aa-

2408 2535 2596 2591 cerdos
2624 2535 2831 2602 reddit,
2865 2549 2918 2589 ut
2950 2537 3141 2589 habent
3173 2537 3310 2591 unde
3339 2549 3396 2590 se
3427 2535 3673 2592 redimat.

2924 2626 3035 2680 XV.
3074 2633 3486 2682 luminosa-rw.

2481 2718 2585 2772 Pro
2621 2718 2802 2790 quibus
2844 2719 3139 2772 criminibus
3181 2716 3351 2771 nullus
3381 2717 3616 2770 sacerdos
3655 2726 3816 2786 potest
3847 2718 3987 2785 ﬁeri,

2405 2811 2481 2862 vel
2510 2826 2602 2878 pro
2631 2809 2810 2880 quibus
2829 2811 3146 2881 jampridem
3174 2810 3439 2862 ordinatus
3467 2807 3778 2876 deponitur?

3051 2912 3350 2954 RESPONSIO.

2502 2991 2810 3060 lit-justuodi
2846 3000 2970 3044 tunc
3001 2991 3262 3044 ordinatio
3293 2989 3546 3057 episcotti,
3581 2989 3875 3058 presbyteti
3907 2992 3985 3043 κει

2409 3083 2656 3145 ιιίίιοειιιί,
2700 3093 2811 3135 rata
2851 3097 2881 3136 e
2913 3097 2972 3136 se
3013 3081 3254 3143 dicetur,
3297 3083 3340 3135 si
3381 3082 3526 3133 nullo
3565 3081 3708 3147 gravi
3753 3080 3992 3133 facinori:

2409 3171 2662 3238 probatur
2689 3171 2950 3235 inlectus;
2984 3173 3024 3224 si
3055 3173 3343 3225 secundam
3374 3185 3479 3224 non
3515 3169 3696 3223 habuit
3727 3185 3946 3222 uxorem
3969 3211 3984 3233 ,

786 3265 935 3330 Quod
959 3265 1004 3318 si
1034 3281 1093 3319 ex
1123 3268 1472 3319 convenientia
1503 3269 1769 3320 amborum
1804 3270 2082 3339 legitimum
2113 3272 2297 3325 dla‘s‘Ol-
2330 3273 2375 3334 ρ
2409 3280 2505 3318 ncc
2535 3279 2561 3316 a
2595 3264 2782 3318 marito
2816 3263 3080 3328 relictam,
3112 3263 3155 3318 si
3187 3262 3552 3333 paenitentiam
3585 3261 3848 3330 publicant
3882 3279 3984 3314 ltmt

707 3369 841 3408 vitttr
871 3358 1194 3428 conjugium,
1242 3367 1448 3425 propter
1485 3361 1831 3424 inﬁrmitatem
1872 3363 1964 3414 viri
1997 3363 2072 3415 vel
2103 3365 2296 3427 ulmis,

707 3451 750 3500 si
804 3450 950 3500 lict-at
987 3465 1113 3501 sano
1142 3451 1477 3503 incontinenti
1505 3454 1782 3504 secundum
1813 3454 1940 3507 inire
1970 3456 2298 3522 connubiunt,

709 3540 916 3601 inﬁrmo
942 3556 1241 3594 consensum
1269 3543 1541 3610 praebente,
1579 3553 1622 3594 et
1653 3545 1976 3612 promittente
2004 3562 2114 3598 sese
2141 3549 2300 3598 conti-

709 3623 930 3682 mutuam
960 3634 1011 3684 in
1041 3646 1283 3701 perpetuo
1315 3645 1629 3687 servaturum
1660 3652 1678 3688 :
1711 3646 1874 3689 vestra
1903 3641 2148 3691 sanctitas
2177 3639 2300 3705 quid

709 3731 769 3774 ile
800 3726 892 3774 ltoc
910 3723 1113 3790 jttdiCut
1128 3724 1153 3776 .7

1357 3833 1660 3874 RESI'ONSIO.

786 3906 950 3959 Nemo
979 3916 1161 3961 contra
1195 3907 1558 3979 Eumgclium,
1585 3926 1741 3965 nemo
1771 3921 1954 3966 contra
1979 3911 2297 3980 Apostolum

711 4000 830 4050 sine
865 3998 1096 4052 vindicta
1130 3999 1253 4054 facit
1285 4017 1296 4054 :
1332 4002 1530 4056 idcirco
1560 4017 1880 4057 consensum
1915 4005 2134 4058 minime
2167 4019 2301 4069 pra:-

711 4090 900 4140 iremus
947 4089 1224 4143 adulteris.
1276 4091 1448 4144 Onera
1507 4100 1679 4144 tamen
1729 4108 1848 4161 quae
1896 4095 2013 4146 sine
2066 4093 2303 4158 periculo

713 4181 912 4242 portari
941 4195 1044 4232 non
1077 4190 1297 4246 possunt
1325 4181 1523 4235 nemini
1552 4182 1906 4250 imponimus;
1939 4199 2000 4237 ea
2031 4199 2158 4237 vero
2185 4199 2302 4253 qua:

713 4271 805 4325 fici
845 4283 964 4326 sunt
999 4274 1244 4326 mandata
1288 4275 1627 4328 confidenter
1666 4274 1970 4328 indicimus.
2005 4275 2171 4341 Quem
2206 4291 2299 4327 att-

714 4378 819 4420 tetn
851 4365 1130 4420 infirmitas
1163 4367 1418 4434 implendi
1455 4366 1726 4433 prtepedit,
1761 4381 1865 4420 uno
1897 4369 2136 4433 profecto
2169 4368 2304 4419 tnui-

713 4470 824 4510 tmn
859 4474 1196 4514 reservamus
1216 4459 1419 4527 judicio
1443 4459 1559 4513 Dei.
1588 4459 1748 4528 Igitur
1777 4476 1842 4512 ne
1871 4459 2004 4514 ferte
2029 4462 2302 4512 videantur

713 4547 928 4599 silentio
981 4547 1159 4602 fovete
1210 4550 1503 4613 adulteros,
1555 4560 1644 4602 aut
1687 4549 1931 4603 diabolus
1977 4551 2062 4617 qui
2110 4550 2304 4617 decipit

2403 3359 2591 3429 gessit,
2640 3374 2740 3413 ncc
2788 3359 2892 3412 ulla
2935 3359 3170 3427 corporis
3213 3368 3361 3429 parte
3392 3359 3605 3412 vitiatus
3646 3369 3899 3426 apparet;
3944 3360 3988 3412 si

2402 3449 2615 3504 servilis
2647 3458 2743 3503 aut
2770 3465 2832 3502 cx
2874 3450 3077 3519 origine
3119 3465 3222 3504 non
3252 3459 3335 3504 est
3357 3449 3674 3503 conditionis
3700 3451 3982 3509 obnoxius.

2403 3539 2448 3593 si
2481 3541 2646 3592 curia:
2679 3539 2932 3607 jrobatur
2960 3541 3184 3594 nexibus
3207 3542 3504 3604 absolutus,
3535 3539 3577 3593 si
3603 3551 3879 3594 assecutus
3903 3554 3988 3595 est

2407 3631 2633 3694 litteras,
2683 3632 2822 3686 ltunc
2862 3634 3116 3702 elegimus
3156 3633 3222 3687 ad
3266 3633 3620 3688 sacerdotium
3663 3635 3983 3700 promoveri.

2412 3721 2512 3774 l’ro
2561 3722 2642 3774 Itis
2674 3737 2801 3775 vero
2836 3723 3148 3776 criminibus
3189 3722 3385 3776 nullum
3434 3723 3553 3776 licet
3580 3723 3849 3786 ordinari;
3893 3723 3982 3776 sed

2406 3819 2680 3878 promotos
2703 3826 2940 3883 quosque
2962 3812 3187 3868 dicimus
3209 3814 3571 3881 deponendos.
3606 3812 3753 3867 ldola
3782 3814 3979 3868 scilicet

2401 3905 2686 3956 adorantes
2713 3918 2729 3968 ;
2762 3919 2856 3971 per
2888 3905 3161 3972 aruspices
3191 3913 3244 3959 et
3273 3905 3481 3960 divinos
3507 3917 3661 3975 atque
3690 3904 3975 3960 ἱηρεηιιιιυη

2404 4010 2490 4048 res
2519 3995 2756 4063 captivos
2787 4011 2846 4050 se
2878 3996 3096 4050 diabolo
3141 3997 3438 4062 tradentes;
3483 3997 3639 4052 fidem
3669 4013 3824 4053 suam
3854 3997 3984 4052 falso

2406 4085 2709 4139 testimonio
2738 4097 3128 4157 expugnantes;
3172 4087 3471 4144 homicidiis
3507 4090 3586 4142 vel
3620 4090 3981 4144 fornicaziOni-

2407 4175 2504 4228 bus
2534 4177 2964 4243 contaminatos;
2999 4177 3133 4231 furta
3167 4186 3564 4247 perpetratttes;
3605 4193 3817 4233 sacrum
3850 4182 3982 4234 veri-

2407 4272 2527 4325 tatis
2559 4287 2751 4326 nomen
2782 4273 2998 4341 perjurii
3033 4275 3333 4328 temeritate
3361 4273 3637 4328 violantes.
3669 4275 3772 4330 Eos
3805 4285 3978 4330 tamen

2405 4361 2504 4416 nisi
2540 4377 2634 4430 per
2665 4365 3030 4432 paenitentiam
3072 4364 3334 4434 publicam
3377 4380 3481 4419 non
3523 4373 3735 4432 Oportet
3773 4365 3979 4419 adtnitti

2406 4453 2471 4506 ad
2504 4454 2911 4522 promerendam
2941 4456 3334 4510 communionis
3363 4456 3622 4525 gratiam;
3655 4470 3758 4508 non
3790 4458 3854 4509 ad
3899 4472 3980 4510 re-

2407 4545 2770 4613 citperandum
2817 4546 3056 4614 pristina:
3095 4546 3368 4615 dignitatis
3417 4546 3686 4600 honorem.
3735 4546 3977 4600 Alienum

713 4638 984 4692 adulteros
1012 4639 1077 4694 de
1103 4640 1358 4695 adulteris
1387 4641 1607 4705 exultet,
1641 4639 1666 4678 δ
1698 4641 1959 4694 ultoribus
1988 4640 2133 4704 audi,
2165 4644 2300 4709 quod
2332 4618 2382 4678 θ
2409 4648 2491 4694 est
2529 4638 2671 4693 enim
2713 4640 2779 4692 ab
2825 4639 3062 4694 Ecclesia
3089 4639 3407 4708 pmnitentes
3448 4648 3784 4692 sacrosancta
3829 4638 3982 4691 mini-

717 4729 852 4781 Deus
877 4732 1140 4803 conjunxit
1167 4733 1318 4785 homo
1349 4749 1446 4786 non
1475 4742 1702 4803 separet;
1734 4744 1786 4786 et
1816 4733 1972 4796 item,
2008 4732 2109 4798 Qui
2140 4744 2298 4800 potest

715 4838 894 4886 cupere
914 4825 1103 4892 capiat.
1132 4825 1286 4894 Saepe
1309 4841 1539 4894 namque
1565 4835 1862 4892 lempontm
1889 4827 2297 4894 permtttaliottc,

717 4928 1006 4970 necessnas
1062 4919 1230 4987 legem
1286 4919 1498 4987 frangit.
1557 4908 1692 4984 Quid
1748 4919 1889 4971 enim
1947 4917 2077 4971 fecit
2135 4917 2296 4970 David

715 5007 926 5073 quando
965 5009 1189 5061 esuriit’!
1230 5019 1282 5062 et
1325 5018 1498 5062 tamen
1543 5010 1658 5063 sine
1692 5019 1907 5077 peccato
1939 5019 2038 5063 eSt.
2074 5009 2210 5077 Ergo
2245 5009 2294 5062 in

719 5099 980 5168 ambiguis
1011 5117 1116 5155 non
1145 5112 1228 5155 est
1258 5104 1470 5156 ferenda
1503 5100 1784 5155 sententia.
1817 5102 1921 5156 Sed
1953 5101 2172 5155 consilia
2207 5116 2298 5153 ne-

719 5205 870 5246 cesse
897 5202 981 5246 est
1023 5194 1311 5261 periclitari
1343 5210 1438 5263 pro
1469 5196 1638 5248 salute
1678 5193 1936 5256 aliorum;
1981 5195 2078 5246 hac
2115 5193 2298 5246 condi-

718 5290 862 5338 taone
906 5285 1239 5352 interposita,
1291 5295 1347 5340 ut
1386 5289 1430 5338 νῆ
1474 5287 1562 5354 qui
1607 5302 1664 5339 se
1707 5287 2046 5340 continentia:
2088 5284 2301 5338 devovit

719 5374 864 5426 nullo
905 5376 1063 5428 modo
1101 5376 1430 5432 concedatur
1472 5377 1732 5430 secundas
1775 5378 1909 5431 ἰώγα
1954 5378 2181 5444 nuptias.
2229 5393 2300 5427 tt-

719 5477 871 5521 vente
903 5469 1099 5536 priore.

1222 5559 1353 5613 λιν.
1401 5575 1810 5616 ικῐῐιιιιοωτιο.

797 5647 932 5714 Quid
962 5650 1030 5703 ad
1055 5651 1160 5704 haec
1192 5655 1439 5715 dicimus,
1483 5657 1525 5706 si
1555 5655 1667 5719 quis
1697 5658 1758 5706 de
1791 5653 1932 5704 (uicis
1961 5651 2196 5703 clet'it'uttt
2231 5651 2303 5703 ιτ(

791 5769 809 5794 δ
864 5761 997 5824 Li-ge
1028 5766 1297 5815 secundum
1329 5767 1580 5818 decretum
1613 5766 1922 5820 ιιριὲιτινιδιιέἱδ.
1961 5764 2128 5822 llstto.

791 5827 816 5869 δ
866 5831 997 5898 Legi:
1032 5835 1258 5888 trltcruts.
1297 5837 1463 5890 llalfn.

2409 4742 2601 4799 strare,
2630 4733 2717 4800 qui
2745 4730 2946 4785 dudum
2977 4747 3102 4786 vasa
3136 4732 3343 4784 fuerant
3371 4731 3638 4784 vitiorum.

2445 4822 2580 4876 XVI.
2625 4837 3010 4876 txrunnocarto
3041 4838 3105 4876 DE
3133 4836 3340 4876 JEJUMO
3371 4835 3614 4883 oouuon
3642 4835 3943 4874 reurnncu.

2479 4912 2730 4984 Legitima
2763 4915 2969 4984 jejunio
3010 4913 3195 4967 mensis
3236 4911 3408 4982 primi,
3449 4912 3630 4980 quarti,
3673 4913 3892 4976 septimi,
3939 4923 3983 4962 tt

2407 5005 2587 5056 decimi
2631 5013 2800 5057 utrum
2838 5005 2982 5057 initio
3012 5006 3239 5073 ipsorum
3277 5003 3542 5068 mensium,
3572 5018 3641 5055 an
3679 5003 3830 5054 aliter
3859 5009 3983 5056 celc~

2409 5097 2598 5148 brandu
2639 5097 2738 5148 sint
2753 5112 2771 5160 ;
2816 5107 2862 5148 et
2900 5113 2996 5162 quo
3039 5108 3264 5160 auctore,
3307 5104 3395 5147 aut
3433 5093 3702 5161 quomodo,
3752 5103 3840 5144 aut
3889 5111 3982 5161 pro

2407 5189 2585 5251 quibus
2645 5187 2810 5240 causis
2871 5188 3140 5249 insrituta;
3201 5201 3421 5239 consona
3483 5183 3725 5238 sententia
3780 5185 3980 5251 exponit

2411 5290 2430 5314 ε
2465 5279 2782 5346 ιυιὲ]”ονιηᾱιιν
2813 5277 2874 5329 ab
2905 5276 3134 5330 omnibus
3163 5275 3490 5336 celebrentur,
3519 5288 3605 5341 per
3629 5273 3883 5326 universas
3904 5272 3985 5322 di-

2407 5370 2634 5422 lectionis
2665 5379 2836 5422 vestite
2865 5370 3028 5432 sedes,
3053 5378 3097 5420 et
3128 5366 3408 5437 Anglorum
3442 5363 3738 5417 Ecclesias?

3045 5474 3342 5514 ιιιείιυκδιυ.

2480 5555 2612 5620 Quia
2666 5555 2822 5622 igitur
2878 5553 3106 5607 mundus
3159 5562 3384 5620 quatuor
3442 5547 3609 5618 plagis
3658 5549 3983 5607 continetur.

2407 5647 2659 5709 Orientis,
2692 5646 3012 5709 Occidctttis,
3045 5643 3278 5698 Meridici
3310 5653 3361 5696 et
3398 5643 3697 5712 Aquilonis;
3745 5648 3797 5694 ct
3829 5643 3988 5694 homo

2484 5785 2494 5799 ι
2546 5763 2682 5831 [Ατειι
2714 5781 2776 5816 an
2813 5765 3145 5830 uniformitcr.
3189 5763 3355 5816 llatta.
