4168 6530
207 427 314 483 ιιι

1119 423 1199 476 ΟΕ
1243 422 1713 478 INSTITUTIUNE
1761 422 2142 480 CATIIULICX
2192 425 2542 482 DHLDILL'S.

3397 433 3502 486 .112

208 554 442 614 quatuor
468 542 750 598 elementis
777 553 1010 606 constat,
1038 544 1085 596 id
1115 555 1218 607 est,
1253 546 1394 610 igne,
1422 559 1565 604 aere,
1592 560 1724 610 aqua
1757 553 1808 594 et
1838 547 1885 601 Α
1918 543 2013 595 hoc
2058 545 2317 612 jejunium
2365 547 2668 597 celebratur
2715 544 3003 597 secundum
3049 547 3318 615 antiquam
3372 567 3504 604 con-

210 648 386 701 terra;
433 645 486 689 et
527 635 750 688 interior
793 649 982 688 sensus
1011 649 1074 687 ex
1109 645 1335 703 quatuor
1363 635 1671 688 continetur
1705 632 1808 686 vir-

207 729 434 791 tutibus,
485 727 798 795 prudentia,
853 728 1235 791 temperantia,
1285 726 1601 779 fortitudine
1651 736 1808 793 atque

202 820 448 886 justitia;
497 827 550 872 et
579 829 808 886 quatuor
840 816 1056 870 ﬂumina
1102 817 1337 870 Paradisi
1372 819 1436 869 ad
1484 817 1807 886 irrigandam

212 911 518 962 universam
570 918 788 970 terram,
842 909 892 960 in
945 918 1070 977 typo
1117 919 1346 972 quatuor
1398 907 1806 976 Evangeiorum

209 1001 522 1067 proﬂuunt:
585 1012 636 1054 et
694 1012 919 1069 quatuor
979 1003 1307 1068 temporibus
1363 1016 1573 1065 annus,
1639 1016 1802 1064 vere,

210 1100 424 1154 atstate,
457 1099 711 1144 autumno
739 1101 794 1146 et
838 1091 1029 1160 hyeme
1070 1091 1421 1154 convertitur,
1456 1100 1511 1143 et
1553 1105 1614 1143 ex
1661 1090 1805 1143 omni

208 1191 366 1249 parte
396 1184 688 1251 quadratus
732 1198 984 1236 numerus
1030 1186 1294 1250 perlectus
1325 1183 1690 1250 dignoscitur;
1731 1183 1809 1235 id-

205 1275 360 1329 circo
399 1286 574 1329 autem
607 1287 838 1346 quatuor
887 1288 1185 1345 temporum
1228 1277 1429 1346 jejunia
1465 1287 1672 1332 veteres
1713 1278 1808 1331 Pa-

207 1373 322 1418 tres
369 1366 730 1429 instituerunt,
776 1369 1067 1420 secundum
1116 1369 1206 1421 Dei
1251 1369 1444 1434 legem,
1477 1379 1528 1420 et
1574 1384 1711 1420 nunc
1757 1369 1807 1422 in

205 1452 361 1507 Novo
379 1455 724 1508 Testamento
747 1455 915 1508 sancti
940 1455 1032 1508 viri
1054 1465 1214 1523 atque
1237 1457 1516 1524 apostolici
1541 1456 1805 1511 doctores.

283 1544 327 1598 Ι.
371 1546 445 1600 De
477 1546 647 1614 primo
680 1563 865 1602 mense
897 1548 1151 1602 Dominus
1179 1552 1250 1602 ait
1280 1551 1343 1602 ad
1377 1551 1590 1620 Moysen
1619 1568 1631 1606 :
1663 1551 1806 1604 .llcn-

204 1637 278 1689 sis
311 1639 404 1692 iste
434 1641 568 1692 robis
599 1641 907 1707 principium
939 1644 1209 1702 mensium,
1245 1643 1436 1708 primus
1463 1644 1556 1695 erit
1588 1645 1639 1696 in
1671 1661 1808 1696 inen-

205 1729 350 1783 sibus
391 1732 513 1782 anni
561 1731 766 1798 (Exod.
817 1748 914 1795 xu,
960 1733 1053 1802 9.).
1100 1734 1164 1786 Et
1206 1735 1394 1787 iterum
1443 1734 1699 1790 Dominus
1742 1739 1806 1791 ad

206 1823 431 1892 Moysw
465 1841 474 1874 :
513 1822 786 1877 Oltserrate
816 1841 1034 1877 mensem
1065 1841 1308 1878 novarum
1342 1829 1569 1896 frugum,
1603 1832 1806 1892 quando

1914 637 2281 701 suetudinem,
2318 636 2395 688 vel
2430 637 2550 703 quia
2585 636 2902 689 decre~cunt
2935 635 3046 689 dies
3068 681 3080 699 ,
3112 647 3166 691 et
3197 656 3300 691 nox
3339 657 3507 711 angi--

1913 733 2039 778 tur:
2084 727 2203 792 quia
2247 727 2309 778 ad
2354 726 2620 779 defectum
2667 727 2792 778 solis
2843 737 2896 780 et
2945 730 3112 780 noctis
3157 746 3504 796 augmentum

1914 816 2018 867 vita
2068 825 2247 868 nostra
2298 815 2527 869 deiicere
2577 815 2894 868 adveniente
2945 829 3116 870 morte
3167 821 3504 886 ostenditur;

1914 923 2033 974 qua:
2067 922 2208 960 mors
2238 907 2288 959 in
2321 907 2516 974 judicio
2549 907 2638 960 Dei
2670 916 2723 960 et
2752 912 3144 962 resurrectione
3174 917 3507 974 l'Cjtal‘aitiltll'

1913 998 1977 1050 ad
2009 997 2166 1050 vitam
2195 1015 2206 1052 :
2231 1009 2284 1051 et
2309 999 2350 1050 si
2386 1001 2506 1051 vita:
2541 1011 2736 1052 nostrae
2775 1001 3032 1052 terminus
3061 1002 3355 1056 defectione
3387 1005 3502 1058 die.

1914 1103 2028 1141 rum
2080 1087 2418 1154 extirimitur,
2472 1089 2764 1153 mortisque
2812 1089 3072 1141 adventus
3120 1090 3170 1141 in
3220 1103 3505 1156 augmento

1913 1188 2115 1241 nocts,
2165 1181 2520 1231 necessarium
2572 1178 2840 1241 duximus,
2891 1189 2945 1230 ut
2987 1180 3054 1233 ob
3099 1195 3405 1234 memoriam
3453 1195 3509 1237 et

1915 1272 2336 1326 recordationem
2371 1273 2502 1324 tanti
2537 1273 2798 1340 mysterii,
2827 1273 2970 1323 omni
2999 1288 3136 1325 anno
3164 1273 3506 1330 humilientus

1913 1369 2117 1419 animas
2159 1375 2387 1427 nostras,
2423 1376 2475 1416 ut
2523 1367 2660 1417 tilios
2705 1365 2862 1417 lsracl
2911 1364 3008 1417 hoc
3051 1365 3102 1418 iit
3147 1377 3386 1436 tempore
3427 1369 3508 1424 fe-

1915 1460 2049 1512 cisse
2092 1458 2340 1527 legimus,
2378 1457 2428 1510 in
2472 1456 2675 1522 jejunio
2703 1465 2753 1508 et
2788 1456 3095 1521 afﬂictione,
3131 1473 3233 1510 non
3277 1461 3446 1512 solum
3477 1475 3506 1513 ι

1913 1549 2062 1610 cibis,
2098 1548 2190 1599 sed
2221 1548 2287 1599 ab
2324 1548 2571 1600 omnibus
2603 1546 2852 1598 vitiorum
2883 1549 3144 1614 contagiis
3178 1567 3191 1602 :
3225 1553 3505 1605 attenden-

1917 1651 1992 1695 tes
2019 1659 2320 1696 sermonem
2357 1642 2628 1710 Evangelii
2661 1659 2671 1692 :
2711 1643 2977 1694 Ambulale
3009 1643 3131 1692 dum
3161 1641 3323 1692 lucem
3355 1641 3508 1693 liabe-

1914 1737 1996 1797 tis,
2031 1745 2082 1786 ut
2125 1751 2224 1786 non
2266 1735 2482 1786 tenebrae
2525 1749 2606 1785 ros
2639 1733 3101 1800 comprehendant;
3143 1733 3300 1785 veniet
3341 1742 3508 1784 autem

1914 1843 2012 1878 nox
2043 1826 2252 1893 quando
2283 1842 2426 1877 nemo
2460 1835 2618 1891 potest
2652 1824 2854 1888 aperari
2887 1820 3066 1891 (Joan.
3103 1838 3211 1885 sit,
3247 1823 3361 1889 55).
3398 1823 3510 1876 lloc

204 1916 397 1980 (gressi
426 1914 544 1965 estis
571 1914 632 1964 de
660 1927 792 1965 terra
816 1913 1056 1983 .Egypti,
1083 1915 1364 1982 legitimum
1386 1918 1438 1967 in
1470 1920 1809 1984 generationi-
1846 1927 1886 1983 Β
1917 1919 2205 1987 Anglorum
2251 1918 2484 1970 Ecclesia
2528 1917 2578 1967 in
2625 1919 2778 1982 plena
2825 1914 3155 1966 hebdomada
3189 1923 3310 1965 ante
3343 1915 3504 1979 a~qui-

211 2003 304 2054 bns
332 2004 508 2055 vestris
543 2002 775 2072 (Denter.
818 2020 895 2069 XI,
936 2005 1006 2071 1).
1040 2006 1191 2072 Quod
1219 2006 1482 2075 jejunium
1512 2009 1676 2061 sancti
1712 2009 1808 2061 l’a-

211 2104 326 2148 tres
357 2096 406 2147 in
452 2095 620 2164 prima
663 2096 998 2150 hebdomada
1043 2100 1242 2152 mensis
1289 2100 1442 2168 primi
1486 2111 1803 2166 statuerunt,

208 2196 401 2251 quarta
447 2197 501 2239 et
541 2197 692 2239 sexta
741 2188 892 2249 feria,
943 2196 995 2241 et
1042 2191 1286 2254 sabbato,
1335 2193 1572 2257 exceptis
1621 2194 1807 2247 diebus

211 2275 780 2346 quadragesimalibus.
819 2279 924 2332 Nos
953 2291 1130 2334 autem
1163 2281 1215 2334 in
1249 2283 1484 2338 Ecclesia
1514 2285 1805 2353 Anglorum

213 2368 354 2421 idem
401 2370 552 2436 primi
597 2371 797 2422 mensis
837 2369 1096 2438 jejunium
1142 2373 1238 2440 (ut
1283 2384 1464 2428 noster
1507 2375 1806 2429 didasealus

215 2461 403 2513 beatus
433 2461 744 2528 Gregorius,
778 2462 828 2515 in
861 2478 958 2516 suo
1001 2464 1378 2532 antiphonaiio
1419 2473 1472 2520 et
1516 2467 1713 2520 missali
1749 2468 1807 2520 li-

213 2551 335 2612 bro,
381 2567 474 2620 per
521 2553 865 2622 pmdagognm
912 2571 1148 2609 noszrum
1197 2558 1404 2611 beatum
1450 2559 1803 2626 AnguStinum

213 2644 506 2694 transmisit
530 2642 832 2697 ordinatum
863 2655 913 2698 et
947 2647 1262 2713 rescriptum
1285 2648 1323 2712 ).
1352 2649 1714 2704 indill'erentcr
1739 2651 1806 2706 de

212 2735 382 2800 prima
415 2734 744 2788 hebdomada
779 2737 1198 2803 quadragesimae
1227 2755 1525 2794 servamus.

286 2821 348 2876 ll.
391 2823 692 2878 Sec-udum
721 2825 982 2893 jejunium
1013 2831 1186 2896 quarti
1216 2833 1414 2884 mensis
1440 2847 1468 2884 a
1496 2834 1658 2886 veteri
1689 2832 1805 2902 lege

209 2925 458 2966 (exortum
492 2924 595 2981 est,
639 2915 852 2980 quando
903 2917 982 2971 lex
1030 2919 1148 2972 data
1190 2929 1271 2974 est
1320 2922 1486 2991 Moysi
1531 2922 1582 2974 in
1627 2934 1807 2978 m0nte

210 3004 360 3057 δίιιεί
386 3023 398 3068 ;
430 3013 480 3058 et
506 3019 827 3074 praeceptum
860 3018 938 3061 est
968 3025 995 3061 a
1029 3009 1250 3063 Domino
1281 3023 1336 3064 ut
1363 3016 1431 3066 sit
1462 3015 1684 3083 populus
1717 3031 1806 3083 pa-

214 3106 363 3149 ratus
405 3098 469 3148 ad
509 3096 827 3152 audiendam
859 3115 1042 3154 vocem
1086 3103 1137 3155 in
1185 3104 1326 3157 diem
1374 3107 1607 3168 tertium,
1642 3117 1697 3160 et
1740 3123 1806 3160 ne

209 3187 637 3255 appropinquent
668 3192 922 3244 uxoribus
952 3192 1081 3246 suis.
1127 3192 1191 3245 Et
1226 3195 1412 3248 iterum
1455 3197 1707 3249 Dominus
1740 3198 1803 3250 ad

209 3276 432 3346 Moysen
465 3295 476 3328 :
511 3277 720 3331 Tollctis
753 3281 815 3332 de
845 3283 1036 3335 cunctis
1068 3285 1302 3352 frug-ibus
1326 3287 1503 3339 vestris
1535 3289 1806 3356 primitias,

207 3376 257 3417 et
286 3366 510 3432 o/feretis
536 3383 593 3420 ea
619 3367 836 3423 Domino
863 3371 967 3424 Deo
987 3383 1150 3425 vestro
1174 3373 1350 3444 (Deut.
1377 3391 1520 3442 xxvi,
1545 3376 1624 3444 2).
1655 3378 1808 3442 Quod

209 3467 262 3510 et
292 3458 346 3510 in
375 3457 522 3511 Novo
543 3458 854 3515 Testameut
878 3483 887 3506 ν
915 3463 1260 3518 constitutum
1291 3477 1392 3531 est,
1412 3467 1560 3534 juxta
1589 3470 1636 3521 id
1666 3470 1806 3538 quod

207 3548 471 3601 Dominus
495 3551 565 3601 ait
594 3569 605 3601 :
640 3552 756 3604 Non
787 3565 1000 3621 possunt
1030 3557 1128 3620 ﬁlii
1157 3559 1330 3625 sponsi
1352 3560 1612 3629 jejunarc,
1645 3577 1808 3629 quan-

207 3640 299 3689 diu
326 3655 443 3689 cum
474 3638 578 3691 illis
608 3652 680 3693 est
712 3657 931 3707 sponsus
962 3645 1175 3711 (Matth.
1215 3662 1325 3709 ιιι,
1367 3649 1470 3714 15),
1501 3659 1553 3701 et
1583 3651 1803 3717 reliqua.

208 3728 366 3794 Quod
395 3729 543 3798 juxta
574 3736 980 3800 congruentiam
1028 3745 1328 3800 temporum
1378 3747 1495 3804 post
1536 3741 1810 3791 ascensio-

211 3834 339 3872 nem
379 3821 584 3873 Domini
607 3823 671 3874 ad
695 3823 883 3887 ctelos,
910 3825 1192 3891 praesentia
1215 3829 1482 3896 corporali
1513 3829 1808 3895 subtracta,

211 3923 342 3966 tunc
389 3911 640 3967 indit-tum
681 3927 762 3967 est
801 3915 1058 3982 jejunium
1101 3919 1277 3985 quarti
1322 3921 1540 3982 mensis,
1573 3922 1810 3976 secundo

207 4007 456 4061 sabbato.
491 4005 601 4059 lloc
630 4016 806 4060 autem
834 4007 1093 4075 jejunium
1127 4011 1263 4064 idem
1295 4011 1480 4065 beatus
1508 4013 1806 4083 Gregorius

208 4112 304 4164 per
339 4094 618 4164 pra-totum
655 4099 916 4167 legatum,
962 4099 1014 4153 in
1055 4102 1430 4169 antiphonario
1468 4118 1565 4158 suo
1595 4116 1648 4158 et
1678 4107 1809 4159 mis-

206 4190 342 4254 sali,
383 4189 432 4241 iti
474 4189 626 4258 plena
661 4191 993 4245 hebdomada
1029 4204 1148 4262 post
1179 4195 1566 4260 Pentecosten,
1602 4198 1810 4268 Anglo-

208 4295 330 4332 rum
370 4279 621 4334 Ecclesias
651 4283 1028 4336 celebrandum
1062 4285 1366 4337 destinavit.
1402 4286 1550 4348 Quod
1584 4302 1687 4339 non
1720 4302 1809 4340 so-

207 4373 317 4425 lum
354 4383 532 4425 nostra
577 4381 841 4427 testantur
883 4376 1286 4444 antiphonaria;
1330 4377 1421 4429 sed
1454 4386 1507 4430 et
1550 4378 1660 4444 ipsa
1692 4394 1808 4446 quae

205 4481 328 4518 cum
369 4465 668 4519 inissalibus
710 4468 820 4520 suis
860 4469 1236 4538 conspeximus
1275 4470 1414 4540 apud
1448 4473 1808 4539 apostolorum

206 4558 352 4614 Petri
387 4569 442 4611 et
472 4558 615 4612 Pauli
650 4559 851 4615 limina.

1917 2012 2186 2070 noctium,
2222 2009 2460 2076 neglecti
2496 2007 2666 2060 tertia:
2709 2005 3056 2058 hebdomadas
3085 2004 3501 2070 computatione,

1913 2101 2044 2153 solet
2080 2101 2369 2152 Celebrarc.

1987 2191 2073 2244 IV.
2119 2191 2374 2255 Quartum
2404 2187 2666 2256 jejunium
2699 2201 2880 2238 mense
2910 2182 3230 2236 Novemlirio
3262 2199 3287 2234 a
3319 2186 3510 2236 veleri-

1913 2283 2008 2336 bus
2031 2284 2325 2342 colebatur,
2347 2281 2494 2347 juxta
2527 2289 2846 2346 prmceptum
2881 2277 3090 2329 Domini
3121 2277 3184 2328 ad
3217 2277 3503 2329 Jeremiam

1912 2375 2176 2427 dicentis:
2224 2374 2371 2426 Tolle
2410 2372 2642 2424 rolunien
2675 2372 2814 2433 libri,
2848 2381 2894 2420 et
2937 2371 3096 2421 scribe
3141 2371 3191 2421 in
3235 2385 3290 2422 eo
3336 2372 3506 2421 omnia

1914 2464 2060 2516 verba
2097 2479 2210 2530 qua:
2253 2465 2451 2514 locutus
2482 2478 2594 2514 sutn
2625 2462 2865 2512 adrerstts
2912 2459 3073 2511 Israel
3105 2471 3146 2511 et
3178 2461 3390 2513 Judam.
3438 2457 3509 2512 Et

1915 2559 2105 2624 factum
2145 2567 2216 2609 est
2255 2558 2306 2608 in
2339 2571 2506 2608 mense
2547 2572 2683 2608 nono
2725 2556 3126 2619 pra'dimvernnt
3161 2555 3413 2622 jejunium
3455 2556 3507 2605 in

1912 2659 2181 2713 conspectu
2219 2648 2424 2697 Domini
2466 2647 2602 2697 omni
2645 2647 2834 2712 populo
2879 2645 2928 2695 in
2962 2642 3246 2696 Jerusalem
3279 2644 3506 2711 (Jerem.

1914 2754 2032 2802 Lvt,
2065 2737 2160 2803 9.).
2208 2737 2318 2790 llac
2355 2751 2482 2804 ergo
2513 2737 2830 2789 auctoritate
2864 2737 3160 2788 divinarum
3206 2737 3505 2802 Scriptura-

1915 2845 2054 2892 tum,
2091 2825 2331 2881 Etclcs’ia
2364 2827 2626 2880 catholica
2662 2842 2865 2878 morem
2898 2827 3101 2878 obtinet
3123 2865 3136 2888 ,
3171 2835 3224 2878 et
3251 2826 3507 2893 jcjttniuttl

1913 2932 2068 2988 atque
2093 2920 2517 2973 observationem
2550 2933 2732 2971 mense
2757 2918 2995 2970 celebrat
3020 2917 3249 2980 decimo,
3281 2920 3507 2970 sabbato

1911 3023 2124 3082 quarto,
2155 3022 2370 3078 propter
2402 3010 2774 3063 advenientem
2811 3008 3168 3062 venerabilem
3197 3010 3512 3062 Solemuita-

1916 3111 2020 3155 tem
2055 3099 2262 3153 Domini
2293 3100 2458 3151 nostri
2489 3098 2616 3152 Jesu
2643 3098 2838 3151 Christi
2876 3116 2885 3148 :
2924 3097 3006 3148 tibi
3036 3107 3156 3150 ante
3191 3099 3365 3165 plures
3393 3100 3510 3153 dies

1915 3202 1968 3246 et
1998 3192 2322 3245 continentia
2369 3191 2545 3244 carnis
2587 3198 2641 3242 et
2678 3189 2876 3256 jcjnnia
2910 3188 3206 3241 exhibenda
3253 3199 3405 3249 sunt,
3451 3204 3507 3246 ut

1842 3277 1884 3338 C
1917 3283 2282 3350 unusquisque
2332 3281 2502 3334 ﬁdelis
2553 3291 2813 3347 prmparet
2860 3295 2916 3332 se
2960 3282 3025 3332 ad
3074 3283 3507 3336 communionem

1914 3375 2153 3436 corporis
2184 3382 2238 3426 et
2265 3372 2544 3440 sanguinis
2575 3369 2793 3434 Christi,
2829 3386 2947 3423 cum
2979 3372 3259 3425 devntione
3291 3388 3505 3426 sumen-

1911 3465 2054 3518 dam.
2089 3463 2241 3529 Quod
2272 3473 2324 3515 et
2347 3463 2640 3529 Anglorum
2673 3475 2884 3529 semper
2912 3463 2961 3515 iii
2993 3462 3143 3528 plena
3175 3463 3504 3515 liehdoioatla

1912 3565 2033 3610 ante
2065 3556 2247 3610 Natale
2283 3554 2492 3608 Domini
2525 3555 2832 3617 consuevit,
2882 3568 2983 3606 non
3026 3555 3196 3605 solum
3239 3568 3423 3620 quarta
3455 3565 3501 3606 i-t

1911 3658 2061 3702 sexta
2107 3648 2258 3711 feria,
2306 3657 2358 3699 et
2391 3647 2636 3707 sabbato,
2670 3646 2760 3696 sed
2805 3654 2856 3696 et
2891 3643 3044 3711 jngc's
3076 3645 3356 3698 duodecim
3389 3647 3504 3699 des

1915 3741 1967 3794 in
1996 3739 2241 3808 jejuniis,
2271 3749 2323 3793 et
2352 3739 2544 3806 vigiliis
2573 3748 2627 3792 et
2656 3737 3009 3800 orationibus,
3042 3739 3498 3806 elecmosynarum

1914 3831 2309 3899 largitionibus,
2343 3839 2397 3882 et
2429 3831 2478 3882 in
2513 3827 2876 3888 monasteriis,
2911 3837 2964 3878 et
2995 3827 3044 3878 in
3079 3826 3342 3893 plebibus,
3380 3837 3503 3881 ante

1912 3923 2095 3977 Natale
2135 3922 2342 3976 Domini
2375 3921 2526 3989 quasi
2575 3919 2863 3988 legitimum
2904 3919 3159 3986 jejunium
3193 3920 3501 3971 exercuisse

1914 4014 2242 4083 perhibetur.
2287 4012 2419 4065 Nam
2465 4011 2578 4062 tunc
2620 4009 2775 4074 (Deo
2817 4009 3050 4076 gratias)
3096 4023 3124 4060 a
3175 4009 3502 4072 temporibus

1918 4107 2161 4160 Vitaliani
2207 4119 2352 4171 lapte
2393 4113 2443 4156 et
2474 4101 2740 4155 Theodori
2777 4101 3202 4154 Doroberncnsis
3232 4101 3496 4170 archiepi-

1913 4198 2056 4264 δευρί
2102 4196 2318 4248 inolevit
2358 4195 2409 4246 in
2454 4193 2692 4244 Ecclesia
2736 4192 3026 4258 Anglorum
3061 4192 3411 4253 consuetudo,
3447 4203 3499 4244 et

1912 4291 2062 4360 quasi
2109 4289 2338 4357 legitima
2389 4287 2687 4346 tenebatur,
2740 4294 2794 4336 ut
2844 4299 2948 4335 non
2996 4283 3166 4334 solum
3217 4284 3394 4336 clerici
3444 4283 3495 4336 iit

1914 4381 2272 4443 monasteriis,
2305 4381 2396 4432 sed
2425 4378 2584 4431 etiam
2620 4375 2736 4428 laici
2767 4389 2888 4429 cum
2916 4374 3229 4442 conjugilius
3262 4383 3315 4426 et
3346 4373 3500 4426 fatui-

1915 4473 1999 4527 his
2029 4474 2141 4526 Suis
2169 4473 2233 4524 ad
2264 4471 2604 4524 conl'essores
2635 4483 2758 4520 suos
2793 4467 3159 4531 pervenirent,
3194 4476 3246 4520 et
3275 4481 3331 4518 se
3363 4468 3498 4519 lleti-

1916 4566 2013 4618 bus
2040 4579 2067 4616 a
2091 4562 2319 4616 carnalis
2341 4559 2788 4625 concupiscentia)
2813 4559 3080 4610 consiirtio
3106 4556 3188 4609 his
3214 4557 3497 4610 duodecim

283 4650 371 4703 ιιι.
412 4648 652 4704 Tertium
695 4650 958 4719 jejunium
1000 4654 1213 4720 septimi
1254 4654 1478 4717 mensis,
1511 4669 1538 4707 a
1579 4654 1804 4710 Domino
1837 4650 1888 4708 D
1913 4655 2098 4708 diebus
2142 4667 2262 4705 cum
2301 4652 2762 4715 elecmosynarum
2808 4646 3087 4712 largitione
3130 4645 3446 4721 mundarent
3482 4663 3494 4697 :

209 4756 302 4809 per
347 4740 567 4810 Moysen
614 4743 918 4808 print-ipitur
959 4743 1221 4799 dicentem
1257 4763 1267 4798 :
1303 4744 1530 4811 Loquere
1559 4748 1678 4815 ﬁliis
1718 4746 1803 4802 Is-

207 4833 338 4896 rael,
374 4842 420 4885 et
455 4834 591 4886 dices
622 4835 689 4885 ad
720 4851 801 4887 eos
822 4852 840 4889 :
872 4835 1111 4890 Decimus
1141 4838 1250 4893 dies
1279 4839 1690 4909 mensis'septimi
1716 4857 1804 4894 vo-

207 4926 415 4977 cabitur
445 4933 668 4986 sanctus,
705 4926 1035 4979 lnoniliabitis
1062 4929 1260 4980 animas
1288 4941 1479 4983 vestras
1510 4933 1560 4983 in
1579 4933 1802 5002 jejunio.

211 5014 394 5067 Umnis
416 5014 590 5066 aninta
617 5029 730 5081 qua:
759 5017 952 5082 afﬂicta
981 5033 1081 5069 non
1110 5017 1260 5085 fuerit
1290 5019 1371 5072 die
1393 5019 1508 5087 hoc,
1539 5021 1720 5090 peribit
1747 5023 1809 5076 de

209 5106 404 5176 popuio
435 5122 528 5159 suo
557 5105 739 5174 (Lerit.
771 5121 920 5175 svnt,
943 5109 1017 5176 7).
1054 5109 1252 5164 Idcirco
1275 5117 1453 5166 autem
1487 5110 1538 5164 iti
1573 5111 1808 5166 Ecclesia

1911 4757 2168 4817 quatenus
2194 4743 2436 4813 purioros
2459 4741 2744 4794 dominiczu
2770 4737 3165 4792 communionis
3195 4737 3496 4804 perceptio-

1913 4855 2032 4893 nem
2068 4838 2118 4889 itt
2146 4835 2322 4889 natale
2348 4834 2554 4886 Domini
2590 4831 2957 4899 perciperent;
2993 4841 3187 4896 praeter
3210 4828 3321 4881 inec
3348 4842 3496 4880 nam-

1912 4943 2015 4998 que
2045 4925 2330 4980 constituta
2362 4920 2596 4990 jejunia,
2642 4931 2831 4989 quarta
2863 4929 2915 4972 et
2947 4928 3095 4971 sexta
3128 4918 3254 4972 feria
3284 4928 3500 4986 propter

1917 5019 2218 5089 passionem
2247 5013 2465 5076 Chrisu,
2498 5023 2551 5067 et
2581 5013 2825 5078 sabbato,
2859 5019 3075 5080 propter
3105 5010 3241 5074 quod
3275 5013 3388 5079 ipso
3409 5008 3499 5064 die

1913 5110 2078 5177 jacuit
2109 5108 2158 5161 in
2187 5104 2456 5175 sepulcro,
2489 5103 2731 5171 plerique
2760 5101 3155 5170 jojunaverunt.
