4168 6528
779 525 981 536 ..υ-*ο

1680 415 1734 467 S.
1781 415 2072 468 Etilll-llt'l'l
2119 416 2589 471 EllOliACENSlS
2631 417 3141 472 AI’tClllEl’lSCOl’l
3937 422 4031 474 Hi

2823 515 3130 523 ω’*
3139 515 3316 523 -ρ--η
3329 515 4029 528 -—-———m-~—.~——_

3226 529 4035 543 ____—.________..__.____-o

3021 516 3130 523 -μ

2605 529 2820 536 -—————-——_-

1597 661 1623 690 ⁸
1663 663 2336 779 SANGTI
2429 665 3245 781 EGBERTI

1895 879 2322 929 EllDﬂACENSlS
2365 877 2841 931 ARCillEl‘lSCOPl

1011 1052 1658 1173 CANONES
1750 1055 1926 1166 DE
2014 1054 2686 1168 REMEDIIS
2771 1058 3762 1177 PECCATORUM.

1365 1277 1757 1332 ΡΒᾹΞΡΑΤΙΟ.

828 1374 899 1427 De
929 1371 1177 1426 remediis
1209 1379 1548 1438 peccatorum
1582 1369 1900 1438 paucissima
1943 1369 2054 1422 haec
2085 1383 2201 1436 qum
2248 1381 2337 1422 se-

753 1471 984 1533 quuntur
1031 1476 1096 1516 ex
1151 1462 1385 1528 priorum
1437 1461 1784 1514 monimentis
1825 1461 2232 1526 excerpsimus;
2287 1459 2336 1512 in

752 1555 945 1622 quibus
980 1563 1157 1606 tamen
1189 1554 1438 1608 omnibus
1468 1568 1570 1605 non
1601 1552 1918 1605 auctoritate
1947 1553 2213 1617 censoris,
2245 1553 2337 1604 sed

751 1645 978 1698 consilio
1028 1644 1204 1711 potius
1264 1644 1640 1710 compatientis
1701 1644 1780 1696 usi
1837 1660 2059 1708 sumus,
2110 1646 2339 1698 solerter

752 1739 1102 1788 :u'lmonentes
1149 1734 1366 1787 ductum
1415 1750 1683 1804 quemque
1726 1737 2058 1788 sacerdotem
2109 1736 2331 1800 Christi,

752 1836 806 1878 ut
853 1829 903 1879 in
947 1827 1214 1878 Uttivcrsis
1256 1841 1374 1894 qua:
1425 1826 1508 1879 hic
1556 1836 1806 1878 aunotala
1855 1827 2073 1891 reperit,
2120 1841 2333 1888 sexum,

749 1929 988 1980 :etatem,
1031 1919 1417 1980 conditionem,
1475 1927 1696 1978 statum,
1751 1932 2031 1982 personam
2077 1917 2334 1984 cojnsquc

751 2009 1117 2077 pantitentiam
1146 2023 1305 2074 agere
1356 2009 1606 2071 volentis,
1641 2009 1812 2075 ipsum
1845 2023 2054 2077 quoque
2081 2023 2174 2061 eor
2209 2025 2332 2077 pa:-

749 2101 964 2154 uitentis
994 2104 1204 2154 curiose
1243 2101 1540 2160 discernat.
1576 2112 1628 2154 et
1660 2103 1953 2155 secundum
1983 2105 2122 2167 ha-c,
2157 2103 2331 2156 utsibi

746 2196 916 2245 visum
973 2193 1152 2254 fuerit,
1214 2193 1418 2258 singula
1469 2208 1695 2259 qumque
1735 2192 1956 2259 judicet.
2008 2194 2333 2256 Quibusdam

746 2298 975 2350 namque
1019 2299 1047 2335 a
1078 2283 1210 2336 cibis
1244 2282 1584 2347 abstinendo,
1617 2281 1644 2319 δ
1689 2283 1957 2334 nonnullis
2009 2298 2177 2351 genua
2227 2297 2333 2335 sa:-

748 2377 865 2444 pius
899 2376 1188 2440 ﬂectendo,
1219 2374 1332 2426 sive
1357 2374 1408 2427 in
1433 2389 1589 2427 cruce
1618 2373 1826 2437 stando,
1851 2382 1943 2425 aut
1965 2374 2106 2426 aliud
2133 2373 2331 2442 aliquid

745 2467 1077 2534 hujusmodi,
1113 2465 1252 2532 quod
1287 2476 1307 2502 ε
1341 2466 1403 2518 ad
1440 2467 1807 2533 purgationem
1845 2476 2184 2530 peccatorum
2213 2480 2333 2533 pcr-

755 2557 941 2620 tiueat,
978 2556 1240 2618 faciendo,
1267 2556 1507 2624 plurimis
1537 2557 1784 2609 universa
1819 2557 1930 2608 haec
1971 2556 2201 2624 agendo,
2235 2572 2330 2611 sua

746 2664 966 2703 necesse
1023 2657 1107 2703 est
1173 2659 1350 2702 errata
1412 2649 1680 2715 corrigere
1731 2667 1741 2702 :

745 2741 996 2793 examine
1027 2739 1241 2793 discreti
1277 2739 1473 2792 debent
1507 2740 1740 2807 pendere
1780 2740 2002 2808 judicis.

746 2849 784 2904 1.
831 2849 1145 2915 Excerptum
1179 2852 1240 2906 de
1271 2853 1549 2905 canonibus
1576 2849 1957 2905 Catholicarum
1995 2851 2227 2916 Patrum,
2257 2855 2331 2906 vel

816 2924 1123 2986 paeuitcntiaz
1155 2924 1221 2974 ad
1271 2925 1548 2976 remedium
1581 2925 1870 2976 animarum
1900 2924 2092 2976 domini
2125 2923 2330 2994 Egbcrti

815 2994 1202 3061 archiepiscopi.

816 3104 1080 3157 Institutio
1107 3103 1192 3156 illa
1222 3116 1428 3169 sancta,
1470 3121 1589 3174 qua:
1622 3107 1782 3160 fiebat
1811 3107 1862 3159 in
1899 3107 2086 3160 diebus
2118 3119 2328 3174 patrum

743 3207 1075 3259 nostrorum,
1109 3205 1282 3250 rectas
1314 3198 1427 3249 vias
1461 3213 1730 3264 nunquam
1761 3199 2016 3263 deseruit,
2049 3201 2141 3269 qui
2176 3200 2330 3253 insti-

744 3299 960 3344 luerunt
1007 3290 1387 3354 pmnitentibus
1417 3300 1578 3358 atque
1619 3293 1926 3359 lugentibus
1967 3308 2091 3346 suas
2121 3297 2328 3362 passio-

743 3395 836 3432 nes
869 3379 934 3431 ad
969 3394 1092 3431 vera
1141 3379 1527 3433 medicamenta
1570 3380 1755 3432 sa'utis
1802 3399 1814 3434 :
1861 3385 1984 3450 quia
2037 3386 2327 3440 diversitas

742 3469 1020 3535 Culparum
1066 3469 1427 3523 diversitatem
1484 3470 1606 3522 facit
1659 3473 2042 3538 [iCBlIllCllllbllS
2092 3475 2324 3528 medica-

743 3568 1067 3624 mentorum,
1102 3560 1181 3612 vel
1212 3561 1349 3613 sicut
1392 3562 1584 3613 utedici
1623 3575 1909 3630 corporum
1951 3563 2163 3616 diversa
2208 3580 2324 3618 me~

739 3649 1006 3702 dicamina
1038 3650 1120 3702 vel
1155 3651 1399 3715 potiones
1441 3651 1618 3703 solent
1667 3651 1845 3704 facere
1875 3662 2060 3704 eontra
2091 3653 2324 3705 diversi-

740 3752 903 3795 tatetn
945 3741 1337 3803 inlirmitatum,
1384 3741 1464 3793 vel
1511 3741 1719 3808 judices
1751 3742 2086 3795 srccularimn
2133 3758 2326 3796 causa-

737 3851 878 3888 rum.
927 3833 1142 3887 DiVersa
1175 3833 1336 3900 igitur
1361 3831 1578 3900 judicia,
1609 3832 1696 3900 qui
1738 3833 1860 3885 boni
1900 3846 2022 3885 sunt
2053 3843 2106 3886 et
2155 3835 2318 3896 recti,

740 3937 966 3993 pensant
995 3933 1050 3977 et
1089 3931 1334 3986 tractant,
1387 3921 1657 3990 quomodo
1703 3932 1849 3976 recte
1892 3922 2136 3991 judicent
2179 3924 2319 3977 inter

2377 1280 2425 1338 Λ
2460 1278 2597 1330 Deus
2633 1277 2794 1344 judex
2822 1278 3000 1346 justus
3030 1289 3086 1332 et
3114 1281 3264 1334 fortis
3297 1281 3438 1335 videt
3467 1291 3521 1336 et
3551 1282 3718 1348 audit,
3757 1295 3812 1339 et
3846 1284 3898 1340 in
3932 1302 4023 1356 pa-

2445 1370 2546 1421 lam
2576 1369 2883 1424 abscondita
2914 1371 3153 1436 deducit,
3185 1383 3237 1427 et
3269 1373 3440 1427 reddit
3474 1377 3772 1428 secundum
3819 1392 3980 1445 opera
4007 1397 4018 1430 :

2443 1472 2495 1513 et
2538 1464 2663 1515 item
2699 1479 2824 1516 vere
2855 1473 2979 1518 sunt
3011 1467 3246 1519 nonnulli
3289 1481 3555 1520 etecorum
3603 1483 3798 1522 canum
3833 1471 4021 1524 simili-

2443 1553 2624 1606 tudine
2650 1556 2983 1608 currentium
3009 1557 3075 1609 ad
3101 1558 3365 1611 cadavera
3399 1569 3754 1622 mortuorum,
3785 1561 3872 1614 vel
3900 1577 4013 1615 cor-

2439 1661 2627 1698 vorum
2661 1647 2982 1710 volantium,
3015 1648 3102 1715 qui
3131 1649 3195 1701 ad
3227 1650 3585 1703 sacerdotium
3615 1653 3905 1716 vehuntur,
3928 1654 4014 1722 qui

2443 1752 2546 1790 non
2591 1747 2809 1805 propter
2849 1737 3154 1804 Dominum,
3200 1740 3295 1793 sed
3347 1741 3462 1808 plus
3501 1751 3721 1809 prepter
3763 1743 4017 1796 honorem

2441 1839 2714 1882 terrenum
2757 1827 3045 1892 inhiantes,
3079 1831 3208 1883 caeci
3241 1828 3258 1866 ί
3293 1831 3470 1884 divina
3499 1833 3780 1900 sapientia.
3813 1833 3889 1888 De
3917 1835 4023 1887 tali-

2447 1919 2546 1970 bus
2576 1919 2705 1971 dixit
2736 1917 3031 1989 Gregorius
3062 1919 3430 1974 Nazianzenus
3463 1940 3474 1972 :
3509 1921 3698 1975 Timeo
3736 1924 3837 1975 hoc
3882 1925 4018 1990 quod

2438 2025 2598 2063 canes
2625 2021 2958 2064 asscctantur
2984 2012 3221 2064 officium
3252 2012 3538 2080 pastorale.
3562 2013 3790 2066 maxime
3818 2029 3939 2067 cum
3966 2015 4015 2066 iu

2438 2102 2740 2164 semetipsis
2769 2101 2897 2154 nihil
2929 2103 3208 2170 pastoralis
3249 2104 3674 2168 praeparaverint
3697 2103 4013 2169 disciplina.

2440 2192 2685 2244 Ezechiel
2721 2206 2949 2255 namque
2978 2192 3088 2244 ait:
3128 2191 3216 2246 Va:
3247 2192 3530 2261 pastoribus
3569 2189 3752 2254 Israel,
3785 2195 3873 2261 qui
3903 2211 4016 2260 pas-

2435 2285 2610 2337 cebant
2663 2286 2983 2353 semetipsos,
3035 2295 3080 2338 et
3129 2302 3226 2338 non
3267 2300 3515 2354 gregem:
3561 2287 3637 2338 lac
3683 2285 3941 2350 bibebant,
3973 2296 4018 2340 et

2435 2375 2566 2426 lanis
2596 2391 2772 2426 eorum
2805 2375 3182 2444 operiebantur,
3216 2385 3259 2428 et
3291 2375 3422 2441 quod
3471 2390 3694 2427 crassum
3739 2376 3837 2442 fui:
3875 2391 4017 2427 man-

2434 2465 2860 2531 durabantquod
2893 2465 3114 2532 fractum
3147 2466 3243 2534 fuit
3274 2481 3374 2517 non
3402 2465 3684 2533 alligabunt
3710 2464 3883 2535 (Osca.l
3913 2471 4010 2532 Iv),

2432 2565 2537 2607 etc.
2595 2555 2726 2606 Item
2775 2555 3025 2608 I'Zzechicl
3065 2555 3139 2608 ait
3168 2574 3178 2608 :
3222 2554 3310 2610 Va:
3338 2557 3704 2621 sacerdotibus,
3735 2558 3817 2623 qui
3850 2573 4011 2610 conte-

1798 2664 1916 2715 quae
1973 2649 2226 2703 universa
2278 2649 2329 2702 in
2365 2643 2410 2703 Β
2437 2646 2563 2698 dunt
2608 2647 2785 2712 populi
2817 2648 2914 2700 mei
2943 2658 3167 2718 peccata,
3203 2648 3301 2702 hoc
3329 2657 3432 2713 est,
3459 2650 3557 2702 sibi
3585 2664 3767 2703 eorum
3796 2665 4013 2705 samem

2435 2747 2511 2790 tes
2535 2738 2796 2802 victimas,
2845 2747 2901 2792 et
2939 2753 3045 2792 non
3091 2750 3305 2793 orantes
3351 2755 3448 2806 pro
3497 2741 3596 2793 eis.
3641 2738 4000 2796 Comedentes

2435 2829 2660 2893 hostias,
2694 2839 2747 2883 et
2775 2845 2878 2883 non
2915 2830 3307 2898 corripientes:
3341 2831 3432 2899 qui
3466 2829 3554 2884 ubi
3599 2831 3882 2886 morituros
3911 2833 4005 2886 hoc

2433 2922 2605 2976 mines
2637 2922 2876 2986 audiunt,
2909 2921 3030 2976 inde
3059 2923 3348 2991 gaudentes
3379 2932 3758 2991 prmpztrantse
3772 2925 3839 2978 ad
3867 2939 4004 2988 pra:-

2431 3013 2554 3064 dam
2581 3014 2732 3080 quasi
2754 3013 2899 3066 corvi
2929 3013 2994 3064 ad
3017 3011 3274 3065 cadavera
3301 3025 3651 3066 mortuorum.
3672 3014 3822 3068 Nunc
3845 3032 3994 3084 ergo,

2434 3105 2646 3167 fratres,
2679 3105 2768 3169 qui
2801 3105 3027 3158 voluerit
3050 3115 3075 3151 ε
3105 3103 3492 3159 sacerdontlem
3521 3106 3887 3158 auctoritatem
3915 3123 4003 3161 ac-

2435 3197 2635 3265 cipere,
2672 3199 2720 3250 in
2751 3198 2934 3264 primis
2967 3197 3164 3267 cogitet
3193 3207 3407 3265 propter
3439 3197 3622 3259 Deum,
3654 3206 3706 3250 et
3746 3209 4006 3264 pncparet

2433 3302 2580 3340 arma
2612 3288 2726 3353 ejus
2749 3301 3036 3355 antequam
3068 3301 3257 3339 manus
3285 3287 3520 3356 episcopi
3553 3293 3728 3355 tangat
3751 3297 3926 3354 caput,
3953 3285 4004 3340 id

2430 3386 2535 3442 est,
2577 3377 2910 3446 psalterium,
2963 3377 3354 3438 lcctionariutn,
3405 3377 4007 3444 antiphonarium,mis-

2432 3471 2565 3532 sale,
2599 3471 2986 3538 baptisterium,
3014 3469 3038 3507 ¹³
3070 3471 3532 3540 martyrologinm,
3564 3470 3616 3524 in
3655 3486 3793 3524 anno
3821 3473 4002 3525 circuli

2431 3562 2494 3612 ad
2527 3559 2962 3627 prmdicatioucm
2993 3576 3111 3613 cum
3160 3561 3316 3614 bonis
3360 3561 3628 3628 operibus,
3675 3569 3729 3614 et
3773 3575 4002 3628 compn-

2433 3659 2542 3702 tum
2595 3665 2718 3702 cum
2751 3651 2929 3721 cyclo,
2967 3652 2982 3687 ί
3027 3650 3128 3705 hoc
3176 3661 3252 3705 est
3295 3649 3381 3720 jus
3411 3650 3763 3705 sacerdotum.
3815 3651 4005 3704 l'ostea

2431 3751 2609 3794 autem
2642 3755 2798 3794 suum
2832 3742 3280 3810 poenitentialem,
3322 3743 3411 3809 qtti
3457 3742 3556 3796 hoc
3590 3742 3776 3796 ordine
3814 3756 4004 3796 secun-

2430 3829 2558 3882 dum
2595 3831 2964 3883 auctoritatem
2995 3844 3261 3884 canonum
3299 3829 3598 3893 ordinatur,
3631 3839 3690 3884 ut
3719 3830 3997 3884 discretio-

2431 3933 2527 3974 nes
2553 3920 2792 3973 omnium
2824 3934 3104 3974 causarum
3139 3920 3424 3988 investiget
3457 3919 3722 3988 primitus,
3746 3920 3861 3974 sine
3888 3922 4000 3989 qui-

743 4018 972 4069 miseros
1005 4023 1058 4067 et
1089 4012 1306 4074 divites,
1334 4013 1472 4064 inter
1497 4026 1710 4063 causam
1741 4021 1794 4064 et
1823 4027 2065 4065 causam.
2106 4013 2317 4078 Quanto
2348 3989 2394 4051 (ἶ
2430 4011 2526 4064 bus
2555 4021 2759 4064 rectum
2783 4011 3038 4078 judicium
3071 4025 3175 4064 non
3205 4021 3377 4078 potest
3400 4023 3562 4075 Stare,
3588 4010 3712 4080 quia
3741 4011 3997 4079 scriptum

739 4107 910 4174 magis
937 4105 1118 4174 igitur,
1147 4119 1181 4156 ο
1207 4103 1517 4156 sacerdotes
1550 4102 1663 4168 Dei,
1690 4103 1896 4160 diversa
1931 4105 2322 4158 medicamenta

737 4201 1035 4252 animarum
1071 4195 1419 4249 invisibilium
1469 4195 1776 4249 hominibus
1810 4211 2032 4264 pensare
2077 4206 2132 4250 et
2181 4207 2324 4252 trac-

739 4300 854 4342 tare
882 4293 1148 4356 oparteat,
1190 4302 1254 4338 ne
1288 4300 1379 4352 per
1409 4285 1630 4338 stultum
1661 4285 1928 4338 medicum
1953 4284 2171 4339 vulnera
2202 4286 2320 4340 ani-

734 4393 944 4431 marum
986 4374 1012 4412 ἀ
1045 4375 1174 4429 fiant
1218 4374 1420 4444 pejora,
1467 4373 1731 4441 Pr0pheta
1783 4373 1993 4427 dicente
2036 4391 2048 4426 ι
2098 4372 2323 4444 Compu-

735 4479 965 4523 truerunt
1017 4477 1063 4522 et
1112 4468 1546 4521 deterioraverunt
1602 4466 1866 4517 cicatrices
1922 4481 2048 4518 mea:
2098 4482 2131 4518 a
2183 4465 2314 4533 facie

735 4561 1038 4627 insipientia?
1063 4575 1207 4614 meae.
1243 4561 1286 4612 υ
1325 4559 1488 4612 stulte
1529 4556 1754 4622 medice,
1786 4555 1892 4610 noli
1923 4557 2170 4624 decipere
2197 4557 2319 4610 ani-

739 4669 877 4707 mam
927 4665 1091 4717 tuam,
1131 4661 1186 4706 et
1235 4651 1376 4706 illius
1423 4667 1488 4704 ne
1519 4651 1784 4716 duplicem
1816 4664 2026 4718 poenam
2061 4651 2317 4718 accipies,

741 4757 763 4782 ε
788 4748 870 4801 vel
901 4747 1141 4814 septupla
1165 4747 1246 4800 vel
1274 4745 1510 4798 tnillena.
1545 4743 1678 4797 Audi
1715 4743 1986 4796 Christum
2007 4743 2312 4796 dicentem:

740 4839 801 4894 Si
841 4855 1002 4894 cwcus
1043 4855 1232 4892 circum
1269 4839 1492 4902 duxerit,
1525 4838 1670 4890 ambo
1701 4836 1885 4889 cadent
1918 4837 1968 4888 in
2001 4835 2228 4903 foveam.
2262 4832 2318 4888 Si

738 4943 791 4985 tu
824 4948 926 4985 non
959 4933 1161 5000 cogitas
1199 4929 1452 4996 judicium
1493 4945 1692 4992 meum,
1721 4928 1856 4981 alter
1887 4928 2048 4980 homo
2077 4942 2181 4980 non
2223 4941 2316 4980 au-

737 5020 815 5075 dit
844 5038 1016 5090 ueque
1040 5020 1204 5083 videt,
1235 5019 1326 5088 qui
1351 5017 1675 5087 tnejudicet.
1707 5017 1751 5070 0
1780 5032 1885 5070 non
1917 5015 2166 5084 intelligis
2189 5015 2316 5083 quia

811 5169 834 5195 ο
861 5159 1008 5213 ilunc
1031 5158 1238 5212 titulum
1268 5156 1337 5210 ita
1364 5155 1568 5209 restitui
1595 5169 1658 5207 ex
1691 5155 1754 5208 iis
1785 5168 1902 5222 qua:
1927 5152 1978 5204 in
2008 5151 2310 5204 Prmmoni—

743 5232 883 5283 tione
912 5231 975 5282 ad
1007 5231 1177 5295 Opera
1201 5226 1466 5279 C'inonica
1504 5226 1768 5295 Eegherti
1792 5221 2035 5295 Superius
2059 5221 2309 5295 aninmo—-

743 5301 893 5361 verti,
925 5292 1118 5352 cumvin
1152 5297 1570 5365 prmcedeutihus
1612 5294 1856 5346 nantibus
1885 5292 2078 5365 Lalrhei
2114 5292 2303 5365 editio-

744 5373 896 5423 uibus
929 5371 1130 5422 libellus
1156 5361 1256 5420 iste
1285 5370 1382 5419 sub
1413 5365 1512 5418 hoc
1553 5367 1655 5417 alio
1681 5365 1913 5427 paruerit
1939 5381 1950 5413 ε
1988 5361 2303 5414 Venerabilis

743 5439 894 5492 Beda:
917 5439 1205 5507 Presbyteri
1233 5437 1482 5494 (Iunones,
1514 5446 1616 5507 etc.
1652 5436 1952 5507 [‘ortionem
1977 5444 2151 5507 autem
2187 5445 2309 5482 cs~e

742 5512 1010 5578 atnpliorls
1058 5503 1246 5572 Operis
1289 5509 1354 5558 ab
1404 5506 1661 5570 Ecabcrto
1704 5506 1954 5567 confecti,
1997 5503 2192 5556 ibidem
2245 5515 2306 5552 ex

745 5581 1017 5633 llalleriuis
1048 5578 1317 5632 admonui.
1355 5578 1539 5629 Max-t.

812 5649 835 5688 δ
862 5652 1076 5714 Pmnit.,
1108 5649 1224 5700 aliis
1255 5648 1589 5709 clccmosuuas
1625 5644 1809 5696 dando.

813 5735 832 5753 "
867 5721 1076 5778 I‘oenit.,
1110 5719 1176 5769 ttd
1204 5720 1387 5768 anima:
1416 5719 1646 5768 saluium.

809 5789 830 5821 ά
870 5790 1078 5855 l’a:nit.,
1116 5797 1423 5857 pulpam)”,
1454 5799 1552 5838 etc.

817 5868 833 5891 '
873 5860 1039 5913 l'tL‘l'll
1073 5901 1084 5924 ,
1115 5861 1182 5910 t‘cl
1211 5858 1466 5926 srptup'us
1498 5858 1566 5908 (τί
1596 5859 1838 5910 iiii/(citas.

2426 4111 2546 4154 est:
2581 4100 2646 4154 In
2676 4100 2823 4153 nulla
2863 4115 2919 4154 re
2945 4115 3194 4170 apparens
3233 4100 3558 4164 indiscretus,
3599 4099 3692 4152 sed
3735 4098 3999 4168 disuuguc

2427 4192 2576 4260 quid,
2613 4192 2724 4258 ubi,
2759 4191 3022 4259 quandiu,
3047 4190 3282 4258 quando,
3315 4189 3544 4260 qualiter
3571 4189 3768 4244 debeas
3798 4192 3994 4244 facere.

2425 4283 2540 4337 Non
2567 4282 2820 4336 omnibus
2840 4295 2968 4351 ergo
2997 4281 3048 4336 in
3073 4297 3176 4334 una
3203 4280 3496 4349 cadentque
3517 4278 3649 4334 libra
3672 4280 3994 4346 pensandum

2424 4380 2528 4437 est,
2561 4372 2686 4426 licet
2727 4371 2777 4424 in
2807 4385 2914 4426 uno
2941 4371 3374 4440 constringautur
3405 4369 3574 4423 vitio:
3614 4370 3706 4423 sed
3741 4369 3990 4424 discretio

2423 4466 2494 4518 sit
2525 4477 2846 4531 unoquoque
2869 4477 3076 4526 eorum,
3107 4463 3208 4515 hoc
3233 4470 3318 4515 est
3345 4460 3482 4514 inter
3512 4457 3733 4513 divitem
3760 4469 3813 4513 et
3862 4474 3988 4526 pau-

2425 4571 2604 4626 perem
2633 4575 2647 4623 ;
2679 4557 2930 4620 liberum,
2975 4568 3214 4614 servum.
3252 4552 3530 4616 infantem,
3565 4565 3812 4620 puerum,
3857 4553 3999 4617 juveo

2424 4666 2565 4715 nem,
2595 4649 3014 4714 adolescentem,
3043 4656 3200 4702 aetate
3221 4661 3427 4714 senem,
3449 4646 3720 4707 hebetem,
3739 4659 3990 4714 gnarum;

2424 4742 2638 4807 laicum,
2673 4743 2953 4806 clericum,
2996 4737 3342 4802 monachum,
3365 4738 3696 4806 episcOputu,
3727 4737 3990 4804 presbyte-

2421 4849 2562 4897 rum,
2589 4834 2894 4896 diaconum,
2929 4830 3334 4894 subdiaconum,
3375 4829 3664 4891 lectorem;
3708 4826 3761 4879 in
3806 4824 3984 4894 gradu,

2420 4933 2502 4986 vel
2532 4930 2682 4992 sine;
2715 4929 2767 4982 in
2795 4928 3070 4997 coniugio,
3103 4927 3184 4981 vel
3217 4926 3368 4989 sine;
3401 4923 3762 4992 peregrinum,
3791 4922 3806 4972 ι
3839 4921 3989 4991 virgi-

2421 5037 2566 5088 nem,
2616 5023 2888 5083 feminam,
2917 5019 2941 5057 ιι
2977 5018 3312 5084 canonicam,
3346 5015 3428 5071 vel
3459 5014 3920 5071 sanctimonialem
3945 5011 3987 5078 ι,

2497 5221 2514 5257 ί
2548 5221 2766 5286 Pms.it.,
2797 5221 2980 5272 dit-ium
3018 5217 3355 5285 fortitudinis.

2495 5303 2515 5331 κ
2554 5291 2770 5353 Ρωιιίι.,
2798 5292 3076 5343 sacci-detis
3105 5303 3280 5340 nomen
3307 5286 3508 5338 habere.

2497 5363 2519 5397 ἰ
2552 5363 2769 5426 lubuit"
2801 5371 3065 5426 computus
3093 5374 3252 5410 canon
3283 5354 3660 5421 paenitentialis.

2497 5432 2509 5468 ί
2550 5433 2764 5495 Γωιιὶι.,
2805 5425 2923 5483 tum
2952 5425 3467 5480 commendationibus
3491 5429 3805 5490 animarum,
3835 5427 3983 5477 homi-

2421 5504 2512 5554 Iius
2540 5519 2627 5570 per
2648 5502 2893 5555 circulum
2919 5499 3038 5552 anui
3073 5497 3349 5550 Dominicis
3378 5498 3553 5550 diebus
3581 5506 3629 5548 et
3653 5496 3869 5567 singulis
3896 5497 3984 5564 fes-

2423 5569 2696 5626 ttt-itatibus
2727 5573 2951 5642 plebibus
2983 5569 3360 5635 pm'dicandus.

2493 5655 2505 5692 t
2549 5645 2762 5705 l’tnnit.,
2797 5643 3112 5710 indigenam.

2489 5717 2511 5751 ί
2543 5716 2756 5776 l’mntl.,
2792 5714 3014 5764 viduam.

2502 5784 2508 5816 ⁵
2554 5784 2765 5845 Γαιηηη
2799 5782 3119 5834 Monachum.
