4168 6528
218 395 331 449 ιιΐί

1184 385 1497 440 (JANONES
1541 385 1626 440 DE
1669 383 1990 441 llEMEDllS
2032 382 2516 442 PECCATORL'M.

3398 391 3499 448 HG

221 504 478 566 debilem,
513 501 802 561 lulirmum,
838 512 1048 552 sanum.
1109 496 1185 551 De
1233 496 1490 566 qualitate
1549 495 1806 563 pecudum
1840 499 1892 556 Α
1917 507 2122 565 septem
2163 511 2331 552 annos
2380 499 2673 565 poeniteat:
2711 501 2752 552 si
2783 509 3040 566 matrem,
3075 513 3279 570 septem
3311 518 3502 574 annos,

221 602 312 657 vel
345 600 638 660 hominum,
665 596 950 651 continens
978 594 1058 648 vel
1088 592 1453 656 incontinens,
1487 590 1759 644 voluntate
1786 599 1807 624 ἰ

221 691 310 746 vel
370 691 420 744 in
476 704 632 752 casu,
688 688 738 740 iii
792 687 1005 755 publico
1039 685 1119 738 vel
1172 687 1224 736 in
1279 682 1613 748 abscondito,
1663 681 1812 750 quasi

223 781 644 850 compunctione
671 778 924 833 emendet
956 775 1276 830 necessitate
1309 774 1391 825 vel
1430 775 1479 825 iii
1505 775 1778 825 voluntate
1801 811 1815 832 ,

221 878 342 929 loca
386 885 440 929 et
493 888 734 941 tempora
782 871 1128 927 collatiounni
1185 868 1582 922 constituerunt
1640 863 1812 918 sancti

220 965 480 1035 apostoli.
515 963 715 1019 Deinde
739 962 908 1016 sancti
935 962 1140 1022 Patres,
1170 969 1222 1013 et
1241 967 1459 1012 sanctus
1485 954 1769 1009 Penuﬁusb
1796 972 1808 1008 :

220 1056 424 1112 deinde
473 1071 708 1111 canones
768 1064 1074 1108 sanctorum
1148 1052 1402 1111 Patrum,
1475 1049 1672 1102 deinde
1723 1047 1809 1099 alii

221 1157 391 1216 atque
429 1149 541 1212 alii,
577 1158 634 1200 ut
672 1146 1050 1216 Hieronymus,
1094 1152 1147 1197 et
1193 1143 1545 1211 Augustinus,
1591 1147 1648 1194 et
1678 1137 1813 1193 Gre-

220 1243 431 1310 gorius,
465 1251 518 1295 et
547 1241 890 1295 Theodorus.
932 1238 1008 1293 Ex
1042 1252 1266 1305 quorum
1313 1237 1550 1290 omnium
1586 1233 1685 1287 ista
1720 1233 1811 1285 de-

219 1329 543 1398 scripsimus
567 1330 724 1384 dictis
753 1340 805 1383 et
835 1329 1115 1383 sententiis
1138 1328 1420 1392 veraciter,
1457 1335 1513 1378 ut.
1537 1325 1674 1378 salvi
1703 1325 1810 1376 sint

221 1437 438 1483 omnes,
480 1431 534 1476 et
581 1437 684 1474 non
717 1421 1106 1488 pusillanimes,
1163 1419 1282 1488 quia
1331 1428 1555 1486 potentes
1585 1427 1812 1484 potenter

219 1527 475 1570 tormenta
508 1518 766 1582 patientur
786 1515 940 1585 (Sap.
959 1513 1056 1582 vi).
1087 1513 1213 1567 Item
1235 1511 1285 1564 in
1309 1510 1438 1564 Jesu
1460 1510 1549 1562 lilii
1583 1509 1770 1563 Siracli
1798 1527 1806 1559 :

219 1609 289 1662 In
324 1609 616 1679 judicando
643 1617 749 1661 este
781 1609 1083 1666 misericors,
1115 1605 1318 1671 pusillis
1367 1612 1420 1654 ut
1454 1612 1614 1669 pater,
1647 1611 1692 1653 et
1723 1616 1812 1664 pro

216 1703 334 1756 uiro
365 1702 516 1752 matri
549 1700 758 1752 illorum
787 1698 1006 1758 (Eccles.
1039 1700 1135 1763 iv).
1172 1695 1302 1748 Item
1331 1701 1546 1746 Sanctus
1573 1691 1814 1746 Jacobus

216 1793 399 1846 dixit:
430 1789 696 1844 Iudicium
731 1793 841 1842 sine
871 1789 1226 1842 misericordia
1263 1787 1354 1840 erit
1385 1785 1464 1838 illi
1492 1785 1578 1851 qui
1607 1800 1705 1836 non
1735 1787 1812 1851 fa-

217 1884 288 1935 cit
341 1883 790 1946 misericordiam;
846 1880 1193 1949 siiperexaltat
1241 1889 1409 1930 autem
1462 1876 1809 1927 misericordia
1852 1862 1893 1921 Β

208 1976 473 2045 judicium
525 1973 666 2043 (Jac.
723 1975 781 2042 ii)
839 1985 896 2026 ut
943 1971 1083 2025 idem
1141 1974 1253 2038 ipse
1296 1976 1703 2035 consequatur:
1755 1977 1814 2020 ut

215 2077 440 2121 sanctus
472 2066 819 2128 Benedictus,
853 2066 953 2117 hoc
1001 2075 1084 2116 est
1111 2063 1198 2132 qui
1224 2077 1402 2116 veram
1437 2060 1810 2125 paenitentiam

215 2157 423 2212 faciunt
453 2157 503 2211 in
532 2157 740 2225 jejunio
764 2165 819 2208 et
849 2157 997 2217 fletu,
1037 2156 1088 2206 in
1123 2153 1506 2222 eleemosynis,
1535 2152 1586 2204 in
1616 2148 1814 2202 oratio-

215 2248 399 2316 nibus,
425 2257 478 2302 et
505 2256 812 2316 perpetrata
838 2249 1027 2300 iterum
1049 2261 1152 2300 non
1188 2244 1386 2299 iaciunt
1406 2261 1420 2308 ;
1442 2253 1495 2296 et
1518 2244 1560 2295 si
1585 2241 1807 2306 faciunt,

213 2351 396 2395 tamen
448 2354 552 2394 non
603 2347 947 2407 perseverant
999 2337 1048 2388 in
1096 2337 1216 2397 eis,
1268 2335 1392 2404 quia
1443 2333 1584 2388 Deus
1635 2333 1807 2386 dixit:

216 2432 423 2484 Malum
466 2432 721 2500 cogitasti,
757 2431 959 2500 ignoui:
991 2429 1181 2480 malum
1211 2426 1412 2489 dixisti,
1446 2425 1654 2494 ignoui;
1704 2441 1813 2475 ma—

215 2523 324 2574 lum
374 2522 574 2590 fecisti,
628 2521 831 2591 ignavi;
882 2533 1201 2586 perseverare
1253 2517 1324 2570 vis
1379 2517 1430 2567 iii
1488 2515 1656 2578 malo,
1711 2531 1809 2565 non

214 2613 450 2682 ignosco.
483 2611 622 2678 Ergo
648 2609 736 2679 qui
774 2618 1118 2676 perseverant
1150 2609 1200 2661 in
1237 2606 1400 2673 malo,
1434 2621 1537 2658 non
1569 2605 1807 2674 ignosce,

214 2703 310 2757 sed
334 2702 538 2770 .judica
577 2701 835 2769 judicium
877 2701 1180 2754 districtum
1211 2697 1506 2753 secundum
1549 2712 1806 2763 canones,

216 2801 274 2847 ut
296 2793 389 2846 alii
426 2793 670 2846 timorem
704 2789 955 2843 habeant.

723 2883 782 2937 ll.
842 2881 916 2935 De
946 2882 1301 2950 fornicatione.

293 2987 316 3015 ο
347 2973 677 3030 Adolescens
726 2974 773 3028 si
814 2989 934 3028 cum
983 2973 1187 3042 virgine
1230 2974 1558 3042 peccaverit,
1606 2988 1804 3027 annum

218 3081 386 3118 unum
422 3068 700 3134 pmniteat.
725 3065 779 3117 Si
806 3064 972 3118 semel
1003 3073 1058 3118 et
1083 3064 1324 3127 fortuito,
1361 3065 1613 3127 levietur,
1643 3075 1696 3118 et
1729 3074 1806 3116 ta-

211 3172 337 3212 men
370 3171 536 3224 usque
582 3155 649 3209 ad
700 3170 901 3208 annum
936 3156 1178 3223 plenum.
1215 3155 1270 3211 Si
1315 3157 1451 3209 intra
1495 3157 1678 3225 viginti
1711 3171 1806 3208 an-

212 3262 314 3301 nos
348 3247 522 3316 puella
555 3247 893 3312 adolescens,
927 3256 1036 3300 tres
1065 3246 1520 3316 quadragesimas,
1556 3259 1609 3302 et
1642 3246 1799 3300 ferias
1835 3217 1879 3278 C

213 3339 510 3409 legitimas.
540 3339 594 3393 Si
631 3347 852 3406 propter
882 3338 982 3392 hoc
1011 3349 1287 3407 peccatum
1317 3340 1536 3392 servitio
1566 3341 1799 3391 humano

211 3429 387 3484 additi
419 3439 564 3492 sunt,
599 3430 951 3498 quadraginta
993 3429 1106 3482 dies
1137 3446 1147 3480 :
1183 3431 1225 3481 si
1271 3430 1449 3481 nitens
1483 3438 1709 3490 tantum,
1755 3437 1808 3481 et

210 3536 318 3575 non
377 3521 788 3587 coiuquinatus,
832 3521 1017 3589 viginti
1063 3520 1178 3573 dies
1228 3520 1502 3587 poeniteat.
1547 3520 1598 3572 Si
1651 3521 1803 3572 vidua

209 3613 522 3677 obstuprata
550 3653 564 3675 ,
608 3627 809 3664 annum
852 3619 1020 3663 totum
1052 3650 1067 3674 ,
1123 3620 1176 3664 et
1223 3611 1338 3663 dies
1381 3610 1706 3679 jejunioruni
1751 3612 1802 3663 iii

207 3706 422 3758 altero:
458 3705 504 3757 si
538 3719 702 3773 usque
743 3704 808 3757 ad
839 3714 1152 3773 generatum
1196 3704 1386 3767 lilium,
1438 3718 1610 3756 annos
1663 3704 1799 3756 duos

212 3799 540 3866 integros,et
569 3797 702 3849 duos
725 3798 858 3850 alios
891 3796 1078 3850 levius.
1115 3797 1169 3849 Si
1196 3807 1248 3849 et
1281 3795 1596 3860 occiderint,
1634 3810 1802 3849 annos

211 3895 342 3951 trcs,
377 3895 433 3941 et
472 3885 607 3941 alios
649 3899 876 3956 quatuor
916 3889 1104 3941 levius.
1151 3889 1209 3942 Si
1240 3889 1536 3941 monachus
1587 3887 1798 3950 laicam,

210 3988 319 4032 tres
349 3994 522 4032 annos
553 3982 840 4047 paeniteat;
888 3980 976 4033 illa
1017 3979 1174 4044 duos,
1233 3989 1287 4033 et
1320 3980 1585 4046 legitimas
1618 3981 1798 4033 ferias.

207 4070 266 4124 Si
295 4071 620 4124 monacham
647 4073 835 4136 laicus,
866 4073 999 4126 duos
1027 4086 1200 4125 annos
1233 4073 1512 4138 paeniteat,
1547 4082 1600 4126 et
1623 4073 1801 4141 legiti-

206 4177 323 4217 mas
358 4161 558 4228 ferias;
594 4163 681 4216 illa
712 4174 838 4217 tres.
872 4163 928 4218 Si
957 4179 1126 4232 usque
1153 4163 1219 4217 ad
1253 4173 1566 4232 generatum
1603 4165 1792 4228 filiuni,

205 4267 383 4305 annos
415 4261 641 4320 quatuor
676 4270 687 4303 :
720 4253 762 4306 si
793 4262 847 4305 et
886 4253 1206 4316 occiderint,
1242 4261 1446 4320 septem
1477 4265 1651 4304 annos
1685 4266 1800 4317 pm-

208 4347 400 4399 niteat.
432 4345 487 4398 Si
515 4360 634 4413 quis
667 4359 866 4398 vacans
906 4345 1126 4398 alterius
1152 4359 1379 4396 uxorem
1411 4344 1616 4410 polluit,
1667 4343 1801 4395 duos

207 4452 382 4490 annos
413 4439 692 4504 paeniteat.
718 4436 776 4491 Si
807 4448 1063 4491 uxoratus
1095 4436 1377 4505 virginem,
1416 4431 1696 4487 similiter:
1731 4436 1799 4486 ita

209 4538 267 4581 ut
313 4529 492 4596 primo
523 4527 712 4580 horum
750 4542 778 4581 a
810 4542 903 4581 sua
937 4527 1229 4592 contineat,
1274 4526 1319 4579 si
1351 4525 1400 4580 ei
1431 4526 1796 4586 consenserit;

210 4618 452 4686 alioquin
509 4619 739 4672 addatur
787 4619 976 4673 modus
1018 4617 1370 4686 pteuitentiie.
1426 4615 1482 4670 Si
1536 4624 1798 4669 uxoratus

207 4726 436 4766 uxorem
459 4711 704 4776 alterius,
739 4722 847 4766 tres
878 4727 1050 4766 annos
1083 4713 1373 4780 paeniteat:
1407 4711 1580 4778 primo
1610 4709 1796 4764 lioruin

206 4820 233 4853 a
265 4804 482 4871 propria
530 4803 900 4858 consentiente
933 4801 1225 4856 abstineat.
1257 4800 1312 4857 Si
1345 4811 1598 4855 uxoratus
1631 4803 1800 4855 ancil-

209 4895 312 4948 lam
362 4909 542 4958 suam,
575 4908 774 4948 annum
806 4909 968 4948 unum
1001 4899 1282 4961 pteniteat,
1316 4903 1372 4947 et
1418 4905 1525 4948 tres
1572 4893 1798 4962 quadra-

207 4988 462 5053 gesimas,
495 4996 546 5042 et
576 4986 841 5056 legitimas
873 4985 1034 5039 ferias
1067 4985 1237 5038 tribus
1267 4985 1542 5038 mensibus
1585 4985 1794 5053 primis,

207 5087 259 5130 et
285 5093 312 5128 a
338 5091 436 5130 sua
468 5091 524 5130 se
547 5076 841 5132 contineat.
874 5075 964 5130 Illa
991 5077 1034 5130 si
1066 5076 1230 5129 invita
1255 5089 1408 5144 passa
1434 5083 1537 5143 est,
1564 5076 1798 5144 quadra-

208 5171 350 5232 ;zinta
384 5168 499 5222 dies
534 5168 792 5237 pteniteat
824 5187 834 5220 :
868 5169 912 5223 si
943 5168 1309 5233 consentiens,
1359 5177 1470 5222 tres
1501 5170 1798 5238 quadrage-

208 5262 394 5323 simas,
441 5271 495 5315 et
527 5260 792 5330 legitimas
829 5259 1011 5316 ferias.
1055 5260 1109 5316 Si
1158 5259 1506 5325 adolescens,
1551 5274 1793 5318 Sororem

278 5408 303 5437 ι
337 5399 558 5464 Pcenit.,
591 5400 869 5461 roluntato,
899 5402 1191 5454 necessitate
1219 5399 1293 5452 vel
1323 5414 1466 5453 casu.

279 5472 301 5506 "
335 5471 556 5533 νωυῑπ..
599 5469 938 5534 Paphnutius.

284 5553 305 5580 ε
340 5543 534 5597 Multos
572 5556 636 5594 ex
663 5542 956 5594 canonibus
990 5541 1144 5610 hujus
1177 5542 1617 5610 sequentinmque
1649 5542 1793 5610 capi-

219 5622 326 5666 tum
362 5614 600 5677 reperire
639 5623 722 5666 est
763 5613 900 5679 apud
935 5613 1284 5676 Btircardutn,
1329 5612 1564 5670 Ivonem,
1604 5615 1792 5666 AllSei-

215 5699 380 5747 nium,
416 5683 752 5744 Gratianum,
793 5684 1126 5737 Panormiaui
1175 5685 1482 5750 similemue
1519 5683 1653 5749 juris
1702 5698 1789 5734 ea-

216 5758 383 5808 ltolllCl
419 5758 860 5822 promoswnilox,
893 5765 950 5807 ut
1003 5753 1302 5807 θυεμ-νίκη
1340 5753 1397 5804 \'.
1434 5759 1490 5806 tl.
1527 5757 1787 5809 Antonius

215 5828 540 5894 Augustinus
568 5824 622 5880 iii
652 5827 790 5882 notis
818 5827 883 5880 ad
916 5825 1011 5879 hoc
1049 5823 1422 5892 Pfl'itilt'ttii‘c‘itf.

1920 595 1971 640 et
1994 587 2224 654 quandiu
2261 586 2473 651 vixerit,
2505 604 2773 659 nunquam
2808 593 2924 646 sine
2952 595 3290 658 pmnitentia.
3324 597 3379 649 Si
3412 613 3498 650 so-

1917 678 2155 744 domitre,
2202 695 2370 734 annos
2403 691 2643 748 septem;
2694 683 2736 736 si
2786 683 2838 736 in
2887 687 3294 753 consuetudine,
3330 702 3498 741 annos

1917 781 2154 838 septem;
2189 773 2268 824 vel
2299 775 2341 825 si
2376 772 2692 836 monachus,
2743 789 2911 829 annos
2942 787 3162 844 septem.
3215 779 3317 842 Qui
3370 794 3492 832 cum

1917 863 2120 930 pecude
2152 873 2354 932 peccat,
2380 879 2578 916 annum
2611 881 2804 929 unum;
2837 870 2879 919 si
2907 868 3200 921 monachus
3227 879 3329 933 est,
3353 871 3494 924 duos

1917 969 2103 1007 annos.
2139 957 2237 1022 Qui
2282 970 2426 1021 saepe
2460 955 2789 1011 fornicamur
2823 958 2987 1011 laicus
3018 975 3137 1012 cum
3189 960 3339 1023 lait-a,
3385 971 3494 1016 tres

1917 1062 2084 1102 annos
2121 1049 2432 1114 pmiiiteant,
2459 1057 2513 1102 et
2544 1061 2744 1117 quanto
2773 1051 2970 1120 smpiiis
3003 1062 3092 1104 aut
3121 1053 3492 1121 negligentius,

1919 1151 2066 1194 tanto
2096 1145 2262 1209 magis
2292 1152 2347 1197 et
2379 1153 2588 1211 tempus
2623 1143 2784 1197 addat
2815 1155 2866 1198 et
2893 1145 3134 1200 modum.
3169 1146 3268 1210 Qui
3293 1146 3496 1200 diutius

1919 1234 2278 1297 fornicationi,
2325 1237 2586 1304 perjurio,
2628 1237 2947 1302 latrociniis,
2984 1240 3302 1308 cmtcrisqne
3347 1241 3500 1310 ﬂagi-

1919 1331 2002 1381 liis
2033 1329 2287 1392 servivit,
2332 1344 2499 1383 annos
2563 1341 2766 1399 septem
2794 1333 3066 1398 pteniteat.
3092 1335 3498 1402 Quicomplexu

1920 1423 2130 1475 feminae
2178 1423 2519 1488 illeceliroso,
2558 1426 2638 1475 vel
2675 1425 2861 1477 osculo
2913 1427 3186 1492 polluitur,
3237 1429 3349 1480 dies
3401 1428 3495 1479 tri-

1919 1514 2059 1581 ginta
2099 1516 2376 1580 pteniteat.
2418 1515 2514 1578 Qui
2559 1525 2809 1567 contactu
2861 1517 2977 1584 ejus
3026 1519 3383 1571 inveret-uudo
3430 1519 3496 1572 ad

1919 1619 2160 1667 carnem,
2197 1616 2306 1658 tros
2350 1620 2562 1658 nienses
2611 1606 2886 1672 pmniteat.
2927 1608 3061 1662 Puer
3106 1625 3164 1662 se
3205 1610 3373 1677 ipsum
3406 1625 3501 1664 vo-

1923 1694 2120 1748 luntate
2146 1696 2406 1761 polluens,
2432 1697 2642 1763 triginta
2671 1697 2786 1749 di‘es
2811 1701 3093 1764 pteniteat;
3123 1701 3335 1768 juvenis
3361 1718 3488 1771 qua-

1919 1787 2196 1856 draginta.
2256 1788 2354 1852 Qui
2413 1788 2462 1839 in
2521 1787 2844 1854 ttirpiloquio
2903 1791 3154 1858 polluitur
3205 1794 3501 1861 negligens,

1921 1895 2128 1952 septem
2154 1884 2268 1938 dies
2298 1886 2572 1952 pmniteat.
2607 1885 2708 1952 Qui
2743 1885 3140 1954 imptignatione
3168 1885 3506 1954 cogitationis

1922 1988 1973 2028 et
2003 1986 2206 2028 naturae
2240 1979 2546 2042 inquinatur
2579 1979 2788 2038 nolens,
2824 1991 2917 2044 per
2943 1988 3173 2044 quatuor
3206 1977 3320 2030 dies
3349 1979 3504 2045 quin-

1920 2080 2193 2134 quagenos
2227 2067 2459 2133 psalmos
2505 2075 2686 2131 canat,
2742 2076 2795 2120 et
2847 2077 3032 2135 quarta
3073 2077 3126 2121 et
3173 2077 3320 2121 sexta
3373 2067 3503 2120 feria

1917 2159 2124 2226 jejnnet
2156 2161 2217 2212 ad
2266 2175 2463 2213 nonani
2493 2159 2574 2214 vel
2605 2159 2669 2212 ad
2698 2175 3001 2227 vesperam.
3043 2159 3143 2226 Qui
3176 2161 3225 2212 in
3276 2161 3504 2214 ecclesia

1919 2261 2238 2306 consecrata
2292 2250 2542 2304 nubunt:
2587 2252 2673 2318 qui
2725 2251 2777 2303 in
2822 2250 3043 2303 ecclesia
3096 2265 3190 2316 per
3232 2249 3502 2302 somnium

1919 2341 2196 2406 polluitur,
2243 2351 2350 2394 tres
2407 2341 2522 2394 dies
2579 2341 2862 2406 pmniteat;
2924 2351 3176 2393 uxoratus
3233 2341 3505 2393 contineat

1916 2446 1974 2483 sc
2020 2433 2371 2498 quadraginta
2429 2431 2543 2486 dies
2581 2433 2706 2485 anui
2768 2445 2891 2486 ante
2963 2433 3164 2486 Pascha
3213 2443 3268 2487 et
3314 2433 3502 2487 Natale

1919 2521 2156 2583 Domini;
2202 2532 2257 2577 et
2301 2523 2450 2574 omni
2481 2522 2568 2575 die
2615 2522 2913 2588 Dominico,
2961 2532 3014 2576 et
3054 2534 3242 2590 quarta
3269 2533 3320 2576 et
3349 2533 3502 2576 sexta

1917 2609 2046 2662 feria
2078 2627 2104 2661 a
2139 2611 2494 2678 conceptione
2533 2612 2889 2675 manifestata,
2945 2626 3113 2679 usque
3158 2621 3276 2680 post
3325 2624 3502 2665 natam

1916 2702 2181 2752 sobolem.
2224 2701 2314 2754 V'ir
2365 2703 2634 2755 contineat
2677 2717 2736 2756 se
2766 2705 2832 2755 ab
2864 2718 3028 2756 uxore
3116 2712 3233 2756 tres
3263 2718 3500 2757 menses.

1919 2791 2064 2847 Uxor
2094 2802 2214 2860 post
2245 2805 2421 2846 natam
2467 2793 2707 2846 sobolem
2753 2793 3021 2847 abstineat
3068 2807 3126 2846 se
3155 2794 3220 2846 ab
3251 2794 3501 2857 ecclesia,

1915 2885 1957 2936 si
1993 2884 2133 2936 ﬁlius
2166 2894 2267 2950 est,
2317 2884 2432 2938 dies
2479 2885 2716 2951 triginta,
2747 2884 2789 2936 si
2827 2885 2933 2936 lilia
2984 2885 3361 2952 quadraginta.
3392 2884 3499 2938 Sed

1915 2976 1967 3028 iii
1999 2985 2239 3043 tempore
2265 2977 2525 3028 menstrui
2543 2975 2838 3043 sanguinis,
2871 2990 2994 3028 nam
3014 2978 3101 3043 qui
3129 2984 3251 3028 tunc
3272 2973 3297 3010 ἀ
3319 2990 3504 3042 sump-

1913 3069 2064 3129 seiit,
2100 3069 2314 3129 triginta
2337 3067 2451 3120 dies
2475 3068 2858 3134 pteuiieat,qui
2884 3076 3087 3134 septem
3118 3067 3252 3120 dies.
3281 3067 3500 3132 Parens,

1913 3157 2064 3225 cujus
2108 3157 2245 3209 filius
2287 3172 2380 3225 per
2431 3158 2805 3224 negligentiam
2855 3173 2960 3209 non
3012 3157 3312 3223 baptizatus
3341 3157 3497 3220 obiit,

1913 3263 2077 3301 unum
2111 3262 2308 3300 annum
2339 3248 2617 3315 patiiiteat,
2647 3257 2701 3300 et
2731 3263 2999 3316 nunquam
3030 3249 3148 3302 sine
3175 3248 3350 3318 aliqua
3386 3263 3499 3314 pae-

1914 3339 2156 3390 nitentia.
2202 3337 2256 3390 Si
2303 3337 2578 3400 sacerdos,
2608 3335 2672 3388 ad
2703 3351 2863 3404 quem
2913 3338 3235 3404 pertinebat,
3282 3347 3501 3392 vocatus

1913 3430 2102 3482 venire
2133 3429 2450 3495 neglexerit,
2488 3429 2600 3492 ipse
2632 3427 2702 3480 ob
2731 3428 3129 3482 damnationem
3176 3429 3367 3482 anima:
3413 3429 3500 3495 ju-

1911 3518 2051 3571 dicio
2099 3518 2335 3586 episcopi
2365 3518 2444 3569 sui
2479 3518 2783 3586 castigctur.
2834 3518 2940 3572 Sed
2988 3520 3038 3570 in
3083 3519 3333 3571 omnibus
3374 3518 3502 3572 licet

1914 3609 2182 3668 fidelibus,
2217 3608 2303 3661 tibi
2356 3608 2493 3660 forte
2539 3608 2826 3661 morituros
2855 3608 3156 3661 invenerint
3186 3624 3290 3662 non
3323 3609 3498 3677 bapti-

1915 3709 2083 3758 zatos,
2117 3697 2224 3750 imo
2255 3709 2576 3764 praeceptum
2619 3708 2723 3762 est,
2754 3699 2957 3752 animas
2987 3701 3195 3767 eripere
3223 3716 3251 3752 a
3281 3701 3496 3753 diabolo

1913 3805 2006 3854 per
2037 3789 2298 3856 baptisma
2331 3807 2342 3841 :
2378 3790 2428 3842 id
2460 3798 2562 3852 est,
2588 3789 2926 3845 benetlietam
2957 3792 3270 3860 simpliciter
3301 3808 3494 3860 aquam

1913 3881 1962 3930 in
2001 3880 2213 3933 nomine
2249 3881 2482 3942 Domini,
2512 3882 2782 3946 baptizare
2818 3883 2936 3936 illos
2968 3884 3018 3936 iii
3054 3885 3268 3937 nomine
3301 3881 3497 3947 Patris,

1909 3980 1963 4026 et
2001 3972 2139 4035 Filii,
2173 3981 2226 4026 ct
2259 3972 2488 4040 Spiritus
2537 3976 2727 4026 sancti.
2771 3975 2998 4028 lntincto
3026 3986 3203 4029 autem
3243 3976 3498 4044 superfu-

1910 4079 2000 4118 sus
2023 4081 2182 4133 aqua,
2216 4067 2355 4118 unde
2383 4074 2604 4133 Oportet
2631 4081 2725 4119 eos
2756 4067 2845 4135 qui
2882 4077 3130 4136 possunt,
3167 4069 3351 4122 fideles
3383 4085 3500 4120 mo-

1910 4171 1993 4210 na;
2017 4155 2114 4209 lios
2165 4160 2415 4219 maxime,
2445 4169 2496 4210 et
2525 4158 2806 4210 scientiam
2841 4159 3037 4211 habere
3085 4159 3411 4227 baptizandi,
3443 4170 3497 4211 et

1909 4250 1952 4299 si
2007 4249 2214 4316 longius
2267 4248 2460 4302 alicubi
2497 4250 2748 4314 exierint,
2794 4257 2819 4287 ⁸
2849 4250 3234 4304 eucharistiam
3282 4265 3497 4319 semper

1905 4353 2089 4393 secum
2119 4340 2337 4395 habere.

2445 4431 2528 4486 ΙΙΙ.
2572 4431 2648 4486 De
2691 4434 2961 4488 occisione.

1987 4520 2142 4586 fQui
2194 4524 2454 4578 occiderit
2505 4528 2824 4578 monachum
2875 4535 2965 4580 aut
3020 4526 3297 4593 clericum,
3345 4542 3492 4583 arma

1909 4613 2192 4682 relinquat,
2223 4624 2277 4667 et
2309 4615 2417 4670 Deo
2448 4617 2676 4683 serviat,
2732 4619 2812 4670 vel
2853 4629 3058 4686 septem
3101 4634 3268 4673 annos
3315 4621 3494 4686 paeni-

1911 4719 2035 4760 teat.
2067 4708 2164 4772 Qui
2213 4707 2431 4773 Iaicum,
2464 4710 2573 4762 odii
2628 4713 2994 4770 meditatione.
3039 4715 3119 4765 vel
3161 4715 3494 4780 possidenda:

1916 4799 2249 4853 litereditalis
2280 4802 2416 4868 ejus,
2469 4816 2644 4854 annos
2694 4814 2940 4870 quatuor.
2978 4803 3076 4870 Qui
3124 4821 3217 4872 pro
3263 4807 3492 4857 vindicta

1913 4892 2113 4955 fratris,
2170 4907 2332 4945 unum
2374 4907 2594 4945 annum.
2642 4892 2708 4945 Et
2743 4894 2794 4946 in
2837 4894 3185 4962 sequentibus
3217 4894 3352 4948 ducs
3397 4910 3492 4946 au-

1908 4999 2042 5048 nos,
2097 4993 2205 5038 tres
2245 4987 2680 5055 quadragesimas
2737 5001 2798 5040 ac
2839 4987 3101 5056 legitimas
3164 4988 3341 5042 ferias.
3390 4988 3490 5054 Qui

1905 5090 1997 5144 per
2046 5076 2178 5130 iram
2231 5077 2461 5131 subitam
2503 5088 2557 5132 et
2605 5079 2798 5143 rixam,
2855 5089 2962 5134 tres
3006 5094 3173 5134 annos
3213 5081 3486 5148 poeniteat.

1904 5169 2003 5234 Qui
2034 5185 2185 5234 casti,
2233 5186 2394 5224 unum
2428 5186 2649 5226 annum.
2699 5171 2798 5238 Qui
2840 5171 2890 5224 iti
2923 5172 3064 5226 bello
3096 5173 3328 5239 publico,
3371 5173 3488 5224 dies

1908 5261 2277 5329 quadraginta.
2309 5261 2410 5328 Qui
2456 5260 2680 5330 jubente
2722 5262 2940 5316 domino
2970 5277 3068 5316 suo
3116 5276 3324 5326 servus,
3370 5261 3486 5315 dies

1977 5400 1998 5435 ³³
2037 5401 2254 5463 Posuit”
2286 5401 2533 5466 Nar-serit
2558 5401 2631 5453 vel
2652 5401 2894 5464 iunxerit.

1981 5484 2000 5504 ν
2037 5472 2212 5535 Forte,
2240 5475 2484 5533 chrisma,
2514 5473 2684 5539 inquit
2713 5481 2834 5525 Ant.
2873 5477 3008 5540 Aug.

1981 5541 1996 5579 ί
2036 5544 2296 5597 Nonnulla
2329 5544 2411 5597 hic
2443 5554 2564 5595 sunt
2594 5558 2713 5608 qua:
2747 5559 2849 5595 non
2873 5555 3169 5612 congiuunt
3196 5556 3316 5596 cum
3362 5542 3484 5597 Ρω-

1904 5614 2161 5668 nitentiali
2198 5632 2210 5674 ;
2258 5615 2349 5667 ενα
2402 5615 2536 5666 forte
2569 5613 2652 5665 hic
2682 5628 2779 5666 suo
2825 5630 2983 5667 sensu
3022 5615 3312 5680 Ergberttts
3345 5618 3483 5667 scri-

1901 5686 2003 5808 i‘lIi;
2061 5686 2110 5738 in
2161 5685 2520 5742 l'tenitcniiali
2575 5700 2698 5739 vero
2745 5683 2928 5738 lsidori
2989 5687 3166 5740 verbis
3226 5683 3478 5753 loquitur.

1901 5799 1907 5806 .
1952 5771 2085 5808 A§:L

1901 5771 2085 5811 λιλδδι.
