4168 6558
681 420 782 472 447

1595 417 1649 470 S.
1695 413 1984 468 EGBL‘RTI
2033 409 2494 465 EBURACENSIS
2534 410 3046 470 ARlIlllEl’lSCOi‘l

3833 424 3944 480 53‘

685 535 1060 604 quadraginta.
1098 535 1194 600 Qui
1229 533 1360 584 liber
1387 532 1607 599 jubeute
1646 533 1850 595 majore
1879 545 1974 580 suo
2006 529 2257 579 innocen-
2293 526 2343 584 Α
2369 524 2668 590 Sodomita),
2701 528 2977 595 maledici,
3013 529 3230 600 perjuri.
3264 530 3365 586 lsta
3394 548 3515 589 sunt
3543 553 3667 606 ergo
3696 538 3943 608 capital“.

686 639 815 689 lem,
846 642 1041 680 annum
1072 640 1256 689 unum,
1299 635 1351 678 et
1383 631 1669 691 sequentes
1713 623 1842 672 duas
1885 633 1988 671 tres
2030 620 2260 681 quidra—

684 717 933 784 gesimas,
967 724 1021 768 ct
1062 714 1326 783 legitimas
1370 713 1550 764 ferias.
1595 713 1692 776 Qui
1748 727 1905 774 super
1943 712 2108 760 rixam
2155 710 2259 760 itu

685 807 916 859 debilem
952 806 1030 860 vel
1082 807 1373 859 deformem
1431 805 1698 856 hominem
1752 801 1945 858 reddit.
1996 803 2262 866 impensas

687 897 739 949 in
771 896 1028 959 medicos,
1055 907 1102 950 et
1135 897 1354 948 maculre
1381 896 1629 962 pretium,
1657 902 1710 944 et
1747 907 1880 959 opus
1920 891 2052 958 ejus,
2089 890 2263 942 donec

683 993 922 1047 sanetur,
954 992 1220 1046 restituat,
1250 993 1302 1038 et
1329 984 1603 1035 dimidium
1650 997 1869 1034 anntnn.
1896 981 1952 1034 Si
1986 993 2111 1032 vero
2158 995 2259 1031 non

684 1074 844 1126 habet
892 1074 1027 1127 unde
1058 1076 1300 1128 resutuut
1341 1074 1476 1138 lucc,
1509 1089 1706 1125 annum
1741 1073 2031 1138 integrum.
2067 1072 2165 1136 Qui
2196 1070 2260 1121 ad

681 1161 983 1216 lericndum
1017 1164 1284 1217 hominem
1321 1164 1638 1229 surrexerit,
1672 1163 1855 1214 volens
1885 1177 2005 1214 cum
2049 1163 2261 1214 occide-

688 1269 772 1320 re,
803 1255 937 1308 duas
967 1257 1293 1319 septimanas
1319 1256 1593 1324 pmtiiteat.
1625 1255 1679 1308 Si
1711 1255 1934 1306 clericus
1977 1255 2093 1315 luit,
2142 1270 2262 1322 sep-

687 1352 793 1399 tem
841 1360 1076 1400 menses.
1125 1347 1278 1414 Quod
1312 1358 1362 1400 et
1394 1349 1435 1400 si
1465 1347 1844 1410 vulnerawrit,
1877 1349 1990 1401 dies
2036 1346 2262 1416 quadra—

681 1442 843 1512 ginta.
895 1443 950 1496 Si
995 1444 1244 1506 clericus,
1292 1459 1488 1497 annum
1533 1454 1725 1497 totum.
1757 1446 1859 1498 Sed
1902 1455 1955 1498 et
1989 1446 2263 1511 pecuniam

686 1549 780 1601 pro
811 1534 971 1587 modo
1003 1535 1261 1598 vulneris,
1295 1535 1416 1588 lieni
1467 1536 1548 1589 lex
1582 1553 1684 1588 non
1717 1546 1740 1572 α
1766 1537 2132 1602 commendat,
2177 1539 2263 1591 cui

687 1624 883 1679 inﬂixit
915 1627 1128 1693 tribuat,
1177 1642 1244 1680 ne
1295 1629 1452 1679 laesus
1479 1627 1502 1664 δ
1535 1628 1880 1681 scandalizet.
1919 1629 2105 1682 Mulier
2137 1646 2267 1696 par-

688 1725 798 1769 tum
849 1732 1001 1770 suum
1045 1728 1170 1772 ante
1220 1719 1335 1772 dics
1383 1720 1729 1787 quadraginta
1780 1735 1968 1788 sponte
2017 1723 2264 1790 perdi-ns,

686 1823 847 1860 unum
864 1823 1060 1861 annum
1090 1809 1362 1877 pmuitcat.
1388 1813 1439 1862 Si
1470 1828 1593 1865 vero
1619 1825 1736 1880 post
1759 1815 2105 1882 quadraginta
2128 1817 2259 1878 dies,

687 1911 796 1956 tres
842 1917 1012 1956 annos
1064 1905 1335 1968 mentiti-al.
1386 1904 1440 1955 Si
1492 1920 1618 1957 vero
1653 1915 1925 1974 postquam
1957 1917 2112 1960 nutus
2143 1907 2259 1972 fuit,

687 1995 837 2062 quasi
872 1994 1153 2047 homicida.
1187 1996 1291 2048 Sed
1340 1996 1496 2048 distat
1534 1998 1782 2059 multum,
1817 2010 1990 2051 utrum
2039 2016 2267 2065 pauper-

687 2087 802 2137 cula
837 2097 857 2123 ε
883 2101 974 2152 per
1001 2084 1366 2139 difﬁcultatem
1393 2089 1681 2150 nnlricndi,
1711 2105 1775 2141 an
1810 2090 2117 2153 fornicaria,
2145 2106 2269 2142 eau-

688 2191 742 2228 sa
775 2176 993 2228 sceleris
1024 2177 1231 2230 celandi
1265 2177 1440 2231 laciat.
1474 2181 1571 2243 Qui
1604 2179 1839 2246 perjurat
1886 2182 2082 2243 sciens,
2117 2196 2268 2232 com-

687 2265 870 2330 pulsus
901 2281 928 2317 a
961 2266 1178 2318 domino
1207 2281 1325 2329 suo,
1361 2276 1469 2320 tres
1517 2268 1952 2334 quadragesimus
1985 2271 2264 2337 paeniteat,

689 2371 752 2410 ac
783 2357 1042 2424 legitimas
1092 2357 1268 2413 ferias,
1305 2358 1402 2423 Qui
1454 2358 1630 2410 sciens
1682 2361 1928 2412 virtutem
1978 2360 2268 2428 juramenti

689 2448 769 2500 vel
805 2447 1045 2514 periurii,
1077 2449 1311 2514 perjurat.
1359 2448 1406 2499 in
1442 2463 1597 2499 manu
1628 2450 1860 2516 episcopi
1905 2460 1997 2502 aut
2046 2451 2269 2520 presby-

693 2539 816 2600 teri,
855 2538 935 2592 vel
962 2539 1138 2603 altari,
1171 2540 1252 2592 vel
1282 2554 1438 2590 cruce
1463 2549 1788 2605 εοῐιςιιςτιιιτι,
1819 2551 1924 2590 tres
1954 2556 2121 2593 annos
2163 2557 2271 2607 [ιω-

694 2631 880 2684 niteat.
917 2630 971 2683 Si
1021 2646 1146 2682 vero
1178 2635 1228 2681 in
1262 2645 1418 2682 crure
1467 2645 1569 2682 non
1615 2644 1944 2689 consecrata,
1982 2648 2141 2684 unum
2178 2647 2268 2682 au-

692 2739 818 2777 num
865 2725 1144 2790 pteoiteat.
1195 2723 1250 2776 Si
1297 2733 1476 2775 autem
1527 2723 1577 2773 in
1635 2739 1794 2774 manu
1847 2723 2098 2784 hominis,
2133 2724 2270 2788 apud

691 2813 716 2849 ⁸³
747 2813 960 2868 Caecus
989 2813 1120 2866 nihil
1160 2823 1262 2867 est.
1295 2813 1392 2878 Qui
1429 2823 1451 2849 ε
1486 2813 1692 2866 seducit
1724 2816 1960 2868 nescium
1996 2815 2272 2882 petjurare

697 2905 979 2972 pernoxio,
1025 2905 1110 2972 qui
1145 2914 1194 2957 et
1245 2915 1423 2972 postea
1460 2905 1748 2971 perjuriutn
1799 2918 1951 2956 suum
2001 2907 2267 2973 Cognovit,

695 3014 858 3053 unum
890 3013 1086 3052 annum
1120 2996 1393 3067 paeniteat.

1145 3089 1233 3142 IV.
1282 3090 1354 3143 De
1385 3091 1646 3142 immunda
1677 3106 1844 3143 rarue.

775 3179 871 3246 Qui
908 3181 1192 3234 manducet.
1221 3195 1432 3233 carnem
1467 3180 1793 3232 immundam
1823 3189 1910 3231 aut
1935 3179 2272 3233 dilaceratam

699 3289 727 3325 a
757 3273 960 3338 bestiis,
993 3274 1337 3342 quadraginta
1371 3274 1484 3324 dies
1531 3273 1804 3338 paeniteat.
1842 3272 1896 3325 Si
1950 3273 2276 3325 necessitate

701 3364 852 3417 tantis
876 3375 1119 3430 cogente,
1159 3369 1325 3416 multo
1356 3363 1552 3417 levius.
1589 3363 1698 3414 Mus
1746 3363 1788 3413 si
1838 3363 2092 3416 ceciderit
2128 3365 2178 3416 iu
2212 3364 2275 3416 li-

699 3471 945 3520 qu0rem,
979 3457 1196 3509 tollatur
1227 3454 1372 3517 inde,
1408 3464 1460 3508 et
1483 3465 1792 3520 aspergatur
1825 3454 2000 3520 liquor
2030 3455 2114 3506 ille
2143 3468 2277 3522 aqua

705 3544 975 3598 h-nedicta
998 3546 1065 3597 :si
1089 3559 1210 3597 vero
1239 3554 1476 3596 mortuus
1496 3543 1583 3604 sit,
1610 3542 1890 3606 abjiciatur
1915 3552 2052 3594 totus
2083 3541 2271 3610 liquor,

705 3650 802 3690 nec
829 3633 896 3688 ab
921 3635 1224 3688 hominibus
1256 3643 1516 3697 sumatur,
1545 3634 1659 3686 sive
1691 3633 1770 3686 lac
1796 3635 1883 3694 sit,
1916 3635 2026 3686 sive
2069 3635 2273 3686 ccrevi-

704 3727 804 3790 sia,
849 3725 929 3779 vel
980 3727 1174 3792 aliquid
1211 3724 1511 3792 hujusmodi
1562 3742 1572 3776 :
1623 3725 1760 3791 quod
1804 3725 1848 3776 si
1899 3734 2136 3778 nzortuus
2187 3725 2276 3788 sit,

705 3817 880 3884 liquor
910 3817 995 3871 ille
1021 3817 1070 3869 in
1101 3831 1204 3885 quo
1237 3830 1350 3868 mus
1379 3816 1458 3868 vel
1486 3816 1708 3867 mustela
1756 3815 1998 3870 incidens
2022 3814 2272 3880 moritur,

705 3918 976 3976 purgetur,
1011 3917 1065 3960 et
1093 3916 1404 3974 astiergatur
1435 3919 1570 3973 aqua
1615 3915 1817 3966 sancta,
1850 3917 1899 3958 et
1931 3915 2196 3968 sumatur,
2232 3904 2278 3958 si

708 4000 1001 4051 necessitas
1031 3999 1118 4052 sit.
1183 3997 1238 4051 Si
1280 3999 1392 4050 avis
1427 3996 1799 4049 stercoravcrit
1831 3998 1879 4049 iu
1913 4010 2280 4062 quemcunque

707 4089 989 4154 liquorem,
1025 4087 1324 4155 hujusmodi
1367 4089 1580 4139 tollatur
1625 4098 1852 4151 stercu<,
1898 4097 1952 4140 et
1999 4087 2280 4139 mundetur

704 4180 855 4234 cilius
883 4194 1017 4246 aqua
1070 4179 1376 4244 benedicta,
1423 4190 1476 4232 et
1522 4189 1780 4232 sumatur.
1827 4179 1924 4243 Qui
1970 4179 2278 4246 sanguinem

707 4271 920 4325 nescius
945 4285 1063 4324 cum
1088 4269 1252 4323 saliva
1282 4269 1484 4328 sorbet,
1515 4284 1620 4322 non
1652 4272 1700 4323 ei
1735 4270 1980 4334 nocebit;
2012 4267 2103 4337 qui
2127 4284 2280 4321 man-

707 4361 908 4414 ducans
928 4360 1140 4429 preprio
1167 4360 1418 4428 polluitur
1443 4360 1661 4420 inscius,
1693 4373 1797 4411 non
1827 4358 1874 4412 ei
1908 4369 2080 4412 nocet.
2114 4358 2170 4414 Si
2193 4373 2282 4412 au-

710 4460 814 4504 tem
839 4450 959 4513 scit,
992 4450 1355 4519 pceuitemiam
1384 4448 1673 4518 agatjuxta
1697 4450 1911 4502 modum
1943 4450 2277 4518 pollutionis.

1048 4561 1115 4618 ν.
1159 4560 1236 4615 De
1261 4562 1562 4630 capitalibus
1594 4563 1912 4617 criminibus.

768 4654 916 4710 Nunc
937 4655 1094 4717 igitur
1111 4652 1351 4721 capitalia
1369 4654 1594 4706 crimina
1615 4654 1905 4708 secundum
1926 4669 2158 4711 canones
2181 4669 2278 4709 ex-

707 4748 932 4816 plicabo.
961 4743 1135 4798 Prima
1170 4743 1188 4782 ι
1223 4746 1493 4813 superbia,
1526 4745 1742 4810 invidia,
1769 4745 2074 4808 fornicatio,
2102 4749 2278 4803 inanis

707 4839 896 4910 gloria,
932 4838 1006 4890 ira
1042 4837 1196 4904 longo
1223 4845 1460 4904 tempore
1484 4878 1498 4902 ,
1531 4837 1745 4891 tristitia
1776 4839 1978 4902 saeculi,
2013 4841 2234 4893 avaritia
2261 4880 2274 4903 ,

710 4931 911 4983 ventris
939 4929 1219 4997 ingluvies.
1245 4927 1572 4997 Augustinus
1603 4928 1798 4996 adjecit
1826 4930 2189 4999 sacrilegium,
2221 4931 2272 4986 id

709 5032 829 5086 est,
871 5036 1141 5075 sacrarum
1174 5036 1347 5074 rerum
1390 5020 1619 5084 furtum,
1669 5030 1722 5074 et
1752 5021 1853 5074 hoc
1881 5031 1961 5075 est
1993 5025 2277 5076 maximum

713 5116 933 5177 furtum,
969 5112 1053 5165 vel
1086 5112 1399 5166 idololatriis
1423 5115 1770 5176 servientem,
1805 5113 1854 5166 id
1879 5121 1982 5176 est,
2007 5115 2279 5182 auspiciis,

708 5218 762 5260 et
799 5205 1018 5275 reliqua.
1051 5205 1252 5260 Deinde
1285 5205 1627 5271 adulterium,
1665 5205 1852 5260 falsum
1882 5207 2242 5260 testimonium
2265 5251 2277 5270 ,

715 5303 929 5361 tortum,
954 5298 1159 5364 rapina,
1191 5295 1423 5350 ebrietas
1447 5296 1682 5360 assidua,
1717 5295 2036 5350 idololatria.
2070 5295 2278 5360 Molles,

789 5417 808 5442 “
837 5413 1051 5478 l’tenit.,
1071 5411 1271 5481 jnbeat,
1300 5413 1526 5475 imperet.

784 5483 806 5519 ι’
844 5485 1053 5546 l’wnit.,
1087 5483 1477 5535 scandalizatur.

785 5566 804 5591 ε
839 5554 1052 5615 l’tt:tnt.,
1085 5567 1175 5620 pro
1200 5554 1507 5619 difﬁcultate.

784 5621 807 5658 ά
847 5623 1102 5691 l’aganos,
1130 5620 1369 5682 Ἕλληνας
1401 5625 1604 5676 \idctut‘
1634 5621 1952 5680 intc'ligerc.

790 5703 810 5726 ι’
862 5693 1074 5759 ι’ωιιὶι.,
1129 5693 1362 5744 seductus
1409 5695 1605 5746 nescius
1653 5695 1934 5761 perjnrarc,
1994 5695 2186 5760 prjcrat
2239 5701 2281 5742 rt

739 5776 904 5815 '05’6”.

739 5783 904 5815 'Oﬁlfﬂ.

717 5783 730 5831 ,
795 5835 807 5868 ί
843 5839 1056 5900 Scptctn
1099 5833 1335 5902 capitalia
1379 5834 1602 5890 ςιιιιιὶιιι
1636 5835 1787 5903 vulgo
1816 5833 1913 5888 huc
1948 5849 2074 5889 \occ
2104 5833 2271 5887 coasi-

2367 620 2612 673 crimina.
2645 623 2875 676 Sanctus
2907 624 3101 678 l’aulus
3132 634 3186 679 et
3208 627 3550 696 Augustinus,
3577 642 3628 684 et
3649 633 3734 686 alii
3767 640 3943 689 sancti

2366 721 2834 779 Ctrlllptll:t\‘el‘llltl,
2871 730 2970 781 pro
3004 716 3118 769 isus
3150 718 3261 770 licri
3292 731 3539 786 uportere
3570 721 3946 792 eleemosyuas

2366 802 2561 869 largas,
2591 814 2644 856 et
2669 806 2879 874 longum
2908 817 3117 873 tempus
3143 809 3401 875 jejunium
3435 821 3695 866 leuentur.
3749 815 3801 866 Id
3830 826 3942 882 est,

2369 902 2426 942 ιιι
2467 894 2553 943 alii
2595 893 2860 961 jndicant,
2909 910 3002 960 pro
3042 898 3381 963 Capitalihns,
3431 900 3479 952 id
3518 910 3618 962 est,
3651 902 3937 964 adulteris,

2368 983 2675 1046 honticidis,
2709 985 2961 1054 perjnris,
2995 987 3317 1051 fornicariis,
3350 998 3403 1042 et
3427 991 3709 1044 similibus.
3741 993 3946 1046 Laicus

2366 1087 2598 1146 quatuor
2621 1092 2789 1128 annos
2825 1081 3085 1144 pceoiteat
3109 1123 3122 1144 ,
3156 1082 3383 1134 clericus
3413 1081 3677 1148 quinque,
3721 1082 3946 1135 subdia-

2367 1182 2533 1219 conus
2565 1182 2683 1227 sex,
2713 1166 2974 1221 diaconus
2997 1181 3140 1232 octo,
3175 1173 3455 1238 presbyter
3485 1172 3694 1237 decem,
3724 1171 3947 1242 episco-

2370 1274 2465 1325 pus
2494 1257 2802 1322 duodecim,
2835 1257 2878 1311 si
2909 1263 3241 1314 consuetudo
3268 1273 3404 1316 erat.

2765 1349 2847 1403 Vl.
2887 1349 2967 1403 De
2995 1353 3276 1407 minoribus
3305 1365 3544 1424 peccatis.

2444 1440 2496 1494 Id
2531 1449 2633 1506 est,
2670 1440 2893 1504 furtum,
2928 1443 3117 1497 falsum
3153 1446 3511 1499 tesnmonium
3533 1487 3548 1511 ,
3577 1454 3627 1500 et
3654 1447 3942 1504 similibus.

2373 1531 2511 1583 l.aici
2543 1545 2741 1583 anntun
2775 1547 2957 1596 unum,
2991 1532 3170 1587 clerici
3203 1536 3358 1599 duos,
3393 1537 3750 1590 subdiaconus
3790 1547 3902 1592 tres
3929 1580 3944 1600 ,

2369 1621 2621 1672 diaconus
2673 1633 2932 1690 quatuor,
2989 1624 3269 1694 presbyter
3325 1626 3597 1693 quinque,
3651 1628 3950 1695 episcopus

2379 1723 2581 1777 septem
2613 1728 2786 1767 annos
2812 1716 3124 1782 pteniteant.
3176 1717 3301 1770 Item
3337 1718 3615 1772 sodomitis
3644 1722 3687 1771 si
3718 1736 3952 1773 consue-

2375 1802 2499 1853 tudo
2526 1811 2672 1864 erat,
2707 1805 2989 1871 episc0pus
3015 1807 3416 1872 quatuordecim
3449 1822 3619 1860 annos
3647 1812 3905 1874 pceiiiteat
3933 1850 3947 1864 .

2376 1894 2652 1960 presbyter
2697 1893 3000 1958 duodecim,
3050 1895 3305 1950 diaconus
3351 1896 3536 1950 decem
3567 1940 3581 1962 ,
3631 1897 3948 1951 subdunt-oni

2371 1996 2510 2047 octo,
2567 1985 2748 2038 clerici
2790 1995 3016 2052 septem,
3069 1989 3184 2041 laici
3235 1989 3510 2056 quinque:
3547 1991 3839 2042 monachus
3902 1991 3948 2042 si

2375 2076 2779 2129 lornicationem
2819 2078 2939 2129 facit
2967 2091 3086 2130 cum
3120 2079 3314 2132 ancilla
3351 2080 3474 2142 Dei,
3507 2092 3736 2146 quatuor
3766 2096 3940 2132 annos

2376 2172 2624 2239 joauiteat
2655 2188 2666 2222 :
2697 2173 2739 2224 si
2787 2187 2906 2223 cum
2934 2173 3099 2236 puella
3125 2211 3140 2236 ,
3199 2183 3402 2241 septem
3450 2190 3614 2227 annos
3661 2177 3942 2238 pwniteat.

2377 2264 2447 2316 [)e
2475 2264 2756 2329 parricidis
2787 2265 2867 2317 vel
2904 2263 3208 2330 lratricidis,
3231 2266 3440 2334 quidam
3471 2277 3699 2333 septem,
3731 2265 3949 2334 quidam

2375 2354 2776 2422 quatuordecim
2811 2364 2863 2407 et
2892 2365 3121 2421 septem.

2595 2446 2701 2498 Vll.
2747 2446 2822 2498 De
2850 2448 3129 2511 cupiditate
3159 2451 3460 2516 ca’terisque
3500 2448 3736 2519 ﬂagitiis.

2448 2537 2574 2590 llem
2593 2538 2818 2604 cupidus
2835 2542 2915 2591 vel
2938 2553 3050 2590 avat
3066 2555 3146 2601 us,
3169 2541 3249 2593 vel
3269 2542 3530 2603 ebriosus,
3563 2541 3639 2591 vel
3664 2541 3948 2607 superius,

2376 2629 2456 2682 vel
2476 2629 2704 2694 invidus,
2732 2630 2814 2683 vel
2836 2633 3119 2696 rapax,vcl
3147 2630 3604 2698 iracundialonga,
3629 2632 3709 2684 vel
3736 2631 3952 2684 maledi-

2377 2737 2490 2784 cos,
2519 2722 2597 2774 vel
2617 2722 2902 2774 hissimilia
2933 2731 2956 2768 8
2981 2761 2996 2786 ,
3027 2737 3144 2788 qure
3159 2737 3474 2776 enumerare
3493 2723 3702 2790 longum
3722 2732 3822 2785 est,
3845 2735 3951 2776 tres

2380 2828 2548 2866 annos
2581 2816 2855 2879 pcmnteat.
2904 2814 3032 2867 Item
3064 2812 3089 2850 ιι
3123 2815 3166 2867 si
3199 2815 3423 2869 clericus
3457 2830 3576 2869 cum
3607 2816 3950 2882 quadrupede

2388 2907 2752 2970 fornicavertt,
2779 2907 2912 2958 duos
2929 2921 3098 2960 annos
3127 2909 3400 2974 paeniteat,
3434 2911 3794 2962 subdiaconus
3819 2921 3949 2974 tres,

2383 2999 2642 3053 diaconus
2669 2999 2925 3066 quinque,
2974 2999 3253 3068 presbyter
3280 3011 3518 3066 septem,
3549 3000 3828 3068 episcopus
3855 3000 3954 3052 de-

2380 3108 2498 3147 ccm
2535 3108 2701 3147 annos
2735 3092 3012 3161 pmiritcat.
3063 3092 3163 3156 Qui
3200 3107 3318 3144 cum
3363 3107 3531 3146 matre
3578 3093 3949 3155 loruicaverit,

2382 3186 2683 3250 quindecim
2715 3200 2884 3237 annos
2914 3186 3189 3251 poeniteat.
3239 3183 3294 3238 Si
3327 3198 3443 3236 cum
3473 3184 3576 3236 lilia
3605 3185 3684 3235 vel
3715 3199 3903 3239 sorore
3934 3225 3950 3249 ,

2383 3276 2662 3328 duodecim
2708 3289 2876 3326 annos
2911 3273 3190 3342 paeniteat.
3244 3273 3342 3340 Qui
3370 3287 3488 3327 cum
3535 3273 3694 3328 fratre
3724 3277 3951 3329 naturali

2385 3366 2736 3419 lornicaverit
2785 3379 2878 3432 per
2927 3364 3362 3417 comtnixtionem
3405 3365 3616 3426 carnis,
3693 3365 3759 3418 ab
3808 3367 3951 3418 omni

2383 3472 2542 3512 C-l'ue
2576 3471 2632 3509 se
2672 3455 2973 3521 abstineat,
3028 3454 3334 3520 quindecim
3361 3469 3530 3507 annos
3563 3457 3838 3522 paeniteat.
3895 3459 3949 3510 Si

2379 3547 2604 3600 clericus
2657 3544 2967 3596 venationes
3010 3544 3326 3606 exercuerit,
3371 3558 3566 3596 annum
3621 3559 3781 3596 unum
3839 3561 3948 3610 pur-

2385 3637 2571 3699 uiteat,
2603 3634 2859 3686 diaconus
2890 3634 3045 3697 duos,
3073 3634 3350 3701 presbyter
3381 3639 3507 3685 tres.
3552 3632 3607 3686 Si
3643 3635 3939 3702 presbyter,

2385 3727 2466 3782 vel
2516 3726 2810 3792 diacmtus,
2865 3724 2944 3777 vel
2989 3724 3284 3778 monachus
3329 3738 3548 3778 uxorem
3600 3723 3846 3789 duxerit,
3900 3725 3949 3777 iu

2383 3819 2710 3874 conscientia
2745 3815 2922 3886 populi
2958 3815 3276 3883 deponatur.
3325 3815 3380 3869 Si
3412 3815 3732 3869 adulterium
3763 3829 3952 3882 perpe-

2381 3915 2603 3964 traverit
2641 3924 2760 3962 cum
2794 3923 2888 3970 ea,
2941 3917 2994 3960 et
3032 3908 3082 3961 in
3120 3906 3446 3960 conscientia
3488 3906 3663 3973 populi
3697 3905 3943 3968 devenit,

2385 4001 2692 4070 projiciatur
2716 4010 2864 4053 extra
2893 3999 3206 4061 Ecclesium,
3239 4009 3291 4052 et
3326 3996 3466 4051 inter
3504 3997 3666 4049 laicus
3701 3997 3952 4062 rtetiiteat

2383 4093 2613 4163 quandiu
2639 4093 2855 4145 vixerit.
2907 4091 3008 4158 Qui
3041 4089 3302 4144 dimiserit
3346 4103 3562 4142 uxorem
3613 4103 3762 4141 suam
3795 4087 3946 4140 alteri

2384 4183 2620 4251 cutrjugi,
2648 4191 2852 4249 septem
2878 4196 3048 4234 annos
3079 4184 3351 4244 pceniteat.
3377 4179 3433 4233 Si
3460 4180 3689 4232 clericus
3721 4181 3788 4230 ho
3813 4179 3940 4230 nici-

2383 4278 2528 4332 ditnu
2564 4276 2787 4341 fecerit,
2833 4284 2887 4327 et
2921 4273 3218 4342 proximum
3248 4285 3402 4325 suum
3434 4270 3720 4333 occiderit,
3762 4270 3943 4323 decem

2383 4385 2552 4424 annos
2581 4370 2869 4438 paeniteat,
2903 4366 3028 4420 exul
3057 4375 3263 4432 septem
3299 4365 3585 4430 pteuiteat,
3631 4361 3675 4415 si
3706 4360 3812 4414 odii
3844 4375 3951 4414 me-

2383 4461 2571 4515 ditatio
2615 4459 2732 4512 fuit.
2777 4457 2833 4510 Si
2865 4456 3029 4509 laicus
3069 4454 3408 4508 homicidium
3443 4452 3628 4506 fecerit
3659 4465 3755 4518 per
3804 4447 3946 4502 furo-

2305 4574 2358 4634 D
2391 4571 2522 4619 rem,
2554 4565 2607 4610 et
2637 4551 3034 4607 meditationem
3060 4589 3074 4614 ,
3113 4556 3336 4614 quatuor
3356 4559 3526 4599 annos
3551 4543 3801 4609 pmniteat
3825 4580 3838 4603 ,
3870 4541 3946 4594 rel

2384 4648 2643 4717 quinque,
2676 4645 2759 4697 vel
2799 4651 3004 4710 septem
3029 4653 3201 4693 annos
3228 4637 3505 4706 pteuiteat.
3541 4634 3594 4690 Si
3629 4649 3719 4701 per
3748 4647 3948 4695 mam,

2386 4746 2614 4806 quatuor
2635 4748 2805 4787 annos
2837 4733 3110 4800 pteuiteat.
3169 4727 3296 4782 Item
3329 4727 3417 4795 qui
3439 4725 3672 4779 immolat
3701 4721 3948 4776 daemoni-

2386 4829 2483 4882 bus
2514 4829 2566 4881 in
2593 4824 2816 4895 magnis,
2851 4825 2894 4877 si
2921 4820 3252 4882 consuetudo
3277 4828 3380 4882 est,
3416 4817 3601 4871 decem
3633 4829 3801 4869 annos
3842 4827 3946 4881 pue-

2385 4927 2550 4973 mteat
2584 4934 2596 4969 :
2632 4917 2682 4969 in
2729 4914 2962 4968 minimis
2992 4925 3186 4966 annum
3240 4923 3401 4963 unum
3437 4926 3448 4961 :
3478 4908 3712 4977 auguriis
3736 4915 3788 4958 et
3815 4904 3945 4958 divi~

2390 5008 2736 5072 nationibus,
2799 5005 3037 5075 quinque
3084 5017 3253 5056 annos
3309 4999 3584 5070 paeniteat.
3662 4998 3948 5050 Emissorcs

2390 5109 2765 5170 tempestatum
2799 5108 3001 5166 septem
3034 5109 3204 5149 annos
3236 5092 3565 5158 pmniteaut;
3602 5098 3658 5143 ut
3685 5089 3941 5157 pteniten-

2393 5196 2459 5247 ti»
2493 5206 2706 5258 semper
2749 5190 2850 5241 isto
2877 5187 3062 5240 ordine
3092 5192 3300 5238 servata
3347 5187 3416 5236 sit
3440 5183 3506 5235 ab
3543 5196 3648 5233 uno
3678 5193 3849 5243 anno,
3899 5187 3948 5233 et

2395 5295 2647 5358 deinceps
2673 5288 2739 5342 de
2765 5285 3115 5355 qualicunque
3144 5288 3360 5349 peccato
3389 5295 3400 5330 :
3429 5278 3478 5331 id
3509 5285 3612 5339 est,
3641 5277 3692 5330 in
3721 5287 3948 5343 unaqua-

2389 5415 2620 5473 gnantur
2647 5422 2657 5455 :
2687 5403 2746 5457 S.
2777 5403 2838 5473 Α.
2872 5399 2933 5473 L.
3034 5397 3109 5473 _G.
3147 5395 3186 5450 l.
3322 5394 3537 5473 veteres
3567 5390 3789 5473 variant.
3814 5389 3946 5473 Fide

2389 5461 2721 5536 ilassiaunm,
2754 5469 3179 5538 'l‘heodulphum,
3217 5466 3575 5520 Burchardum
3606 5472 3659 5514 ct
3687 5461 3942 5530 paeniten-

2392 5551 2538 5599 iiules
2572 5546 2752 5598 libros.

2461 5627 2485 5658 α
2520 5616 2710 5669 Pmnit.
2727 5655 2738 5673 ,
2769 5612 2976 5680 faciens.

2461 5689 2491 5727 ιι
2524 5670 2823 5738 l’erturliari
2856 5681 3093 5734 ordmcm
3140 5687 3283 5746 putat
3318 5681 3442 5732 Ant.
3470 5670 3783 5750 Aug._qttod
3839 5670 3944 5750 huic

2390 5775 2450 5810 ex
2506 5756 2726 5807 dit-euis-
2778 5739 3152 5821 scriptoribus
3183 5749 3341 5804 variis
3383 5739 3708 5815 temporibus
3759 5739 3946 5797 fuerint

2390 5837 2616 5894 sumptu.
