4168 6526
276 380 378 440 £19

1226 388 1535 445 CANUNES
1579 392 1663 445 με
1706 391 2025 447 ΒΕΜΙῧυΗὸ
2072 393 2557 458 PEtICA'l'URL'M.

3426 417 3534 472 450

284 508 391 559 que
427 492 760 548 hebdomada
811 503 918 548 tres
957 496 1072 550 dies
1117 500 1269 566 vino,
1324 514 1375 555 et
1429 505 1542 555 sine
1588 508 1845 565 modone.
1882 509 1927 563 Α
1961 506 2251 571 paeniteat,
2305 511 2516 576 quidam
2564 523 2803 581 septeni,
2860 520 3070 588 quidam
3123 533 3255 591 tres,
3306 526 3521 593 quidam

274 598 476 636 carne:
508 592 560 638 et
583 584 790 653 jejuuet
826 602 989 652 usquv
1021 592 1084 640 ad
1121 605 1394 657 vesperam
1416 632 1429 655 ,
1483 606 1536 647 et
1569 599 1855 651 manduCrt

275 674 344 725 de
367 674 508 727 sicco
535 679 675 739 cibo,
710 687 763 730 et
796 687 903 731 tres
924 680 1361 749 quadragesimus
1387 700 1598 754 semper
1622 691 1686 741 de
1711 690 1853 744 sicco

275 766 419 828 cibo,
465 777 518 820 et
542 766 751 836 jejunet
780 779 887 823 tres
915 770 1031 825 dies
1058 774 1122 825 ad
1155 790 1347 826 nonam
1371 818 1386 841 ,
1440 788 1492 829 et
1538 788 1643 831 tres
1674 781 1737 832 ad
1764 796 1850 834 ve-

274 872 521 921 speram;
552 860 680 913 etin
715 863 902 914 diebus
931 864 1240 921 Dominicis.
1274 877 1327 920 ct
1358 869 1607 923 inNatale
1642 871 1851 927 Domini

279 958 512 1013 quatuor
541 950 674 1013 dies,
702 962 750 1003 ct
786 952 835 1003 in
867 952 1247 1020 Epiphaniam,
1276 968 1323 1011 et
1359 958 1408 1012 in
1438 962 1659 1024 l'ascha,
1687 978 1852 1030 usque

276 1038 327 1089 in
360 1040 528 1103 albas,
558 1051 609 1095 et
633 1044 1014 1101 Ascensiouein
1051 1050 1279 1114 Domini,
1311 1062 1364 1105 et
1396 1053 1769 1119 l'enteconen,
1801 1067 1855 1110 et

277 1132 450 1183 sancli
484 1133 731 1199 Michael,
770 1148 822 1188 et
855 1147 1057 1191 sanctae
1098 1141 1276 1195 Maria}
1299 1184 1313 1205 ,
1361 1153 1414 1197 ct
1437 1147 1601 1198 sancti
1629 1147 1852 1202 Joannis

276 1218 563 1289 Baptistae,
597 1234 647 1279 et
679 1226 964 1282 duodecim
988 1233 1353 1295 apostolorum
1379 1276 1392 1298 ,
1433 1246 1487 1289 et
1508 1242 1677 1290 sancti
1717 1239 1853 1291 Mar-

279 1313 396 1376 tini,
431 1327 483 1367 et
511 1316 651 1370 illius
680 1324 846 1373 sancti
875 1319 1238 1392 fcslitilalent,
1266 1329 1354 1393 qui
1384 1333 1435 1383 in
1468 1332 1551 1383 illa
1586 1332 1851 1398 provincia

280 1412 367 1455 est
412 1406 463 1458 in
513 1408 593 1460 his
625 1411 894 1477 prasdictis
927 1415 1116 1467 diebus
1142 1426 1164 1451 ⁸
1190 1416 1348 1471 faciat
1387 1421 1735 1487 cbaritatem,
1783 1425 1854 1479 si-

268 1505 365 1547 cut
405 1498 485 1549 sui
525 1514 836 1568 compares,
870 1502 1050 1559 (lerici
1098 1509 1211 1563 sive
1257 1511 1393 1565 laici.
1447 1513 1770 1569 Ebrietatem
1799 1526 1853 1571 et

272 1593 479 1643 ventris
509 1592 887 1649 distentionem
931 1601 979 1652 in
1032 1601 1281 1657 munibus
1323 1617 1565 1659 caveant.
1633 1607 1852 1662 Faciant

280 1682 421 1746 quod
454 1685 739 1746 Apostolus
767 1688 897 1741 dicit
930 1706 941 1738 :
978 1690 1096 1744 Sive
1129 1696 1448 1749 manducetis
1469 1737 1482 1758 ,
1516 1699 1618 1749 sive
1648 1698 1848 1765 bibitis,

269 1770 351 1822 vel
391 1774 641 1843 quidquid
690 1779 857 1845 facitis
888 1824 902 1846 ,
961 1784 1131 1835 omnia
1178 1786 1245 1836 ad
1292 1788 1509 1855 gloriam
1559 1789 1653 1843 Dei
1697 1794 1849 1862 facile

1959 611 2141 660 unum,
2176 600 2391 667 quidam
2421 614 2630 655 centum
2662 606 2797 671 dies,
2834 619 2890 661 ut
2917 612 3090 677 pueri.
3124 616 3421 681 Oportebat
3451 620 3533 673 di-

1961 691 2283 744 scretionem
2312 708 2433 747 esse
2466 695 2607 748 inter
2634 701 2943 764 qualitatem
2979 705 3237 770 pecudum
3262 748 3276 771 ,
3323 712 3403 762 vel
3437 712 3533 766 ho-

1959 777 2186 842 minum,
2215 784 2351 835 sicut
2376 800 2537 852 supra
2568 788 2820 842 diximus.
2850 793 2976 845 Item
3006 798 3310 865 episcopus,
3342 802 3384 852 si
3412 816 3531 857 cum

1958 868 2302 936 quadrupede
2354 874 2719 943 fornicaverit,
2764 890 2885 935 octo
2924 901 3093 940 annos
3144 902 3420 956 pceniteat.
3472 896 3527 949 Si

1961 967 2325 1030 consuetudo,
2381 970 2594 1036 decem,
2638 972 2921 1043 presbyter
2959 980 3226 1049 quinque,
3275 983 3532 1039 diaconus

1956 1057 2087 1117 tres,
2118 1054 2342 1108 clericus
2367 1055 2493 1110 duo.

2477 1149 2544 1204 IX
2557 1191 2569 1204 .
2612 1153 2691 1207 De
2707 1158 3027 1225 juramento.

2026 1231 2123 1298 Qui
2148 1235 2510 1302 jurameutum
2545 1244 2733 1300 fecerit
2764 1250 2815 1301 iti
2844 1253 3068 1306 ecclesm
3098 1293 3115 1318 ,
3154 1265 3248 1310 aut
3279 1257 3329 1310 in
3362 1256 3530 1315 Evan-

1954 1324 2116 1392 gelia,
2142 1330 2255 1382 sive
2282 1331 2330 1382 iu
2362 1336 2599 1403 reiiquiis
2636 1350 2967 1407 sanctorum,
2993 1356 3194 1412 septem
3227 1364 3394 1403 annOs
3429 1369 3528 1411 νω-

1954 1417 2137 1470 niteat.
2184 1422 2285 1475 Alii
2310 1422 2588 1480 duodecim
2624 1446 2791 1485 annos
2819 1433 3084 1501 judicant.
3133 1442 3258 1494 Sive
3289 1444 3339 1495 in
3368 1462 3529 1499 manu

1954 1508 2191 1577 episcoiii
2237 1526 2327 1566 aut
2380 1520 2677 1588 presbyteri
2718 1524 2798 1575 vel
2846 1528 3094 1594 diaconi,
3144 1530 3255 1585 sive
3297 1535 3347 1587 in
3376 1551 3536 1592 crine

1953 1610 2289 1669 comet-rata,
2322 1621 2480 1658 unum
2506 1624 2700 1663 annum
2726 1618 3005 1679 pmnitcat.
3034 1620 3136 1671 Alii
3164 1630 3273 1674 tres
3302 1624 3382 1677 vel
3405 1642 3536 1693 qna-

1957 1693 2077 1741 tuor
2116 1689 2378 1757 judicant.
2428 1696 2494 1750 Et
2544 1700 2595 1750 in
2639 1716 2797 1757 cruce
2838 1722 2942 1758 non
2992 1722 3328 1779 consecrata,
3374 1732 3534 1771 unum

1956 1793 2175 1845 annum,
2207 1785 2288 1837 vel
2316 1798 2520 1852 septem
2552 1806 2792 1859 menses,
2827 1806 2887 1848 ut
2916 1799 3036 1851 aliis
3064 1819 3076 1852 :
3108 1806 3197 1871 qui
3232 1817 3408 1859 autem
3448 1825 3534 1863 se-

272 1860 326 1929 (I
362 1862 478 1919 Cor.
513 1873 589 1933 ι).
624 1866 773 1923 Tunc
810 1887 939 1939 ergo
977 1875 1131 1943 digna
1175 1880 1489 1946 paenitentia
1522 1895 1635 1950 est,
1669 1890 1711 1937 si
1746 1889 1835 1941 huc

1952 1874 2140 1929 ductus
2172 1878 2421 1946 ignorans
2443 1926 2457 1948 ,
2492 1896 2545 1939 ct
2572 1901 2752 1954 pOSIea
2783 1896 3085 1960 cognoscit,
3141 1914 3305 1952 unum
3334 1918 3530 1956 annum

273 1951 574 2021 impleatur.

591 2050 716 2107 \‘lll.
764 2054 839 2111 De
868 2058 1169 2114 clericorum
1199 2065 1511 2131 pmnitentia.

342 2138 468 2192 ltein
538 2143 590 2195 in
645 2160 850 2201 cauooe
917 2155 1281 2217 apostolorum
1340 2156 1365 2192 ι)
1414 2158 1716 2225 indicatur,
1792 2172 1848 2217 ut

266 2228 589 2299 episcopus,
660 2237 977 2308 presbyter,
1057 2243 1353 2311 diaconus,
1437 2251 1526 2317 qui
1605 2250 1655 2304 in
1740 2253 1845 2306 lor-

270 2323 535 2378 nicatione
601 2337 693 2381 aut
767 2332 1040 2400 perjurio,
1101 2346 1191 2389 aut
1258 2338 1399 2393 furto
1470 2353 1654 2410 Captus
1712 2356 1837 2409 est,

262 2414 591 2483 deponatur,
624 2434 728 2473 non
776 2431 951 2476 tamen
989 2431 1368 2484 communione
1404 2432 1667 2499 privetur,
1715 2438 1834 2501 quia

266 2519 369 2556 non
424 2508 629 2571 judicat
712 2509 853 2564 Deus
934 2513 1014 2567 his
1089 2516 1140 2570 in
1228 2517 1456 2585 idipsum
1512 2522 1531 2591 (
1582 2522 1834 2591 Na/mm,

267 2609 369 2649 sec.
406 2594 599 2665 LXX).
650 2598 705 2651 Si
734 2601 850 2663 quis
883 2602 1134 2669 pontifex
1166 2604 1568 2665 fornicationem
1609 2615 1839 2682 iaciens,

263 2688 556 2741 naturalem
582 2691 864 2755 judicahit,
896 2694 1179 2749 duodecim
1214 2715 1382 2756 annos
1412 2707 1668 2769 pmniteat
1698 2722 1711 2767 ;
1749 2724 1841 2775 per

263 2778 457 2830 multas
511 2778 773 2848 lacrynias
807 2792 862 2835 et
889 2784 1258 2856 eleenmsynas
1308 2795 1519 2846 veniam
1551 2810 1577 2846 a
1612 2796 1835 2853 Domino

261 2875 438 2933 petat;
474 2877 594 2935 post
618 2884 787 2924 annos
816 2880 923 2926 tres
946 2876 1026 2928 vel
1060 2889 1287 2945 quatuor
1314 2881 1503 2937 levius.
1541 2886 1831 2958 Presbyter

257 2970 377 3010 cum
419 2961 593 3025 puella
644 2976 749 3016 non
793 2967 1012 3032 przelato
1063 2973 1309 3027 monachi
1352 2987 1472 3030 toto
1521 2994 1692 3034 annos
1734 2991 1841 3036 tres

258 3049 339 3101 vel
370 3062 597 3116 quatuor
630 3058 920 3122 pmniteat,
969 3068 1076 3114 tres
1107 3068 1565 3136 quadragesimas,
1599 3080 1652 3123 et
1681 3087 1840 3141 quar-

269 3150 347 3194 tas
388 3152 440 3195 et
472 3152 650 3197 sextas
682 3147 841 3200 ferias
881 3163 1097 3217 semper
1125 3154 1191 3207 de
1221 3157 1366 3209 sicco
1412 3160 1555 3229 cibo.
1611 3160 1667 3214 Si
1718 3176 1836 3215 cum

255 3230 444 3284 ancilla
476 3232 599 3297 Dei,
646 3244 738 3288 aut
760 3251 880 3290 cum
910 3244 1177 3309 masculo,
1218 3246 1331 3312 plus
1359 3248 1612 3318 addetur,
1648 3253 1697 3303 id
1731 3262 1831 3319 est,

253 3332 459 3389 septem
492 3340 661 3381 annos
687 3331 962 3398 pmuiteat,
999 3338 1041 3387 si
1076 3340 1407 3393 consuetudo
1435 3352 1539 3395 est.
1567 3345 1831 3400 Similiter

252 3412 495 3481 diaconi,
529 3418 571 3470 si
616 3422 863 3476 monachi
897 3440 1000 3479 non
1029 3435 1188 3493 sunt,
1237 3430 1374 3484 duos
1406 3432 1491 3486 vel
1527 3443 1635 3488 tres
1662 3450 1830 3489 annos

257 3507 573 3571 [ia-niteant.
628 3509 720 3564 Sic
771 3521 825 3565 et
876 3516 1173 3571 monachus
1217 3520 1333 3572 sine
1381 3522 1568 3587 gradu,
1618 3523 1662 3576 si
1712 3538 1832 3578 cum

254 3596 449 3663 puella,
496 3612 667 3653 annos
699 3609 832 3656 tres.
887 3604 943 3659 Si
988 3605 1244 3661 diaconus
1272 3610 1353 3664 vel
1383 3614 1629 3667 monachi
1660 3624 1786 3669 sunt
1817 3655 1833 3681 ,

250 3686 488 3755 quinque
513 3691 591 3743 vel
623 3701 833 3760 septem
868 3709 1039 3750 annos
1071 3700 1363 3764 pmniteant
1399 3720 1410 3753 :
1444 3706 1485 3755 si
1520 3706 1636 3758 sine
1667 3717 1790 3759 voto
1812 3745 1830 3774 ,

249 3778 499 3831 monachi
520 3794 638 3833 cum
670 3784 863 3848 puella,
899 3799 1095 3840 novem
1127 3803 1297 3844 annos
1324 3792 1403 3845 vel
1434 3793 1621 3848 decem
1654 3797 1829 3865 poeni-

252 3877 419 3926 teant.
462 3870 700 3927 Clericus
731 3876 849 3929 sine
880 3887 1003 3930 voto
1043 3882 1288 3937 monachi
1324 3883 1637 3954 fornicatus,
1669 3905 1831 3943 unum

247 3976 444 4017 annum
478 3969 749 4031 pceniteat.
807 3966 863 4023 Si
904 3968 1207 4041 frequenter
1228 4015 1244 4040 ,
1298 3977 1433 4031 duos
1461 3994 1634 4032 annos
1661 3982 1832 4049 paeni-

249 4061 376 4108 teat.
403 4055 457 4110 Si
484 4071 603 4110 cum
629 4060 906 4128 canonica,
934 4063 1071 4117 duos
1102 4080 1306 4133 annos;
1336 4067 1665 4138 frequenter,
1690 4082 1820 4128 tres.

246 4143 303 4199 Si
343 4149 587 4214 genuerit
628 4150 830 4215 lilium,
865 4154 984 4222 plus
1029 4157 1314 4223 pmuiteat,
1364 4160 1415 4213 id
1448 4171 1568 4226 est,
1604 4174 1833 4230 quatuor

247 4237 331 4291 vel
371 4239 607 4308 quinque
629 4255 821 4308 annos,
855 4245 941 4297 alii
976 4246 1161 4301 dicunt
1191 4262 1394 4316 septem
1426 4254 1547 4305 exul
1579 4254 1691 4309 ﬁat.
1740 4256 1830 4311 Sic

243 4337 300 4381 et
346 4331 494 4396 virgo
539 4332 961 4390 sanctimonialis
1008 4352 1127 4391 eum
1174 4339 1323 4394 laicis
1372 4342 1490 4397 sine
1541 4345 1738 4411 gradu,
1781 4349 1826 4403 si

243 4418 502 4484 clericus,
539 4423 629 4488 qui
656 4427 896 4480 canonici
922 4441 1051 4482 sunt
1070 4446 1228 4484 unum
1252 4448 1473 4500 annum;
1500 4436 1823 4509 frequenter,

243 4509 397 4563 duos.
432 4510 486 4564 ln
509 4514 677 4579 gradu
709 4525 917 4579 autem,
948 4520 1086 4573 sicut
1117 4524 1411 4579 monachus
1433 4570 1447 4589 ,
1485 4526 1535 4580 id
1571 4539 1676 4592 est,
1716 4539 1824 4584 tres

247 4615 442 4657 annos.
480 4603 792 4659 Theodorus
817 4608 956 4661 dixit
988 4627 1002 4663 :
1033 4611 1324 4667 Monachus
1357 4618 1557 4673 faciens
1588 4620 1818 4677 fornica-

245 4694 482 4758 tionem,
532 4707 585 4750 ct
618 4714 719 4751 non
748 4702 989 4766 invenit,
1044 4720 1204 4760 unum
1238 4726 1435 4764 annum
1476 4715 1731 4779 pmuiteat
1772 4725 1829 4770 et

244 4784 549 4840 dimidium.
610 4790 738 4844 Item
771 4795 1065 4849 monachus
1094 4798 1291 4853 iaciens
1322 4816 1439 4855 cum
1471 4806 1642 4870 puella
1670 4848 1684 4872 ,
1729 4822 1823 4862 se!

243 4891 418 4929 annos
473 4880 746 4945 pmuiteat.
800 4885 988 4937 lmictts
1034 4890 1312 4945 maculans
1361 4907 1421 4947 se
1465 4910 1585 4948 cum
1634 4898 1824 4952 ancilla

244 4967 373 5029 Dei,
415 4983 582 5021 annos
615 4971 749 5023 duos
794 4976 1069 5038 pmnimat.
1117 4980 1169 5031 Si
1202 4984 1443 5048 genuerit
1468 5002 1531 5039 ex
1561 5002 1657 5053 ea,
1715 4997 1821 5044 tres

241 5078 412 5111 annos
446 5063 719 5125 paeniteat.
749 5066 803 5118 Si
834 5082 952 5121 sue
983 5068 1231 5138 conjugio
1260 5082 1418 5137 sunt,
1450 5086 1556 5130 tres
1586 5081 1819 5148 quadra-

238 5152 495 5218 gesiuias;
530 5154 743 5219 quidam
777 5157 1124 5226 quadraginta
1165 5161 1281 5218 dies
1306 5164 1581 5232 iudicant,
1634 5171 1682 5224 id
1716 5184 1818 5240 est,

239 5253 583 5296 consuetum.
619 5242 747 5302 Item
779 5246 1059 5303 sodomita:
1089 5252 1303 5320 quidam
1326 5295 1341 5320 ,
1370 5257 1587 5325 decem,
1622 5262 1672 5316 id
1706 5275 1823 5325 est.

238 5332 330 5398 qui
379 5348 522 5402 δερμα
566 5334 777 5402 fecerit,
818 5340 901 5392 vel
943 5340 995 5394 in
1040 5344 1204 5411 gradu
1231 5347 1445 5414 quidam
1491 5362 1693 5421 septem
1729 5370 1817 5411 an-

244 5438 371 5489 nos,
403 5426 618 5493 quidam
650 5444 874 5493 annum,
908 5441 965 5485 ut
996 5436 1171 5490 mollis
1200 5438 1415 5507 quidam
1448 5457 1661 5499 centum
1685 5448 1821 5515 dies,

249 5522 308 5568 ut
331 5516 500 5581 pueri,
534 5519 631 5571 viri
666 5520 804 5574 inter
833 5537 1021 5589 annos,
1050 5526 1093 5578 si
1131 5528 1280 5594 pueri
1312 5530 1445 5586 duos
1475 5549 1667 5589 annos.
1724 5540 1821 5607 Qui

243 5619 369 5659 cum
404 5608 607 5675 pecude
648 5614 968 5683 peccaverit,
1004 5617 1087 5671 vel
1123 5617 1398 5689 juiuento,
1433 5625 1617 5683 decem
1650 5644 1822 5688 annos

328 5740 345 5760 '
371 5740 430 5829 id
463 5753 541 5823 est
574 5748 945 5829 utatur-eodem
968 5752 1080 5805 cibo
1104 5769 1162 5808 ac
1192 5768 1312 5826 pom
1340 5775 1439 5829 quo
1467 5762 1564 5819 illi.

316 5808 341 5849 δ
368 5813 584 5883 Ρωηίῐ.,
619 5832 717 5868 xxv
740 5819 1021 5888 iudicatur.

1854 4565 1908 4625 D

1952 1966 2207 2031 paeniteat
2232 2011 2245 2033 ,
2298 1973 2379 2024 vel
2412 1984 2520 2026 tres
2551 1978 2983 2048 quadragesimas
3004 2026 3018 2049 ,
3068 1990 3151 2040 vel
3184 1992 3532 2059 quadraginta

1952 2055 2066 2107 dies
2112 2058 2390 2123 paeniteat.
2441 2062 2495 2115 Si
2536 2066 2651 2132 quis
2701 2079 2921 2125 coactus
2961 2088 3058 2141 pio
3099 2078 3331 2143 qualibet
3368 2055 3530 2137 causa

1953 2149 2285 2204 neceSsitatis
2308 2192 2324 2217 ,
2360 2162 2467 2206 tres
2497 2158 2966 2232 quadragesimus,
3021 2168 3106 2220 alii
3141 2179 3281 2235 tres,
3330 2189 3526 2231 artuum

1952 2253 2138 2305 unum,
2174 2251 2225 2294 et
2257 2258 2319 2297 ex
2359 2245 2437 2298 eis
2468 2248 2516 2300 in
2544 2264 2676 2316 pane
2704 2266 2755 2305 et
2788 2254 2839 2307 in
2870 2271 3026 2325 aqua,
3062 2270 3116 2311 ut
3148 2262 3237 2314 alii
3264 2263 3527 2330 judicant.

1951 2324 2080 2381 llcm
2124 2331 2322 2398 perjuri
2368 2343 2476 2390 tres
2510 2354 2717 2406 annos,
2767 2346 2856 2411 qui
2889 2349 3191 2414 SttSpicatur
3221 2354 3526 2422 priusquam

1945 2417 2242 2483 jUIDPlllllln
2274 2424 2496 2477 ducatur
2519 2470 2531 2491 ,
2567 2436 2621 2481 et
2657 2440 2832 2485 tamen
2878 2435 3023 2502 jurat
3049 2454 3142 2507 per
3178 2456 3520 2508 couscnsuut,

1950 2505 2082 2559 duos
2111 2526 2281 2565 annos
2316 2516 2591 2580 paeniteat.
2630 2519 2684 2574 Si
2708 2524 2826 2591 quis
2853 2526 2904 2579 in
2943 2544 3099 2583 manu
3143 2532 3262 2587 laici
3306 2534 3528 2604 jurave-

1950 2599 2040 2663 rit,
2071 2602 2208 2668 apud
2242 2603 2456 2658 Graecus
2494 2611 2623 2661 nihil
2647 2626 2747 2665 est.

2318 2698 2380 2749 .\'.
2428 2699 2501 2753 De
2529 2704 2691 2757 alstiu
2724 2709 2833 2760 utia
2878 2713 3168 2767 mulierum.

2019 2783 2206 2837 Mulier
2235 2787 2501 2843 abstineat
2537 2807 2595 2847 se
2626 2812 2654 2846 a
2700 2800 2813 2851 viro
2846 2816 2972 2870 suo,
3015 2809 3226 2872 qttando
3254 2823 3516 2880 concepe-

1946 2872 2038 2937 rit,
2064 2885 2345 2943 antequam
2379 2886 2645 2949 pepererit
2677 2897 2761 2939 :et
2785 2900 2904 2955 post
2926 2902 3133 2959 partum
3166 2872 3518 2970 quadraginta

1944 2963 2079 3017 dies.
2107 2966 2205 3033 Qui
2230 2981 2407 3025 autem
2434 2978 2674 3042 nupserit
2699 2978 2782 3032 bis
2807 2981 3013 3050 diebus,
3050 2963 3239 3042 decem
3264 2992 3379 3047 dies
3411 3008 3524 3059 ,ιω-

1944 3054 2156 3121 niteat,
2209 3061 2289 3112 vel
2324 3061 2556 3129 triginta,
2597 3069 2677 3120 vel
2711 3069 2918 3139 viginti.
2964 3076 3062 3138 Qui
3097 3079 3147 3130 in
3180 3083 3525 3138 matrimonio

1944 3153 2104 3209 sunt,
2153 3146 2457 3203 abstineant
2480 3168 2541 3207 se
2585 3164 2693 3210 tres
2723 3160 3201 3234 quadragesimas,
3254 3180 3309 3223 et
3340 3175 3523 3239 paeni-

1947 3241 2076 3298 teat,
2101 3236 2182 3289 vel
2209 3237 2441 3305 trigiuta,
2472 3243 2553 3295 vel
2582 3245 2786 3314 viginti.
2812 3249 2909 3316 Qui
2936 3252 2985 3306 in
3012 3236 3351 3313 matrimonio
3370 3276 3517 3329 sunt,

1944 3322 2243 3381 abstineant
2291 3344 2351 3383 se
2397 3342 2503 3387 tres
2540 3339 3008 3413 quadragesimus,
3058 3359 3112 3402 et
3150 3352 3201 3406 in
3250 3355 3521 3416 dominica

1940 3422 2120 3478 nocte,
2151 3426 2204 3469 et
2230 3419 2279 3471 in
2304 3420 2529 3477 sabbato
2560 3436 2613 3479 et
2641 3426 2772 3485 feria
2801 3445 2985 3499 quarta
3020 3447 3075 3491 et
3103 3446 3288 3508 tertia,
3319 3451 3409 3515 qui
3444 3452 3522 3506 le-

1939 3506 2125 3574 gitime
2152 3521 2298 3575 sunt,
2348 3523 2402 3565 ct
2430 3524 2539 3570 tres
2571 3532 2756 3575 nectes
2782 3525 3086 3585 absdneant
3121 3546 3197 3597 se,
3232 3549 3518 3607 antequam

1938 3600 2358 3655 communicent.
2422 3605 2523 3670 Qui
2576 3611 2628 3664 in
2678 3617 3084 3685 quadragesima
3139 3637 3261 3681 ante
3317 3631 3522 3690 Pascha

1938 3692 2214 3757 cognoscit
2257 3708 2481 3751 uxorem
2513 3713 2697 3767 suam,
2730 3719 2783 3759 et
2816 3710 2987 3765 noluit
3015 3716 3288 3774 abstinere
3309 3760 3323 3785 ,
3357 3739 3522 3780 unum

1939 3792 2141 3835 annum
2168 3786 2446 3854 paeniteat,
2472 3793 2555 3845 vel
2585 3807 2741 3849 suum
2776 3802 3005 3866 pretium
3035 3806 3223 3862 reddat
3247 3813 3311 3865 ad
3343 3818 3518 3870 eccle-

1936 3871 2094 3937 siam,
2127 3877 2210 3927 vel
2244 3882 2568 3945 pauperibus
2599 3886 2825 3956 dividat,
2861 3894 2947 3947 vel
2972 3895 3155 3963 viginti
3199 3915 3291 3956 sex
3320 3907 3523 3963 Solidos

1943 3965 2151 4019 reddat.
2177 3968 2233 4021 Si
2270 3985 2362 4035 per
2389 3975 2705 4033 ebrietatem
2730 3985 2811 4035 vel
2842 3985 3017 4053 aliqua
3048 4004 3205 4046 causa
3233 4004 3521 4055 accesserit

1936 4056 2051 4112 sine
2080 4065 2495 4129 consuetudine,
2544 4073 2892 4141 quadraginta
2932 4080 3047 4134 dies
3087 4087 3363 4151 paeniteat.
3410 4093 3523 4146 Mu-

1937 4145 2040 4201 lier
2069 4150 2112 4202 si
2141 4151 2496 4210 divinationes
2525 4158 2732 4226 fecerit,
2766 4168 2846 4219 vel
2873 4169 3265 4230 incantationes
3289 4180 3516 4236 diaboli-

1933 4250 2023 4291 cas
2043 4279 2056 4303 ,
2088 4256 2253 4295 unum
2278 4258 2476 4300 annum
2508 4254 2782 4319 paeniteat,
2813 4262 2892 4311 vel
2927 4272 3035 4315 tres
3061 4266 3518 4341 quadragesuna~,

1934 4328 2017 4382 vel
2051 4334 2401 4404 quadraginta
2427 4340 2561 4405 dies,
2591 4344 2739 4410 juxta
2766 4328 3091 4415 qualitatem
3108 4328 3297 4425 culme
3331 4328 3520 4421 Mulier

1932 4420 1977 4471 si
2008 4420 2241 4489 aliquem
2275 4429 2607 4485 interlecerit
2628 4474 2644 4501 ,
2675 4436 2764 4490 imi
2793 4451 2975 4494 autem
3006 4448 3271 4503 malelicia
3302 4466 3397 4505 sua
3420 4498 3434 4522 ,
3466 4458 3515 4511 id

1934 4518 2035 4573 est,
2071 4527 2163 4579 per
2194 4520 2479 4583 poculum,
2516 4531 2608 4575 aut
2646 4541 2739 4592 per
2777 4540 2947 4583 artem
2978 4535 3244 4605 aliquam,
3290 4518 3516 4611 quatuor

1932 4616 2101 4658 anuos
2162 4611 2436 4675 paeniteat.
2500 4613 2556 4669 Si
2610 4622 2968 4689 paupercula,
3041 4642 3269 4694 qnatuur
3320 4650 3511 4693 annos.

1931 4694 2120 4750 Mulier
2162 4700 2205 4751 si
2268 4703 2523 4757 occiderit
2565 4704 2732 4762 ﬁ'ium
2789 4729 2943 4767 suum
2987 4731 3082 4786 per
3125 4721 3512 4796 homicidium,

1930 4787 2176 4841 undecim
2207 4805 2375 4844 annos
2404 4797 2679 4862 pmnitcal.

2199 4879 2289 4933 XI.
2333 4883 2408 4936 De
2447 4890 2679 4957 auguriis
2711 4893 2787 4944 uel
2818 4894 3239 4958 divinatiouibus.

2002 4976 2235 5040 Auguria
2262 4979 2339 5030 vel
2372 4990 2563 5045 sortes,
2590 4998 2707 5051 qua:
2737 4987 2985 5043 dicuntur
3016 4994 3143 5047 falsa
3174 5008 3503 5068 sanctorum,

1928 5064 2011 5115 vel
2066 5066 2485 5121 divinationibus
2542 5074 2861 5139 observare,
2940 5081 3019 5134 vel
3072 5099 3511 5157 quarumcunque

1927 5155 2312 5222 scripturarum
2345 5161 2676 5229 inspectione
2716 5165 2893 5223 futura
2920 5176 3259 5242 promittunt,
3294 5182 3377 5234 vel
3413 5199 3507 5237 vo-

1930 5260 2038 5300 tuni
2073 5252 2277 5304 vovet-it
2310 5262 2331 5288 ε
2373 5252 2422 5304 in
2455 5253 2704 5308 arborem
2738 5259 2817 5311 vel
2852 5261 2901 5312 in
2931 5266 3224 5329 quamlibet
3252 5284 3387 5334 rem,
3417 5289 3510 5325 cx-

1927 5350 2077 5404 cepta
2121 5341 2384 5407 ecclesia,
2440 5343 2483 5395 si
2527 5347 2751 5400 clericus
2784 5349 2940 5415 laici,
2974 5361 3509 5418 excommunicentur

1926 5428 1993 5480 ab
2022 5430 2243 5483 ecelesia
2268 5474 2281 5497 ,
2319 5432 2398 5485 vel
2442 5442 2548 5487 tres
2577 5452 2744 5490 annos
2786 5440 3015 5495 clericus
3043 5450 3299 5513 pteiiiteat
3320 5490 3337 5516 ,
3386 5453 3504 5511 laici

1926 5521 2029 5573 duo
2058 5522 2139 5574 vel
2176 5538 2281 5577 uno
2304 5536 2357 5578 et
2393 5527 2635 5580 dimidio.
2672 5530 2858 5585 Mulier
2885 5534 2931 5587 si
2963 5535 3129 5591 lilium
3160 5555 3315 5595 suum
3346 5560 3505 5613 supra

1928 5623 2123 5666 tectum
2152 5616 2321 5683 ponit,
2350 5618 2427 5669 vel
2451 5618 2502 5670 in
2528 5616 2799 5673 fornacem
2821 5663 2836 5687 ,
2873 5638 2968 5692 pro
2994 5629 3221 5682 sanitate
3252 5634 3503 5704 febrium,

1975 5783 2025 5894 Ic
2051 5772 2267 5897 Pmnlili.
2298 5777 2374 5829 rel
2393 5782 2686 5846 persolverit
2705 5784 2772 5835 ad
2794 5785 3041 5855 arborem,
3069 5786 3147 5843 vel
3173 5788 3507 5859 lapidum”!

2020 5859 2209 5897 muniti;
2236 5857 2315 5897 tet.

1925 5857 1989 5895 ait
2020 5857 2315 5913 quunttiuct.
