4168 6528
691 425 790 480 431
1397 419 1455 473 8.
1502 412 1797 470 EGBEIlTI
1837 411 2154 466 CANUNES
2188 411 2273 463 DE
2315 407 2640 464 REMEDIIS
2683 406 3174 462 I‘I‘ICCA'I‘ORUM.
3864 410 3964 465 452

690 540 924 607 quinque
965 549 1133 589 annos
1182 535 1454 602 pinuiteat.
1512 532 1687 584 Nolite
1735 545 2024 592 exet-cere,
2057 528 2270 595 quando
2305 533 2346 588 Α
2378 525 2494 578 dies
2553 523 2831 590 paeniteat.
2909 523 3006 589 Qui
3045 527 3056 573 i
3101 525 3399 578 fraudatum
3449 526 3718 592 comedit,
3771 538 3823 583 ct
3882 542 3964 585 est

689 634 810 686 Iuna
842 633 1192 689 obscuratur,
1238 636 1293 679 ut
1322 625 1650 679 elatum-ibus
1696 639 1758 677 ac
1798 625 2071 677 maleficiis
2104 625 2270 676 sacri-

689 721 810 789 Iego
843 736 938 773 usu
960 760 975 784 ,
1009 735 1065 772 se
1104 718 1388 771 defensare
1432 731 1587 784 posse
1631 716 1924 769 confidunt.
1955 725 1979 751 ⁸
2013 713 2269 783 (laragios

687 823 742 866 et
763 813 971 864 divinos
1010 818 1428 878 praecantatores
1462 806 1508 870 δ,
1546 806 1664 860 laici
1691 818 1798 858 tres
1823 807 1939 857 dies
1968 807 2083 858 sine
2115 820 2265 857 cere-

688 903 822 956 visia
855 901 934 954 vel
964 901 1088 954 vino
1116 910 1169 953 et
1199 914 1381 961 carne,
1415 899 1504 952 alii
1531 898 1813 951 duodecim
1846 897 1983 951 dies.
2010 898 2065 951 Si
2097 897 2266 949 fidelis

688 993 854 1047 laicus
885 991 974 1058 sit,
1025 993 1112 1060 qui
1146 1005 1242 1056 pro
1275 991 1510 1059 nequitia
1559 990 1787 1042 inebriat
1834 991 2062 1042 alterum
2087 1032 2100 1053 ,
2135 1003 2265 1055 qua-

689 1084 930 1153 draginta
964 1083 1074 1136 dies
1109 1086 1382 1149 pmuitent.
1416 1083 1471 1136 Si
1499 1084 1757 1135 vomitum
1787 1081 1911 1135 facit
1940 1081 2271 1134 infirmitatis

687 1191 868 1241 causa,
902 1175 1018 1230 sine
1046 1175 1203 1243 culpa
1235 1183 1338 1226 est.

1209 1266 1326 1322 XII.
1371 1267 1446 1320 Dc
1485 1267 1748 1320 ebrietate.

760 1360 817 1416 Si
858 1374 952 1428 per
979 1358 1293 1413 ebrietatem
1327 1361 1405 1412 vel
1444 1359 1789 1411 voracitatem
1827 1356 2124 1410 evomuerit
2171 1371 2271 1408 eu-

689 1450 1024 1517 charistiam,
1079 1449 1425 1519 quadraginta
1458 1449 1572 1502 dies
1615 1451 1873 1517 paeniteat
1900 1448 2125 1500 clericus
2153 1463 2268 1497 tuo-

691 1542 924 1608 ttaeltus,
961 1541 1218 1594 diaconus
1247 1541 1545 1608 sexaginta,
1580 1540 1858 1608 presbyter
1889 1539 2225 1603 septuaginta
2252 1577 2268 1602 ,

691 1632 974 1698 cpiscopus
1020 1642 1040 1669 ε
1097 1641 1311 1684 centum
1361 1631 1568 1682 decem.
1623 1629 1680 1683 Si
1733 1631 2058 1682 infirmitatis
2087 1645 2267 1694 causa,

693 1731 900 1790 Septem
943 1722 1058 1773 dies
1109 1721 1478 1789 unusquisque
1508 1739 1519 1773 :
1549 1721 1667 1774 sine
1709 1720 2033 1772 infirmitatis
2081 1737 2271 1785 causa,

690 1813 935 1866 sacrificii
967 1813 1053 1866 die
1084 1823 1310 1882 quatuor
1343 1813 1457 1865 dies
1493 1831 1504 1865 :
1539 1812 1753 1881 quidam
1790 1813 2122 1877 psalterium,
2159 1813 2272 1879 qui-

2382 617 2537 684 inops
2570 617 2648 669 vel
2687 616 2849 670 hebes
2878 659 2890 679 ,
2939 626 3170 685 quatuor
3219 618 3332 672 dies
3367 619 3622 685 poeniteat
3655 634 3671 673 :
3701 622 3815 674 sani
3867 637 3961 674 au-

2381 715 2486 759 tem
2521 716 2576 760 et
2612 706 2832 767 infirtni,
2884 707 2928 760 si
2978 707 3189 773 sciunt,
3247 709 3597 777 quadraginta
3629 709 3744 763 dies
3789 713 3963 778 pteni-

2379 805 2541 850 teant.
2593 797 2689 863 Qui
2737 811 2879 865 szrpe
2941 798 3162 863 faciunt,
3207 809 3316 852 tres
3366 801 3842 869 quadragesimas,
3875 803 3958 856 vel

2376 903 2596 941 annum.
2623 889 2722 953 Qui
2757 890 2994 943 comedit
3023 894 3102 943 vel
3138 892 3268 944 bibit
3309 892 3586 945 itttiuctutn
3630 910 3658 945 a
3707 893 3957 950 fatniliari

2378 980 2567 1042 bestia,
2601 981 2649 1033 id
2677 990 2778 1043 est,
2799 995 2952 1043 cane,
2985 982 3065 1035 vel
3085 994 3247 1048 ratio,
3276 993 3328 1035 et
3347 982 3468 1047 scit,
3492 996 3704 1038 centum
3727 987 3960 1048 psalmos

2377 1081 2573 1134 cantet,
2610 1073 2692 1124 vel
2718 1088 2881 1126 unum
2915 1076 3056 1127 diem
3092 1075 3322 1143 jejunet.
3357 1075 3414 1130 Si
3446 1077 3564 1145 quis
3605 1077 3812 1132 dederit
3863 1080 3960 1132 ali-

2376 1163 2461 1216 cui
2495 1165 2754 1232 liquorem
2782 1163 2832 1216 itt
2866 1180 2972 1232 quo
3002 1181 3120 1219 mus
3149 1168 3230 1220 vel
3279 1167 3532 1222 mustella
3565 1177 3774 1220 mortua
3805 1169 3958 1221 inve-

2379 1253 2598 1306 niuntur
2620 1294 2632 1316 ,
2667 1254 2712 1306 si
2737 1256 3039 1321 Satcularis,
3073 1269 3302 1325 quatuor
3323 1259 3437 1314 dies
3466 1260 3740 1329 paeniteat,
3775 1263 3826 1314 in
3848 1277 3959 1316 eas-

2377 1350 2553 1403 nobiis
2585 1358 2856 1403 trecentos
2888 1351 3126 1419 psalmos
3175 1361 3376 1406 cantet.
3407 1352 3505 1419 Qai
3538 1361 3719 1421 postea
3753 1353 3960 1406 noverit

2377 1443 2523 1509 quod
2572 1443 2732 1496 talem
2792 1454 2974 1511 potum
3027 1443 3243 1510 biberit,
3280 1445 3628 1512 I‘psalterium
3658 1454 3859 1498 cantet.
3901 1445 3957 1499 Si

2386 1536 2506 1604 quis
2535 1537 2886 1590 semicoctum
2919 1537 3214 1590 comederit
3265 1538 3487 1602 inscius,
3519 1549 3624 1591 tres
3645 1537 3758 1591 dies
3784 1536 3963 1606 paeni-

2382 1636 2508 1692 teat,
2559 1628 2640 1681 vel
2696 1629 3005 1694 psalterium
3039 1638 3235 1681 cantet.
3268 1629 3455 1682 Sciens
3485 1638 3659 1682 autem
3684 1673 3696 1693 ,
3729 1644 3960 1698 quatuor

2385 1719 2501 1772 dies
2549 1721 2827 1787 poaniteat.
2863 1720 2965 1774 Pro
2996 1721 3210 1774 modico
3263 1720 3422 1785 furto,
3457 1721 3667 1789 triginta
3698 1722 3814 1774 dies
3846 1738 3961 1791 pte-

2387 1812 2560 1865 niteat
2598 1813 2648 1864 in
2679 1811 2864 1878 viginti
2898 1827 3084 1865 annos.
3125 1812 3275 1864 Pueri
3320 1813 3505 1864 decem
3554 1827 3813 1864 annorum
3861 1813 3960 1865 ali-

691 1904 813 1958 dam
856 1905 937 1956 bis
980 1904 1290 1971 psalterium
1320 1901 1342 1939 ιι
1376 1918 1527 1953 suum
1578 1902 1824 1954 sacrificii
1869 1903 1954 1954 die
2003 1902 2052 1952 in
2095 1902 2268 1968 ignem
2312 1888 2353 1946 Β
2383 1902 2525 1970 quod
2558 1900 2756 1954 furtum
2793 1901 3072 1965 facientes,
3121 1912 3347 1968 quatuor
3397 1902 3513 1954 dies
3553 1903 3868 1969 rmttiteant.
3902 1903 3957 1957 Si

691 1995 935 2066 projecit,
970 1997 1048 2048 vel
1083 1997 1132 2046 in
1166 1993 1416 2056 flumine,
1459 2002 1675 2045 contum
1703 1993 1939 2059 psalmos
1971 2001 2172 2044 cantet.
2210 1993 2264 2046 Si

690 2104 850 2142 canes
879 2087 1165 2140 comedunt
1197 2087 1360 2138 talem
1396 2087 1654 2137 vomitum
1677 2126 1690 2146 ,
1735 2095 1952 2137 centum
1978 2084 2194 2147 dielnts,
2226 2085 2268 2137 si

691 2179 832 2232 scit:
867 2179 909 2231 si
941 2193 1046 2231 non
1080 2179 1198 2242 seit,
1234 2177 1603 2244 quadraginta.
1640 2178 1739 2241 Qui
1772 2191 1902 2229 vero
1939 2175 2272 2229 inebriantur

695 2276 883 2320 contra
914 2275 1240 2334 prarceptum
1281 2266 1524 2330 Domini,
1556 2265 1599 2317 si
1634 2276 1816 2317 votum
1847 2264 2142 2317 sanctitatis
2177 2264 2270 2316 ha-

691 2357 819 2410 bent
851 2358 973 2426 (hoc
999 2366 1079 2409 est
1101 2356 1352 2420 ebrietas,
1385 2355 1598 2423 quando
1627 2365 1826 2408 statum
1855 2355 2048 2408 mentis
2077 2365 2268 2419 mutat,

692 2456 747 2500 et
776 2447 967 2514 lingua:
1000 2445 1330 2506 balbutiuut,
1364 2453 1419 2498 et
1447 2445 1588 2498 oculi
1623 2447 1936 2507 turbantur,
1981 2454 2034 2498 et
2067 2446 2272 2510 vertigo

693 2537 819 2603 erit,
860 2545 911 2589 et
936 2536 1134 2588 ventris
1159 2535 1437 2600 distensio,
1488 2549 1548 2587 ac
1580 2535 1732 2587 dolor
1767 2536 2054 2603 sequitur),
2088 2539 2130 2590 si
2159 2539 2270 2589 cle-

697 2629 839 2682 ricus
862 2629 950 2691 sit,
983 2636 1206 2694 quatuor
1230 2625 1342 2678 dies
1375 2625 1657 2692 pmuiteat,
1689 2626 1984 2677 monachus
2013 2636 2270 2692 quatuor-

695 2718 889 2781 decim;
911 2717 1164 2770 diaconus
1185 2724 1408 2781 quatuor
1431 2714 1809 2778 hebdomadas,
1841 2715 2116 2783 presbyter
2142 2731 2271 2783 qua-

696 2823 836 2879 tuor,
854 2811 1132 2878 episc0pus
1147 2809 1394 2876 quinque,
1414 2806 1612 2873 praelati
1635 2816 1740 2860 tres
1757 2808 1870 2859 sine
1885 2807 2005 2860 vino
2019 2815 2072 2860 et
2085 2821 2269 2860 carne.

1165 2899 1228 2951 X2
1243 2900 1277 2950 Il
1292 2935 1306 2950 .
1350 2897 1424 2950 De
1462 2897 1790 2950 cttrharistirt.

763 2991 818 3046 Si
848 2991 966 3061 quis
998 2990 1374 3044 cucltariStiam
1401 2990 1733 3056 negligentia:
1762 3004 1918 3041 causa
1945 2988 2267 3054 perdiderit,

694 3099 859 3139 unum
887 3097 1082 3135 annum
1110 3081 1385 3148 poeniteat,
1415 3088 1523 3132 tres
1548 3078 2007 3148 quadragesintas,
2027 3094 2119 3132 seu
2151 3094 2273 3147 qua-

695 3179 935 3246 draginta
969 3175 1083 3228 dies
1116 3175 1388 3241 pmniteat.
1432 3171 1485 3225 Si
1520 3172 1840 3224 sacrificium
1881 3171 1931 3221 in
1965 3180 2101 3223 terra
2131 3171 2274 3223 ceci-

2379 1995 2497 2062 quis
2533 1995 2808 2046 intinxerit
2837 2010 3052 2046 manqu
3086 1995 3136 2046 in
3169 1993 3347 2059 aliquo
3394 1994 3532 2057 cibo,
3599 2006 3649 2048 et
3691 2009 3796 2046 non
3841 1995 3960 2046 ido-

2323 2117 2330 2124 ι
2379 2099 2475 2134 nea
2505 2098 2686 2144 manu,
2732 2092 2948 2134 centum
2986 2081 3002 2117 ι
3045 2081 3317 2148 palmadas
3342 2082 3668 2134 emendetur.
3701 2080 3758 2135 St
3794 2082 3843 2133 in
3875 2079 3958 2133 fa-

2379 2171 2489 2223 rina
2525 2181 2614 2248 aut
2653 2172 2705 2224 iu
2735 2172 2916 2239 aliquo
2947 2173 3067 2224 cibo
3095 2173 3239 2224 sicco
3287 2183 3378 2224 aut
3429 2171 3482 2224 in
3532 2173 3674 2238 pulte
3703 2182 3794 2224 aut
3820 2174 3958 2226 lacte

2377 2263 2660 2329 coagulato
2719 2278 2838 2314 mus
2879 2261 2962 2314 vel
3021 2262 3266 2315 mustella
3311 2275 3518 2316 mortua
3569 2263 3954 2329 inveniuntur,

2377 2352 2518 2420 quod
2551 2352 2600 2404 in
2629 2352 2858 2404 circuitu
2892 2350 3011 2419 ejus
3053 2351 3404 2415 remanserit,
3435 2352 3739 2420 projicietur
3770 2355 3913 2406 foras
3942 2371 3954 2406 :

2377 2450 2429 2493 et
2482 2440 2620 2507 quod
2679 2441 2940 2508 reliquum
2993 2449 3077 2493 est
3129 2441 3497 2495 tuanducetur.
3553 2442 3681 2496 Item
3715 2443 3805 2511 qui
3857 2459 3923 2496 au

2383 2540 2510 2594 tem,
2559 2531 2698 2598 quod
2757 2532 2806 2582 in
2857 2532 3218 2598 pmuitentiale
3260 2533 3517 2602 scriptum
3572 2543 3674 2598 est,
3732 2534 3956 2602 implere

2384 2621 2612 2687 poterit,
2669 2623 2867 2674 bonum
2898 2630 2979 2674 est
3010 2639 3024 2685 ;
3057 2623 3145 2689 qui
3199 2633 3376 2678 autem
3423 2640 3527 2678 non
3579 2634 3776 2691 potest,
3828 2642 3956 2678 cou-

2383 2713 2567 2766 silium
2625 2713 2815 2766 damus
2865 2728 2959 2781 per
3011 2715 3435 2768 misericordiam
3473 2717 3562 2769 Dei
3608 2717 3659 2769 in
3705 2718 3952 2784 primitus

2380 2816 2476 2869 pro
2526 2817 2630 2856 uno
2685 2803 2772 2858 die
2822 2804 2872 2856 in
2919 2819 3056 2872 pane
3103 2815 3158 2859 et
3194 2820 3330 2875 aqua
3376 2807 3755 2876 quinquaginta
3810 2809 3951 2878 psal-

2379 2909 2494 2948 mos
2536 2904 2574 2930 ω
2622 2896 3056 2964 genuﬂeetendo.
3115 2908 3207 2953 aut
3257 2900 3373 2955 sine
3422 2902 3559 2957 flexu
3620 2903 3950 2974 septuaginta

2381 2986 2637 3052 psalmos,
2676 2987 2812 3040 intra
2845 2990 3154 3055 ecclesiam,
3199 2991 3284 3044 vel
3314 2991 3364 3043 in
3399 3007 3505 3045 uno
3533 2993 3651 3046 loco
3683 3009 3777 3062 per
3805 2996 3949 3047 ordi-

2380 3090 2499 3130 nem
2533 3078 2725 3144 psallat
2759 3097 2770 3131 :
2817 3088 2872 3132 et
2905 3094 3000 3146 pro
3042 3095 3150 3134 uno
3173 3079 3262 3134 die
3292 3080 3470 3136 valent
3512 3084 3755 3138 ducenta:
3784 3101 3952 3152 genu-

2385 3167 2671 3233 quxioues,
2708 3171 2789 3223 vel
2822 3186 2960 3224 unus
2989 3173 3242 3226 denarius
3269 3181 3295 3210 η
3327 3188 3427 3240 pro
3455 3174 3541 3228 die
3574 3176 3733 3240 valet,
3767 3185 3821 3231 et
3846 3187 3953 3231 tres

696 3238 838 3323 derit
908 3280 1067 3318 causa
1117 3238 1504 3331 negligentiae,
1586 3261 1970 3329 quinquaginta
2041 3260 2272 3328 psalmos
2302 3238 2348 3301 (ἶ
2389 3258 2761 3328 eleemosynas
2819 3270 2930 3315 tres
2976 3277 3240 3330 pauperes
3267 3238 3447 3318 valent
3480 3284 3491 3318 :
3524 3238 3735 3336 quidam
3772 3269 3956 3322 dicunt

698 3368 894 3415 cantet.
929 3357 1026 3422 Qui
1071 3356 1366 3424 neglexerit
1409 3353 1762 3413 sacriﬁcium,
1798 3361 1856 3405 ut
1880 3367 2089 3405 vermes
2129 3353 2179 3404 in
2212 3366 2276 3405 eo

701 3451 829 3508 sint,
857 3455 916 3499 ut
953 3447 1187 3497 colorem
1235 3457 1340 3496 non
1394 3442 1616 3505 habeat,
1661 3455 2033 3507 saporemque,
2089 3439 2275 3508 viginti

706 3535 822 3589 dies
854 3532 1109 3602 paaniteat
1138 3532 1217 3584 vel
1251 3531 1487 3596 triginta,
1515 3529 1594 3580 Vel
1627 3529 1996 3596 quadraginta,
2053 3538 2107 3580 et,
2142 3537 2162 3561 ε
2224 3530 2277 3581 in

710 3627 836 3690 igne
858 3621 1180 3676 accendetur
1206 3638 1217 3671 :
1249 3620 1383 3672 cinis
1413 3619 1531 3686 ejus
1567 3619 1668 3671 sub
1699 3617 1867 3671 altare
1895 3619 2275 3672 abseundatur.

706 3713 764 3767 Si
795 3726 963 3779 usque
995 3710 1060 3762 ad
1092 3719 1287 3762 terram
1310 3707 1588 3773 ceciderit,
1620 3722 1781 3758 unum
1811 3706 1949 3759 diem
1976 3708 2230 3773 pteniteat
2260 3726 2272 3759 :

699 3805 746 3858 si
782 3802 800 3842 ί
830 3803 984 3857 stella
1013 3799 1225 3863 arserit,
1257 3802 1423 3852 aitare
1451 3796 1743 3861 ceciderit,
1780 3798 1996 3862 triginta
2021 3798 2136 3850 dies
2165 3813 2278 3866 pte-

701 3894 888 3948 uiteat.
928 3889 1026 3957 Qui
1056 3891 1107 3942 in
1138 3890 1364 3942 ecclesia
1410 3887 1676 3940 modicam
1717 3897 1918 3953 partem
1964 3888 2274 3954 perdiderit,

701 3993 756 4038 et
785 3997 889 4036 non
931 3979 1237 4043 invenerit,
1288 3978 1472 4047 viginti
1501 3977 1615 4031 dies
1644 3977 1926 4044 paeniteat,
1958 3994 2278 4050 unoquoque

702 4074 790 4128 die
820 4073 1054 4142 psalmos
1081 4070 1427 4139 quadraginta
1457 4079 1658 4122 cantet.
1683 4069 1783 4135 Qui
1813 4080 1990 4122 autem
2023 4070 2075 4124 in
2106 4080 2130 4116 8
2163 4075 2274 4139 ple-

701 4167 825 4220 bem
848 4179 1005 4217 suum
1037 4161 1378 4217 chrismalem
1412 4162 1728 4229 perdiderit,
1763 4171 1816 4215 et
1843 4177 1948 4215 non
1977 4163 2272 4229 invenerit,

698 4253 1047 4321 quadraginta
1079 4252 1193 4306 dies
1226 4252 1512 4318 poeniteat,
1565 4253 1648 4304 vel
1677 4261 1786 4307 tres
1813 4255 2270 4322 quadragesimas.

697 4344 798 4411 Qui
833 4343 1123 4412 perfuderit
1149 4340 1175 4378 ιι
1207 4343 1431 4396 calicem
1458 4341 1512 4395 in
1552 4342 1709 4396 finem
1737 4345 2092 4400 solemnitatis
2113 4387 2128 4413 ,
2186 4347 2278 4402 tri-

697 4437 841 4505 ginta
872 4435 988 4489 dies
1021 4434 1297 4503 pceniteat.

1118 4523 1256 4578 XIV.
1305 4523 1382 4578 De
1420 4525 1630 4578 diversis
1659 4528 1847 4580 causis.

773 4624 873 4690 Qui
914 4622 927 4659 ί
966 4631 1263 4676 creaturam
1323 4621 1632 4688 perdiderit,
1689 4623 1852 4687 ithus,
1913 4624 2148 4690 tabulas,
2183 4638 2273 4680 aut

698 4713 1007 4770 seltedulam
1053 4726 1238 4777 suam,
1289 4712 1366 4764 sal
1413 4713 1785 4780 benedictum,
1836 4730 2027 4781 panem
2074 4731 2269 4769 novum

697 4815 1066 4863 consecratum
1101 4846 1114 4869 ,
1156 4806 1236 4859 vel
1267 4806 1464 4874 aliquid
1517 4806 1641 4859 huic
1671 4809 1866 4874 simile,
1899 4819 2126 4878 quatuor
2155 4811 2270 4867 dies

700 4899 976 4965 pteniteat.
1009 4896 1108 4960 Qui
1158 4895 1494 4948 morticinum
1553 4895 1752 4949 inscius
1795 4899 2112 4964 comederit,
2139 4917 2271 4969 qua-

700 4990 936 5058 dragiuta
988 4987 1104 5041 dies
1146 4985 1442 5054 pteniteat:
1479 4985 1522 5038 si
1555 4994 1731 5038 autem
1775 4988 1950 5041 sciens
1981 5030 1994 5053 ,
2052 5003 2267 5046 centum

773 5133 797 5160 ⁸
821 5121 1084 5188 (Σανὶηςιὶοε
1115 5137 1133 5175 :
1162 5120 1287 5174 alibi
1329 5121 1577 5174 dicuntur
1603 5161 1618 5184 ,
1669 5122 1826 5174 divini
1851 5161 1866 5186 ,
1915 5123 2225 5181 dieinatorcs
2251 5168 2266 5193 ,

699 5196 953 5260 sacrilegi,
982 5193 1308 5259 forticulurii,
1344 5203 1449 5244 etc.

771 5266 796 5304 δ
823 5265 1038 5324 Pmnit.,
1071 5264 1384 5330 pltylactcria
1411 5261 1563 5312 etiam
1596 5261 1870 5326 diabolica,
1926 5272 1972 5315 et
2021 5268 2098 5318 vel
2147 5268 2271 5318 clm-

698 5345 915 5387 racteras
947 5334 1220 5384 diaboltcos
1244 5373 1259 5395 ,
1285 5335 1362 5385 vel
1387 5332 1588 5395 herbas,
1617 5334 1691 5384 vel
1724 5349 1899 5385 succos-
1928 5337 2052 5400 suis,
2080 5339 2154 5390 vel
2175 5339 2267 5391 sibi

702 5404 982 5454 impendere
1012 5406 1291 5454 tentaverit.

695 5421 982 5474 smpenaere
1012 5421 1291 5454 tentaveru.

772 5485 794 5511 ε
826 5474 1138 5541 Nonaginta.
1174 5471 1364 5527 Facilis
1389 5474 1567 5540 lapsus
1596 5489 1659 5527 ex
1701 5471 1790 5526 XC
1821 5475 1869 5526 in
1900 5474 2016 5528 CX.

767 5543 793 5581 ἀ
821 5545 944 5597 Ilaze
990 5545 1068 5597 sic
1119 5544 1366 5596 emendat
1411 5550 1535 5598 Ant.
1583 5551 1716 5614 Aug.
1757 5547 1842 5597 :si
1872 5562 2020 5598 suum
2067 5548 2268 5613 sacriﬁ-

698 5617 851 5674 cium,
875 5624 977 5664 etc.

773 5695 796 5720 ο
834 5683 1049 5745 Paruit,
1081 5693 1126 5733 ct
1152 5682 1329 5735 vertitis
1357 5685 1703 5738 combttratttr.

772 5753 787 5789 ί
828 5753 1038 5814 Ι¹ωηιι.,
1067 5753 1331 5806 stillat'erit
1357 5766 1400 5806 et
1433 5757 1481 5806 itt
1513 5756 1604 5808 alt.
1642 5773 1690 5813 ς.

764 5832 787 5869 ε
823 5822 1038 5889 Pomm,
1069 5823 1227 5887 plebe.

2305 4584 2358 4644 Ι)

2381 3348 2766 3418 quinquaginta
2803 3359 2826 3386 °
2862 3355 3238 3419 percussiones
3265 3392 3284 3420 ,
3337 3356 3716 3426 quinquaginta
3765 3359 3953 3428 psalmi

2383 3455 2478 3508 pro
2512 3456 2621 3494 uno
2651 3441 2737 3494 die
2759 3443 2956 3496 valent.
2991 3444 3045 3497 Id
3072 3453 3178 3509 est,
3209 3446 3402 3510 hieme,
3440 3448 3492 3500 in
3517 3457 3790 3506 autumno.
3814 3460 3870 3504 et
3900 3451 3950 3501 in

2383 3548 2569 3596 verno,
2605 3545 2816 3588 centum
2851 3538 3224 3603 percussiones
3259 3539 3342 3592 vel
3391 3541 3642 3606 psalmos.
3694 3551 3747 3594 et
3779 3543 3829 3595 itt
3857 3558 3954 3595 as-

2386 3631 2514 3690 tate,
2549 3634 2762 3676 centum
2816 3626 3202 3694 quinquaginta
3253 3628 3486 3696 psalmos
3535 3630 3616 3684 vel
3657 3633 3952 3698 percussio-

2384 3727 2507 3767 nes.
2539 3712 2667 3766 Item
2703 3729 2800 3782 pro
2833 3731 2938 3768 uno
2965 3731 3175 3781 mense,
3203 3719 3342 3786 quod
3368 3720 3418 3772 in
3441 3734 3576 3788 pane
3605 3729 3661 3774 et
3684 3735 3817 3788 aqua
3843 3736 3953 3790 pa:-

2381 3804 2553 3858 nitere
2577 3804 2757 3872 debet,
2794 3806 3028 3873 psalmos
3057 3807 3108 3860 in
3167 3807 3470 3876 genuflexu,
3503 3809 3582 3863 vel
3627 3815 3747 3866 sine
3772 3811 3908 3863 flexu
3935 3854 3948 3875 ,

2380 3900 2434 3954 id
2486 3913 2590 3967 est,
2625 3910 2917 3956 sexcentos
2946 3903 3215 3970 octoginta
3240 3939 3257 3965 ,
3306 3911 3361 3955 et
3407 3912 3588 3969 postea
3626 3915 3812 3955 omnes
3841 3903 3952 3956 dies

2381 3991 2623 4044 reficiant
2646 3992 2712 4046 ad
2736 4002 2966 4058 sextam,
2993 3994 3094 4046 nisi
3126 4001 3313 4060 quarta
3337 4000 3392 4046 et
3414 4001 3563 4046 sexta
3596 3991 3725 4045 feria
3745 3993 3950 4061 jejunet

2379 4082 2445 4136 ad
2493 4099 2710 4137 nonam.
2767 4088 2811 4138 Δ
2858 4098 3021 4138 carne
3073 4093 3100 4132 ι’
3153 4093 3206 4136 et
3247 4083 3368 4134 vino
3393 4082 3657 4135 abstineat
3684 4097 3763 4146 se,
3788 4085 3950 4136 alium

2377 4175 2556 4229 cibum
2601 4183 2882 4244 postquam
2935 4175 3127 4243 psallat
3176 4181 3371 4227 sumat.
3420 4172 3478 4225 In
3533 4173 3767 4226 secundo
3813 4188 3951 4226 anno

2381 4265 2659 4320 remissior
2700 4265 3017 4330 poenitentia
3049 4265 3173 4328 erit,
3217 4263 3284 4319 de
3313 4263 3487 4316 Natali
3527 4261 3732 4315 Domini
3788 4278 3950 4331 usque

2382 4355 2432 4408 in
2494 4353 2818 4430 Epiphania,
2872 4365 2927 4410 et
2981 4355 3104 4408 illos
3154 4353 3440 4422 ptatdicws
3463 4353 3600 4415 dies,
3654 4353 3743 4422 qui
3793 4368 3950 4421 supra

2379 4445 2730 4509 scribuntur,
2787 4446 2876 4514 qui
2931 4445 3338 4513 impmnitentia:
3395 4459 3498 4496 non
3555 4451 3947 4510 computantur.

2383 4535 2512 4589 Item
2565 4536 2652 4604 qui
2698 4551 2802 4589 non
2838 4545 3013 4604 potest
3061 4535 3138 4588 sic
3183 4550 3343 4603 agere
3397 4534 3784 4601 patuit-entiam,
3815 4535 3952 4586 sicut

2384 4627 2630 4694 superius
2660 4626 2920 4694 diximus,
2963 4629 3016 4680 in
3060 4626 3233 4695 primo
3271 4639 3410 4678 anno
3431 4635 3616 4692 eroget
3647 4624 3697 4676 in
3722 4623 3953 4678 eleetno-

2383 4732 2515 4786 syua
2543 4717 2744 4771 solidos
2786 4717 2975 4787 viginti
3027 4726 3158 4782 tres,
3206 4731 3302 4785 pro
3350 4731 3458 4769 uno
3486 4729 3626 4769 anno
3657 4716 3707 4768 in
3735 4730 3869 4784 pane
3898 4725 3949 4768 et

2383 4826 2540 4881 aqua,
2575 4811 2743 4866 donet
2769 4813 2820 4866 in
2853 4815 3195 4882 eleemosyna
3223 4813 3428 4866 solidos
3458 4812 3643 4881 viginti
3685 4811 3845 4876 duos,
3897 4821 3951 4865 et

2381 4903 2432 4956 in
2480 4919 2798 4974 unaquaque
2853 4905 3189 4960 hebdomade
3238 4920 3401 4957 unum
3449 4905 3586 4956 diem
3633 4903 3842 4970 jejunet
3887 4903 3948 4955 ad

2383 5011 2596 5060 nonam,
2636 5006 2690 5050 et
2733 4997 2892 5050 alium
2935 4999 2999 5050 ad
3039 5010 3344 5065 vesperum,
3385 5004 3440 5050 et
3504 4995 3538 5048 '5
3583 4995 3784 5064 quadr.
3827 4996 3882 5050 in
3916 4995 3950 5048 3

2447 5130 2473 5165 ιι
2509 5131 2721 5196 Ι)ωηίι.,
2748 5131 2943 5198 aliquid
2973 5147 3123 5202 super
3159 5131 3322 5184 altare
3350 5132 3411 5186 de
3429 5133 3586 5186 calice
3608 5131 3732 5183 dum
3762 5135 3958 5188 solun-

2375 5203 2510 5253 nitas
2540 5203 2707 5254 misste
2735 5204 3036 5258 celebratur.

2452 5271 2465 5307 ί
2502 5275 2628 5324 Aut.
2660 5279 2822 5341 Attg.,
2858 5277 3160 5325 crat/teram.

2448 5341 2460 5389 t'
2502 5346 2626 5412 Ant.
2656 5347 2816 5407 Aug.,
2843 5343 2981 5409 furto
3007 5354 3096 5396 aut
3130 5344 3307 5412 fraude
3345 5343 3634 5410 quasitum.

2450 5412 2468 5447 l‘
2500 5411 2714 5477 I‘tnnit.,
2743 5412 2826 5466 CL
2854 5412 3093 5480 psalmos.

2453 5481 2464 5518 ¹
2505 5481 2716 5546 Ρωωίι..
2751 5485 3014 5552 palmetis.

2446 5562 2484 5588 πη
2505 5553 2735 5622 I’aanit.,
2765 5555 2974 5622 genibus
2999 5554 3148 5622 ﬂexis
3169 5555 3218 5606 in
3246 5554 3480 5607 ecclesia.

2446 5632 2469 5657 υ
2500 5621 2720 5688 Posuit”
2748 5620 2791 5676 si
2812 5620 3006 5691 pauper
3038 5635 3108 5677 est
3141 5640 3159 5676 :
3186 5627 3227 5677 si
3259 5627 3395 5678 dives
3426 5635 3524 5676 tres
3554 5620 3778 5680 denarii.

2443 5703 2470 5726 υ
2500 5693 2714 5756 νωυῑι..
2747 5694 3021 5762 palmatas.

2444 5774 2468 5811 Ρ
2499 5765 2714 5829 Po:nit.,
2749 5775 2796 5817 et
2827 5766 3094 5834 sagimine.
