4168 6530
188 405 300 458 AG.)

963 405 1233 459 NOTITIA
1280 404 1649 461 lllSTUl’thA
1691 404 1758 458 IN
1801 406 1855 461 S.
1906 408 2317 471 CREGORIUSI
2364 407 2591 472 ΡΑΡΑΜ
2636 419 2695 473 ll.

3378 426 3482 483 468

177 529 387 573 sanctae
418 529 568 571 erant
594 533 682 571 sex
717 520 904 588 synntli
930 520 1178 587 tit‘plCl'J},
1211 530 1265 573 et
1295 534 1321 571 a
1348 520 1647 589 Philippica
1679 536 1777 576 nec
1808 526 1854 584 A
1887 540 2019 580 sam.
2058 532 2097 584 Α
2153 532 2362 588 Dnmno
2395 540 2574 606 itaque
2624 552 2754 605 papa
2791 540 2985 590 litatum
3017 541 3211 594 crebro
3255 544 3478 600 nepam,

172 610 412 665 dicendo
458 612 629 663 fuerat
668 610 931 677 deposita,
962 613 975 641 ¹
1012 614 1060 664 in
1096 613 1321 678 prist'nu
1365 614 1535 664 erexit
1582 613 1600 642 ³
1638 612 1778 679 loco,

178 701 256 752 ita
290 711 345 754 ut
378 701 535 769 hujus
568 701 687 755 fidei
719 700 928 756 fervore
956 702 1130 755 omnis
1162 703 1227 757 ab
1270 701 1510 757 Ecclesia
1541 714 1781 758 cessaret

175 794 436 859 qumstio.

260 882 340 935 Eo
380 892 560 936 autem
624 890 866 951 tempore
903 884 1094 937 ﬂuvius
1134 886 1221 953 qni
1288 886 1590 952 appellatur
1621 886 1779 940 Tibe-

172 976 278 1038 ris,
302 974 514 1027 alveum
535 990 691 1028 suum
713 990 984 1043 egressus,
1007 991 1125 1029 sese
1149 992 1242 1043 per
1265 980 1578 1044 campestria
1604 976 1773 1042 dedit,

177 1067 437 1119 intumuit
470 1068 633 1120 etiam
667 1068 1019 1121 inundatione
1069 1084 1327 1133 aquarum
1374 1070 1685 1135 multarum,
1720 1078 1775 1123 et

174 1172 281 1222 per
339 1168 545 1225 portam
595 1174 715 1227 qua}
767 1159 1024 1213 Flaminia
1078 1159 1613 1228 dicitnrzingressus
1670 1172 1772 1216 est.

173 1247 544 1303 'l‘ranscendit
578 1250 784 1304 interea
819 1250 1085 1321 aliquibus
1121 1254 1169 1304 in
1204 1253 1355 1316 locis,
1390 1264 1441 1306 et
1473 1269 1659 1308 muros
1688 1270 1778 1309 ur-

170 1341 289 1405 bis,
321 1354 479 1409 atque
520 1343 658 1396 ultra
706 1344 976 1397 basilicam
1010 1346 1180 1396 sancti
1231 1345 1393 1398 Marci
1444 1360 1540 1414 per
1575 1348 1775 1414 plateas

173 1447 240 1485 se
272 1433 534 1495 extendit,
575 1434 643 1487 ita
680 1444 734 1488 ut
767 1435 817 1487 in
844 1436 926 1487 via
962 1435 1088 1488 Lata
1121 1435 1186 1489 ad
1218 1451 1375 1489 unam
1407 1446 1459 1490 et
1482 1439 1643 1492 semis
1667 1449 1774 1493 sta-

170 1538 354 1579 turam
402 1543 537 1595 aqua
591 1528 827 1594 ejusdem
880 1528 1112 1583 fluminis
1161 1531 1510 1593 excrevisset,
1559 1540 1774 1599 atqnea

172 1624 336 1681 porta
362 1616 499 1669 beati
536 1617 673 1671 Petri
705 1619 933 1687 apostoli
967 1635 1135 1685 usque
1180 1621 1243 1672 ad
1283 1629 1497 1686 pontem
1533 1620 1770 1675 lllilvinm

170 1726 334 1779 aqua:
377 1724 437 1765 se
481 1712 874 1773 distenderent,
922 1722 973 1764 et
1017 1713 1161 1780 juxta
1216 1715 1558 1767 rentissa‘iu
1610 1717 1773 1782 ipsius

172 1803 419 1857 llumiuis
478 1805 687 1857 alveum
742 1820 799 1859 se
850 1805 1019 1859 dedit.
1075 1805 1273 1859 Domos
1323 1808 1498 1875 itaque
1556 1810 1769 1871 evertit,

1888 621 2128 693 Cumque
2161 627 2209 679 in
2253 631 2499 684 oratione
2529 639 2581 683 et
2632 630 2827 683 Iitaniis
2861 630 3195 699 persisterct,
3232 646 3352 701 post
3383 654 3475 691 oe-

1890 724 2065 768 tavnm
2093 716 2204 784 jam
2253 718 2393 772 diem
2449 722 2703 775 misertus
2736 721 2873 773 Deus
2922 736 3115 788 aquam
3163 724 3385 788 amovit,
3420 736 3475 783 et

1886 805 2075 859 fluvius
2109 809 2172 861 ad
2219 810 2491 877 praprium
2526 825 2809 881 regressus
2860 819 2943 865 est
2970 813 3185 867 alveum
3220 815 3357 883 per'
3381 816 3476 873 de-

1883 900 2076 952 cimam
2110 902 2347 970 quintam
2381 902 2755 959 indictionem.

1955 1002 1981 1031 ι
2012 993 2308 1048 Cumanum
2341 998 2503 1050 etiam
2534 1010 2769 1051 castrum
2801 999 2917 1066 ipso
2949 998 3126 1052 fuerat
3154 1010 3392 1067 tempore
3434 1017 3468 1059 tt

1883 1086 2248 1155 Longobardis
2296 1091 2442 1157 pacis
2470 1089 2595 1144 dolo
2629 1106 2933 1157 pervasnm.
2968 1093 3085 1159 Quo
3116 1093 3302 1148 audito
3348 1110 3466 1149 om-

1881 1193 1977 1233 nes
2004 1190 2126 1233 sunt
2157 1182 2347 1235 redditi
2369 1184 2387 1213 ⁸
2410 1185 2609 1237 tristes.
2645 1182 2954 1237 Adborlans
2992 1185 3152 1239 etiam
3183 1186 3472 1241 sanetissi-

1882 1286 2000 1325 mus
2026 1271 2285 1339 pontifex,
2319 1282 2372 1326 et
2401 1288 2750 1328 commonens
2784 1275 3188 1344 Longobardos,
3245 1287 3302 1330 ut
3350 1280 3468 1331 red-

1881 1367 2100 1434 derent;
2135 1368 2222 1435 qni
2253 1368 2295 1421 si
2328 1382 2431 1420 non
2484 1370 2909 1435 acquiescerent,
2952 1369 3001 1421 in
3040 1369 3172 1423 iram
3219 1386 3277 1424 se
3327 1370 3465 1424 divi-

1882 1476 2001 1513 nam
2027 1459 2266 1515 incidere
2297 1475 2393 1528 pro
2437 1459 2563 1514 dolo
2592 1474 2750 1529 quem
2787 1462 3022 1515 fecerant
3064 1462 3175 1515 suis
3203 1463 3420 1531 scriptis
3444 1462 3464 1492 "

1880 1550 2267 1617 detestabatur,
2303 1567 2426 1604 nam
2466 1561 2519 1606 et
2566 1567 2789 1606 munera
2821 1550 2899 1607 eis
2940 1552 3092 1619 dare,
3127 1562 3183 1607 ttt
3213 1554 3465 1608 restitue-

1880 1650 2019 1704 rent,
2057 1643 2227 1694 voluit
2256 1641 2439 1694 nutlta.
2466 1642 2569 1695 Sed
2602 1640 2677 1694 illi
2712 1643 2917 1710 turgida
2951 1653 3130 1698 mente
3154 1658 3326 1712 neque
3352 1658 3467 1699 πηο-

1881 1733 2003 1786 nilis
2049 1733 2253 1795 audire,
2312 1748 2408 1785 nec
2467 1732 2693 1787 reddere
2736 1743 2859 1787 sunt
2907 1735 3072 1801 passi.
3104 1735 3257 1790 Unde
3304 1736 3463 1789 nimis

1880 1824 2017 1875 idem
2051 1829 2270 1876 sanctus
2305 1822 2530 1876 indoluit
2569 1823 2829 1891 pontifex,
2864 1839 3093 1893 seseque
3132 1826 3245 1894 Spei
3279 1834 3467 1880 contu-

170 1908 337 1960 πεῖθε
367 1894 673 1960 dissipavit,
704 1896 983 1948 eradicans
1027 1896 1244 1947 arbusta
1289 1908 1341 1949 ct
1372 1906 1603 1957 segetes.
1639 1897 1769 1951 Nam
1808 1892 1850 1948 B
1884 1915 1943 1967 ιη
1975 1914 2190 1980 divum,
2235 1923 2394 1982 atque
2428 1915 2480 1966 ίη
2514 1914 2811 1968 ωυηίιίοηρ
2841 1892 3381 1986 δυοίεῃεορνοηωηί,
3413 1930 3468 1975 ει

174 1998 281 2038 ttec
311 1998 493 2039 serere
519 1985 634 2053 ipso
680 1987 846 2050 potuit
879 1996 1120 2054 tempore
1155 2002 1273 2053 pars
1306 1988 1536 2041 maxima
1574 1990 1767 2041 Roma-

174 2092 397 2130 norum.
445 2077 546 2131 Pro
595 2077 694 2131 hac
737 2078 1044 2130 imminebat
1085 2078 1355 2131 tribulatio
1400 2094 1613 2147 magna.
1668 2079 1767 2133 l’cr

170 2168 291 2223 dies
328 2178 504 2223 autem
555 2182 757 2239 septem
808 2185 959 2238 aqua:
993 2170 1216 2225 Romam
1270 2174 1522 2227 tenebant
1565 2188 1759 2238 perva-

1879 2004 2056 2072 populi
2092 2018 2309 2067 vacans,
2350 2004 2599 2058 ducatum
2631 2005 2678 2058 ei
2710 2005 2942 2073 qualiter
2971 2018 3199 2075 agerent
3225 2011 3465 2075 quotidie

1876 2096 2162 2149 scribendo
2184 2096 2205 2127 ⁸
2230 2096 2607 2164 prmsentabat.
2638 2095 2802 2162 Cujus
2831 2098 3083 2154 mandato
3122 2100 3462 2166 obedientes.

1871 2189 2095 2243 consilio
2130 2190 2281 2254 inito,
2313 2190 2509 2245 mtenia
2555 2189 2722 2259 ipsius
2751 2192 2934 2258 castri,
2964 2196 2984 2226 ’
3010 2194 3203 2249 virtute
3235 2196 3334 2251 sub
3363 2209 3457 2248 no—

1398 2283 1790 2339 YARIANTES
1833 2282 2239 2353 LECTIONES.

252 2373 265 2401 ‘
300 2369 435 2426 Cod.
476 2371 629 2437 Lttc.,
671 2373 721 2424 in
763 2374 1035 2441 pristinum
1094 2375 1249 2426 erexit
1291 2376 1453 2427 locum
1501 2385 1651 2442 atque
1705 2376 1771 2426 ti-

176 2442 376 2497 tutum.

250 2514 268 2542 ²
302 2512 412 2583 AL,
445 2514 594 2565 titulo
615 2522 764 2583 atque
790 2515 917 2567 loco.

252 2582 425 2655 _’C0d.
461 2584 616 2655 μισ..
645 2601 895 2655 egressus.

250 2653 272 2681 ⁵
296 2652 428 2707 Cod.
463 2653 617 2723 an.,
654 2652 865 2709 remissa
905 2656 1137 2726 ejusdem
1164 2656 1391 2726 ﬂuminis
1424 2672 1476 2709 se
1509 2657 1765 2710 dederint.

1953 2374 1973 2401 ⁸
1997 2373 2081 2426 Al.
2111 2387 2248 2433 om.,
2281 2388 2370 2439 per
2397 2373 2642 2424 decimam
2671 2375 2901 2440 quintam
2929 2375 3275 2433 indictionem.

1958 2443 1977 2473 ⁶
2004 2442 2111 2503 AL,
2146 2442 2311 2495 tristes
2334 2443 2395 2494 de
2424 2444 2577 2496 cns'tri
2602 2446 2900 2498 redditione.

1953 2516 1971 2543 ⁷
1994 2513 2123 2566 Cod.
2160 2512 2286 2565 Luc.
2319 2524 2371 2567 et
2399 2514 2494 2577 aL,
2530 2516 2922 2582 protestabatur.

1951 2586 1971 2615 ³
1997 2583 2125 2636 Cod.
2172 2583 2325 2646 Luc.,
2367 2584 2661 2652 ρηυδιίώαι.

1940 2655 1960 2685 ⁸
1989 2652 2120 2708 Cod.
2155 2653 2311 2717 Luc.,
2338 2655 2544 2707 versuti.

1523 2748 1880 2803 VARIORUM
1922 2745 2151 2801 NOTJE.

179 2840 265 2893 sio
295 2838 689 2893 reatitntionem
722 2839 972 2906 imaginis
993 2840 1181 2909 synodi
1211 2855 1284 2895 vr.
1331 2840 1535 2908 Agatho
1560 2849 1761 2905 tamen,

173 2909 266 2973 qui
318 2909 477 2963 rebus
506 2910 771 2973 interfuit,
804 2926 937 2979 opus
973 2912 1073 2963 hoc
1128 2921 1313 2980 aperte
1344 2910 1627 2965 Anastasio
1670 2913 1763 2964 tri~

175 2980 316 3045 buit,
337 2988 497 3043 atque
522 2980 658 3050 adeo
687 2991 907 3050 uterque
940 2982 1223 3036 historicus
1259 2994 1340 3036 est
1370 2982 1758 3045 emendandus,

172 3061 227 3103 et
261 3051 377 3103 loco
406 3049 694 3103 Theodosii
734 3049 833 3105 sic
863 3053 1206 3106 scribendum
1242 3068 1257 3107 :
1314 3052 1558 3105 Protinus
1607 3055 1762 3104 etiam

175 3131 231 3171 ut
265 3121 523 3187 ingressus
553 3130 626 3173 est
673 3134 977 3174 memoratus
1019 3125 1339 3185 Anastasius,
1372 3138 1489 3173 eum
1522 3122 1760 3189 reliquis,

174 3206 298 3259 quae
340 3192 537 3255 pariter
591 3192 654 3243 ad
706 3202 849 3259 gesta
905 3195 1233 3246 Consttntini
1290 3201 1414 3244 sunt
1459 3192 1758 3245 referenda.

1877 2850 2075 2894 nuentc
2106 2838 2366 2919 Joannem
2404 2839 2763 2919 patriarcbam
2816 2842 2880 2896 ad
2910 2841 3322 2903 Constantinum
3366 2867 3461 2919 pa.

1874 2925 1992 2987 nam
2039 2911 2337 2987 scripsisse,
2388 2912 2602 2987 subdit:
2639 2911 2770 2987 Quia
2810 2929 2927 2987 vero
2961 2927 3073 2983 post
3099 2922 3334 2987 superius
3366 2911 3458 2977 de-

1870 2980 2117 3062 claratam
2140 2982 2349 3062 integrat
2375 2982 2687 3062 Isti-nodorum
2720 2980 2976 3062 imaginis,
2997 3002 3140 3041 erasa
3156 2980 3313 3044 sextae
3333 3009 3457 3062 syn-

1870 3053 1955 3131 odi
2002 3052 2245 3131 imagine,
2270 3052 2618 3131 abolitiniteni,
2654 3054 2742 3119 qui
2770 3056 2971 3131 nefarie
3015 3052 3461 3131 abolerijussevrat

1871 3122 2038 3196 ηιὶείνι·⁵
2068 3137 2127 3173 ac
2174 3123 2385 3174 insanus
2427 3119 2716 3196 Bardanes,
2763 3125 2813 3175 in
2844 3119 2991 3179 dicta
3044 3126 3185 3181 Melii
3224 3119 3451 3196 camera,

1875 3190 2066 3269 ametis
2106 3202 2301 3244 tantum
2348 3194 2568 3269 quinque
2625 3194 2814 3245 relictis
2851 3201 3169 3252 metunenicis
3219 3190 3450 3269 synodis,

177 3254 390 3339 Agatho
435 3261 601 3339 enim,
640 3254 750 3339 post
789 3263 1104 3329 descriptam
1130 3263 1401 3339 Anastasii
1428 3262 1762 3339 electionem,
1798 3254 1839 3312 C
1875 3265 1989 3339 ipse
2010 3278 2084 3323 se,
2118 3280 2221 3339 una
2254 3254 2369 3339 cuni
2402 3254 2608 3339 Sergio,
2647 3274 2837 3316 rectum
2883 3278 3095 3319 stantem
3126 3254 3455 3339 ejus'medio',

179 3334 301 3386 loco
325 3332 523 3396 smpius
550 3332 767 3386 laudato
795 3337 870 3386 sic
896 3335 1232 3401 prosequitur
1262 3353 1273 3386 :
1310 3335 1563 3398 Quuniﬂm
1596 3345 1766 3387 autent

176 3412 293 3470 post
322 3402 655 3467 dejectionem
677 3406 910 3463 superius
936 3405 1085 3457 dicta:
1105 3406 1369 3475 synodalis
1400 3405 1766 3475 imaginisﬂni

175 3491 290 3526 eam
315 3475 519 3545 nefarie
541 3475 958 3545 dejicijusserat.
996 3474 1267 3529 sceleratus
1294 3487 1341 3527 et
1381 3477 1588 3527 demens
1636 3474 1764 3527 Bur-

177 3546 361 3607 danes,
382 3542 437 3595 in
463 3542 607 3595 Melii
647 3542 761 3611 qua:
792 3548 979 3598 eicitur
1005 3548 1212 3614 fornice,
1244 3557 1443 3599 sanctas
1471 3559 1515 3597 et
1550 3561 1763 3598 cacume-

177 3622 325 3668 ntcas
373 3616 592 3681 quinque
642 3616 884 3682 synodos,
927 3628 971 3668 et
1001 3619 1164 3670 solum
1208 3618 1259 3668 in
1302 3617 1520 3685 imagine
1549 3632 1600 3667 se
1643 3616 1764 3685 poni

169 3687 352 3754 jussit,
386 3686 439 3738 in
460 3686 571 3754 ejus
611 3686 778 3738 medio
802 3703 853 3739 se
882 3703 996 3738 cum
1040 3687 1219 3752 Seruio
1249 3696 1468 3739 erectum
1510 3696 1759 3749 statuens,

176 3756 466 3809 necessario
509 3756 713 3808 omnino
762 3765 811 3809 et
858 3757 1005 3810 valde
1053 3758 1402 3810 convenienter
1442 3756 1521 3810 Itis
1563 3758 1763 3809 duabus

176 3828 412 3894 personis
432 3842 494 3878 ea:
516 3827 609 3879 illa
630 3828 859 3898 dejectis.
882 3828 1113 3899 ejusdem
1144 3839 1333 3882 sancta:
1369 3836 1412 3881 cl
1441 3831 1761 3882 mcttmenica:

176 3908 338 3951 sexta:
368 3898 549 3967 synodi
582 3914 695 3949 cum
735 3899 851 3952 aliis
880 3898 1098 3966 quinque
1139 3900 1194 3963 ﬁt
1223 3901 1273 3950 in
1306 3899 1756 3967 columnaidescrb

178 3970 309 4034 ptio,
333 3966 591 4021 communi
637 3970 763 4035 festo
790 3979 834 4021 et
861 3970 1055 4031 lwtitia,
1083 3979 1129 4021 et
1169 3970 1427 4033 spirituali
1456 3971 1507 4020 in
1538 3966 1759 4021 Domino

175 4039 490 4090 exultatione
517 4050 695 4093 exorta
718 4040 950 4092 universo
978 4040 1068 4092 Dei
1090 4042 1310 4093 amantis
1327 4038 1567 4092 Ecclesiae
1586 4041 1753 4105 ctetui,

178 4110 238 4162 ob
272 4111 684 4164 constitutionem
726 4122 771 4163 et
818 4126 994 4179 pacem
1025 4111 1463 4163 sanctissimarum
1502 4108 1757 4162 Ecclesia-

174 4197 316 4234 rum.
350 4179 634 4235 BENCINUS.

245 4252 301 4305 2.
347 4249 627 4321 Imaginem
650 4251 792 4304 illam
814 4252 1173 4305 venerandam.
1202 4251 1334 4307 Cum
1358 4249 1648 4321 Artemius,
1674 4252 1755 4303 di-

174 4331 295 4377 ctus
325 4320 510 4388 postea
538 4325 873 4383 Anastasius,
898 4323 984 4377 die
1005 4331 1191 4391 quarta
1224 4322 1426 4376 mensis
1459 4320 1599 4376 Junii
1627 4324 1753 4377 anni

176 4393 641 4462 septingentesimi
685 4392 879 4447 decimi
907 4394 1068 4458 tertii,
1114 4402 1167 4445 ut
1214 4394 1458 4457 superius
1497 4391 1747 4462 diximus,

175 4461 471 4533 imperator
503 4473 789 4517 enronatns
819 4475 980 4530 esset,
1011 4478 1072 4517 ac
1102 4463 1384 4529 imperium
1417 4476 1585 4516 annos
1616 4461 1749 4517 dnns

174 4544 229 4587 et
257 4544 474 4588 menses
521 4542 644 4587 octo
673 4536 954 4599 tenuisset,
1002 4536 1445 4588 tumultuantibus
1492 4532 1747 4588 militibus

1876 3334 2195 3408 in_intaginc
2246 3334 2449 3408 depingi
2488 3345 2816 3408 pt'a'ceperat,
2873 3334 3163 3393 necessarid
3207 3343 3356 3408 plane
3395 3334 3455 3399 ac

1875 3404 2022 3485 valde
2052 3418 2296 3473 congrue,
2330 3403 2607 3485 deturbatis
2636 3407 2751 3456 inde
2778 3410 3032 3485 ejusmodi
3061 3403 3304 3466 ambabus
3334 3432 3454 3485 per-

1874 3477 2238 3550 sonis,_s_ancta
2264 3476 2525 3550 eadernac
2556 3479 2864 3550 meitnteiiica
2888 3488 3028 3532 sexta
3069 3476 3467 3550 synodusfnna

1872 3560 1987 3596 cum
2008 3544 2124 3619 aliis
2140 3546 2385 3619 quinque,
2413 3546 2600 3597 ibidem
2630 3546 2814 3619 iterum
2841 3548 2940 3601 luci
2970 3544 3171 3619 depicta
3199 3564 3270 3605 est
3284 3544 3316 3617 ,5
3333 3557 3452 3608 uni-

1872 3630 2015 3667 verso
2055 3613 2381 3668 Deiamante
2406 3625 2598 3668 sancta:
2643 3616 2885 3669 Ecclesia:
2914 3613 3044 3672 coetu
3067 3613 3325 3676 communi
3356 3626 3451 3679 tri-

1872 3687 2028 3752 pudio
2052 3700 2111 3738 ac
2133 3685 2331 3746 lcetitia,
2357 3686 2715 3758 spiritualiqtte
2758 3688 2811 3758 in
2838 3686 3042 3743 Clu-isto
3085 3694 3452 3758 exsultatione,

1872 3766 2049 3811 ovante
2074 3772 2165 3824 pro
2198 3758 2631 3810 sanctissimarnm
2667 3756 3013 3812 Ecclesiarum
3038 3778 3277 3817 concessa
3305 3756 3453 3819 trait;

1870 3828 2122 3903 auiditate
2142 3836 2189 3880 et
2216 3843 2357 3903 pace.
2378 3826 2523 3903 Alide
2550 3828 2616 3881 de
2644 3827 3027 3903 hoeBardanis
3046 3848 3139 3887 seu
3171 3833 3454 3903 Philippici

1870 3896 1999 3963 imp.
2021 3897 2170 3972 facto
2197 3898 2338 3972 dicta
2374 3898 2432 3972 i_n_
2479 3896 2832 3972 Constantino
2865 3915 3022 3968 papa,
3074 3919 3231 3972 quem
3283 3896 3448 3962 etiam

1866 3983 1986 4020 cum
2019 3968 2247 4023 Baronio
2268 3984 2333 4021 ex
2373 3968 2703 4036 Theophane
2749 3968 3152 4027 observavimus
3175 3974 3447 4030 Constan-

1868 4039 2143 4104 tinopolim
2197 4039 2413 4093 misisse
2467 4038 2821 4104 Michaeletn,
2884 4040 3141 4097 Romana:
3191 4043 3449 4102 Ecclesiae

1868 4111 2256 4178 presbyterum,
2302 4110 2715 4186 apocrisiarium
2898 4111 3444 4186 AnastasiumAintp”

1865 4195 2021 4258 quem
2062 4191 2250 4258 tamen
2302 4180 2385 4234 hic
2434 4179 2690 4233 Baronius
2730 4180 2859 4234 dicit
2900 4185 3122 4239 missum
3165 4199 3194 4239 a
3235 4179 3445 4258 Greg‘oi

1863 4252 1942 4302 rio
1966 4249 2024 4303 ll.
2056 4250 2271 4306 ΡΑωυε.

1934 4329 1959 4355 ⁸
2000 4322 2282 4394 Cumanum
2329 4320 2483 4373 etiam
2513 4320 2772 4394 Castrum.
2807 4320 3104 4378 Sisinnium
3154 4339 3347 4394 papam
3378 4328 3447 4385 do

1860 4392 2221 4465 restaurandts
2251 4391 2505 4465 Romanae
2552 4392 2696 4445 urbis
2749 4394 2917 4465 muris
2961 4396 3103 4465 serio
3149 4391 3440 4465 cogitasse,

1859 4464 1929 4516 ob
1958 4464 2115 4532 idque
2138 4464 2393 4516 calcarias
2416 4461 2715 4526 decoquere
2741 4462 2968 4531 jussisse
2996 4461 3270 4533 diximus;
3300 4461 3440 4522 idem

1860 4533 2009 4587 initio
2030 4535 2109 4585 sui
2138 4532 2479 4599 pontiﬁcatus
2508 4540 2742 4586 tentasse
2788 4534 3107 4602 Gregorium
3153 4537 3195 4591 Il
3249 4532 3447 4594 asserit

175 4616 227 4657 et
247 4606 413 4659 alium
436 4605 533 4659 sibi
558 4606 932 4667 imperatorem
963 4606 1314 4673 deligentibus
1340 4606 1552 4657 nomine
1574 4604 1749 4658 Tlteo-
1781 4602 1829 4661 D
1857 4603 2189 4666 Anastasius,
2256 4603 2350 4655 sed
2426 4604 2825 4673 emergentibns
2898 4607 3058 4660 variis
3117 4610 3442 4664 tumultibus

174 4677 409 4741 dosium,
440 4674 665 4743 imperio
687 4676 926 4742 dejectus
951 4685 1051 4740 est,
1085 4683 1139 4730 et
1166 4678 1215 4728 in
1248 4678 1626 4729 monasterium
1658 4676 1749 4728 deo

172 4754 379 4809 trusus,
427 4746 653 4813 ideoque
682 4745 1014 4800 Theodosius
1051 4746 1193 4800 circa
1238 4746 1443 4798 Initium
1492 4747 1614 4798 anni
1646 4746 1748 4798 716

174 4818 349 4871 dictus
376 4824 458 4870 est
489 4818 799 4881 imperator,
832 4820 944 4885 qui,
978 4818 1115 4885 quod
1145 4816 1440 4871 catholicus
1472 4825 1634 4879 e~set,
1663 4817 1748 4868 ni-

124 4950 131 4955 .
177 4885 248 4941 hil
272 4886 542 4953 antiquius
575 4887 777 4947 habuit,
811 4902 969 4955 quam
1006 4898 1064 4942 ut
1094 4888 1235 4955 quod
1268 4888 1593 4955 Philippicus
1638 4888 1748 4940 im-

177 4969 392 5025 peratur
415 4957 586 5011 fuerat
612 4958 901 5011 demolitus
934 4960 1047 5025 ipse
1078 4960 1386 5013 restitueret
1418 4959 1595 5012 nobile
1627 4974 1743 5009 nio-

176 5040 541 5099 uumentum,
583 5043 689 5095 quo
736 5043 828 5083 sex
882 5030 1233 5083 mcunienica:
1278 5030 1466 5099 synodi
1519 5029 1744 5096 depicta:

173 5106 363 5161 erant;
392 5099 481 5167 qui
533 5098 632 5151 hoc
683 5098 821 5151 facto
853 5102 921 5152 ita
965 5102 1283 5165 compressit
1314 5098 1415 5154 ora
1469 5102 1745 5152 haeretico-

174 5181 316 5231 rum,
353 5180 410 5222 ut
450 5170 623 5222 omnis
653 5169 720 5222 de
766 5171 867 5223 tide
897 5171 1120 5237 quarstio
1154 5173 1204 5223 in
1248 5186 1307 5224 ea
1341 5174 1469 5224 urbe
1500 5172 1741 5225 ce~su:'it.

176 5237 246 5293 Ita
282 5241 543 5294 Baronins
581 5253 645 5295 ex
678 5239 958 5293 Anastasio
991 5244 1039 5295 in
1074 5241 1332 5309 Gregorio
1358 5242 1417 5294 ll.
1454 5243 1555 5293 Sed
1589 5246 1743 5294 decc-

176 5319 325 5376 ptum
368 5310 465 5363 hac
496 5310 547 5362 in
579 5326 635 5364 re
663 5312 999 5364 Anastasiuin
1044 5323 1187 5366 certa
1236 5312 1363 5365 mibi
1396 5321 1500 5365 stat
1528 5322 1735 5363 senten-

178 5382 285 5445 tia;
324 5383 661 5436 Anastasium
689 5381 830 5435 enim
860 5382 1014 5449 imp.,
1064 5399 1166 5435 non
1201 5398 1327 5435 vero
1358 5382 1736 5444 Theodosium,

177 5462 343 5522 sextae
390 5452 578 5522 synodi
614 5452 898 5519 imaginem
950 5454 999 5506 iu
1034 5454 1227 5520 palatio
1258 5454 1514 5519 imperiali
1548 5466 1576 5505 a
1620 5452 1741 5504 Phi-

177 5519 372 5587 lippico
418 5519 627 5575 erasam
680 5523 1011 5591 restituisse,
1041 5519 1257 5577 diserte
1304 5526 1496 5577 asserit
1538 5523 1739 5589 Agatho

176 5592 430 5665 diaconus
461 5594 513 5646 in
558 5596 894 5665 peroratione
922 5594 1118 5665 sapius
1150 5596 1355 5648 laudata
1388 5604 1494 5647 tam
1522 5594 1570 5647 in
1604 5598 1741 5661 Aga-

177 5661 356 5735 thone,
391 5678 553 5735 quam
590 5665 641 5735 in
672 5664 911 5735 Conone,
962 5661 1072 5727 cui,
1117 5675 1173 5718 ut
1198 5680 1318 5735 p0le
1348 5667 1466 5718 testi
1500 5664 1733 5733 oeulato,

175 5733 346 5798 potior
373 5734 504 5788 fides
546 5734 788 5788 habenda
820 5751 980 5805 quam
1024 5733 1327 5791 Anastasio.
1382 5735 1437 5789 In
1486 5751 1546 5791 ea
1592 5747 1736 5803 post-

173 5819 325 5876 quam
350 5804 481 5858 dixit
513 5804 850 5861 Anastasinm
893 5807 1064 5861 virum
1091 5808 1231 5876 pium
1278 5821 1337 5861 ac
1366 5807 1734 5861 Orthodoxum

171 5872 362 5931 dietum
412 5891 529 5933 esse
578 5876 975 5946 imperatorem,
1021 5872 1191 5948 eoque
1232 5878 1488 5948 probante
1538 5893 1598 5934 ae
1638 5894 1734 5934 an-

1857 4676 2205 4743 praepelitum
2237 4688 2379 4728 esse.
2414 4672 2642 4739 Quinam
2672 4684 2847 4729 autem
2882 4676 3075 4730 fuerint
3118 4678 3193 4730 illi
3242 4682 3441 4733 tumul-

1852 4756 1936 4798 tus
1990 4745 2181 4813 quibus
2231 4760 2257 4796 a
2317 4748 2590 4811 proposito
2639 4759 2893 4799 avocatus
2938 4754 3040 4815 est,
3075 4748 3215 4801 idem
3248 4760 3440 4804 auetar

1850 4817 2055 4870 refert:
2094 4815 2476 4883 Longnbardos
2517 4829 2710 4880 nempe
2757 4826 2992 4869 castrum
3047 4818 3303 4872 Romamn
3341 4821 3438 4874 lic—

1848 4886 2027 4939 clesim
2052 4887 2149 4940 sub
2176 4886 2487 4958 dolopacis
2537 4901 2820 4955 pervasum
2868 4888 3160 4953 eripuisse;
3208 4905 3443 4958 cumque

1849 4973 1947 5012 nec
1978 4958 2193 5032 ultionis
2223 4956 2609 5032 diviniegntetu,
2644 4972 2742 5032 nec
2776 4959 3087 5032 muneribus
3108 4976 3135 5010 a
3170 4956 3434 5032 Gregorio

1846 5043 1981 5096 papa
2026 5030 2220 5082 oblatis
2264 5028 2331 5081 ad
2379 5026 2518 5080 illius
2562 5027 2956 5082 restitutionem
3007 5030 3146 5083 flecti
3196 5026 3437 5097 possent,

1846 5100 2155 5167 Gregorius,
2189 5100 2340 5151 ducis
2372 5100 2659 5167 populique
2708 5100 3041 5166 Neapolitani
3072 5102 3270 5155 auxilio
3301 5104 3429 5157 illud

1846 5173 2205 5237 recuperavit,
2239 5171 2571 5237 septuaginta
2624 5170 2737 5221 auri
2771 5169 2941 5240 libris,
2995 5183 3048 5224 ut
3087 5174 3435 5240 promiserat,

1845 5258 1942 5306 pru
1980 5243 2093 5307 ejus
2128 5240 2497 5307 t'edetnptiotie
2549 5241 2709 5293 datis.
2776 5239 2973 5293 Eadem
3032 5239 3189 5296 habet
3243 5243 3444 5297 Paulus

1847 5314 2126 5384 Diaconus,
2162 5313 2253 5364 lib.
2289 5327 2333 5363 vt
2366 5310 2645 5384 de_Cestis
2679 5310 3043 5384 Longntuird.,
3065 5328 3193 5384 cap.
3222 5313 3311 5378 40,
3341 5324 3436 5384 qui

1844 5396 1940 5434 nos
1964 5383 2153 5435 edocet
2183 5389 2415 5435 rastrum
2446 5380 2598 5445 illud,
2632 5382 2772 5446 quod
2797 5395 2900 5434 non
2932 5383 3172 5436 nominat
3204 5380 3437 5436 Ariusia-

1842 5452 1975 5516 sius,
2027 5451 2187 5508 fuisse
2240 5463 2473 5505 castrum
2509 5451 2847 5517 Cumanum,
2916 5455 3055 5521 quod
3096 5455 3436 5509 Beneventa—

1843 5538 1942 5578 nus
1977 5524 2447 5592 Longobardnrum
2487 5524 2589 5576 dux
2638 5524 2884 5576 licclesiaa
2934 5524 3227 5591 eripuerat.
3287 5525 3431 5579 Idem

1843 5593 2039 5647 Paulus
2099 5596 2361 5648 DiaCOttus
2415 5593 2701 5658 laudatus,
2752 5608 2870 5660 cap.
2907 5592 2997 5657 42,
3052 5594 3215 5649 refert
3269 5596 3430 5650 etiam

1841 5664 2227 5731 Luitprandutn
2282 5665 2755 5733 Longnbardornm
2826 5678 3006 5734 regem
3062 5680 3128 5720 eo
3190 5677 3435 5734 tempozo

1841 5739 2191 5790 confirmasse
2244 5737 2636 5807 restitutionem
2688 5734 2897 5802 Alpium
2960 5737 3257 5790 Cottiarum
3319 5738 3431 5807 jam

1844 5807 2098 5861 Ecclesiae
2129 5806 2318 5862 factam
2350 5806 2556 5861 Joanne
2586 5807 2814 5875 septimo
2843 5807 3096 5875 sedente,
3130 5817 3188 5862 ut
3233 5808 3433 5875 ibidem

1840 5878 2035 5936 diotum
2068 5888 2167 5934 est.
2204 5878 2361 5935 Addit
2396 5880 2558 5945 Beda,
2593 5872 2681 5933 liii.
2715 5875 2780 5933 de
2812 5878 2916 5933 Sex
2946 5874 3235 5949 Euntibus,
3275 5872 3432 5930 Luit-
