  <div class='ocr_page' id='page_1' title='image "/cluster/home/n/w/nwhite01/storage/ocr_20150623/88-89/uc1.31175000868714/914.png"; bbox 0 0 4168 6534; ppageno 0'>
   <div class='ocr_carea' id='block_1_1' title="bbox 180 431 287 486">
    <p class='ocr_par' dir='ltr' id='par_1_1' title="bbox 180 431 287 486">
     <span class='ocr_line' id='line_1_1' title="bbox 180 431 287 486; baseline 0 -1"><span class='ocrx_word' id='word_1_1' title='bbox 180 431 287 486; x_wconf 67' lang='grc'><strong>473</strong></span> 
     </span>
    </p>
   </div>
   <div class='ocr_carea' id='block_1_2' title="bbox 963 420 2696 478">
    <p class='ocr_par' dir='ltr' id='par_1_2' title="bbox 963 420 2696 478">
     <span class='ocr_line' id='line_1_2' title="bbox 963 420 2696 478; baseline -0.001 -1"><span class='ocrx_word' id='word_1_2' title='bbox 963 423 1237 478; x_wconf 78' lang='grc' dir='ltr'><strong>ΝΟΤΙἸΊΑ</strong></span> <span class='ocrx_word' id='word_1_3' title='bbox 1284 420 1645 476; x_wconf 71' lang='grc' dir='ltr'><strong>ΙΗΞΤΟΗΠᾺ</strong></span> <span class='ocrx_word' id='word_1_4' title='bbox 1692 422 1755 474; x_wconf 77' lang='lat' dir='ltr'><strong>IN</strong></span> <span class='ocrx_word' id='word_1_5' title='bbox 1796 422 1853 473; x_wconf 80' lang='lat' dir='ltr'><strong>S.</strong></span> <span class='ocrx_word' id='word_1_6' title='bbox 1895 420 2307 476; x_wconf 72' lang='lat' dir='ltr'><strong>GREGORIUM</strong></span> <span class='ocrx_word' id='word_1_7' title='bbox 2352 423 2587 477; x_wconf 70' lang='grc' dir='ltr'><strong>ΡΛΡΑΜ</strong></span> <span class='ocrx_word' id='word_1_8' title='bbox 2634 423 2696 478; x_wconf 92' lang='lat' dir='ltr'><strong>ll.</strong></span> 
     </span>
    </p>
   </div>
   <div class='ocr_carea' id='block_1_3' title="bbox 3350 424 3453 479">
    <p class='ocr_par' dir='ltr' id='par_1_3' title="bbox 3350 424 3453 479">
     <span class='ocr_line' id='line_1_3' title="bbox 3350 424 3453 479; baseline 0.019 -3"><span class='ocrx_word' id='word_1_9' title='bbox 3350 424 3453 479; x_wconf 68' lang='grc' dir='ltr'><strong>4η</strong></span> 
     </span>
    </p>
   </div>
   <div class='ocr_carea' id='block_1_4' title="bbox 183 533 3455 612">
    <p class='ocr_par' dir='ltr' id='par_1_4' title="bbox 183 533 3455 612">
     <span class='ocr_line' id='line_1_4' title="bbox 183 533 3455 612; baseline -0.001 -14"><span class='ocrx_word' id='word_1_10' title='bbox 183 543 407 612; x_wconf 79' lang='lat' dir='ltr'><strong>toginta.</strong></span> <span class='ocrx_word' id='word_1_11' title='bbox 432 548 457 577; x_wconf 70' lang='grc'>⁸</span> <span class='ocrx_word' id='word_1_12' title='bbox 500 538 607 594; x_wconf 91' lang='lat' dir='ltr'><strong>lllis</strong></span> <span class='ocrx_word' id='word_1_13' title='bbox 636 538 836 591; x_wconf 87' lang='lat' dir='ltr'><strong>interea</strong></span> <span class='ocrx_word' id='word_1_14' title='bbox 870 535 1059 590; x_wconf 91' lang='lat' dir='ltr'><strong>diebus</strong></span> <span class='ocrx_word' id='word_1_15' title='bbox 1088 533 1581 601; x_wconf 78' lang='lat' dir='ltr'><strong>Constantinopolis</strong></span> <span class='ocrx_word' id='word_1_16' title='bbox 1614 536 1763 589; x_wconf 85' lang='lat' dir='ltr'><strong>hien-</strong></span> <span class='ocrx_word' id='word_1_17' title='bbox 1796 539 1841 595; x_wconf 85' lang='grc' dir='ltr'><strong>Α</strong></span> <span class='ocrx_word' id='word_1_18' title='bbox 1874 548 2059 587; x_wconf 88' lang='lat' dir='ltr'><strong>norem</strong></span> <span class='ocrx_word' id='word_1_19' title='bbox 2111 545 2313 587; x_wconf 63' lang='lat' dir='ltr'><strong>saneta:</strong></span> <span class='ocrx_word' id='word_1_20' title='bbox 2362 534 2560 589; x_wconf 88' lang='lat' dir='ltr'><strong>Christi</strong></span> <span class='ocrx_word' id='word_1_21' title='bbox 2620 536 2870 605; x_wconf 74' lang='lat' dir='ltr'><strong>martyris</strong></span> <span class='ocrx_word' id='word_1_22' title='bbox 2916 538 3136 605; x_wconf 64' lang='lat' dir='ltr'><strong>Agathae</strong></span> <span class='ocrx_word' id='word_1_23' title='bbox 3182 539 3376 593; x_wconf 73' lang='lat' dir='ltr'><strong>additis</strong></span> <span class='ocrx_word' id='word_1_24' title='bbox 3427 560 3455 596; x_wconf 82' lang='lat' dir='ltr'><strong>:i</strong></span> 
     </span>
    </p>
   </div>
   <div class='ocr_carea' id='block_1_5' title="bbox 182 624 1763 693">
    <p class='ocr_par' dir='ltr' id='par_1_5' title="bbox 182 624 1763 693">
     <span class='ocr_line' id='line_1_5' title="bbox 182 624 1763 693; baseline -0.004 -7"><span class='ocrx_word' id='word_1_25' title='bbox 182 637 331 687; x_wconf 88' lang='lat' dir='ltr'><strong>nium</strong></span> <span class='ocrx_word' id='word_1_26' title='bbox 376 642 453 685; x_wconf 89' lang='lat' dir='ltr'><strong>est</strong></span> <span class='ocrx_word' id='word_1_27' title='bbox 483 646 510 683; x_wconf 90' lang='lat' dir='ltr'><strong>a</strong></span> <span class='ocrx_word' id='word_1_28' title='bbox 557 633 569 660; x_wconf 88' lang='grc'>¹</span> <span class='ocrx_word' id='word_1_29' title='bbox 608 642 705 682; x_wconf 89' lang='lat' dir='ltr'><strong>nec</strong></span> <span class='ocrx_word' id='word_1_30' title='bbox 753 628 996 681; x_wconf 81' lang='lat' dir='ltr'><strong>dicendis</strong></span> <span class='ocrx_word' id='word_1_31' title='bbox 1056 626 1315 693; x_wconf 79' lang='lat' dir='ltr'><strong>Agarenis</strong></span> <span class='ocrx_word' id='word_1_32' title='bbox 1364 626 1605 678; x_wconf 87' lang='lat' dir='ltr'><strong>obsessa.</strong></span> <span class='ocrx_word' id='word_1_33' title='bbox 1659 624 1763 679; x_wconf 85' lang='lat' dir='ltr'><strong>Sed</strong></span> 
     </span>
    </p>
   </div>
   <div class='ocr_carea' id='block_1_6' title="bbox 181 715 1764 791">
    <p class='ocr_par' dir='ltr' id='par_1_6' title="bbox 181 715 1764 791">
     <span class='ocr_line' id='line_1_6' title="bbox 181 715 1764 791; baseline -0.005 -12"><span class='ocrx_word' id='word_1_34' title='bbox 181 726 293 779; x_wconf 81' lang='lat' dir='ltr'><strong>Deo</strong></span> <span class='ocrx_word' id='word_1_35' title='bbox 324 727 402 778; x_wconf 89' lang='lat' dir='ltr'><strong>eis</strong></span> <span class='ocrx_word' id='word_1_36' title='bbox 428 722 696 777; x_wconf 88' lang='lat' dir='ltr'><strong>contrario</strong></span> <span class='ocrx_word' id='word_1_37' title='bbox 730 720 959 774; x_wconf 79' lang='lat' dir='ltr'><strong>maxima</strong></span> <span class='ocrx_word' id='word_1_38' title='bbox 991 718 1097 771; x_wconf 91' lang='lat' dir='ltr'><strong>illic</strong></span> <span class='ocrx_word' id='word_1_39' title='bbox 1122 732 1307 771; x_wconf 88' lang='lat' dir='ltr'><strong>eorum</strong></span> <span class='ocrx_word' id='word_1_40' title='bbox 1343 727 1493 785; x_wconf 86' lang='lat' dir='ltr'><strong>parte</strong></span> <span class='ocrx_word' id='word_1_41' title='bbox 1537 715 1677 791; x_wconf 81' lang='lat' dir='ltr'><strong>fame</strong></span> <span class='ocrx_word' id='word_1_42' title='bbox 1703 734 1764 771; x_wconf 89' lang='lat' dir='ltr'><strong>ac</strong></span> 
     </span>
    </p>
   </div>
   <div class='ocr_carea' id='block_1_7' title="bbox 180 809 1766 881">
    <p class='ocr_par' dir='ltr' id='par_1_7' title="bbox 180 809 1766 881">
     <span class='ocr_line' id='line_1_7' title="bbox 180 809 1766 881; baseline -0.007 -8"><span class='ocrx_word' id='word_1_43' title='bbox 180 819 324 873; x_wconf 85' lang='lat' dir='ltr'><strong>bello</strong></span> <span class='ocrx_word' id='word_1_44' title='bbox 356 818 673 881; x_wconf 87' lang='lat' dir='ltr'><strong>interempta</strong></span> <span class='ocrx_word' id='word_1_45' title='bbox 718 812 926 867; x_wconf 85' lang='lat' dir='ltr'><strong>confusi</strong></span> <span class='ocrx_word' id='word_1_46' title='bbox 960 822 1297 867; x_wconf 86' lang='lat' dir='ltr'><strong>recesserunt</strong></span> <span class='ocrx_word' id='word_1_47' title='bbox 1330 809 1357 848; x_wconf 66' lang='grc' dir='ltr'>δ</span> <span class='ocrx_word' id='word_1_48' title='bbox 1391 812 1567 864; x_wconf 77' lang='lat' dir='ltr'><strong>Leone</strong></span> <span class='ocrx_word' id='word_1_49' title='bbox 1616 810 1766 863; x_wconf 89' lang='lat' dir='ltr'><strong>l’rin-</strong></span> 
     </span>
    </p>
   </div>
   <div class='ocr_carea' id='block_1_8' title="bbox 178 902 1762 977">
    <p class='ocr_par' dir='ltr' id='par_1_8' title="bbox 178 902 1762 977">
     <span class='ocr_line' id='line_1_8' title="bbox 178 902 1762 977; baseline -0.003 -15"><span class='ocrx_word' id='word_1_50' title='bbox 178 911 319 977; x_wconf 89' lang='lat' dir='ltr'><strong>cipe.</strong></span> <span class='ocrx_word' id='word_1_51' title='bbox 351 910 373 942; x_wconf 76' lang='grc'>⁸</span> <span class='ocrx_word' id='word_1_52' title='bbox 404 909 533 962; x_wconf 88' lang='lat' dir='ltr'><strong>Nam</strong></span> <span class='ocrx_word' id='word_1_53' title='bbox 580 917 633 961; x_wconf 88' lang='lat' dir='ltr'><strong>et</strong></span> <span class='ocrx_word' id='word_1_54' title='bbox 682 905 924 975; x_wconf 79' lang='lat' dir='ltr'><strong>ejusdem</strong></span> <span class='ocrx_word' id='word_1_55' title='bbox 965 902 1194 957; x_wconf 87' lang='lat' dir='ltr'><strong>civitatis</strong></span> <span class='ocrx_word' id='word_1_56' title='bbox 1225 903 1479 972; x_wconf 84' lang='lat' dir='ltr'><strong>populum</strong></span> <span class='ocrx_word' id='word_1_57' title='bbox 1523 912 1762 957; x_wconf 75' lang='lat' dir='ltr'><strong>trecenta</strong></span> 
     </span>
    </p>
   </div>
   <div class='ocr_carea' id='block_1_9' title="bbox 177 995 1765 1056">
    <p class='ocr_par' dir='ltr' id='par_1_9' title="bbox 177 995 1765 1056">
     <span class='ocr_line' id='line_1_9' title="bbox 177 995 1765 1056; baseline -0.004 -1"><span class='ocrx_word' id='word_1_58' title='bbox 177 1000 384 1056; x_wconf 88' lang='lat' dir='ltr'><strong>dictum</strong></span> <span class='ocrx_word' id='word_1_59' title='bbox 421 1009 502 1053; x_wconf 89' lang='lat' dir='ltr'><strong>est</strong></span> <span class='ocrx_word' id='word_1_60' title='bbox 542 998 708 1053; x_wconf 76' lang='lat' dir='ltr'><strong>millia</strong></span> <span class='ocrx_word' id='word_1_61' title='bbox 756 998 776 1028; x_wconf 86' lang='grc'>³</span> <span class='ocrx_word' id='word_1_62' title='bbox 808 996 1006 1051; x_wconf 87' lang='lat' dir='ltr'><strong>diversi</strong></span> <span class='ocrx_word' id='word_1_63' title='bbox 1057 1009 1219 1049; x_wconf 86' lang='lat' dir='ltr'><strong>sexus</strong></span> <span class='ocrx_word' id='word_1_64' title='bbox 1266 1006 1319 1049; x_wconf 91' lang='lat' dir='ltr'><strong>et</strong></span> <span class='ocrx_word' id='word_1_65' title='bbox 1384 997 1554 1049; x_wconf 71' lang='lat' dir='ltr'><strong>anatis</strong></span> <span class='ocrx_word' id='word_1_66' title='bbox 1600 995 1765 1049; x_wconf 72' lang='lat' dir='ltr'><strong>fuisse</strong></span> 
     </span>
    </p>
   </div>
   <div class='ocr_carea' id='block_1_10' title="bbox 177 1086 1167 1153">
    <p class='ocr_par' dir='ltr' id='par_1_10' title="bbox 177 1086 1167 1153">
     <span class='ocr_line' id='line_1_10' title="bbox 177 1086 1167 1153; baseline -0.008 -7"><span class='ocrx_word' id='word_1_67' title='bbox 177 1092 501 1146; x_wconf 82' lang='lat' dir='ltr'><strong>necessitate</strong></span> <span class='ocrx_word' id='word_1_68' title='bbox 529 1098 796 1143; x_wconf 88' lang='lat' dir='ltr'><strong>vastatum</strong></span> <span class='ocrx_word' id='word_1_69' title='bbox 828 1086 1167 1153; x_wconf 76' lang='lat' dir='ltr'><strong>peStilentizc.</strong></span> 
     </span>
    </p>
   </div>
   <div class='ocr_carea' id='block_1_11' title="bbox 254 1178 1767 1251">
    <p class='ocr_par' dir='ltr' id='par_1_11' title="bbox 254 1178 1767 1251">
     <span class='ocr_line' id='line_1_11' title="bbox 254 1178 1767 1251; baseline -0.003 -14"><span class='ocrx_word' id='word_1_70' title='bbox 254 1185 275 1214; x_wconf 74' lang='grc' dir='ltr'>δ</span> <span class='ocrx_word' id='word_1_71' title='bbox 304 1184 381 1237; x_wconf 86' lang='lat' dir='ltr'><strong>Eo</strong></span> <span class='ocrx_word' id='word_1_72' title='bbox 412 1198 641 1251; x_wconf 85' lang='lat' dir='ltr'><strong>namque</strong></span> <span class='ocrx_word' id='word_1_73' title='bbox 690 1192 929 1249; x_wconf 88' lang='lat' dir='ltr'><strong>tempore</strong></span> <span class='ocrx_word' id='word_1_74' title='bbox 980 1179 1219 1232; x_wconf 90' lang='lat' dir='ltr'><strong>moribus</strong></span> <span class='ocrx_word' id='word_1_75' title='bbox 1266 1185 1413 1232; x_wconf 89' lang='lat' dir='ltr'><strong>certe</strong></span> <span class='ocrx_word' id='word_1_76' title='bbox 1463 1178 1685 1231; x_wconf 89' lang='lat' dir='ltr'><strong>honesta</strong></span> <span class='ocrx_word' id='word_1_77' title='bbox 1716 1187 1767 1233; x_wconf 86' lang='lat' dir='ltr'><strong>et</strong></span> 
     </span>
    </p>
   </div>
   <div class='ocr_carea' id='block_1_12' title="bbox 177 1270 1761 1343">
    <p class='ocr_par' dir='ltr' id='par_1_12' title="bbox 177 1270 1761 1343">
     <span class='ocr_line' id='line_1_12' title="bbox 177 1270 1761 1343; baseline -0.005 -12"><span class='ocrx_word' id='word_1_78' title='bbox 177 1277 402 1331; x_wconf 87' lang='lat' dir='ltr'><strong>nomine</strong></span> <span class='ocrx_word' id='word_1_79' title='bbox 433 1273 703 1343; x_wconf 72' lang='lat' dir='ltr'><strong>pontiﬁcis</strong></span> <span class='ocrx_word' id='word_1_80' title='bbox 748 1281 920 1325; x_wconf 87' lang='lat' dir='ltr'><strong>mater</strong></span> <span class='ocrx_word' id='word_1_81' title='bbox 952 1270 1019 1323; x_wconf 91' lang='lat' dir='ltr'><strong>ab</strong></span> <span class='ocrx_word' id='word_1_82' title='bbox 1050 1271 1149 1323; x_wconf 87' lang='lat' dir='ltr'><strong>bac</strong></span> <span class='ocrx_word' id='word_1_83' title='bbox 1196 1270 1305 1323; x_wconf 89' lang='lat' dir='ltr'><strong>vita</strong></span> <span class='ocrx_word' id='word_1_84' title='bbox 1336 1270 1607 1323; x_wconf 87' lang='lat' dir='ltr'><strong>subtracta</strong></span> <span class='ocrx_word' id='word_1_85' title='bbox 1656 1279 1761 1323; x_wconf 89' lang='lat' dir='ltr'><strong>est.</strong></span> 
     </span>
    </p>
   </div>
   <div class='ocr_carea' id='block_1_13' title="bbox 179 1360 1766 1438">
    <p class='ocr_par' dir='ltr' id='par_1_13' title="bbox 179 1360 1766 1438">
     <span class='ocr_line' id='line_1_13' title="bbox 179 1360 1766 1438; baseline -0.007 -15"><span class='ocrx_word' id='word_1_86' title='bbox 179 1370 310 1423; x_wconf 82' lang='lat' dir='ltr'><strong>Post</strong></span> <span class='ocrx_word' id='word_1_87' title='bbox 337 1369 490 1438; x_wconf 86' lang='lat' dir='ltr'><strong>enjns</strong></span> <span class='ocrx_word' id='word_1_88' title='bbox 521 1368 727 1422; x_wconf 89' lang='lat' dir='ltr'><strong>obitum</strong></span> <span class='ocrx_word' id='word_1_89' title='bbox 753 1363 1040 1433; x_wconf 84' lang='lat' dir='ltr'><strong>Gregorius</strong></span> <span class='ocrx_word' id='word_1_90' title='bbox 1067 1362 1284 1416; x_wconf 87' lang='lat' dir='ltr'><strong>domum</strong></span> <span class='ocrx_word' id='word_1_91' title='bbox 1310 1361 1553 1429; x_wconf 88' lang='lat' dir='ltr'><strong>propiam</strong></span> <span class='ocrx_word' id='word_1_92' title='bbox 1586 1361 1637 1414; x_wconf 92' lang='lat' dir='ltr'><strong>in</strong></span> <span class='ocrx_word' id='word_1_93' title='bbox 1670 1360 1766 1413; x_wconf 85' lang='lat' dir='ltr'><strong>ho-</strong></span> 
     </span>
    </p>
   </div>
   <div class='ocr_carea' id='block_1_14' title="bbox 1873 626 3457 698">
    <p class='ocr_par' dir='ltr' id='par_1_14' title="bbox 1873 626 3457 698">
     <span class='ocr_line' id='line_1_14' title="bbox 1873 626 3457 698; baseline 0.004 -19"><span class='ocrx_word' id='word_1_94' title='bbox 1873 626 2215 681; x_wconf 79' lang='lat' dir='ltr'><strong>fundamento</strong></span> <span class='ocrx_word' id='word_1_95' title='bbox 2249 629 2539 681; x_wconf 73' lang='lat' dir='ltr'><strong>cmnaculis</strong></span> <span class='ocrx_word' id='word_1_96' title='bbox 2562 671 2575 691; x_wconf 90' lang='lat'><strong>,</strong></span> <span class='ocrx_word' id='word_1_97' title='bbox 2630 631 2707 681; x_wconf 84' lang='lat' dir='ltr'><strong>vel</strong></span> <span class='ocrx_word' id='word_1_98' title='bbox 2742 646 2860 698; x_wconf 76' lang='lat' dir='ltr'><strong>qua:</strong></span> <span class='ocrx_word' id='word_1_99' title='bbox 2888 630 2907 660; x_wconf 81' lang='lat'><em>&quot;</em></span> <span class='ocrx_word' id='word_1_100' title='bbox 2943 633 3256 685; x_wconf 71' lang='lat' dir='ltr'><strong>monasterii</strong></span> <span class='ocrx_word' id='word_1_101' title='bbox 3305 644 3457 685; x_wconf 84' lang='lat' dir='ltr'><strong>erant</strong></span> 
     </span>
    </p>
   </div>
   <div class='ocr_carea' id='block_1_15' title="bbox 1871 723 3451 787">
    <p class='ocr_par' dir='ltr' id='par_1_15' title="bbox 1871 723 3451 787">
     <span class='ocr_line' id='line_1_15' title="bbox 1871 723 3451 787; baseline 0.001 -13"><span class='ocrx_word' id='word_1_102' title='bbox 1871 723 2169 775; x_wconf 54' lang='lat' dir='ltr'><strong>necessaria</strong></span> <span class='ocrx_word' id='word_1_103' title='bbox 2202 740 2230 776; x_wconf 90' lang='lat' dir='ltr'><strong>a</strong></span> <span class='ocrx_word' id='word_1_104' title='bbox 2274 738 2412 775; x_wconf 83' lang='lat' dir='ltr'><strong>novo</strong></span> <span class='ocrx_word' id='word_1_105' title='bbox 2438 724 2757 776; x_wconf 73' lang='lat' dir='ltr'><strong>construxit.</strong></span> <span class='ocrx_word' id='word_1_106' title='bbox 2807 724 3008 779; x_wconf 63' lang='lat' dir='ltr'><strong>Praedia</strong></span> <span class='ocrx_word' id='word_1_107' title='bbox 3033 724 3050 754; x_wconf 83' lang='lat'>‘</span> <span class='ocrx_word' id='word_1_108' title='bbox 3082 724 3192 777; x_wconf 90' lang='lat' dir='ltr'><strong>illic</strong></span> <span class='ocrx_word' id='word_1_109' title='bbox 3222 724 3451 787; x_wconf 86' lang='lat' dir='ltr'><strong>urbana,</strong></span> 
     </span>
    </p>
   </div>
   <div class='ocr_carea' id='block_1_16' title="bbox 1874 812 3456 879">
    <p class='ocr_par' dir='ltr' id='par_1_16' title="bbox 1874 812 3456 879">
     <span class='ocr_line' id='line_1_16' title="bbox 1874 812 3456 879; baseline 0.002 -16"><span class='ocrx_word' id='word_1_110' title='bbox 1874 812 1957 865; x_wconf 88' lang='lat' dir='ltr'><strong>vel</strong></span> <span class='ocrx_word' id='word_1_111' title='bbox 2008 813 2201 865; x_wconf 83' lang='lat' dir='ltr'><strong>rustica</strong></span> <span class='ocrx_word' id='word_1_112' title='bbox 2258 829 2355 879; x_wconf 80' lang='lat' dir='ltr'><strong>pro</strong></span> <span class='ocrx_word' id='word_1_113' title='bbox 2404 814 2786 867; x_wconf 89' lang='lat' dir='ltr'><strong>monachorum</strong></span> <span class='ocrx_word' id='word_1_114' title='bbox 2850 816 3040 869; x_wconf 85' lang='lat' dir='ltr'><strong>obtulit</strong></span> <span class='ocrx_word' id='word_1_115' title='bbox 3109 817 3456 870; x_wconf 77' lang='lat' dir='ltr'><strong>necessitate.</strong></span> 
     </span>
    </p>
   </div>
   <div class='ocr_carea' id='block_1_17' title="bbox 1870 906 3458 976">
    <p class='ocr_par' dir='ltr' id='par_1_17' title="bbox 1870 906 3458 976">
     <span class='ocr_line' id='line_1_17' title="bbox 1870 906 3458 976; baseline 0.001 -17"><span class='ocrx_word' id='word_1_116' title='bbox 1870 906 1889 935; x_wconf 73' lang='grc' dir='ltr'><strong><em>τ</em></strong></span> <span class='ocrx_word' id='word_1_117' title='bbox 1916 906 2062 959; x_wconf 84' lang='lat' dir='ltr'><strong>Fecit</strong></span> <span class='ocrx_word' id='word_1_118' title='bbox 2092 914 2268 957; x_wconf 82' lang='lat' dir='ltr'><strong>autem</strong></span> <span class='ocrx_word' id='word_1_119' title='bbox 2302 908 2353 958; x_wconf 92' lang='lat' dir='ltr'><strong>in</strong></span> <span class='ocrx_word' id='word_1_120' title='bbox 2380 907 2565 961; x_wconf 84' lang='lat' dir='ltr'><strong>eadem</strong></span> <span class='ocrx_word' id='word_1_121' title='bbox 2598 906 2823 959; x_wconf 86' lang='lat' dir='ltr'><strong>ecclesia</strong></span> <span class='ocrx_word' id='word_1_122' title='bbox 2854 908 3019 961; x_wconf 58' lang='lat' dir='ltr'><strong>beata!</strong></span> <span class='ocrx_word' id='word_1_123' title='bbox 3062 908 3281 976; x_wconf 72' lang='lat' dir='ltr'><strong>Agathre</strong></span> <span class='ocrx_word' id='word_1_124' title='bbox 3310 908 3458 961; x_wconf 78' lang='lat' dir='ltr'><strong>cilio-</strong></span> 
     </span>
    </p>
   </div>
   <div class='ocr_carea' id='block_1_18' title="bbox 1866 996 3456 1068">
    <p class='ocr_par' dir='ltr' id='par_1_18' title="bbox 1866 996 3456 1068">
     <span class='ocr_line' id='line_1_18' title="bbox 1866 996 3456 1068; baseline 0.003 -20"><span class='ocrx_word' id='word_1_125' title='bbox 1866 996 2001 1048; x_wconf 85' lang='lat' dir='ltr'><strong>rium</strong></span> <span class='ocrx_word' id='word_1_126' title='bbox 2033 1012 2096 1050; x_wconf 84' lang='lat' dir='ltr'><strong>ex</strong></span> <span class='ocrx_word' id='word_1_127' title='bbox 2128 1006 2371 1064; x_wconf 84' lang='lat' dir='ltr'><strong>argento,</strong></span> <span class='ocrx_word' id='word_1_128' title='bbox 2424 999 2564 1067; x_wconf 85' lang='lat' dir='ltr'><strong>quod</strong></span> <span class='ocrx_word' id='word_1_129' title='bbox 2620 1013 2772 1065; x_wconf 80' lang='lat' dir='ltr'><strong>pens.</strong></span> <span class='ocrx_word' id='word_1_130' title='bbox 2819 999 2977 1053; x_wconf 88' lang='lat' dir='ltr'><strong>libras</strong></span> <span class='ocrx_word' id='word_1_131' title='bbox 3006 1002 3371 1068; x_wconf 78' lang='lat' dir='ltr'><strong>si-ptingetitas</strong></span> <span class='ocrx_word' id='word_1_132' title='bbox 3402 1011 3456 1053; x_wconf 82' lang='lat' dir='ltr'><strong>et</strong></span> 
     </span>
    </p>
   </div>
   <div class='ocr_carea' id='block_1_19' title="bbox 1865 1087 3453 1158">
    <p class='ocr_par' dir='ltr' id='par_1_19' title="bbox 1865 1087 3453 1158">
     <span class='ocr_line' id='line_1_19' title="bbox 1865 1087 3453 1158; baseline 0.004 -21"><span class='ocrx_word' id='word_1_133' title='bbox 1865 1087 2073 1152; x_wconf 86' lang='lat' dir='ltr'><strong>viginti.</strong></span> <span class='ocrx_word' id='word_1_134' title='bbox 2108 1089 2282 1141; x_wconf 81' lang='lat' dir='ltr'><strong>Arcus</strong></span> <span class='ocrx_word' id='word_1_135' title='bbox 2314 1096 2520 1156; x_wconf 79' lang='lat' dir='ltr'><strong>argent.</strong></span> <span class='ocrx_word' id='word_1_136' title='bbox 2566 1103 2661 1143; x_wconf 76' lang='lat' dir='ltr'><strong>sex</strong></span> <span class='ocrx_word' id='word_1_137' title='bbox 2700 1102 2853 1158; x_wconf 81' lang='lat' dir='ltr'><strong>peris.</strong></span> <span class='ocrx_word' id='word_1_138' title='bbox 2904 1090 3039 1158; x_wconf 81' lang='lat' dir='ltr'><strong>sing.</strong></span> <span class='ocrx_word' id='word_1_139' title='bbox 3094 1090 3189 1143; x_wconf 90' lang='lat' dir='ltr'><strong>lib.</strong></span> <span class='ocrx_word' id='word_1_140' title='bbox 3224 1092 3453 1158; x_wconf 86' lang='lat' dir='ltr'><strong>quinde-</strong></span> 
     </span>
    </p>
   </div>
   <div class='ocr_carea' id='block_1_20' title="bbox 1865 1178 3451 1251">
    <p class='ocr_par' dir='ltr' id='par_1_20' title="bbox 1865 1178 3451 1251">
     <span class='ocr_line' id='line_1_20' title="bbox 1865 1178 3451 1251; baseline 0.002 -20"><span class='ocrx_word' id='word_1_141' title='bbox 1865 1178 1985 1231; x_wconf 89' lang='lat' dir='ltr'><strong>cim.</strong></span> <span class='ocrx_word' id='word_1_142' title='bbox 2028 1190 2047 1216; x_wconf 78' lang='grc' dir='ltr'><strong>ο</strong></span> <span class='ocrx_word' id='word_1_143' title='bbox 2082 1180 2323 1233; x_wconf 80' lang='lat' dir='ltr'><strong>Canistra</strong></span> <span class='ocrx_word' id='word_1_144' title='bbox 2371 1182 2577 1243; x_wconf 89' lang='lat' dir='ltr'><strong>decem,</strong></span> <span class='ocrx_word' id='word_1_145' title='bbox 2642 1195 2794 1247; x_wconf 85' lang='lat' dir='ltr'><strong>pens.</strong></span> <span class='ocrx_word' id='word_1_146' title='bbox 2843 1182 2979 1251; x_wconf 82' lang='lat' dir='ltr'><strong>sing.</strong></span> <span class='ocrx_word' id='word_1_147' title='bbox 3020 1182 3111 1234; x_wconf 85' lang='lat' dir='ltr'><strong>lib.</strong></span> <span class='ocrx_word' id='word_1_148' title='bbox 3148 1180 3451 1244; x_wconf 88' lang='lat' dir='ltr'><strong>duodecim,</strong></span> 
     </span>
    </p>
   </div>
   <div class='ocr_carea' id='block_1_21' title="bbox 1866 1272 3445 1339">
    <p class='ocr_par' dir='ltr' id='par_1_21' title="bbox 1866 1272 3445 1339">
     <span class='ocr_line' id='line_1_21' title="bbox 1866 1272 3445 1339; baseline 0.001 -14"><span class='ocrx_word' id='word_1_149' title='bbox 1866 1284 1914 1325; x_wconf 90' lang='lat' dir='ltr'><strong>et</strong></span> <span class='ocrx_word' id='word_1_150' title='bbox 1944 1272 2045 1325; x_wconf 89' lang='lat' dir='ltr'><strong>alia</strong></span> <span class='ocrx_word' id='word_1_151' title='bbox 2075 1272 2211 1325; x_wconf 90' lang='lat' dir='ltr'><strong>dona</strong></span> <span class='ocrx_word' id='word_1_152' title='bbox 2241 1274 2407 1325; x_wconf 90' lang='lat' dir='ltr'><strong>multa</strong></span> <span class='ocrx_word' id='word_1_153' title='bbox 2442 1274 2666 1339; x_wconf 75' lang='lat' dir='ltr'><strong>largitus</strong></span> <span class='ocrx_word' id='word_1_154' title='bbox 2696 1283 2796 1325; x_wconf 89' lang='lat' dir='ltr'><strong>est.</strong></span> <span class='ocrx_word' id='word_1_155' title='bbox 2833 1274 2908 1326; x_wconf 83' lang='lat' dir='ltr'><strong>Eu</strong></span> <span class='ocrx_word' id='word_1_156' title='bbox 2937 1284 3179 1339; x_wconf 85' lang='lat' dir='ltr'><strong>tempore</strong></span> <span class='ocrx_word' id='word_1_157' title='bbox 3208 1283 3445 1327; x_wconf 88' lang='lat' dir='ltr'><strong>castrum</strong></span> 
     </span>
    </p>
   </div>
   <div class='ocr_carea' id='block_1_22' title="bbox 1868 1364 3448 1433">
    <p class='ocr_par' dir='ltr' id='par_1_22' title="bbox 1868 1364 3448 1433">
     <span class='ocr_line' id='line_1_22' title="bbox 1868 1364 3448 1433; baseline 0 -16"><span class='ocrx_word' id='word_1_158' title='bbox 1868 1374 1950 1417; x_wconf 90' lang='lat' dir='ltr'><strong>est</strong></span> <span class='ocrx_word' id='word_1_159' title='bbox 1998 1365 2208 1417; x_wconf 70' lang='lat' dir='ltr'><strong>Narnia:</strong></span> <span class='ocrx_word' id='word_1_160' title='bbox 2266 1380 2294 1417; x_wconf 88' lang='lat' dir='ltr'><strong>a</strong></span> <span class='ocrx_word' id='word_1_161' title='bbox 2347 1365 2715 1433; x_wconf 75' lang='lat' dir='ltr'><strong>Longubardis</strong></span> <span class='ocrx_word' id='word_1_162' title='bbox 2771 1379 3079 1433; x_wconf 77' lang='lat' dir='ltr'><strong>pervasum.</strong></span> <span class='ocrx_word' id='word_1_163' title='bbox 3140 1364 3255 1419; x_wconf 80' lang='lat' dir='ltr'><strong>Rex</strong></span> <span class='ocrx_word' id='word_1_164' title='bbox 3316 1377 3448 1418; x_wconf 85' lang='lat' dir='ltr'><strong>vero</strong></span> 
     </span>
    </p>
   </div>
   <div class='ocr_carea' id='block_1_23' title="bbox 1395 1475 2222 1536">
    <p class='ocr_par' dir='ltr' id='par_1_23' title="bbox 1395 1475 2222 1536">
     <span class='ocr_line' id='line_1_23' title="bbox 1395 1475 2222 1536; baseline 0.01 -8"><span class='ocrx_word' id='word_1_165' title='bbox 1395 1475 1783 1532; x_wconf 76' lang='lat' dir='ltr'><strong>VARIANTES</strong></span> <span class='ocrx_word' id='word_1_166' title='bbox 1821 1477 2222 1536; x_wconf 77' lang='lat' dir='ltr'><strong>LECTIONES.</strong></span> 
     </span>
    </p>
   </div>
   <div class='ocr_carea' id='block_1_24' title="bbox 255 1590 1142 1659">
    <p class='ocr_par' dir='ltr' id='par_1_24' title="bbox 255 1590 1142 1659">
     <span class='ocr_line' id='line_1_24' title="bbox 255 1590 1142 1659; baseline -0.007 -8"><span class='ocrx_word' id='word_1_167' title='bbox 255 1600 269 1629; x_wconf 80' lang='grc'>⁸</span> <span class='ocrx_word' id='word_1_168' title='bbox 312 1595 421 1650; x_wconf 90' lang='lat' dir='ltr'><strong>Cod</strong></span> <span class='ocrx_word' id='word_1_169' title='bbox 470 1594 624 1659; x_wconf 89' lang='lat' dir='ltr'><strong>an.,</strong></span> <span class='ocrx_word' id='word_1_170' title='bbox 654 1610 754 1646; x_wconf 92' lang='lat' dir='ltr'><strong>non</strong></span> <span class='ocrx_word' id='word_1_171' title='bbox 794 1590 1142 1645; x_wconf 73' lang='lat' dir='ltr'><strong>nominandis.</strong></span> 
     </span>
    </p>
   </div>
   <div class='ocr_carea' id='block_1_25' title="bbox 251 1660 1763 1732">
    <p class='ocr_par' dir='ltr' id='par_1_25' title="bbox 251 1660 1763 1732">
     <span class='ocr_line' id='line_1_25' title="bbox 251 1660 1763 1732; baseline -0.005 -11"><span class='ocrx_word' id='word_1_172' title='bbox 251 1670 271 1698; x_wconf 85' lang='grc'>¹</span> <span class='ocrx_word' id='word_1_173' title='bbox 309 1668 437 1721; x_wconf 82' lang='lat' dir='ltr'><strong>Cod.</strong></span> <span class='ocrx_word' id='word_1_174' title='bbox 479 1668 631 1725; x_wconf 80' lang='lat' dir='ltr'><strong>Luc.,</strong></span> <span class='ocrx_word' id='word_1_175' title='bbox 677 1668 738 1716; x_wconf 88' lang='lat' dir='ltr'><strong>de</strong></span> <span class='ocrx_word' id='word_1_176' title='bbox 770 1662 958 1732; x_wconf 61' lang='lat' dir='ltr'><strong>populo</strong></span> <span class='ocrx_word' id='word_1_177' title='bbox 997 1678 1111 1714; x_wconf 69' lang='lat' dir='ltr'><strong>vero</strong></span> <span class='ocrx_word' id='word_1_178' title='bbox 1152 1660 1380 1731; x_wconf 80' lang='lat' dir='ltr'><strong>ejusdem</strong></span> <span class='ocrx_word' id='word_1_179' title='bbox 1426 1661 1643 1715; x_wconf 83' lang='lat' dir='ltr'><strong>civitatis</strong></span> <span class='ocrx_word' id='word_1_180' title='bbox 1670 1678 1763 1717; x_wconf 88' lang='lat' dir='ltr'><strong>ccc</strong></span> 
     </span>
    </p>
   </div>
   <div class='ocr_carea' id='block_1_26' title="bbox 168 1733 1650 1800">
    <p class='ocr_par' dir='ltr' id='par_1_26' title="bbox 168 1733 1650 1800">
     <span class='ocr_line' id='line_1_26' title="bbox 168 1733 1650 1800; baseline -0.004 -9"><span class='ocrx_word' id='word_1_181' title='bbox 168 1739 343 1791; x_wconf 84' lang='lat' dir='ltr'><strong>millia</strong></span> <span class='ocrx_word' id='word_1_182' title='bbox 368 1739 579 1789; x_wconf 75' lang='lat' dir='ltr'><strong>diversa:</strong></span> <span class='ocrx_word' id='word_1_183' title='bbox 605 1740 771 1788; x_wconf 73' lang='lat' dir='ltr'><strong>(elatis</strong></span> <span class='ocrx_word' id='word_1_184' title='bbox 797 1733 1086 1800; x_wconf 84' lang='lat' dir='ltr'><strong>pestilentia</strong></span> <span class='ocrx_word' id='word_1_185' title='bbox 1112 1742 1343 1785; x_wconf 83' lang='lat' dir='ltr'><strong>vastante</strong></span> <span class='ocrx_word' id='word_1_186' title='bbox 1371 1734 1650 1800; x_wconf 88' lang='lat' dir='ltr'><strong>perierunt.</strong></span> 
     </span>
    </p>
   </div>
   <div class='ocr_carea' id='block_1_27' title="bbox 252 1804 881 1870">
    <p class='ocr_par' dir='ltr' id='par_1_27' title="bbox 252 1804 881 1870">
     <span class='ocr_line' id='line_1_27' title="bbox 252 1804 881 1870; baseline -0.013 -8"><span class='ocrx_word' id='word_1_187' title='bbox 252 1808 272 1837; x_wconf 87' lang='grc'>³</span> <span class='ocrx_word' id='word_1_188' title='bbox 310 1808 417 1870; x_wconf 81' lang='lat' dir='ltr'><strong>AL,</strong></span> <span class='ocrx_word' id='word_1_189' title='bbox 462 1808 672 1859; x_wconf 74' lang='lat' dir='ltr'><strong>diversa:</strong></span> <span class='ocrx_word' id='word_1_190' title='bbox 696 1804 881 1856; x_wconf 47' lang='lat' dir='ltr'><strong>uitatis.</strong></span> 
     </span>
    </p>
   </div>
   <div class='ocr_carea' id='block_1_28' title="bbox 251 1871 1521 1946">
    <p class='ocr_par' dir='ltr' id='par_1_28' title="bbox 251 1871 1521 1946">
     <span class='ocr_line' id='line_1_28' title="bbox 251 1871 1521 1946; baseline -0.007 -12"><span class='ocrx_word' id='word_1_191' title='bbox 251 1879 271 1909; x_wconf 73' lang='grc'>⁸</span> <span class='ocrx_word' id='word_1_192' title='bbox 304 1878 357 1933; x_wconf 92' lang='lat' dir='ltr'><strong>ln</strong></span> <span class='ocrx_word' id='word_1_193' title='bbox 387 1882 456 1932; x_wconf 86' lang='lat' dir='ltr'><strong>al.</strong></span> <span class='ocrx_word' id='word_1_194' title='bbox 486 1878 563 1930; x_wconf 79' lang='lat' dir='ltr'><strong>Eo</strong></span> <span class='ocrx_word' id='word_1_195' title='bbox 588 1893 896 1946; x_wconf 82' lang='lat' dir='ltr'><strong>nantquc....</strong></span> <span class='ocrx_word' id='word_1_196' title='bbox 917 1872 1182 1925; x_wconf 87' lang='lat' dir='ltr'><strong>subtracta</strong></span> <span class='ocrx_word' id='word_1_197' title='bbox 1206 1881 1277 1927; x_wconf 87' lang='lat' dir='ltr'><strong>est</strong></span> <span class='ocrx_word' id='word_1_198' title='bbox 1309 1871 1521 1927; x_wconf 86' lang='lat' dir='ltr'><strong>desunt.</strong></span> 
     </span>
    </p>
   </div>
   <div class='ocr_carea' id='block_1_29' title="bbox 1950 1596 2669 1663">
    <p class='ocr_par' dir='ltr' id='par_1_29' title="bbox 1950 1596 2669 1663">
     <span class='ocr_line' id='line_1_29' title="bbox 1950 1596 2669 1663; baseline 0.006 -16"><span class='ocrx_word' id='word_1_199' title='bbox 1950 1596 1969 1626; x_wconf 84' lang='grc'><strong><em>⁸</em></strong></span> <span class='ocrx_word' id='word_1_200' title='bbox 1997 1596 2128 1649; x_wconf 82' lang='lat' dir='ltr'><strong>Cod.‘</strong></span> <span class='ocrx_word' id='word_1_201' title='bbox 2156 1597 2305 1663; x_wconf 82' lang='lat' dir='ltr'><strong>l.nc.,</strong></span> <span class='ocrx_word' id='word_1_202' title='bbox 2339 1598 2669 1651; x_wconf 81' lang='lat' dir='ltr'><strong>monasterio.</strong></span> 
     </span>
    </p>
   </div>
   <div class='ocr_carea' id='block_1_30' title="bbox 1948 1666 2445 1729">
    <p class='ocr_par' dir='ltr' id='par_1_30' title="bbox 1948 1666 2445 1729">
     <span class='ocr_line' id='line_1_30' title="bbox 1948 1666 2445 1729; baseline 0.006 -12"><span class='ocrx_word' id='word_1_203' title='bbox 1948 1666 1967 1696; x_wconf 82' lang='grc'>⁸</span> <span class='ocrx_word' id='word_1_204' title='bbox 1995 1666 2127 1718; x_wconf 85' lang='lat' dir='ltr'><strong>Cod.</strong></span> <span class='ocrx_word' id='word_1_205' title='bbox 2166 1669 2317 1729; x_wconf 89' lang='lat' dir='ltr'><strong>|.Itc.,</strong></span> <span class='ocrx_word' id='word_1_206' title='bbox 2350 1670 2445 1721; x_wconf 92' lang='lat' dir='ltr'><strong>illi.</strong></span> 
     </span>
    </p>
   </div>
   <div class='ocr_carea' id='block_1_31' title="bbox 1945 1735 3447 1805">
    <p class='ocr_par' dir='ltr' id='par_1_31' title="bbox 1945 1735 3447 1805">
     <span class='ocr_line' id='line_1_31' title="bbox 1945 1735 3447 1805; baseline 0 -18"><span class='ocrx_word' id='word_1_207' title='bbox 1945 1738 1963 1768; x_wconf 87' lang='grc'>⁷</span> <span class='ocrx_word' id='word_1_208' title='bbox 1996 1735 2049 1788; x_wconf 89' lang='lat' dir='ltr'><strong>lu</strong></span> <span class='ocrx_word' id='word_1_209' title='bbox 2077 1736 2146 1788; x_wconf 89' lang='lat' dir='ltr'><strong>al.</strong></span> <span class='ocrx_word' id='word_1_210' title='bbox 2174 1736 2315 1789; x_wconf 84' lang='lat' dir='ltr'><strong>Fecit</strong></span> <span class='ocrx_word' id='word_1_211' title='bbox 2342 1748 2604 1792; x_wconf 85' lang='lat' dir='ltr'><strong>autem....</strong></span> <span class='ocrx_word' id='word_1_212' title='bbox 2636 1740 2853 1805; x_wconf 51' lang='lat' dir='ltr'><strong>largitus</strong></span> <span class='ocrx_word' id='word_1_213' title='bbox 2892 1747 2964 1791; x_wconf 86' lang='lat' dir='ltr'><strong>est</strong></span> <span class='ocrx_word' id='word_1_214' title='bbox 3009 1738 3201 1791; x_wconf 82' lang='lat' dir='ltr'><strong>desunt</strong></span> <span class='ocrx_word' id='word_1_215' title='bbox 3227 1738 3404 1792; x_wconf 88' lang='lat' dir='ltr'><strong>omnia</strong></span> <span class='ocrx_word' id='word_1_216' title='bbox 3432 1754 3447 1800; x_wconf 87' lang='lat'><strong>;</strong></span> 
     </span>
    </p>
   </div>
   <div class='ocr_carea' id='block_1_32' title="bbox 1870 1807 3451 1881">
    <p class='ocr_par' dir='ltr' id='par_1_32' title="bbox 1870 1807 3451 1881">
     <span class='ocr_line' id='line_1_32' title="bbox 1870 1807 3451 1881; baseline -0.001 -21"><span class='ocrx_word' id='word_1_217' title='bbox 1870 1814 1996 1881; x_wconf 83' lang='lat' dir='ltr'><strong>tunc</strong></span> <span class='ocrx_word' id='word_1_218' title='bbox 2012 1808 2089 1881; x_wconf 79' lang='lat' dir='ltr'><strong>sio</strong></span> <span class='ocrx_word' id='word_1_219' title='bbox 2110 1807 2323 1881; x_wconf 75' lang='lat' dir='ltr'><strong>additur</strong></span> <span class='ocrx_word' id='word_1_220' title='bbox 2348 1825 2359 1858; x_wconf 90' lang='lat'>:</span> <span class='ocrx_word' id='word_1_221' title='bbox 2386 1818 2537 1873; x_wconf 83' lang='lat' dir='ltr'><strong>atque</strong></span> <span class='ocrx_word' id='word_1_222' title='bbox 2560 1810 2806 1881; x_wconf 70' lang='lat' dir='ltr'><strong>cibarium</strong></span> <span class='ocrx_word' id='word_1_223' title='bbox 2832 1812 2881 1861; x_wconf 90' lang='lat' dir='ltr'><strong>in</strong></span> <span class='ocrx_word' id='word_1_224' title='bbox 2907 1810 3080 1862; x_wconf 83' lang='lat' dir='ltr'><strong>cadent</strong></span> <span class='ocrx_word' id='word_1_225' title='bbox 3102 1821 3290 1862; x_wconf 82' lang='lat' dir='ltr'><strong>sancta:</strong></span> <span class='ocrx_word' id='word_1_226' title='bbox 3316 1814 3451 1881; x_wconf 72' lang='lat' dir='ltr'><strong>Aga-</strong></span> 
     </span>
    </p>
   </div>
   <div class='ocr_carea' id='block_1_33' title="bbox 1867 1877 3242 1945">
    <p class='ocr_par' dir='ltr' id='par_1_33' title="bbox 1867 1877 3242 1945">
     <span class='ocr_line' id='line_1_33' title="bbox 1867 1877 3242 1945; baseline 0.003 -16"><span class='ocrx_word' id='word_1_227' title='bbox 1867 1878 1967 1930; x_wconf 74' lang='lat' dir='ltr'><strong>tha:</strong></span> <span class='ocrx_word' id='word_1_228' title='bbox 1988 1878 2196 1930; x_wconf 78' lang='lat' dir='ltr'><strong>ecclesia</strong></span> <span class='ocrx_word' id='word_1_229' title='bbox 2220 1895 2251 1931; x_wconf 94' lang='lat' dir='ltr'><strong>a</strong></span> <span class='ocrx_word' id='word_1_230' title='bbox 2278 1894 2403 1931; x_wconf 78' lang='lat' dir='ltr'><strong>novo</strong></span> <span class='ocrx_word' id='word_1_231' title='bbox 2426 1880 2733 1932; x_wconf 77' lang='lat' dir='ltr'><strong>construxit.</strong></span> <span class='ocrx_word' id='word_1_232' title='bbox 2760 1877 2837 1930; x_wconf 80' lang='lat' dir='ltr'><strong>Eo</strong></span> <span class='ocrx_word' id='word_1_233' title='bbox 2862 1889 3104 1945; x_wconf 82' lang='lat' dir='ltr'><strong>tempore,</strong></span> <span class='ocrx_word' id='word_1_234' title='bbox 3137 1889 3242 1933; x_wconf 85' lang='lat' dir='ltr'><strong>etc.</strong></span> 
     </span>
    </p>
   </div>
   <div class='ocr_carea' id='block_1_34' title="bbox 1506 1985 2132 2043">
    <p class='ocr_par' dir='ltr' id='par_1_34' title="bbox 1506 1985 2132 2043">
     <span class='ocr_line' id='line_1_34' title="bbox 1506 1985 2132 2043; baseline 0.008 -5"><span class='ocrx_word' id='word_1_235' title='bbox 1506 1985 1859 2043; x_wconf 71' lang='lat' dir='ltr'><strong>VARIOHUM</strong></span> <span class='ocrx_word' id='word_1_236' title='bbox 1904 1989 2132 2043; x_wconf 69' lang='lat' dir='ltr'><strong>NOTAE.</strong></span> 
     </span>
    </p>
   </div>
   <div class='ocr_carea' id='block_1_35' title="bbox 247 2077 3451 2149">
    <p class='ocr_par' dir='ltr' id='par_1_35' title="bbox 247 2077 3451 2149">
     <span class='ocr_line' id='line_1_35' title="bbox 247 2077 3451 2149; baseline -0 -15"><span class='ocrx_word' id='word_1_237' title='bbox 247 2093 274 2121; x_wconf 74' lang='grc' dir='ltr'>ι</span> <span class='ocrx_word' id='word_1_238' title='bbox 305 2082 351 2135; x_wconf 75' lang='grc' dir='ltr'><strong>Ι.</strong></span> <span class='ocrx_word' id='word_1_239' title='bbox 389 2082 503 2136; x_wconf 84' lang='lat' dir='ltr'><strong>Illis</strong></span> <span class='ocrx_word' id='word_1_240' title='bbox 530 2084 578 2135; x_wconf 90' lang='lat' dir='ltr'><strong>in</strong></span> <span class='ocrx_word' id='word_1_241' title='bbox 592 2092 718 2135; x_wconf 87' lang='lat' dir='ltr'><strong>&#39;erea</strong></span> <span class='ocrx_word' id='word_1_242' title='bbox 763 2080 935 2135; x_wconf 76' lang='lat' dir='ltr'><strong>diebus</strong></span> <span class='ocrx_word' id='word_1_243' title='bbox 979 2078 1460 2149; x_wconf 63' lang='lat' dir='ltr'><strong>Constantinopolis.</strong></span> <span class='ocrx_word' id='word_1_244' title='bbox 1498 2077 1569 2131; x_wconf 92' lang='lat' dir='ltr'><strong>De</strong></span> <span class='ocrx_word' id='word_1_245' title='bbox 1610 2080 1749 2133; x_wconf 87' lang='lat' dir='ltr'><strong>Cou-</strong></span> <span class='ocrx_word' id='word_1_246' title='bbox 1791 2088 1831 2144; x_wconf 79' lang='grc' dir='ltr'><strong>Β</strong></span> <span class='ocrx_word' id='word_1_247' title='bbox 1861 2080 1961 2133; x_wconf 85' lang='lat' dir='ltr'><strong>Leo</strong></span> <span class='ocrx_word' id='word_1_248' title='bbox 1989 2098 2100 2133; x_wconf 83' lang='lat' dir='ltr'><strong>cum</strong></span> <span class='ocrx_word' id='word_1_249' title='bbox 2127 2091 2252 2134; x_wconf 90' lang='lat' dir='ltr'><strong>esset</strong></span> <span class='ocrx_word' id='word_1_250' title='bbox 2281 2090 2466 2149; x_wconf 64' lang='lat' dir='ltr'><strong>praetor</strong></span> <span class='ocrx_word' id='word_1_251' title='bbox 2499 2082 2857 2145; x_wconf 81' lang='lat' dir='ltr'><strong>Orientalium,</strong></span> <span class='ocrx_word' id='word_1_252' title='bbox 2889 2082 3129 2149; x_wconf 52' lang='lat' dir='ltr'><strong>quoniam</strong></span> <span class='ocrx_word' id='word_1_253' title='bbox 3160 2084 3451 2135; x_wconf 71' lang='lat' dir='ltr'><strong>auxi/iuba-</strong></span> 
     </span>
    </p>
   </div>
   <div class='ocr_carea' id='block_1_36' title="bbox 172 2146 1749 2221">
    <p class='ocr_par' dir='ltr' id='par_1_36' title="bbox 172 2146 1749 2221">
     <span class='ocr_line' id='line_1_36' title="bbox 172 2146 1749 2221; baseline -0.008 -10"><span class='ocrx_word' id='word_1_254' title='bbox 172 2156 518 2221; x_wconf 74' lang='lat' dir='ltr'><strong>stantinopoli</strong></span> <span class='ocrx_word' id='word_1_255' title='bbox 545 2153 757 2205; x_wconf 79' lang='lat' dir='ltr'><strong>biennio</strong></span> <span class='ocrx_word' id='word_1_256' title='bbox 778 2153 886 2205; x_wconf 88' lang='lat' dir='ltr'><strong>sive</strong></span> <span class='ocrx_word' id='word_1_257' title='bbox 917 2146 1144 2221; x_wconf 84' lang='lat' dir='ltr'><strong>triennio</strong></span> <span class='ocrx_word' id='word_1_258' title='bbox 1167 2164 1193 2198; x_wconf 90' lang='lat' dir='ltr'><strong>a</strong></span> <span class='ocrx_word' id='word_1_259' title='bbox 1214 2149 1492 2221; x_wconf 76' lang='lat' dir='ltr'><strong>Saracenis</strong></span> <span class='ocrx_word' id='word_1_260' title='bbox 1510 2152 1749 2221; x_wconf 80' lang='lat' dir='ltr'><strong>obsessa,</strong></span> 
     </span>
    </p>
   </div>
   <div class='ocr_carea' id='block_1_37' title="bbox 172 2219 1754 2290">
    <p class='ocr_par' dir='ltr' id='par_1_37' title="bbox 172 2219 1754 2290">
     <span class='ocr_line' id='line_1_37' title="bbox 172 2219 1754 2290; baseline -0.004 -11"><span class='ocrx_word' id='word_1_261' title='bbox 172 2219 481 2289; x_wconf 78' lang='lat' dir='ltr'><strong>auxiliaque</strong></span> <span class='ocrx_word' id='word_1_262' title='bbox 509 2224 746 2289; x_wconf 75' lang='lat' dir='ltr'><strong>Deipartc</strong></span> <span class='ocrx_word' id='word_1_263' title='bbox 781 2222 1009 2290; x_wconf 77' lang='lat' dir='ltr'><strong>Virginis</strong></span> <span class='ocrx_word' id='word_1_264' title='bbox 1038 2219 1279 2290; x_wconf 78' lang='lat' dir='ltr'><strong>liberata,</strong></span> <span class='ocrx_word' id='word_1_265' title='bbox 1329 2230 1443 2290; x_wconf 86' lang='lat' dir='ltr'><strong>post</strong></span> <span class='ocrx_word' id='word_1_266' title='bbox 1474 2219 1668 2271; x_wconf 72' lang='lat' dir='ltr'><strong>lletlam</strong></span> <span class='ocrx_word' id='word_1_267' title='bbox 1701 2230 1754 2273; x_wconf 88' lang='lat' dir='ltr'><strong>et</strong></span> 
     </span>
    </p>
   </div>
   <div class='ocr_carea' id='block_1_38' title="bbox 175 2288 1747 2357">
    <p class='ocr_par' dir='ltr' id='par_1_38' title="bbox 175 2288 1747 2357">
     <span class='ocr_line' id='line_1_38' title="bbox 175 2288 1747 2357; baseline -0.005 -8"><span class='ocrx_word' id='word_1_268' title='bbox 175 2288 729 2355; x_wconf 16' lang='lat' dir='ltr'><strong>Paulum’Diaconnm,</strong></span> <span class='ocrx_word' id='word_1_269' title='bbox 769 2288 913 2357; x_wconf 78' lang='lat' dir='ltr'><strong>plura</strong></span> <span class='ocrx_word' id='word_1_270' title='bbox 932 2288 1307 2352; x_wconf 81' lang='lat' dir='ltr'><strong>Theophanes.</strong></span> <span class='ocrx_word' id='word_1_271' title='bbox 1355 2289 1599 2357; x_wconf 66' lang='lat' dir='ltr'><strong>l‘ljusilem</strong></span> <span class='ocrx_word' id='word_1_272' title='bbox 1634 2306 1747 2341; x_wconf 87' lang='lat' dir='ltr'><strong>rae-</strong></span> 
     </span>
    </p>
   </div>
   <div class='ocr_carea' id='block_1_39' title="bbox 172 2358 1745 2427">
    <p class='ocr_par' dir='ltr' id='par_1_39' title="bbox 172 2358 1745 2427">
     <span class='ocr_line' id='line_1_39' title="bbox 172 2358 1745 2427; baseline -0.004 -8"><span class='ocrx_word' id='word_1_273' title='bbox 172 2368 331 2419; x_wconf 87' lang='lat' dir='ltr'><strong>minit</strong></span> <span class='ocrx_word' id='word_1_274' title='bbox 357 2378 571 2418; x_wconf 81' lang='lat' dir='ltr'><strong>saueius</strong></span> <span class='ocrx_word' id='word_1_275' title='bbox 596 2362 901 2427; x_wconf 67' lang='lat' dir='ltr'><strong>Gregorius,</strong></span> <span class='ocrx_word' id='word_1_276' title='bbox 928 2360 1151 2424; x_wconf 62' lang='lat' dir='ltr'><strong>epistola</strong></span> <span class='ocrx_word' id='word_1_277' title='bbox 1174 2361 1236 2411; x_wconf 83' lang='lat' dir='ltr'><strong>ad</strong></span> <span class='ocrx_word' id='word_1_278' title='bbox 1261 2371 1499 2411; x_wconf 78' lang='lat' dir='ltr'><strong>sant-tum</strong></span> <span class='ocrx_word' id='word_1_279' title='bbox 1531 2358 1745 2412; x_wconf 89' lang='lat' dir='ltr'><strong>Germa-</strong></span> 
     </span>
    </p>
   </div>
   <div class='ocr_carea' id='block_1_40' title="bbox 171 2430 1747 2498">
    <p class='ocr_par' dir='ltr' id='par_1_40' title="bbox 171 2430 1747 2498">
     <span class='ocr_line' id='line_1_40' title="bbox 171 2430 1747 2498; baseline -0.006 -8"><span class='ocrx_word' id='word_1_280' title='bbox 171 2451 303 2490; x_wconf 84' lang='lat' dir='ltr'><strong>num</strong></span> <span class='ocrx_word' id='word_1_281' title='bbox 344 2436 647 2498; x_wconf 81' lang='lat' dir='ltr'><strong>episc0puni</strong></span> <span class='ocrx_word' id='word_1_282' title='bbox 681 2430 1347 2493; x_wconf 71' lang='lat' dir='ltr'><strong>Constantinopolitanttm.</strong></span> <span class='ocrx_word' id='word_1_283' title='bbox 1387 2430 1479 2480; x_wconf 67' lang='lat' dir='ltr'><strong>BIN</strong></span> <span class='ocrx_word' id='word_1_284' title='bbox 1510 2439 1564 2480; x_wconf 87' lang='lat' dir='ltr'><strong>et</strong></span> <span class='ocrx_word' id='word_1_285' title='bbox 1590 2430 1747 2481; x_wconf 69' lang='lat' dir='ltr'><strong>LABB.</strong></span> 
     </span>
    </p>
   </div>
   <div class='ocr_carea' id='block_1_41' title="bbox 243 2500 1749 2565">
    <p class='ocr_par' dir='ltr' id='par_1_41' title="bbox 243 2500 1749 2565">
     <span class='ocr_line' id='line_1_41' title="bbox 243 2500 1749 2565; baseline -0.005 -6"><span class='ocrx_word' id='word_1_286' title='bbox 243 2506 299 2561; x_wconf 69' lang='grc' dir='ltr'><strong>Ξ.</strong></span> <span class='ocrx_word' id='word_1_287' title='bbox 330 2507 446 2557; x_wconf 83' lang='lat' dir='ltr'><strong>Illis</strong></span> <span class='ocrx_word' id='word_1_288' title='bbox 494 2506 682 2556; x_wconf 76' lang='lat' dir='ltr'><strong>interea</strong></span> <span class='ocrx_word' id='word_1_289' title='bbox 731 2502 901 2553; x_wconf 88' lang='lat' dir='ltr'><strong>diebus</strong></span> <span class='ocrx_word' id='word_1_290' title='bbox 944 2500 1431 2565; x_wconf 75' lang='lat' dir='ltr'><strong>Constantinopolim</strong></span> <span class='ocrx_word' id='word_1_291' title='bbox 1473 2500 1749 2551; x_wconf 82' lang='lat' dir='ltr'><strong>biennium.</strong></span> 
     </span>
    </p>
   </div>
   <div class='ocr_carea' id='block_1_42' title="bbox 170 2570 1751 2639">
    <p class='ocr_par' dir='ltr' id='par_1_42' title="bbox 170 2570 1751 2639">
     <span class='ocr_line' id='line_1_42' title="bbox 170 2570 1751 2639; baseline -0.004 -9"><span class='ocrx_word' id='word_1_292' title='bbox 170 2576 418 2630; x_wconf 70' lang='lat' dir='ltr'><strong>Fameste</strong></span> <span class='ocrx_word' id='word_1_293' title='bbox 442 2576 595 2638; x_wconf 80' lang='lat' dir='ltr'><strong>hujus</strong></span> <span class='ocrx_word' id='word_1_294' title='bbox 618 2573 929 2633; x_wconf 82' lang='lat' dir='ltr'><strong>obsidionis,</strong></span> <span class='ocrx_word' id='word_1_295' title='bbox 954 2586 1053 2639; x_wconf 84' lang='lat' dir='ltr'><strong>qua</strong></span> <span class='ocrx_word' id='word_1_296' title='bbox 1096 2570 1378 2621; x_wconf 83' lang='lat' dir='ltr'><strong>Masalmas</strong></span> <span class='ocrx_word' id='word_1_297' title='bbox 1400 2570 1500 2621; x_wconf 82' lang='lat' dir='ltr'><strong>dux</strong></span> <span class='ocrx_word' id='word_1_298' title='bbox 1532 2570 1751 2623; x_wconf 83' lang='lat' dir='ltr'><strong>Sarace-</strong></span> 
     </span>
    </p>
   </div>
   <div class='ocr_carea' id='block_1_43' title="bbox 170 2640 1752 2711">
    <p class='ocr_par' dir='ltr' id='par_1_43' title="bbox 170 2640 1752 2711">
     <span class='ocr_line' id='line_1_43' title="bbox 170 2640 1752 2711; baseline -0.004 -12"><span class='ocrx_word' id='word_1_299' title='bbox 170 2662 365 2700; x_wconf 81' lang='lat' dir='ltr'><strong>ni-rnm</strong></span> <span class='ocrx_word' id='word_1_300' title='bbox 418 2645 745 2711; x_wconf 68' lang='lat' dir='ltr'><strong>pedestribus</strong></span> <span class='ocrx_word' id='word_1_301' title='bbox 796 2643 1001 2705; x_wconf 61' lang='grc' dir='ltr'><strong>θορῆς,</strong></span> <span class='ocrx_word' id='word_1_302' title='bbox 1054 2641 1227 2711; x_wconf 78' lang='lat' dir='ltr'><strong>classe</strong></span> <span class='ocrx_word' id='word_1_303' title='bbox 1273 2654 1399 2691; x_wconf 85' lang='lat' dir='ltr'><strong>vero</strong></span> <span class='ocrx_word' id='word_1_304' title='bbox 1446 2640 1752 2694; x_wconf 86' lang='lat' dir='ltr'><strong>Sulunanus</strong></span> 
     </span>
    </p>
   </div>
   <div class='ocr_carea' id='block_1_44' title="bbox 167 2709 1747 2784">
    <p class='ocr_par' dir='ltr' id='par_1_44' title="bbox 167 2709 1747 2784">
     <span class='ocr_line' id='line_1_44' title="bbox 167 2709 1747 2784; baseline -0.004 -13"><span class='ocrx_word' id='word_1_305' title='bbox 167 2717 379 2783; x_wconf 86' lang='lat' dir='ltr'><strong>calipha</strong></span> <span class='ocrx_word' id='word_1_306' title='bbox 412 2709 515 2784; x_wconf 80' lang='lat' dir='ltr'><strong>(cui</strong></span> <span class='ocrx_word' id='word_1_307' title='bbox 548 2728 719 2782; x_wconf 79' lang='lat' dir='ltr'><strong>primo</strong></span> <span class='ocrx_word' id='word_1_308' title='bbox 766 2728 920 2784; x_wconf 88' lang='lat' dir='ltr'><strong>anno</strong></span> <span class='ocrx_word' id='word_1_309' title='bbox 942 2709 1265 2784; x_wconf 72' lang='lat' dir='ltr'><strong>obsidionis,</strong></span> <span class='ocrx_word' id='word_1_310' title='bbox 1319 2712 1513 2784; x_wconf 80' lang='lat' dir='ltr'><strong>denato</strong></span> <span class='ocrx_word' id='word_1_311' title='bbox 1536 2712 1637 2784; x_wconf 72' lang='lat' dir='ltr'><strong>die</strong></span> <span class='ocrx_word' id='word_1_312' title='bbox 1662 2727 1747 2764; x_wconf 80' lang='lat' dir='ltr'><strong>se-</strong></span> 
     </span>
    </p>
   </div>
   <div class='ocr_carea' id='block_1_45' title="bbox 170 2780 1750 2846">
    <p class='ocr_par' dir='ltr' id='par_1_45' title="bbox 170 2780 1750 2846">
     <span class='ocr_line' id='line_1_45' title="bbox 170 2780 1750 2846; baseline -0.011 -6"><span class='ocrx_word' id='word_1_313' title='bbox 170 2780 345 2840; x_wconf 76' lang='lat' dir='ltr'><strong>cunda</strong></span> <span class='ocrx_word' id='word_1_314' title='bbox 368 2780 633 2845; x_wconf 69' lang='lat' dir='ltr'><strong>Octobris,</strong></span> <span class='ocrx_word' id='word_1_315' title='bbox 659 2785 883 2836; x_wconf 87' lang='lat' dir='ltr'><strong>Utuarus</strong></span> <span class='ocrx_word' id='word_1_316' title='bbox 913 2783 975 2843; x_wconf 94' lang='lat' dir='ltr'><strong>ll,</strong></span> <span class='ocrx_word' id='word_1_317' title='bbox 1005 2783 1209 2845; x_wconf 77' lang='lat' dir='ltr'><strong>calipha</strong></span> <span class='ocrx_word' id='word_1_318' title='bbox 1237 2796 1306 2831; x_wconf 77' lang='lat' dir='ltr'><strong>xu</strong></span> <span class='ocrx_word' id='word_1_319' title='bbox 1333 2780 1480 2846; x_wconf 81' lang='lat' dir='ltr'><strong>juxta</strong></span> <span class='ocrx_word' id='word_1_320' title='bbox 1512 2781 1750 2834; x_wconf 73' lang='lat' dir='ltr'><strong>Chrnno.</strong></span> 
     </span>
    </p>
   </div>
   <div class='ocr_carea' id='block_1_46' title="bbox 171 2850 1748 2919">
    <p class='ocr_par' dir='ltr' id='par_1_46' title="bbox 171 2850 1748 2919">
     <span class='ocr_line' id='line_1_46' title="bbox 171 2850 1748 2919; baseline -0.005 -10"><span class='ocrx_word' id='word_1_321' title='bbox 171 2860 373 2919; x_wconf 64' lang='lat' dir='ltr'><strong>logicas</strong></span> <span class='ocrx_word' id='word_1_322' title='bbox 407 2856 607 2908; x_wconf 76' lang='lat' dir='ltr'><strong>tabulas</strong></span> <span class='ocrx_word' id='word_1_323' title='bbox 634 2853 869 2919; x_wconf 81' lang='lat' dir='ltr'><strong>Langlet,</strong></span> <span class='ocrx_word' id='word_1_324' title='bbox 899 2854 948 2905; x_wconf 94' lang='lat' dir='ltr'><strong>in</strong></span> <span class='ocrx_word' id='word_1_325' title='bbox 980 2852 1306 2916; x_wconf 79' lang='lat' dir='ltr'><strong>enliphatum</strong></span> <span class='ocrx_word' id='word_1_326' title='bbox 1336 2852 1430 2901; x_wconf 90' lang='lat' dir='ltr'><strong>luit</strong></span> <span class='ocrx_word' id='word_1_327' title='bbox 1472 2850 1748 2915; x_wconf 64' lang='lat' dir='ltr'><strong>suile-rtus,</strong></span> 
     </span>
    </p>
   </div>
   <div class='ocr_carea' id='block_1_47' title="bbox 171 2920 1752 2985">
    <p class='ocr_par' dir='ltr' id='par_1_47' title="bbox 171 2920 1752 2985">
     <span class='ocr_line' id='line_1_47' title="bbox 171 2920 1752 2985; baseline -0.004 -7"><span class='ocrx_word' id='word_1_328' title='bbox 171 2938 231 2980; x_wconf 88' lang='lat' dir='ltr'><strong>ut</strong></span> <span class='ocrx_word' id='word_1_329' title='bbox 263 2927 569 2981; x_wconf 86' lang='lat' dir='ltr'><strong>Elmaeinus</strong></span> <span class='ocrx_word' id='word_1_330' title='bbox 627 2928 676 2977; x_wconf 89' lang='lat' dir='ltr'><strong>in</strong></span> <span class='ocrx_word' id='word_1_331' title='bbox 715 2924 944 2975; x_wconf 75' lang='lat' dir='ltr'><strong>Historia</strong></span> <span class='ocrx_word' id='word_1_332' title='bbox 990 2922 1302 2975; x_wconf 86' lang='lat' dir='ltr'><strong>Saracenica</strong></span> <span class='ocrx_word' id='word_1_333' title='bbox 1353 2920 1558 2985; x_wconf 79' lang='lat' dir='ltr'><strong>scribit)</strong></span> <span class='ocrx_word' id='word_1_334' title='bbox 1614 2922 1752 2972; x_wconf 74' lang='lat' dir='ltr'><strong>Cun-</strong></span> 
     </span>
    </p>
   </div>
   <div class='ocr_carea' id='block_1_48' title="bbox 169 2990 1751 3063">
    <p class='ocr_par' dir='ltr' id='par_1_48' title="bbox 169 2990 1751 3063">
     <span class='ocr_line' id='line_1_48' title="bbox 169 2990 1751 3063; baseline -0.005 -13"><span class='ocrx_word' id='word_1_335' title='bbox 169 2996 572 3063; x_wconf 86' lang='lat' dir='ltr'><strong>stantinopolim</strong></span> <span class='ocrx_word' id='word_1_336' title='bbox 606 2994 1028 3057; x_wconf 69' lang='lat' dir='ltr'><strong>oh~trinxerunt,</strong></span> <span class='ocrx_word' id='word_1_337' title='bbox 1064 3000 1276 3063; x_wconf 51' lang='grc' dir='ltr'><strong>μιρςριειχ</strong></span> <span class='ocrx_word' id='word_1_338' title='bbox 1304 2990 1515 3043; x_wconf 47' lang='lat' dir='ltr'><strong>Latinos</strong></span> <span class='ocrx_word' id='word_1_339' title='bbox 1550 2993 1751 3063; x_wconf 83' lang='lat' dir='ltr'><strong>memi-</strong></span> 
     </span>
    </p>
   </div>
   <div class='ocr_carea' id='block_1_49' title="bbox 169 3059 1749 3129">
    <p class='ocr_par' dir='ltr' id='par_1_49' title="bbox 169 3059 1749 3129">
     <span class='ocr_line' id='line_1_49' title="bbox 169 3059 1749 3129; baseline -0.005 -9"><span class='ocrx_word' id='word_1_340' title='bbox 169 3082 301 3121; x_wconf 83' lang='lat' dir='ltr'><strong>nere</strong></span> <span class='ocrx_word' id='word_1_341' title='bbox 324 3082 384 3121; x_wconf 78' lang='lat' dir='ltr'><strong>ex</strong></span> <span class='ocrx_word' id='word_1_342' title='bbox 412 3059 609 3118; x_wconf 62' lang='lat' dir='ltr'><strong>lira-eis</strong></span> <span class='ocrx_word' id='word_1_343' title='bbox 636 3065 1006 3128; x_wconf 66' lang='lat' dir='ltr'><strong>&#39;l‘hcoiihanes.</strong></span> <span class='ocrx_word' id='word_1_344' title='bbox 1028 3072 1079 3113; x_wconf 87' lang='lat' dir='ltr'><strong>et</strong></span> <span class='ocrx_word' id='word_1_345' title='bbox 1102 3059 1445 3124; x_wconf 65' lang='lat' dir='ltr'><strong>Nicephorns,</strong></span> <span class='ocrx_word' id='word_1_346' title='bbox 1473 3061 1560 3125; x_wconf 88' lang='lat' dir='ltr'><strong>qui</strong></span> <span class='ocrx_word' id='word_1_347' title='bbox 1592 3063 1749 3129; x_wconf 68' lang='lat' dir='ltr'><strong>regia:</strong></span> 
     </span>
    </p>
   </div>
   <div class='ocr_carea' id='block_1_50' title="bbox 170 3131 1751 3201">
    <p class='ocr_par' dir='ltr' id='par_1_50' title="bbox 170 3131 1751 3201">
     <span class='ocr_line' id='line_1_50' title="bbox 170 3131 1751 3201; baseline -0.003 -12"><span class='ocrx_word' id='word_1_348' title='bbox 170 3140 322 3190; x_wconf 82' lang='lat' dir='ltr'><strong>urbis</strong></span> <span class='ocrx_word' id='word_1_349' title='bbox 353 3136 717 3190; x_wconf 72' lang='lat' dir='ltr'><strong>liberationem</strong></span> <span class='ocrx_word' id='word_1_350' title='bbox 744 3137 1010 3201; x_wconf 69' lang='lat' dir='ltr'><strong>prazcipuo</strong></span> <span class='ocrx_word' id='word_1_351' title='bbox 1032 3146 1152 3195; x_wconf 77' lang='lat' dir='ltr'><strong>erga</strong></span> <span class='ocrx_word' id='word_1_352' title='bbox 1183 3131 1326 3182; x_wconf 83' lang='lat' dir='ltr'><strong>illam</strong></span> <span class='ocrx_word' id='word_1_353' title='bbox 1356 3131 1441 3181; x_wconf 84' lang='lat' dir='ltr'><strong>Dei</strong></span> <span class='ocrx_word' id='word_1_354' title='bbox 1468 3131 1751 3185; x_wconf 69' lang='lat' dir='ltr'><strong>Uenitricis</strong></span> 
     </span>
    </p>
   </div>
   <div class='ocr_carea' id='block_1_51' title="bbox 169 3200 1750 3277">
    <p class='ocr_par' dir='ltr' id='par_1_51' title="bbox 169 3200 1750 3277">
     <span class='ocr_line' id='line_1_51' title="bbox 169 3200 1750 3277; baseline -0.008 -16"><span class='ocrx_word' id='word_1_355' title='bbox 169 3208 421 3277; x_wconf 72' lang='lat' dir='ltr'><strong>praesidio</strong></span> <span class='ocrx_word' id='word_1_356' title='bbox 447 3216 647 3277; x_wconf 81' lang='lat' dir='ltr'><strong>partam</strong></span> <span class='ocrx_word' id='word_1_357' title='bbox 672 3200 953 3277; x_wconf 39' lang='lat' dir='ltr'><strong>testantur.</strong></span> <span class='ocrx_word' id='word_1_358' title='bbox 981 3205 1144 3255; x_wconf 84' lang='lat' dir='ltr'><strong>l’orrn</strong></span> <span class='ocrx_word' id='word_1_359' title='bbox 1169 3201 1294 3277; x_wconf 83' lang='lat' dir='ltr'><strong>urbs</strong></span> <span class='ocrx_word' id='word_1_360' title='bbox 1318 3202 1485 3252; x_wconf 82' lang='lat' dir='ltr'><strong>dicata</strong></span> <span class='ocrx_word' id='word_1_361' title='bbox 1516 3200 1750 3277; x_wconf 60' lang='lat' dir='ltr'><strong>Deiparie</strong></span> 
     </span>
    </p>
   </div>
   <div class='ocr_carea' id='block_1_52' title="bbox 170 3272 1748 3347">
    <p class='ocr_par' dir='ltr' id='par_1_52' title="bbox 170 3272 1748 3347">
     <span class='ocr_line' id='line_1_52' title="bbox 170 3272 1748 3347; baseline -0.003 -20"><span class='ocrx_word' id='word_1_362' title='bbox 170 3272 412 3347; x_wconf 60' lang='lat' dir='ltr'><strong>pluribus</strong></span> <span class='ocrx_word' id='word_1_363' title='bbox 448 3272 509 3329; x_wconf 85' lang='lat' dir='ltr'><strong>in</strong></span> <span class='ocrx_word' id='word_1_364' title='bbox 554 3275 681 3328; x_wconf 82' lang='lat' dir='ltr'><strong>locis</strong></span> <span class='ocrx_word' id='word_1_365' title='bbox 726 3276 868 3327; x_wconf 86' lang='lat' dir='ltr'><strong>illam</strong></span> <span class='ocrx_word' id='word_1_366' title='bbox 901 3272 1324 3347; x_wconf 71' lang='lat' dir='ltr'><strong>iiiipenso_eul_tu</strong></span> <span class='ocrx_word' id='word_1_367' title='bbox 1377 3272 1748 3347; x_wconf 63' lang='lat' dir='ltr'><strong>venerabatur,</strong></span> 
     </span>
    </p>
   </div>
   <div class='ocr_carea' id='block_1_53' title="bbox 166 3340 1747 3409">
    <p class='ocr_par' dir='ltr' id='par_1_53' title="bbox 166 3340 1747 3409">
     <span class='ocr_line' id='line_1_53' title="bbox 166 3340 1747 3409; baseline -0.004 -9"><span class='ocrx_word' id='word_1_368' title='bbox 166 3340 409 3401; x_wconf 67' lang='lat' dir='ltr'><strong>intimum</strong></span> <span class='ocrx_word' id='word_1_369' title='bbox 455 3358 629 3400; x_wconf 83' lang='lat' dir='ltr'><strong>autem</strong></span> <span class='ocrx_word' id='word_1_370' title='bbox 679 3344 1108 3409; x_wconf 66' lang='lat' dir='ltr'><strong>l&#39;requentissiino</strong></span> <span class='ocrx_word' id='word_1_371' title='bbox 1161 3340 1211 3392; x_wconf 92' lang='lat' dir='ltr'><strong>in</strong></span> <span class='ocrx_word' id='word_1_372' title='bbox 1271 3341 1608 3402; x_wconf 72' lang='lat' dir='ltr'><strong>Illac-herois,</strong></span> <span class='ocrx_word' id='word_1_373' title='bbox 1663 3344 1747 3393; x_wconf 88' lang='lat' dir='ltr'><strong>ubi</strong></span> 
     </span>
    </p>
   </div>
   <div class='ocr_carea' id='block_1_54' title="bbox 1856 2152 3442 2211">
    <p class='ocr_par' dir='ltr' id='par_1_54' title="bbox 1856 2152 3442 2211">
     <span class='ocr_line' id='line_1_54' title="bbox 1856 2152 3442 2211; baseline 0.003 -8"><span class='ocrx_word' id='word_1_374' title='bbox 1856 2161 1940 2203; x_wconf 81' lang='lat' dir='ltr'><strong>tur</strong></span> <span class='ocrx_word' id='word_1_375' title='bbox 1962 2154 2207 2211; x_wconf 84' lang='lat' dir='ltr'><strong>Artemio,</strong></span> <span class='ocrx_word' id='word_1_376' title='bbox 2239 2169 2339 2204; x_wconf 91' lang='lat' dir='ltr'><strong>non</strong></span> <span class='ocrx_word' id='word_1_377' title='bbox 2369 2163 2439 2205; x_wconf 86' lang='lat' dir='ltr'><strong>est</strong></span> <span class='ocrx_word' id='word_1_378' title='bbox 2464 2152 2694 2204; x_wconf 86' lang='lat' dir='ltr'><strong>subditus</strong></span> <span class='ocrx_word' id='word_1_379' title='bbox 2718 2152 3020 2203; x_wconf 79' lang='lat' dir='ltr'><strong>Theodosio.</strong></span> <span class='ocrx_word' id='word_1_380' title='bbox 3052 2154 3216 2204; x_wconf 81' lang='lat' dir='ltr'><strong>Erant</strong></span> <span class='ocrx_word' id='word_1_381' title='bbox 3238 2157 3442 2208; x_wconf 71' lang='lat' dir='ltr'><strong>crebra:</strong></span> 
     </span>
    </p>
   </div>
   <div class='ocr_carea' id='block_1_55' title="bbox 1854 2220 3442 2292">
    <p class='ocr_par' dir='ltr' id='par_1_55' title="bbox 1854 2220 3442 2292">
     <span class='ocr_line' id='line_1_55' title="bbox 1854 2220 3442 2292; baseline -0.001 -19"><span class='ocrx_word' id='word_1_382' title='bbox 1854 2223 2140 2273; x_wconf 81' lang='lat' dir='ltr'><strong>admodum</strong></span> <span class='ocrx_word' id='word_1_383' title='bbox 2199 2221 2499 2291; x_wconf 71' lang='lat' dir='ltr'><strong>hujustnodi</strong></span> <span class='ocrx_word' id='word_1_384' title='bbox 2554 2224 2934 2283; x_wconf 84' lang='lat' dir='ltr'><strong>imperatorum</strong></span> <span class='ocrx_word' id='word_1_385' title='bbox 2968 2220 3315 2288; x_wconf 76' lang='lat' dir='ltr'><strong>dejeCIinnes.</strong></span> <span class='ocrx_word' id='word_1_386' title='bbox 3362 2236 3442 2292; x_wconf 73' lang='lat' dir='ltr'><strong>et,</strong></span> 
     </span>
    </p>
   </div>
   <div class='ocr_carea' id='block_1_56' title="bbox 1855 2292 3438 2359">
    <p class='ocr_par' dir='ltr' id='par_1_56' title="bbox 1855 2292 3438 2359">
     <span class='ocr_line' id='line_1_56' title="bbox 1855 2292 3438 2359; baseline 0.002 -16"><span class='ocrx_word' id='word_1_387' title='bbox 1855 2300 1911 2343; x_wconf 83' lang='grc' dir='ltr'><strong>ιιι</strong></span> <span class='ocrx_word' id='word_1_388' title='bbox 1937 2292 2181 2345; x_wconf 57' lang='lat' dir='ltr'><strong>observat</strong></span> <span class='ocrx_word' id='word_1_389' title='bbox 2210 2292 2568 2359; x_wconf 82' lang='lat' dir='ltr'><strong>Nicephorus,</strong></span> <span class='ocrx_word' id='word_1_390' title='bbox 2604 2292 2653 2343; x_wconf 91' lang='lat' dir='ltr'><strong>in</strong></span> <span class='ocrx_word' id='word_1_391' title='bbox 2702 2292 2987 2354; x_wconf 86' lang='lat' dir='ltr'><strong>ChrOnico,</strong></span> <span class='ocrx_word' id='word_1_392' title='bbox 3023 2301 3140 2351; x_wconf 72' lang='lat' dir='ltr'><strong>po~t</strong></span> <span class='ocrx_word' id='word_1_393' title='bbox 3172 2302 3438 2346; x_wconf 80' lang='lat' dir='ltr'><strong>narratam</strong></span> 
     </span>
    </p>
   </div>
   <div class='ocr_carea' id='block_1_57' title="bbox 1853 2361 3447 2428">
    <p class='ocr_par' dir='ltr' id='par_1_57' title="bbox 1853 2361 3447 2428">
     <span class='ocr_line' id='line_1_57' title="bbox 1853 2361 3447 2428; baseline 0.001 -13"><span class='ocrx_word' id='word_1_394' title='bbox 1853 2362 2241 2428; x_wconf 87' lang='lat' dir='ltr'><strong>depositionem</strong></span> <span class='ocrx_word' id='word_1_395' title='bbox 2267 2364 2549 2415; x_wconf 84' lang='lat' dir='ltr'><strong>Theodosii</strong></span> <span class='ocrx_word' id='word_1_396' title='bbox 2575 2382 2585 2415; x_wconf 92' lang='lat'>:</span> <span class='ocrx_word' id='word_1_397' title='bbox 2613 2362 2748 2413; x_wconf 84' lang='lat' dir='ltr'><strong>Dum</strong></span> <span class='ocrx_word' id='word_1_398' title='bbox 2776 2364 2977 2414; x_wconf 79' lang='lat' dir='ltr'><strong>assidue</strong></span> <span class='ocrx_word' id='word_1_399' title='bbox 3002 2361 3138 2414; x_wconf 89' lang='lat' dir='ltr'><strong>hunc</strong></span> <span class='ocrx_word' id='word_1_400' title='bbox 3163 2365 3212 2415; x_wconf 91' lang='lat' dir='ltr'><strong>in</strong></span> <span class='ocrx_word' id='word_1_401' title='bbox 3239 2364 3447 2416; x_wconf 87' lang='lat' dir='ltr'><strong>modum</strong></span> 
     </span>
    </p>
   </div>
   <div class='ocr_carea' id='block_1_58' title="bbox 1854 2434 3450 2503">
    <p class='ocr_par' dir='ltr' id='par_1_58' title="bbox 1854 2434 3450 2503">
     <span class='ocr_line' id='line_1_58' title="bbox 1854 2434 3450 2503; baseline 0.003 -20"><span class='ocrx_word' id='word_1_402' title='bbox 1854 2444 2030 2484; x_wconf 85' lang='lat' dir='ltr'><strong>contra</strong></span> <span class='ocrx_word' id='word_1_403' title='bbox 2062 2434 2393 2498; x_wconf 86' lang='lat' dir='ltr'><strong>imperatores</strong></span> <span class='ocrx_word' id='word_1_404' title='bbox 2414 2436 2811 2503; x_wconf 80' lang='lat' dir='ltr'><strong>conjurationes,</strong></span> <span class='ocrx_word' id='word_1_405' title='bbox 2838 2434 3081 2497; x_wconf 81' lang='lat' dir='ltr'><strong>dumque,</strong></span> <span class='ocrx_word' id='word_1_406' title='bbox 3112 2434 3450 2487; x_wconf 69' lang='lat' dir='ltr'><strong>incalescente</strong></span> 
     </span>
    </p>
   </div>
   <div class='ocr_carea' id='block_1_59' title="bbox 1855 2503 3449 2572">
    <p class='ocr_par' dir='ltr' id='par_1_59' title="bbox 1855 2503 3449 2572">
     <span class='ocr_line' id='line_1_59' title="bbox 1855 2503 3449 2572; baseline 0.002 -19"><span class='ocrx_word' id='word_1_407' title='bbox 1855 2504 2144 2569; x_wconf 81' lang='lat' dir='ltr'><strong>tyrannide,</strong></span> <span class='ocrx_word' id='word_1_408' title='bbox 2195 2504 2397 2567; x_wconf 84' lang='lat' dir='ltr'><strong>imperii</strong></span> <span class='ocrx_word' id='word_1_409' title='bbox 2444 2520 2503 2555; x_wconf 90' lang='lat' dir='ltr'><strong>ac</strong></span> <span class='ocrx_word' id='word_1_410' title='bbox 2553 2503 2841 2570; x_wconf 75' lang='lat' dir='ltr'><strong>reipublirw</strong></span> <span class='ocrx_word' id='word_1_411' title='bbox 2884 2513 3043 2553; x_wconf 86' lang='lat' dir='ltr'><strong>status</strong></span> <span class='ocrx_word' id='word_1_412' title='bbox 3083 2505 3372 2572; x_wconf 72' lang='lat' dir='ltr'><strong>negligitur,</strong></span> <span class='ocrx_word' id='word_1_413' title='bbox 3404 2514 3449 2556; x_wconf 89' lang='lat' dir='ltr'><strong>et</strong></span> 
     </span>
    </p>
   </div>
   <div class='ocr_carea' id='block_1_60' title="bbox 1854 2573 3451 2641">
    <p class='ocr_par' dir='ltr' id='par_1_60' title="bbox 1854 2573 3451 2641">
     <span class='ocr_line' id='line_1_60' title="bbox 1854 2573 3451 2641; baseline 0.001 -18"><span class='ocrx_word' id='word_1_414' title='bbox 1854 2574 2101 2638; x_wconf 80' lang='lat' dir='ltr'><strong>paulatim</strong></span> <span class='ocrx_word' id='word_1_415' title='bbox 2125 2574 2177 2625; x_wconf 87' lang='lat' dir='ltr'><strong>in</strong></span> <span class='ocrx_word' id='word_1_416' title='bbox 2203 2574 2423 2627; x_wconf 87' lang='lat' dir='ltr'><strong>deterius</strong></span> <span class='ocrx_word' id='word_1_417' title='bbox 2452 2574 2754 2641; x_wconf 85' lang='lat' dir='ltr'><strong>prolabitur,</strong></span> <span class='ocrx_word' id='word_1_418' title='bbox 2780 2590 2882 2624; x_wconf 83' lang='lat' dir='ltr'><strong>una</strong></span> <span class='ocrx_word' id='word_1_419' title='bbox 2906 2583 2947 2623; x_wconf 86' lang='lat' dir='ltr'><strong>et</strong></span> <span class='ocrx_word' id='word_1_420' title='bbox 2967 2573 3253 2626; x_wconf 81' lang='lat' dir='ltr'><strong>litterarum</strong></span> <span class='ocrx_word' id='word_1_421' title='bbox 3280 2576 3451 2627; x_wconf 89' lang='lat' dir='ltr'><strong>studia</strong></span> 
     </span>
    </p>
   </div>
   <div class='ocr_carea' id='block_1_61' title="bbox 1852 2644 3449 2711">
    <p class='ocr_par' dir='ltr' id='par_1_61' title="bbox 1852 2644 3449 2711">
     <span class='ocr_line' id='line_1_61' title="bbox 1852 2644 3449 2711; baseline 0.001 -17"><span class='ocrx_word' id='word_1_422' title='bbox 1852 2644 2127 2711; x_wconf 78' lang='lat' dir='ltr'><strong>exstingui,</strong></span> <span class='ocrx_word' id='word_1_423' title='bbox 2160 2654 2311 2706; x_wconf 84' lang='lat' dir='ltr'><strong>atque</strong></span> <span class='ocrx_word' id='word_1_424' title='bbox 2335 2645 2637 2697; x_wconf 81' lang='lat' dir='ltr'><strong>intercidere</strong></span> <span class='ocrx_word' id='word_1_425' title='bbox 2660 2652 2936 2709; x_wconf 90' lang='lat' dir='ltr'><strong>appetunt,</strong></span> <span class='ocrx_word' id='word_1_426' title='bbox 2972 2660 3060 2696; x_wconf 89' lang='lat' dir='ltr'><strong>nec</strong></span> <span class='ocrx_word' id='word_1_427' title='bbox 3092 2644 3258 2696; x_wconf 88' lang='lat' dir='ltr'><strong>minus</strong></span> <span class='ocrx_word' id='word_1_428' title='bbox 3290 2645 3449 2696; x_wconf 84' lang='lat' dir='ltr'><strong>disci-</strong></span> 
     </span>
    </p>
   </div>
   <div class='ocr_carea' id='block_1_62' title="bbox 1853 2712 3446 2781">
    <p class='ocr_par' dir='ltr' id='par_1_62' title="bbox 1853 2712 3446 2781">
     <span class='ocr_line' id='line_1_62' title="bbox 1853 2712 3446 2781; baseline 0.002 -18"><span class='ocrx_word' id='word_1_429' title='bbox 1853 2713 1997 2781; x_wconf 85' lang='lat' dir='ltr'><strong>plina</strong></span> <span class='ocrx_word' id='word_1_430' title='bbox 2028 2714 2261 2766; x_wconf 86' lang='lat' dir='ltr'><strong>militaris</strong></span> <span class='ocrx_word' id='word_1_431' title='bbox 2286 2716 2635 2781; x_wconf 85' lang='lat' dir='ltr'><strong>pessumdari,</strong></span> <span class='ocrx_word' id='word_1_432' title='bbox 2671 2716 2741 2767; x_wconf 87' lang='lat' dir='ltr'><strong>ita</strong></span> <span class='ocrx_word' id='word_1_433' title='bbox 2774 2715 2961 2781; x_wconf 79' lang='lat' dir='ltr'><strong>factum</strong></span> <span class='ocrx_word' id='word_1_434' title='bbox 2993 2725 3063 2766; x_wconf 86' lang='lat' dir='ltr'><strong>est</strong></span> <span class='ocrx_word' id='word_1_435' title='bbox 3096 2725 3149 2765; x_wconf 85' lang='lat' dir='ltr'><strong>ut</strong></span> <span class='ocrx_word' id='word_1_436' title='bbox 3180 2712 3446 2765; x_wconf 56' lang='lat' dir='ltr'><strong>Romano-</strong></span> 
     </span>
    </p>
   </div>
   <div class='ocr_carea' id='block_1_63' title="bbox 1852 2784 3449 2853">
    <p class='ocr_par' dir='ltr' id='par_1_63' title="bbox 1852 2784 3449 2853">
     <span class='ocr_line' id='line_1_63' title="bbox 1852 2784 3449 2853; baseline 0.003 -20"><span class='ocrx_word' id='word_1_437' title='bbox 1852 2800 1965 2835; x_wconf 90' lang='lat' dir='ltr'><strong>rum</strong></span> <span class='ocrx_word' id='word_1_438' title='bbox 2017 2785 2289 2850; x_wconf 86' lang='lat' dir='ltr'><strong>imperium</strong></span> <span class='ocrx_word' id='word_1_439' title='bbox 2337 2786 2480 2838; x_wconf 85' lang='lat' dir='ltr'><strong>bellis</strong></span> <span class='ocrx_word' id='word_1_440' title='bbox 2532 2788 2738 2853; x_wconf 79' lang='lat' dir='ltr'><strong>impune</strong></span> <span class='ocrx_word' id='word_1_441' title='bbox 2784 2784 3147 2850; x_wconf 73' lang='lat' dir='ltr'><strong>licesserctur,</strong></span> <span class='ocrx_word' id='word_1_442' title='bbox 3199 2794 3245 2836; x_wconf 89' lang='lat' dir='ltr'><strong>et</strong></span> <span class='ocrx_word' id='word_1_443' title='bbox 3289 2789 3449 2836; x_wconf 72' lang='lat' dir='ltr'><strong>ca&#39;des</strong></span> 
     </span>
    </p>
   </div>
   <div class='ocr_carea' id='block_1_64' title="bbox 1854 2856 3447 2919">
    <p class='ocr_par' dir='ltr' id='par_1_64' title="bbox 1854 2856 3447 2919">
     <span class='ocr_line' id='line_1_64' title="bbox 1854 2856 3447 2919; baseline 0.001 -14"><span class='ocrx_word' id='word_1_444' title='bbox 1854 2856 2044 2919; x_wconf 65' lang='lat' dir='ltr'><strong>passim</strong></span> <span class='ocrx_word' id='word_1_445' title='bbox 2075 2856 2394 2917; x_wconf 70' lang='lat' dir='ltr'><strong>promiscum.</strong></span> <span class='ocrx_word' id='word_1_446' title='bbox 2423 2866 2469 2908; x_wconf 91' lang='lat' dir='ltr'><strong>et</strong></span> <span class='ocrx_word' id='word_1_447' title='bbox 2500 2858 2828 2907; x_wconf 69' lang='lat' dir='ltr'><strong>abilllCllOllCS</strong></span> <span class='ocrx_word' id='word_1_448' title='bbox 2859 2856 3141 2917; x_wconf 84' lang='lat' dir='ltr'><strong>hominum,</strong></span> <span class='ocrx_word' id='word_1_449' title='bbox 3168 2866 3211 2905; x_wconf 90' lang='lat' dir='ltr'><strong>et</strong></span> <span class='ocrx_word' id='word_1_450' title='bbox 3244 2856 3447 2907; x_wconf 81' lang='lat' dir='ltr'><strong>urbium</strong></span> 
     </span>
    </p>
   </div>
   <div class='ocr_carea' id='block_1_65' title="bbox 1852 2925 3445 2992">
    <p class='ocr_par' dir='ltr' id='par_1_65' title="bbox 1852 2925 3445 2992">
     <span class='ocr_line' id='line_1_65' title="bbox 1852 2925 3445 2992; baseline 0.001 -17"><span class='ocrx_word' id='word_1_451' title='bbox 1852 2925 2130 2977; x_wconf 68' lang='lat' dir='ltr'><strong>eversiones</strong></span> <span class='ocrx_word' id='word_1_452' title='bbox 2151 2925 2349 2992; x_wconf 81' lang='lat' dir='ltr'><strong>ﬁerent.</strong></span> <span class='ocrx_word' id='word_1_453' title='bbox 2376 2928 2595 2978; x_wconf 81' lang='lat' dir='ltr'><strong>Accessit</strong></span> <span class='ocrx_word' id='word_1_454' title='bbox 2618 2926 2685 2976; x_wconf 90' lang='lat' dir='ltr'><strong>ad</strong></span> <span class='ocrx_word' id='word_1_455' title='bbox 2706 2925 3154 2977; x_wconf 85' lang='lat' dir='ltr'><strong>horummalorum</strong></span> <span class='ocrx_word' id='word_1_456' title='bbox 3183 2928 3445 2976; x_wconf 86' lang='lat' dir='ltr'><strong>cumulum</strong></span> 
     </span>
    </p>
   </div>
   <div class='ocr_carea' id='block_1_66' title="bbox 1855 2992 3448 3064">
    <p class='ocr_par' dir='ltr' id='par_1_66' title="bbox 1855 2992 3448 3064">
     <span class='ocr_line' id='line_1_66' title="bbox 1855 2992 3448 3064; baseline -0.001 -16"><span class='ocrx_word' id='word_1_457' title='bbox 1855 2992 2229 3048; x_wconf 85' lang='lat' dir='ltr'><strong>Saracenorum</strong></span> <span class='ocrx_word' id='word_1_458' title='bbox 2272 2998 2520 3064; x_wconf 86' lang='lat' dir='ltr'><strong>irruptio,</strong></span> <span class='ocrx_word' id='word_1_459' title='bbox 2561 2998 2645 3064; x_wconf 90' lang='lat' dir='ltr'><strong>qui</strong></span> <span class='ocrx_word' id='word_1_460' title='bbox 2698 3004 2873 3047; x_wconf 81' lang='lat' dir='ltr'><strong>contra</strong></span> <span class='ocrx_word' id='word_1_461' title='bbox 2903 2996 3092 3060; x_wconf 81' lang='lat' dir='ltr'><strong>regium</strong></span> <span class='ocrx_word' id='word_1_462' title='bbox 3125 2996 3313 3052; x_wconf 85' lang='lat' dir='ltr'><strong>urbem.</strong></span> <span class='ocrx_word' id='word_1_463' title='bbox 3346 3005 3448 3047; x_wconf 76' lang='lat' dir='ltr'><strong>ter-</strong></span> 
     </span>
    </p>
   </div>
   <div class='ocr_carea' id='block_1_67' title="bbox 1853 3065 3444 3132">
    <p class='ocr_par' dir='ltr' id='par_1_67' title="bbox 1853 3065 3444 3132">
     <span class='ocr_line' id='line_1_67' title="bbox 1853 3065 3444 3132; baseline 0.001 -17"><span class='ocrx_word' id='word_1_464' title='bbox 1853 3065 1997 3116; x_wconf 82' lang='lat' dir='ltr'><strong>restri</strong></span> <span class='ocrx_word' id='word_1_465' title='bbox 2046 3066 2365 3130; x_wconf 70' lang='lat' dir='ltr'><strong>expeditione</strong></span> <span class='ocrx_word' id='word_1_466' title='bbox 2398 3068 2552 3131; x_wconf 75' lang='lat' dir='ltr'><strong>facta,</strong></span> <span class='ocrx_word' id='word_1_467' title='bbox 2587 3067 2813 3131; x_wconf 78' lang='lat' dir='ltr'><strong>inﬁnitas</strong></span> <span class='ocrx_word' id='word_1_468' title='bbox 2864 3067 3089 3129; x_wconf 87' lang='lat' dir='ltr'><strong>peditum</strong></span> <span class='ocrx_word' id='word_1_469' title='bbox 3131 3078 3178 3117; x_wconf 82' lang='lat' dir='ltr'><strong>et</strong></span> <span class='ocrx_word' id='word_1_470' title='bbox 3221 3074 3444 3132; x_wconf 78' lang='lat' dir='ltr'><strong>equitum</strong></span> 
     </span>
    </p>
   </div>
   <div class='ocr_carea' id='block_1_68' title="bbox 1853 3135 3449 3204">
    <p class='ocr_par' dir='ltr' id='par_1_68' title="bbox 1853 3135 3449 3204">
     <span class='ocr_line' id='line_1_68' title="bbox 1853 3135 3449 3204; baseline 0.001 -19"><span class='ocrx_word' id='word_1_471' title='bbox 1853 3137 2025 3201; x_wconf 85' lang='lat' dir='ltr'><strong>copias</strong></span> <span class='ocrx_word' id='word_1_472' title='bbox 2056 3152 2118 3187; x_wconf 76' lang='lat' dir='ltr'><strong>ex</strong></span> <span class='ocrx_word' id='word_1_473' title='bbox 2148 3135 2381 3204; x_wconf 76' lang='lat' dir='ltr'><strong>subjectis</strong></span> <span class='ocrx_word' id='word_1_474' title='bbox 2410 3139 2502 3187; x_wconf 82' lang='lat' dir='ltr'><strong>sibi</strong></span> <span class='ocrx_word' id='word_1_475' title='bbox 2534 3138 2765 3204; x_wconf 76' lang='lat' dir='ltr'><strong>gentibus</strong></span> <span class='ocrx_word' id='word_1_476' title='bbox 2808 3137 3117 3201; x_wconf 67' lang='lat' dir='ltr'><strong>colligerent.</strong></span> <span class='ocrx_word' id='word_1_477' title='bbox 3158 3135 3449 3201; x_wconf 74' lang='lat' dir='ltr'><strong>Eodemque</strong></span> 
     </span>
    </p>
   </div>
   <div class='ocr_carea' id='block_1_69' title="bbox 1854 3205 3439 3274">
    <p class='ocr_par' dir='ltr' id='par_1_69' title="bbox 1854 3205 3439 3274">
     <span class='ocr_line' id='line_1_69' title="bbox 1854 3205 3439 3274; baseline 0.001 -18"><span class='ocrx_word' id='word_1_478' title='bbox 1854 3212 2075 3271; x_wconf 83' lang='lat' dir='ltr'><strong>tempore</strong></span> <span class='ocrx_word' id='word_1_479' title='bbox 2102 3206 2313 3256; x_wconf 77' lang='lat' dir='ltr'><strong>classem</strong></span> <span class='ocrx_word' id='word_1_480' title='bbox 2344 3207 2594 3274; x_wconf 79' lang='lat' dir='ltr'><strong>ingentem</strong></span> <span class='ocrx_word' id='word_1_481' title='bbox 2627 3207 2762 3256; x_wconf 81' lang='lat' dir='ltr'><strong>mille</strong></span> <span class='ocrx_word' id='word_1_482' title='bbox 2793 3205 3195 3274; x_wconf 80' lang='lat' dir='ltr'><strong>octingentorum</strong></span> <span class='ocrx_word' id='word_1_483' title='bbox 3237 3206 3439 3257; x_wconf 75' lang='lat' dir='ltr'><strong>navium</strong></span> 
     </span>
    </p>
   </div>
   <div class='ocr_carea' id='block_1_70' title="bbox 1852 3276 3446 3345">
    <p class='ocr_par' dir='ltr' id='par_1_70' title="bbox 1852 3276 3446 3345">
     <span class='ocr_line' id='line_1_70' title="bbox 1852 3276 3446 3345; baseline 0.001 -19"><span class='ocrx_word' id='word_1_484' title='bbox 1852 3277 2053 3327; x_wconf 82' lang='lat' dir='ltr'><strong>circiter</strong></span> <span class='ocrx_word' id='word_1_485' title='bbox 2087 3285 2380 3338; x_wconf 77' lang='lat' dir='ltr'><strong>macerant,</strong></span> <span class='ocrx_word' id='word_1_486' title='bbox 2432 3278 2560 3328; x_wconf 76' lang='lat' dir='ltr'><strong>duce</strong></span> <span class='ocrx_word' id='word_1_487' title='bbox 2609 3276 2936 3345; x_wconf 85' lang='lat' dir='ltr'><strong>lllttsulmano</strong></span> <span class='ocrx_word' id='word_1_488' title='bbox 2976 3278 3067 3344; x_wconf 90' lang='lat' dir='ltr'><strong>(ita</strong></span> <span class='ocrx_word' id='word_1_489' title='bbox 3109 3277 3239 3328; x_wconf 88' lang='lat' dir='ltr'><strong>enim</strong></span> <span class='ocrx_word' id='word_1_490' title='bbox 3273 3277 3446 3345; x_wconf 85' lang='lat' dir='ltr'><strong>gentili</strong></span> 
     </span>
    </p>
   </div>
   <div class='ocr_carea' id='block_1_71' title="bbox 1852 3344 3448 3416">
    <p class='ocr_par' dir='ltr' id='par_1_71' title="bbox 1852 3344 3448 3416">
     <span class='ocr_line' id='line_1_71' title="bbox 1852 3344 3448 3416; baseline 0.001 -20"><span class='ocrx_word' id='word_1_491' title='bbox 1852 3361 1967 3396; x_wconf 88' lang='lat' dir='ltr'><strong>eum</strong></span> <span class='ocrx_word' id='word_1_492' title='bbox 1994 3347 2168 3412; x_wconf 86' lang='lat' dir='ltr'><strong>lingua</strong></span> <span class='ocrx_word' id='word_1_493' title='bbox 2192 3351 2478 3409; x_wconf 80' lang='lat' dir='ltr'><strong>vocabant}.</strong></span> <span class='ocrx_word' id='word_1_494' title='bbox 2510 3347 2704 3411; x_wconf 84' lang='lat' dir='ltr'><strong>Quibus</strong></span> <span class='ocrx_word' id='word_1_495' title='bbox 2738 3344 2885 3397; x_wconf 80' lang='lat' dir='ltr'><strong>rebus</strong></span> <span class='ocrx_word' id='word_1_496' title='bbox 2911 3347 3143 3416; x_wconf 77' lang='lat' dir='ltr'><strong>cognitis,</strong></span> <span class='ocrx_word' id='word_1_497' title='bbox 3178 3344 3283 3397; x_wconf 82' lang='lat' dir='ltr'><strong>tam</strong></span> <span class='ocrx_word' id='word_1_498' title='bbox 3311 3347 3448 3397; x_wconf 82' lang='lat' dir='ltr'><strong>mili-</strong></span> 
     </span>
    </p>
   </div>
   <div class='ocr_carea' id='block_1_72' title="bbox 165 3411 3445 3494">
    <p class='ocr_par' dir='ltr' id='par_1_72' title="bbox 165 3411 3445 3494">
     <span class='ocr_line' id='line_1_72' title="bbox 165 3411 3445 3494; baseline -0.002 -23"><span class='ocrx_word' id='word_1_499' title='bbox 165 3416 750 3494; x_wconf 60' lang='lat' dir='ltr'><strong>angusttttnteiuplunt</strong></span> <span class='ocrx_word' id='word_1_500' title='bbox 781 3417 895 3494; x_wconf 79' lang='lat' dir='ltr'><strong>ejus</strong></span> <span class='ocrx_word' id='word_1_501' title='bbox 928 3416 1140 3465; x_wconf 79' lang='lat' dir='ltr'><strong>nomine</strong></span> <span class='ocrx_word' id='word_1_502' title='bbox 1169 3412 1632 3494; x_wconf 49' lang='lat' dir='ltr'><strong>dedicatqnterat.</strong></span> <span class='ocrx_word' id='word_1_503' title='bbox 1665 3411 1744 3463; x_wconf 88' lang='lat' dir='ltr'><strong>Li-</strong></span> <span class='ocrx_word' id='word_1_504' title='bbox 1778 3434 1820 3493; x_wconf 82' lang='lat' dir='ltr'><strong>C</strong></span> <span class='ocrx_word' id='word_1_505' title='bbox 1858 3416 1939 3494; x_wconf 69' lang='lat' dir='ltr'><strong>tia:</strong></span> <span class='ocrx_word' id='word_1_506' title='bbox 1982 3416 2206 3494; x_wconf 68' lang='lat' dir='ltr'><strong>prcefecti</strong></span> <span class='ocrx_word' id='word_1_507' title='bbox 2236 3432 2396 3494; x_wconf 54' lang='lat' dir='ltr'><strong>titiam</strong></span> <span class='ocrx_word' id='word_1_508' title='bbox 2432 3418 2601 3468; x_wconf 84' lang='lat' dir='ltr'><strong>civiles</strong></span> <span class='ocrx_word' id='word_1_509' title='bbox 2641 3411 2990 3482; x_wconf 62' lang='lat' dir='ltr'><strong>magistratus,</strong></span> <span class='ocrx_word' id='word_1_510' title='bbox 3014 3434 3129 3468; x_wconf 80' lang='lat' dir='ltr'><strong>cuni</strong></span> <span class='ocrx_word' id='word_1_511' title='bbox 3170 3416 3445 3468; x_wconf 80' lang='lat' dir='ltr'><strong>Theodosii</strong></span> 
     </span>
    </p>
   </div>
   <div class='ocr_carea' id='block_1_73' title="bbox 168 3481 1747 3549">
    <p class='ocr_par' dir='ltr' id='par_1_73' title="bbox 168 3481 1747 3549">
     <span class='ocr_line' id='line_1_73' title="bbox 168 3481 1747 3549; baseline -0.006 -6"><span class='ocrx_word' id='word_1_512' title='bbox 168 3481 373 3543; x_wconf 65' lang='lat' dir='ltr'><strong>lteram:</strong></span> <span class='ocrx_word' id='word_1_513' title='bbox 410 3488 553 3541; x_wconf 77' lang='lat' dir='ltr'><strong>urbis</strong></span> <span class='ocrx_word' id='word_1_514' title='bbox 596 3481 905 3538; x_wconf 78' lang='lat' dir='ltr'><strong>meritoriam</strong></span> <span class='ocrx_word' id='word_1_515' title='bbox 938 3498 1044 3549; x_wconf 90' lang='lat' dir='ltr'><strong>quo</strong></span> <span class='ocrx_word' id='word_1_516' title='bbox 1071 3484 1223 3535; x_wconf 88' lang='lat' dir='ltr'><strong>annis</strong></span> <span class='ocrx_word' id='word_1_517' title='bbox 1273 3482 1459 3533; x_wconf 75' lang='lat' dir='ltr'><strong>ret-.ulit</strong></span> <span class='ocrx_word' id='word_1_518' title='bbox 1488 3481 1747 3534; x_wconf 57' lang='lat' dir='ltr'><strong>Metiscum</strong></span> 
     </span>
    </p>
   </div>
   <div class='ocr_carea' id='block_1_74' title="bbox 168 3552 1745 3617">
    <p class='ocr_par' dir='ltr' id='par_1_74' title="bbox 168 3552 1745 3617">
     <span class='ocr_line' id='line_1_74' title="bbox 168 3552 1745 3617; baseline -0.006 -4"><span class='ocrx_word' id='word_1_519' title='bbox 168 3562 427 3613; x_wconf 69' lang='lat' dir='ltr'><strong>Ecclesia:</strong></span> <span class='ocrx_word' id='word_1_520' title='bbox 474 3562 671 3610; x_wconf 67' lang='lat' dir='ltr'><strong>(.rmca‘,</strong></span> <span class='ocrx_word' id='word_1_521' title='bbox 717 3571 839 3608; x_wconf 79' lang='lat' dir='ltr'><strong>xvni</strong></span> <span class='ocrx_word' id='word_1_522' title='bbox 875 3552 915 3606; x_wconf 83' lang='grc' dir='ltr'><strong>Κ</strong></span> <span class='ocrx_word' id='word_1_523' title='bbox 957 3556 1140 3606; x_wconf 76' lang='lat' dir='ltr'><strong>lendas</strong></span> <span class='ocrx_word' id='word_1_524' title='bbox 1185 3552 1547 3617; x_wconf 88' lang='lat' dir='ltr'><strong>Septembres,</strong></span> <span class='ocrx_word' id='word_1_525' title='bbox 1597 3563 1647 3603; x_wconf 91' lang='lat' dir='ltr'><strong>et</strong></span> <span class='ocrx_word' id='word_1_526' title='bbox 1696 3557 1745 3605; x_wconf 90' lang='lat' dir='ltr'><strong>in</strong></span> 
     </span>
    </p>
   </div>
   <div class='ocr_carea' id='block_1_75' title="bbox 165 3622 1750 3694">
    <p class='ocr_par' dir='ltr' id='par_1_75' title="bbox 165 3622 1750 3694">
     <span class='ocr_line' id='line_1_75' title="bbox 165 3622 1750 3694; baseline -0.006 -10"><span class='ocrx_word' id='word_1_527' title='bbox 165 3633 469 3694; x_wconf 70' lang='lat' dir='ltr'><strong>Metiulugio</strong></span> <span class='ocrx_word' id='word_1_528' title='bbox 509 3626 685 3681; x_wconf 76' lang='lat' dir='ltr'><strong>Basilii</strong></span> <span class='ocrx_word' id='word_1_529' title='bbox 735 3624 1196 3693; x_wconf 64' lang='lat' dir='ltr'><strong>l’urphyrugt-niti,</strong></span> <span class='ocrx_word' id='word_1_530' title='bbox 1232 3622 1371 3689; x_wconf 81' lang='lat' dir='ltr'><strong>quod</strong></span> <span class='ocrx_word' id='word_1_531' title='bbox 1418 3622 1750 3687; x_wconf 77' lang='lat' dir='ltr'><strong>elegantibus</strong></span> 
     </span>
    </p>
   </div>
   <div class='ocr_carea' id='block_1_76' title="bbox 168 3694 1746 3765">
    <p class='ocr_par' dir='ltr' id='par_1_76' title="bbox 168 3694 1746 3765">
     <span class='ocr_line' id='line_1_76' title="bbox 168 3694 1746 3765; baseline -0.006 -11"><span class='ocrx_word' id='word_1_532' title='bbox 168 3704 243 3754; x_wconf 74' lang='lat' dir='ltr'><strong>fui</strong></span> <span class='ocrx_word' id='word_1_533' title='bbox 262 3703 363 3752; x_wconf 87' lang='lat' dir='ltr'><strong>mis</strong></span> <span class='ocrx_word' id='word_1_534' title='bbox 394 3698 576 3752; x_wconf 68' lang='lat' dir='ltr'><strong>brhini</strong></span> <span class='ocrx_word' id='word_1_535' title='bbox 606 3711 831 3765; x_wconf 76' lang='lat' dir='ltr'><strong>primum</strong></span> <span class='ocrx_word' id='word_1_536' title='bbox 858 3710 1111 3765; x_wconf 75' lang='lat' dir='ltr'><strong>excusuin</strong></span> <span class='ocrx_word' id='word_1_537' title='bbox 1136 3695 1331 3765; x_wconf 76' lang='lat' dir='ltr'><strong>est,ita</strong></span> <span class='ocrx_word' id='word_1_538' title='bbox 1361 3694 1746 3745; x_wconf 76' lang='lat' dir='ltr'><strong>enuntiatur&#39;in</strong></span> 
     </span>
    </p>
   </div>
   <div class='ocr_carea' id='block_1_77' title="bbox 166 3760 1748 3833">
    <p class='ocr_par' dir='ltr' id='par_1_77' title="bbox 166 3760 1748 3833">
     <span class='ocr_line' id='line_1_77' title="bbox 166 3760 1748 3833; baseline -0.003 -14"><span class='ocrx_word' id='word_1_539' title='bbox 166 3772 420 3823; x_wconf 57' lang='lat' dir='ltr'><strong>versione</strong></span> <span class='ocrx_word' id='word_1_540' title='bbox 448 3760 628 3821; x_wconf 76' lang='lat' dir='ltr'><strong>Latina</strong></span> <span class='ocrx_word' id='word_1_541' title='bbox 659 3785 670 3819; x_wconf 87' lang='lat'>:</span> <span class='ocrx_word' id='word_1_542' title='bbox 703 3764 1020 3833; x_wconf 85' lang='lat' dir='ltr'><strong>Imperatore</strong></span> <span class='ocrx_word' id='word_1_543' title='bbox 1049 3762 1214 3816; x_wconf 86' lang='lat' dir='ltr'><strong>Leone</strong></span> <span class='ocrx_word' id='word_1_544' title='bbox 1246 3760 1429 3814; x_wconf 88' lang='lat' dir='ltr'><strong>Isauro</strong></span> <span class='ocrx_word' id='word_1_545' title='bbox 1450 3778 1748 3833; x_wconf 82' lang='lat' dir='ltr'><strong>numerosus</strong></span> 
     </span>
    </p>
   </div>
   <div class='ocr_carea' id='block_1_78' title="bbox 165 3832 1749 3900">
    <p class='ocr_par' dir='ltr' id='par_1_78' title="bbox 165 3832 1749 3900">
     <span class='ocr_line' id='line_1_78' title="bbox 165 3832 1749 3900; baseline -0.008 -5"><span class='ocrx_word' id='word_1_546' title='bbox 165 3843 550 3895; x_wconf 78' lang='lat' dir='ltr'><strong>Saracenorum</strong></span> <span class='ocrx_word' id='word_1_547' title='bbox 589 3838 835 3891; x_wconf 77' lang='lat' dir='ltr'><strong>exercitus</strong></span> <span class='ocrx_word' id='word_1_548' title='bbox 861 3838 1077 3897; x_wconf 78' lang='lat' dir='ltr'><strong>venit,ac</strong></span> <span class='ocrx_word' id='word_1_549' title='bbox 1094 3844 1226 3885; x_wconf 86' lang='lat' dir='ltr'><strong>terra</strong></span> <span class='ocrx_word' id='word_1_550' title='bbox 1250 3834 1477 3900; x_wconf 88' lang='lat' dir='ltr'><strong>marique</strong></span> <span class='ocrx_word' id='word_1_551' title='bbox 1494 3832 1749 3885; x_wconf 84' lang='lat' dir='ltr'><strong>Constan-</strong></span> 
     </span>
    </p>
   </div>
   <div class='ocr_carea' id='block_1_79' title="bbox 163 3904 1754 3980">
    <p class='ocr_par' dir='ltr' id='par_1_79' title="bbox 163 3904 1754 3980">
     <span class='ocr_line' id='line_1_79' title="bbox 163 3904 1754 3980; baseline -0.006 -15"><span class='ocrx_word' id='word_1_552' title='bbox 163 3912 439 3980; x_wconf 89' lang='lat' dir='ltr'><strong>tin0polim</strong></span> <span class='ocrx_word' id='word_1_553' title='bbox 469 3908 823 3980; x_wconf 74' lang='lat' dir='ltr'><strong>circumdedit,</strong></span> <span class='ocrx_word' id='word_1_554' title='bbox 848 3916 893 3957; x_wconf 88' lang='lat' dir='ltr'><strong>et</strong></span> <span class='ocrx_word' id='word_1_555' title='bbox 924 3907 1092 3980; x_wconf 81' lang='lat' dir='ltr'><strong>urbem</strong></span> <span class='ocrx_word' id='word_1_556' title='bbox 1122 3904 1266 3955; x_wconf 89' lang='lat' dir='ltr'><strong>illam</strong></span> <span class='ocrx_word' id='word_1_557' title='bbox 1296 3904 1754 3980; x_wconf 69' lang='lat' dir='ltr'><strong>obsidioneoppri-</strong></span> 
     </span>
    </p>
   </div>
   <div class='ocr_carea' id='block_1_80' title="bbox 164 3974 1749 4044">
    <p class='ocr_par' dir='ltr' id='par_1_80' title="bbox 164 3974 1749 4044">
     <span class='ocr_line' id='line_1_80' title="bbox 164 3974 1749 4044; baseline -0.006 -9"><span class='ocrx_word' id='word_1_558' title='bbox 164 3974 311 4035; x_wconf 75' lang='lat' dir='ltr'><strong>mere</strong></span> <span class='ocrx_word' id='word_1_559' title='bbox 342 3983 698 4033; x_wconf 72' lang='lat' dir='ltr'><strong>meditabatur.</strong></span> <span class='ocrx_word' id='word_1_560' title='bbox 724 3977 949 4044; x_wconf 81' lang='lat' dir='ltr'><strong>Cumque</strong></span> <span class='ocrx_word' id='word_1_561' title='bbox 979 3977 1328 4040; x_wconf 86' lang='lat' dir='ltr'><strong>imperatorem</strong></span> <span class='ocrx_word' id='word_1_562' title='bbox 1364 3974 1749 4026; x_wconf 85' lang='lat' dir='ltr'><strong>animadvertis-</strong></span> 
     </span>
    </p>
   </div>
   <div class='ocr_carea' id='block_1_81' title="bbox 161 4044 1749 4115">
    <p class='ocr_par' dir='ltr' id='par_1_81' title="bbox 161 4044 1749 4115">
     <span class='ocr_line' id='line_1_81' title="bbox 161 4044 1749 4115; baseline -0.008 -8"><span class='ocrx_word' id='word_1_563' title='bbox 161 4065 335 4107; x_wconf 81' lang='lat' dir='ltr'><strong>senta</strong></span> <span class='ocrx_word' id='word_1_564' title='bbox 367 4048 674 4104; x_wconf 77' lang='lat' dir='ltr'><strong>necessitatis</strong></span> <span class='ocrx_word' id='word_1_565' title='bbox 704 4052 872 4115; x_wconf 82' lang='lat' dir='ltr'><strong>urgeri</strong></span> <span class='ocrx_word' id='word_1_566' title='bbox 900 4047 1172 4114; x_wconf 87' lang='lat' dir='ltr'><strong>angustiis,</strong></span> <span class='ocrx_word' id='word_1_567' title='bbox 1202 4054 1364 4115; x_wconf 79' lang='lat' dir='ltr'><strong>atque</strong></span> <span class='ocrx_word' id='word_1_568' title='bbox 1388 4060 1502 4095; x_wconf 90' lang='lat' dir='ltr'><strong>cum</strong></span> <span class='ocrx_word' id='word_1_569' title='bbox 1552 4045 1651 4095; x_wconf 85' lang='lat' dir='ltr'><strong>illis</strong></span> <span class='ocrx_word' id='word_1_570' title='bbox 1683 4044 1749 4095; x_wconf 88' lang='lat' dir='ltr'><strong>ad</strong></span> 
     </span>
    </p>
   </div>
   <div class='ocr_carea' id='block_1_82' title="bbox 161 4114 1754 4189">
    <p class='ocr_par' dir='ltr' id='par_1_82' title="bbox 161 4114 1754 4189">
     <span class='ocr_line' id='line_1_82' title="bbox 161 4114 1754 4189; baseline -0.008 -12"><span class='ocrx_word' id='word_1_571' title='bbox 161 4122 513 4177; x_wconf 86' lang='lat' dir='ltr'><strong>conditionem</strong></span> <span class='ocrx_word' id='word_1_572' title='bbox 541 4114 777 4189; x_wconf 88' lang='lat' dir='ltr'><strong>paratum</strong></span> <span class='ocrx_word' id='word_1_573' title='bbox 798 4118 1119 4189; x_wconf 77' lang='lat' dir='ltr'><strong>descendere,</strong></span> <span class='ocrx_word' id='word_1_574' title='bbox 1139 4114 1469 4189; x_wconf 73' lang='lat' dir='ltr'><strong>autumabant</strong></span> <span class='ocrx_word' id='word_1_575' title='bbox 1501 4114 1605 4189; x_wconf 72' lang='lat' dir='ltr'><strong>ipsi</strong></span> <span class='ocrx_word' id='word_1_576' title='bbox 1626 4130 1754 4189; x_wconf 38' lang='lat' dir='ltr'><strong>prie:</strong></span> 
     </span>
    </p>
   </div>
   <div class='ocr_carea' id='block_1_83' title="bbox 158 4185 1751 4259">
    <p class='ocr_par' dir='ltr' id='par_1_83' title="bbox 158 4185 1751 4259">
     <span class='ocr_line' id='line_1_83' title="bbox 158 4185 1751 4259; baseline -0.008 -13"><span class='ocrx_word' id='word_1_577' title='bbox 158 4196 361 4248; x_wconf 82' lang='lat' dir='ltr'><strong>sidiam</strong></span> <span class='ocrx_word' id='word_1_578' title='bbox 404 4185 553 4244; x_wconf 80' lang='lat' dir='ltr'><strong>etiam</strong></span> <span class='ocrx_word' id='word_1_579' title='bbox 600 4193 855 4259; x_wconf 77' lang='lat' dir='ltr'><strong>imponere</strong></span> <span class='ocrx_word' id='word_1_580' title='bbox 896 4186 1105 4239; x_wconf 85' lang='lat' dir='ltr'><strong>civitati.</strong></span> <span class='ocrx_word' id='word_1_581' title='bbox 1139 4186 1205 4259; x_wconf 79' lang='lat' dir='ltr'><strong>At</strong></span> <span class='ocrx_word' id='word_1_582' title='bbox 1236 4186 1503 4259; x_wconf 62' lang='lat' dir='ltr'><strong>pommus</strong></span> <span class='ocrx_word' id='word_1_583' title='bbox 1552 4186 1634 4235; x_wconf 90' lang='lat' dir='ltr'><strong>ille</strong></span> <span class='ocrx_word' id='word_1_584' title='bbox 1656 4185 1751 4259; x_wconf 68' lang='lat' dir='ltr'><strong>qui</strong></span> 
     </span>
    </p>
   </div>
   <div class='ocr_carea' id='block_1_84' title="bbox 159 4253 1752 4334">
    <p class='ocr_par' dir='ltr' id='par_1_84' title="bbox 159 4253 1752 4334">
     <span class='ocr_line' id='line_1_84' title="bbox 159 4253 1752 4334; baseline -0.008 -15"><span class='ocrx_word' id='word_1_585' title='bbox 159 4266 400 4334; x_wconf 82' lang='lat' dir='ltr'><strong>superbis</strong></span> <span class='ocrx_word' id='word_1_586' title='bbox 429 4262 635 4334; x_wconf 84' lang='lat' dir='ltr'><strong>resistit,</strong></span> <span class='ocrx_word' id='word_1_587' title='bbox 671 4253 871 4334; x_wconf 75' lang='lat' dir='ltr'><strong>irritum</strong></span> <span class='ocrx_word' id='word_1_588' title='bbox 897 4274 1071 4334; x_wconf 76' lang='lat' dir='ltr'><strong>eorum</strong></span> <span class='ocrx_word' id='word_1_589' title='bbox 1118 4256 1283 4309; x_wconf 81' lang='lat' dir='ltr'><strong>reddit</strong></span> <span class='ocrx_word' id='word_1_590' title='bbox 1322 4256 1608 4334; x_wconf 54' lang='lat' dir='ltr'><strong>consilium.</strong></span> <span class='ocrx_word' id='word_1_591' title='bbox 1646 4253 1752 4334; x_wconf 57' lang='lat' dir='ltr'><strong>lix-</strong></span> 
     </span>
    </p>
   </div>
   <div class='ocr_carea' id='block_1_85' title="bbox 160 4325 1752 4403">
    <p class='ocr_par' dir='ltr' id='par_1_85' title="bbox 160 4325 1752 4403">
     <span class='ocr_line' id='line_1_85' title="bbox 160 4325 1752 4403; baseline -0.007 -16"><span class='ocrx_word' id='word_1_592' title='bbox 160 4325 379 4403; x_wconf 74' lang='lat' dir='ltr'><strong>plbrans</strong></span> <span class='ocrx_word' id='word_1_593' title='bbox 409 4335 540 4385; x_wconf 87' lang='lat' dir='ltr'><strong>enim</strong></span> <span class='ocrx_word' id='word_1_594' title='bbox 570 4332 709 4403; x_wconf 86' lang='lat' dir='ltr'><strong>illius</strong></span> <span class='ocrx_word' id='word_1_595' title='bbox 736 4330 897 4403; x_wconf 69' lang='lat' dir='ltr'><strong>gentis</strong></span> <span class='ocrx_word' id='word_1_596' title='bbox 928 4328 1162 4403; x_wconf 78' lang='lat' dir='ltr'><strong>princeps</strong></span> <span class='ocrx_word' id='word_1_597' title='bbox 1203 4328 1337 4403; x_wconf 75' lang='lat' dir='ltr'><strong>quod</strong></span> <span class='ocrx_word' id='word_1_598' title='bbox 1382 4325 1752 4403; x_wconf 71' lang='lat' dir='ltr'><strong>nihilpro/‘ice-</strong></span> 
     </span>
    </p>
   </div>
   <div class='ocr_carea' id='block_1_86' title="bbox 160 4395 1753 4468">
    <p class='ocr_par' dir='ltr' id='par_1_86' title="bbox 160 4395 1753 4468">
     <span class='ocr_line' id='line_1_86' title="bbox 160 4395 1753 4468; baseline -0.008 -9"><span class='ocrx_word' id='word_1_599' title='bbox 160 4395 270 4467; x_wconf 69' lang='lat' dir='ltr'><strong>ret,</strong></span> <span class='ocrx_word' id='word_1_600' title='bbox 299 4406 567 4468; x_wconf 80' lang='lat' dir='ltr'><strong>postulavit</strong></span> <span class='ocrx_word' id='word_1_601' title='bbox 599 4402 715 4461; x_wconf 72' lang='lat' dir='ltr'><strong>sibi,</strong></span> <span class='ocrx_word' id='word_1_602' title='bbox 736 4395 936 4453; x_wconf 66' lang='lat' dir='ltr'><strong>saltent</strong></span> <span class='ocrx_word' id='word_1_603' title='bbox 966 4400 1114 4450; x_wconf 84' lang='lat' dir='ltr'><strong>licere</strong></span> <span class='ocrx_word' id='word_1_604' title='bbox 1157 4413 1245 4463; x_wconf 89' lang='lat' dir='ltr'><strong>per</strong></span> <span class='ocrx_word' id='word_1_605' title='bbox 1275 4395 1524 4468; x_wconf 81' lang='lat' dir='ltr'><strong>Bosphori</strong></span> <span class='ocrx_word' id='word_1_606' title='bbox 1553 4404 1753 4462; x_wconf 67' lang='lat' dir='ltr'><strong>parum</strong></span> 
     </span>
    </p>
   </div>
   <div class='ocr_carea' id='block_1_87' title="bbox 157 4466 1754 4541">
    <p class='ocr_par' dir='ltr' id='par_1_87' title="bbox 157 4466 1754 4541">
     <span class='ocr_line' id='line_1_87' title="bbox 157 4466 1754 4541; baseline -0.009 -11"><span class='ocrx_word' id='word_1_607' title='bbox 157 4466 305 4540; x_wconf 83' lang='lat' dir='ltr'><strong>equo</strong></span> <span class='ocrx_word' id='word_1_608' title='bbox 331 4475 630 4527; x_wconf 86' lang='lat' dir='ltr'><strong>insidentem</strong></span> <span class='ocrx_word' id='word_1_609' title='bbox 660 4471 879 4541; x_wconf 86' lang='lat' dir='ltr'><strong>ingredi.</strong></span> <span class='ocrx_word' id='word_1_610' title='bbox 906 4469 968 4520; x_wconf 83' lang='lat' dir='ltr'><strong>At</strong></span> <span class='ocrx_word' id='word_1_611' title='bbox 991 4470 1103 4520; x_wconf 89' lang='lat' dir='ltr'><strong>aliis</strong></span> <span class='ocrx_word' id='word_1_612' title='bbox 1131 4468 1257 4541; x_wconf 78' lang='lat' dir='ltr'><strong>citra</strong></span> <span class='ocrx_word' id='word_1_613' title='bbox 1283 4482 1471 4517; x_wconf 75' lang='lat' dir='ltr'><strong>noxam</strong></span> <span class='ocrx_word' id='word_1_614' title='bbox 1494 4466 1754 4541; x_wconf 81' lang='lat' dir='ltr'><strong>introeun-</strong></span> 
     </span>
    </p>
   </div>
   <div class='ocr_carea' id='block_1_88' title="bbox 159 4536 1754 4614">
    <p class='ocr_par' dir='ltr' id='par_1_88' title="bbox 159 4536 1754 4614">
     <span class='ocr_line' id='line_1_88' title="bbox 159 4536 1754 4614; baseline -0.008 -15"><span class='ocrx_word' id='word_1_615' title='bbox 159 4536 326 4606; x_wconf 76' lang='lat' dir='ltr'><strong>tibus,</strong></span> <span class='ocrx_word' id='word_1_616' title='bbox 352 4546 459 4614; x_wconf 76' lang='lat' dir='ltr'><strong>ejus</strong></span> <span class='ocrx_word' id='word_1_617' title='bbox 486 4536 809 4614; x_wconf 71' lang='lat' dir='ltr'><strong>solummodo</strong></span> <span class='ocrx_word' id='word_1_618' title='bbox 832 4555 988 4614; x_wconf 77' lang='lat' dir='ltr'><strong>equus</strong></span> <span class='ocrx_word' id='word_1_619' title='bbox 1011 4555 1117 4592; x_wconf 82' lang='lat' dir='ltr'><strong>sese</strong></span> <span class='ocrx_word' id='word_1_620' title='bbox 1146 4539 1340 4607; x_wconf 83' lang='lat' dir='ltr'><strong>erigens</strong></span> <span class='ocrx_word' id='word_1_621' title='bbox 1379 4546 1510 4587; x_wconf 81' lang='lat' dir='ltr'><strong>intro</strong></span> <span class='ocrx_word' id='word_1_622' title='bbox 1550 4536 1754 4587; x_wconf 87' lang='lat' dir='ltr'><strong>minime</strong></span> 
     </span>
    </p>
   </div>
   <div class='ocr_carea' id='block_1_89' title="bbox 160 4612 1754 4685">
    <p class='ocr_par' dir='ltr' id='par_1_89' title="bbox 160 4612 1754 4685">
     <span class='ocr_line' id='line_1_89' title="bbox 160 4612 1754 4685; baseline -0.008 -17"><span class='ocrx_word' id='word_1_623' title='bbox 160 4612 496 4685; x_wconf 78' lang='lat' dir='ltr'><strong>pervadebat.</strong></span> <span class='ocrx_word' id='word_1_624' title='bbox 543 4613 681 4665; x_wconf 84' lang='lat' dir='ltr'><strong>Tunc</strong></span> <span class='ocrx_word' id='word_1_625' title='bbox 712 4612 1064 4685; x_wconf 23' lang='lat' dir='ltr'><strong>illeAattollens</strong></span> <span class='ocrx_word' id='word_1_626' title='bbox 1092 4613 1275 4685; x_wconf 72' lang='lat' dir='ltr'><strong>oculos</strong></span> <span class='ocrx_word' id='word_1_627' title='bbox 1295 4648 1310 4671; x_wconf 95' lang='lat'><strong>,</strong></span> <span class='ocrx_word' id='word_1_628' title='bbox 1342 4622 1403 4658; x_wconf 90' lang='lat' dir='ltr'><strong>ac</strong></span> <span class='ocrx_word' id='word_1_629' title='bbox 1423 4623 1754 4685; x_wconf 35' lang='lat' dir='ltr'><strong>_s‘npra_por.-</strong></span> 
     </span>
    </p>
   </div>
   <div class='ocr_carea' id='block_1_90' title="bbox 159 4677 1753 4752">
    <p class='ocr_par' dir='ltr' id='par_1_90' title="bbox 159 4677 1753 4752">
     <span class='ocr_line' id='line_1_90' title="bbox 159 4677 1753 4752; baseline -0.006 -14"><span class='ocrx_word' id='word_1_630' title='bbox 159 4677 277 4738; x_wconf 66' lang='lat' dir='ltr'><strong>iam</strong></span> <span class='ocrx_word' id='word_1_631' title='bbox 313 4685 545 4752; x_wconf 78' lang='lat' dir='ltr'><strong>Deiparw</strong></span> <span class='ocrx_word' id='word_1_632' title='bbox 573 4686 780 4735; x_wconf 69' lang='lat' dir='ltr'><strong>intuitus</strong></span> <span class='ocrx_word' id='word_1_633' title='bbox 803 4682 1095 4749; x_wconf 86' lang='lat' dir='ltr'><strong>imaginem,</strong></span> <span class='ocrx_word' id='word_1_634' title='bbox 1124 4680 1178 4731; x_wconf 89' lang='lat' dir='ltr'><strong>id</strong></span> <span class='ocrx_word' id='word_1_635' title='bbox 1204 4750 1210 4752; x_wconf 17' lang='grc' dir='ltr'><strong>Α</strong></span> <span class='ocrx_word' id='word_1_636' title='bbox 1232 4680 1275 4731; x_wconf 82' lang='lat' dir='ltr'><strong>ei</strong></span> <span class='ocrx_word' id='word_1_637' title='bbox 1325 4677 1555 4752; x_wconf 72' lang='lat' dir='ltr'><strong>accidere</strong></span> <span class='ocrx_word' id='word_1_638' title='bbox 1605 4677 1753 4752; x_wconf 76' lang='lat' dir='ltr'><strong>intel-</strong></span> 
     </span>
    </p>
   </div>
   <div class='ocr_carea' id='block_1_91' title="bbox 160 4744 1753 4823">
    <p class='ocr_par' dir='ltr' id='par_1_91' title="bbox 160 4744 1753 4823">
     <span class='ocr_line' id='line_1_91' title="bbox 160 4744 1753 4823; baseline -0.008 -14"><span class='ocrx_word' id='word_1_639' title='bbox 160 4759 321 4815; x_wconf 66' lang='lat' dir='ltr'><strong>lexit.</strong></span> <span class='ocrx_word' id='word_1_640' title='bbox 346 4744 464 4823; x_wconf 70' lang='lat' dir='ltr'><strong>quia</strong></span> <span class='ocrx_word' id='word_1_641' title='bbox 487 4757 537 4806; x_wconf 87' lang='lat' dir='ltr'><strong>in</strong></span> <span class='ocrx_word' id='word_1_642' title='bbox 566 4756 728 4820; x_wconf 86' lang='lat' dir='ltr'><strong>ipsam</strong></span> <span class='ocrx_word' id='word_1_643' title='bbox 758 4744 1094 4820; x_wconf 81' lang='lat' dir='ltr'><strong>blasphemias</strong></span> <span class='ocrx_word' id='word_1_644' title='bbox 1117 4750 1367 4823; x_wconf 73' lang='lat' dir='ltr'><strong>emiserat.</strong></span> <span class='ocrx_word' id='word_1_645' title='bbox 1399 4744 1579 4811; x_wconf 85' lang='lat' dir='ltr'><strong>Itaque</strong></span> <span class='ocrx_word' id='word_1_646' title='bbox 1600 4764 1652 4798; x_wconf 88' lang='lat' dir='ltr'><strong>re</strong></span> <span class='ocrx_word' id='word_1_647' title='bbox 1675 4748 1753 4823; x_wconf 81' lang='lat' dir='ltr'><strong>in-</strong></span> 
     </span>
    </p>
   </div>
   <div class='ocr_carea' id='block_1_92' title="bbox 160 4819 1834 4899">
    <p class='ocr_par' dir='ltr' id='par_1_92' title="bbox 160 4819 1834 4899">
     <span class='ocr_line' id='line_1_92' title="bbox 160 4819 1834 4899; baseline -0.007 -20"><span class='ocrx_word' id='word_1_648' title='bbox 160 4835 309 4899; x_wconf 73' lang='lat' dir='ltr'><strong>{ecta</strong></span> <span class='ocrx_word' id='word_1_649' title='bbox 329 4819 445 4879; x_wconf 83' lang='lat' dir='ltr'><strong>sunt</strong></span> <span class='ocrx_word' id='word_1_650' title='bbox 472 4819 671 4887; x_wconf 83' lang='lat' dir='ltr'><strong>reversi,</strong></span> <span class='ocrx_word' id='word_1_651' title='bbox 696 4834 741 4875; x_wconf 89' lang='lat' dir='ltr'><strong>et</strong></span> <span class='ocrx_word' id='word_1_652' title='bbox 768 4819 883 4899; x_wconf 79' lang='lat' dir='ltr'><strong>eum</strong></span> <span class='ocrx_word' id='word_1_653' title='bbox 905 4825 971 4873; x_wconf 87' lang='lat' dir='ltr'><strong>ad</strong></span> <span class='ocrx_word' id='word_1_654' title='bbox 994 4836 1133 4899; x_wconf 79' lang='lat' dir='ltr'><strong>mare</strong></span> <span class='ocrx_word' id='word_1_655' title='bbox 1162 4819 1529 4898; x_wconf 55' lang='lat' dir='ltr'><strong>Aigeunrcum</strong></span> <span class='ocrx_word' id='word_1_656' title='bbox 1550 4820 1755 4870; x_wconf 75' lang='lat' dir='ltr'><strong>nauibus</strong></span> <span class='ocrx_word' id='word_1_657' title='bbox 1789 4821 1834 4878; x_wconf 84' lang='grc' dir='ltr'><strong>ι)</strong></span> 
     </span>
    </p>
   </div>
   <div class='ocr_carea' id='block_1_93' title="bbox 163 4890 1753 4967">
    <p class='ocr_par' dir='ltr' id='par_1_93' title="bbox 163 4890 1753 4967">
     <span class='ocr_line' id='line_1_93' title="bbox 163 4890 1753 4967; baseline -0.008 -16"><span class='ocrx_word' id='word_1_658' title='bbox 163 4890 553 4967; x_wconf 65' lang='lat' dir='ltr'><strong>pert-enissent,</strong></span> <span class='ocrx_word' id='word_1_659' title='bbox 612 4894 825 4967; x_wconf 75' lang='lat' dir='ltr'><strong>{crrenti</strong></span> <span class='ocrx_word' id='word_1_660' title='bbox 880 4891 1126 4967; x_wconf 71' lang='lat' dir='ltr'><strong>grandine</strong></span> <span class='ocrx_word' id='word_1_661' title='bbox 1182 4890 1409 4967; x_wconf 64' lang='lat' dir='ltr'><strong>percussi</strong></span> <span class='ocrx_word' id='word_1_662' title='bbox 1455 4898 1753 4967; x_wconf 62' lang='lat' dir='ltr'><strong>perurunt.</strong></span> 
     </span>
    </p>
   </div>
   <div class='ocr_carea' id='block_1_94' title="bbox 161 4959 1756 5023">
    <p class='ocr_par' dir='ltr' id='par_1_94' title="bbox 161 4959 1756 5023">
     <span class='ocr_line' id='line_1_94' title="bbox 161 4959 1756 5023; baseline -0.008 0"><span class='ocrx_word' id='word_1_663' title='bbox 161 4959 348 5023; x_wconf 69' lang='lat' dir='ltr'><strong>Cra-ei</strong></span> <span class='ocrx_word' id='word_1_664' title='bbox 382 4959 626 5021; x_wconf 82' lang='lat' dir='ltr'><strong>recolunt</strong></span> <span class='ocrx_word' id='word_1_665' title='bbox 658 4967 756 5017; x_wconf 85' lang='lat' dir='ltr'><strong>hoc</strong></span> <span class='ocrx_word' id='word_1_666' title='bbox 785 4959 1099 5017; x_wconf 74' lang='lat' dir='ltr'><strong>hetielietum</strong></span> <span class='ocrx_word' id='word_1_667' title='bbox 1131 4976 1306 5013; x_wconf 91' lang='lat' dir='ltr'><strong>annua</strong></span> <span class='ocrx_word' id='word_1_668' title='bbox 1332 4959 1644 5013; x_wconf 81' lang='lat' dir='ltr'><strong>Celebritate</strong></span> <span class='ocrx_word' id='word_1_669' title='bbox 1666 4967 1756 5018; x_wconf 78' lang='grc' dir='ltr'><strong>τῆς</strong></span> 
     </span>
    </p>
   </div>
   <div class='ocr_carea' id='block_1_95' title="bbox 161 5033 1759 5100">
    <p class='ocr_par' dir='ltr' id='par_1_95' title="bbox 161 5033 1759 5100">
     <span class='ocr_line' id='line_1_95' title="bbox 161 5033 1759 5100; baseline -0.009 -5"><span class='ocrx_word' id='word_1_670' title='bbox 161 5040 474 5099; x_wconf 73' lang='grc' dir='ltr'><strong>ἀκαθίστου,</strong></span> <span class='ocrx_word' id='word_1_671' title='bbox 507 5049 699 5100; x_wconf 88' lang='lat' dir='ltr'><strong>nempe</strong></span> <span class='ocrx_word' id='word_1_672' title='bbox 726 5044 928 5087; x_wconf 84' lang='lat' dir='ltr'><strong>stantes</strong></span> <span class='ocrx_word' id='word_1_673' title='bbox 957 5048 1048 5100; x_wconf 87' lang='lat' dir='ltr'><strong>per</strong></span> <span class='ocrx_word' id='word_1_674' title='bbox 1081 5042 1241 5084; x_wconf 74' lang='lat' dir='ltr'><strong>totum</strong></span> <span class='ocrx_word' id='word_1_675' title='bbox 1284 5040 1491 5100; x_wconf 66' lang='lat' dir='ltr'><strong>ttOtftelll</strong></span> <span class='ocrx_word' id='word_1_676' title='bbox 1530 5033 1759 5096; x_wconf 82' lang='lat' dir='ltr'><strong>psallunt</strong></span> 
     </span>
    </p>
   </div>
   <div class='ocr_carea' id='block_1_96' title="bbox 163 5099 1759 5177">
    <p class='ocr_par' dir='ltr' id='par_1_96' title="bbox 163 5099 1759 5177">
     <span class='ocr_line' id='line_1_96' title="bbox 163 5099 1759 5177; baseline -0.006 -13"><span class='ocrx_word' id='word_1_677' title='bbox 163 5108 393 5177; x_wconf 76' lang='lat' dir='ltr'><strong>hymnis</strong></span> <span class='ocrx_word' id='word_1_678' title='bbox 436 5118 489 5161; x_wconf 80' lang='lat' dir='ltr'><strong>et</strong></span> <span class='ocrx_word' id='word_1_679' title='bbox 516 5099 735 5159; x_wconf 80' lang='lat' dir='ltr'><strong>Cantieis</strong></span> <span class='ocrx_word' id='word_1_680' title='bbox 762 5107 876 5177; x_wconf 75' lang='lat' dir='ltr'><strong>sine</strong></span> <span class='ocrx_word' id='word_1_681' title='bbox 926 5099 1198 5177; x_wconf 64' lang='lat' dir='ltr'><strong>sessione.</strong></span> <span class='ocrx_word' id='word_1_682' title='bbox 1217 5101 1377 5177; x_wconf 78' lang='lat' dir='ltr'><strong>_Vide</strong></span> <span class='ocrx_word' id='word_1_683' title='bbox 1406 5099 1663 5177; x_wconf 65' lang='lat' dir='ltr'><strong>Codinuui</strong></span> <span class='ocrx_word' id='word_1_684' title='bbox 1684 5101 1759 5177; x_wconf 72' lang='lat' dir='ltr'><strong>de</strong></span> 
     </span>
    </p>
   </div>
   <div class='ocr_carea' id='block_1_97' title="bbox 161 5170 1755 5240">
    <p class='ocr_par' dir='ltr' id='par_1_97' title="bbox 161 5170 1755 5240">
     <span class='ocr_line' id='line_1_97' title="bbox 161 5170 1755 5240; baseline -0.005 -11"><span class='ocrx_word' id='word_1_685' title='bbox 161 5170 382 5235; x_wconf 69' lang='grc' dir='ltr'><strong>υἶιὶίείἱε</strong></span> <span class='ocrx_word' id='word_1_686' title='bbox 403 5178 536 5230; x_wconf 67' lang='lat' dir='ltr'><strong>aulae</strong></span> <span class='ocrx_word' id='word_1_687' title='bbox 559 5174 1156 5240; x_wconf 59' lang='lat' dir='ltr'><strong>Constantinopolitano</strong></span> <span class='ocrx_word' id='word_1_688' title='bbox 1185 5170 1335 5240; x_wconf 88' lang='lat' dir='ltr'><strong>(Cap.</strong></span> <span class='ocrx_word' id='word_1_689' title='bbox 1357 5186 1449 5226; x_wconf 77' lang='lat' dir='ltr'><strong>sit.</strong></span> <span class='ocrx_word' id='word_1_690' title='bbox 1475 5186 1621 5224; x_wconf 86' lang='lat' dir='ltr'><strong>nunt.</strong></span> <span class='ocrx_word' id='word_1_691' title='bbox 1646 5171 1755 5237; x_wconf 83' lang='grc'><strong>10),</strong></span> 
     </span>
    </p>
   </div>
   <div class='ocr_carea' id='block_1_98' title="bbox 161 5242 1758 5307">
    <p class='ocr_par' dir='ltr' id='par_1_98' title="bbox 161 5242 1758 5307">
     <span class='ocr_line' id='line_1_98' title="bbox 161 5242 1758 5307; baseline -0.009 0"><span class='ocrx_word' id='word_1_692' title='bbox 161 5261 227 5307; x_wconf 85' lang='lat' dir='ltr'><strong>ct.</strong></span> <span class='ocrx_word' id='word_1_693' title='bbox 256 5256 320 5303; x_wconf 87' lang='lat' dir='ltr'><strong>ad</strong></span> <span class='ocrx_word' id='word_1_694' title='bbox 354 5264 477 5303; x_wconf 79' lang='lat' dir='ltr'><strong>eum</strong></span> <span class='ocrx_word' id='word_1_695' title='bbox 505 5258 686 5299; x_wconf 87' lang='lat' dir='ltr'><strong>annot.</strong></span> <span class='ocrx_word' id='word_1_696' title='bbox 725 5245 787 5296; x_wconf 78' lang='grc'>15</span> <span class='ocrx_word' id='word_1_697' title='bbox 819 5247 869 5297; x_wconf 93' lang='lat' dir='ltr'><strong>in</strong></span> <span class='ocrx_word' id='word_1_698' title='bbox 904 5258 1046 5307; x_wconf 71' lang='lat' dir='ltr'><strong>regia</strong></span> <span class='ocrx_word' id='word_1_699' title='bbox 1076 5246 1205 5296; x_wconf 85' lang='lat' dir='ltr'><strong>edit.</strong></span> <span class='ocrx_word' id='word_1_700' title='bbox 1241 5243 1366 5294; x_wconf 76' lang='lat' dir='ltr'><strong>Vide</strong></span> <span class='ocrx_word' id='word_1_701' title='bbox 1396 5242 1551 5293; x_wconf 80' lang='lat' dir='ltr'><strong>etiam</strong></span> <span class='ocrx_word' id='word_1_702' title='bbox 1580 5243 1758 5293; x_wconf 80' lang='lat' dir='ltr'><strong>erudi-</strong></span> 
     </span>
    </p>
   </div>
   <div class='ocr_carea' id='block_1_99' title="bbox 163 5310 1757 5377">
    <p class='ocr_par' dir='ltr' id='par_1_99' title="bbox 163 5310 1757 5377">
     <span class='ocr_line' id='line_1_99' title="bbox 163 5310 1757 5377; baseline -0.009 0"><span class='ocrx_word' id='word_1_703' title='bbox 163 5323 442 5377; x_wconf 80' lang='lat' dir='ltr'><strong>tissimum</strong></span> <span class='ocrx_word' id='word_1_704' title='bbox 487 5320 695 5370; x_wconf 86' lang='lat' dir='ltr'><strong>l’atretn</strong></span> <span class='ocrx_word' id='word_1_705' title='bbox 737 5316 1135 5374; x_wconf 76' lang='lat' dir='ltr'><strong>Comhelismm,</strong></span> <span class='ocrx_word' id='word_1_706' title='bbox 1166 5314 1215 5365; x_wconf 91' lang='lat' dir='ltr'><strong>in</strong></span> <span class='ocrx_word' id='word_1_707' title='bbox 1265 5314 1517 5365; x_wconf 82' lang='lat' dir='ltr'><strong>Auctariu</strong></span> <span class='ocrx_word' id='word_1_708' title='bbox 1560 5310 1757 5363; x_wconf 79' lang='lat' dir='ltr'><strong>Biblio-</strong></span> 
     </span>
    </p>
   </div>
   <div class='ocr_carea' id='block_1_100' title="bbox 163 5381 1759 5453">
    <p class='ocr_par' dir='ltr' id='par_1_100' title="bbox 163 5381 1759 5453">
     <span class='ocr_line' id='line_1_100' title="bbox 163 5381 1759 5453; baseline -0.008 -8"><span class='ocrx_word' id='word_1_709' title='bbox 163 5396 346 5446; x_wconf 69' lang='lat' dir='ltr'><strong>theca:</strong></span> <span class='ocrx_word' id='word_1_710' title='bbox 372 5400 677 5444; x_wconf 72' lang='lat' dir='ltr'><strong>Sanctorum</strong></span> <span class='ocrx_word' id='word_1_711' title='bbox 705 5387 917 5440; x_wconf 77' lang='lat' dir='ltr'><strong>Patrum</strong></span> <span class='ocrx_word' id='word_1_712' title='bbox 950 5383 1133 5453; x_wconf 83' lang='lat' dir='ltr'><strong>(Tanto</strong></span> <span class='ocrx_word' id='word_1_713' title='bbox 1152 5384 1414 5449; x_wconf 86' lang='lat' dir='ltr'><strong>secundo),</strong></span> <span class='ocrx_word' id='word_1_714' title='bbox 1446 5381 1535 5433; x_wconf 85' lang='lat' dir='ltr'><strong>ubi</strong></span> <span class='ocrx_word' id='word_1_715' title='bbox 1568 5383 1759 5434; x_wconf 85' lang='lat' dir='ltr'><strong>oratio-</strong></span> 
     </span>
    </p>
   </div>
   <div class='ocr_carea' id='block_1_101' title="bbox 163 5452 1759 5521">
    <p class='ocr_par' dir='ltr' id='par_1_101' title="bbox 163 5452 1759 5521">
     <span class='ocr_line' id='line_1_101' title="bbox 163 5452 1759 5521; baseline -0.009 -2"><span class='ocrx_word' id='word_1_716' title='bbox 163 5478 296 5519; x_wconf 86' lang='lat' dir='ltr'><strong>nem</strong></span> <span class='ocrx_word' id='word_1_717' title='bbox 332 5460 640 5514; x_wconf 80' lang='lat' dir='ltr'><strong>historicam</strong></span> <span class='ocrx_word' id='word_1_718' title='bbox 671 5457 738 5511; x_wconf 79' lang='lat' dir='ltr'><strong>de</strong></span> <span class='ocrx_word' id='word_1_719' title='bbox 768 5452 1257 5521; x_wconf 78' lang='lat' dir='ltr'><strong>ConstantinOpolis</strong></span> <span class='ocrx_word' id='word_1_720' title='bbox 1290 5452 1604 5505; x_wconf 77' lang='lat' dir='ltr'><strong>liberatione</strong></span> <span class='ocrx_word' id='word_1_721' title='bbox 1636 5452 1759 5504; x_wconf 81' lang='lat' dir='ltr'><strong>iecit</strong></span> 
     </span>
    </p>
   </div>
   <div class='ocr_carea' id='block_1_102' title="bbox 166 5524 1758 5602">
    <p class='ocr_par' dir='ltr' id='par_1_102' title="bbox 166 5524 1758 5602">
     <span class='ocr_line' id='line_1_102' title="bbox 166 5524 1758 5602; baseline -0.006 -17"><span class='ocrx_word' id='word_1_722' title='bbox 166 5533 375 5602; x_wconf 78' lang='lat' dir='ltr'><strong>publici</strong></span> <span class='ocrx_word' id='word_1_723' title='bbox 398 5530 556 5600; x_wconf 56' lang='lat' dir='ltr'><strong>juris,</strong></span> <span class='ocrx_word' id='word_1_724' title='bbox 584 5530 721 5582; x_wconf 89' lang='lat' dir='ltr'><strong>unde</strong></span> <span class='ocrx_word' id='word_1_725' title='bbox 756 5531 899 5596; x_wconf 89' lang='lat' dir='ltr'><strong>plura</strong></span> <span class='ocrx_word' id='word_1_726' title='bbox 924 5528 988 5579; x_wconf 90' lang='lat' dir='ltr'><strong>ad</strong></span> <span class='ocrx_word' id='word_1_727' title='bbox 1023 5524 1157 5578; x_wconf 88' lang='lat' dir='ltr'><strong>hanc</strong></span> <span class='ocrx_word' id='word_1_728' title='bbox 1189 5540 1299 5579; x_wconf 89' lang='lat' dir='ltr'><strong>rem</strong></span> <span class='ocrx_word' id='word_1_729' title='bbox 1327 5525 1619 5591; x_wconf 75' lang='lat' dir='ltr'><strong>Speuantia</strong></span> <span class='ocrx_word' id='word_1_730' title='bbox 1653 5525 1758 5591; x_wconf 87' lang='lat' dir='ltr'><strong>peti</strong></span> 
     </span>
    </p>
   </div>
   <div class='ocr_carea' id='block_1_103' title="bbox 163 5602 683 5674">
    <p class='ocr_par' dir='ltr' id='par_1_103' title="bbox 163 5602 683 5674">
     <span class='ocr_line' id='line_1_103' title="bbox 163 5602 683 5674; baseline -0.019 -14"><span class='ocrx_word' id='word_1_731' title='bbox 163 5614 418 5674; x_wconf 74' lang='lat' dir='ltr'><strong>possunt.</strong></span> <span class='ocrx_word' id='word_1_732' title='bbox 450 5602 683 5674; x_wconf 64' lang='lat' dir='ltr'><strong>Marsus.</strong></span> 
     </span>
    </p>
   </div>
   <div class='ocr_carea' id='block_1_104' title="bbox 244 5663 1757 5742">
    <p class='ocr_par' dir='ltr' id='par_1_104' title="bbox 244 5663 1757 5742">
     <span class='ocr_line' id='line_1_104' title="bbox 244 5663 1757 5742; baseline -0.008 -14"><span class='ocrx_word' id='word_1_733' title='bbox 244 5678 268 5711; x_wconf 73' lang='grc' dir='ltr'><strong>ιο</strong></span> <span class='ocrx_word' id='word_1_734' title='bbox 298 5673 467 5727; x_wconf 84' lang='lat' dir='ltr'><strong>Leone</strong></span> <span class='ocrx_word' id='word_1_735' title='bbox 488 5672 736 5742; x_wconf 87' lang='lat' dir='ltr'><strong>principe.</strong></span> <span class='ocrx_word' id='word_1_736' title='bbox 758 5668 864 5722; x_wconf 86' lang='lat' dir='ltr'><strong>Leo</strong></span> <span class='ocrx_word' id='word_1_737' title='bbox 885 5666 1183 5742; x_wconf 79' lang='lat' dir='ltr'><strong>imperium,</strong></span> <span class='ocrx_word' id='word_1_738' title='bbox 1208 5663 1411 5742; x_wconf 73' lang='lat' dir='ltr'><strong>deiecto</strong></span> <span class='ocrx_word' id='word_1_739' title='bbox 1436 5664 1757 5742; x_wconf 76' lang='lat' dir='ltr'><strong>Theodosio,</strong></span> 
     </span>
    </p>
   </div>
   <div class='ocr_carea' id='block_1_105' title="bbox 160 5736 1755 5813">
    <p class='ocr_par' dir='ltr' id='par_1_105' title="bbox 160 5736 1755 5813">
     <span class='ocr_line' id='line_1_105' title="bbox 160 5736 1755 5813; baseline -0.009 -10"><span class='ocrx_word' id='word_1_740' title='bbox 160 5736 894 5813; x_wconf 53' lang='grc' dir='ltr'><strong>οεευι)ανίι,’ἱρεε‹ιίιυ,ρυιιι</strong></span> <span class='ocrx_word' id='word_1_741' title='bbox 921 5737 1135 5813; x_wconf 80' lang='lat' dir='ltr'><strong>milites,</strong></span> <span class='ocrx_word' id='word_1_742' title='bbox 1165 5738 1503 5813; x_wconf 52' lang='lat' dir='ltr'><strong>{sinis-tasium</strong></span> <span class='ocrx_word' id='word_1_743' title='bbox 1538 5736 1755 5813; x_wconf 78' lang='lat' dir='ltr'><strong>ejicien-</strong></span> 
     </span>
    </p>
   </div>
   <div class='ocr_carea' id='block_1_106' title="bbox 166 5807 1758 5879">
    <p class='ocr_par' dir='ltr' id='par_1_106' title="bbox 166 5807 1758 5879">
     <span class='ocr_line' id='line_1_106' title="bbox 166 5807 1758 5879; baseline -0.009 -6"><span class='ocrx_word' id='word_1_744' title='bbox 166 5831 251 5873; x_wconf 85' lang='lat' dir='ltr'><strong>tes</strong></span> <span class='ocrx_word' id='word_1_745' title='bbox 278 5807 327 5879; x_wconf 73' lang='grc'><strong>.’</strong></span> <span class='ocrx_word' id='word_1_746' title='bbox 356 5807 715 5869; x_wconf 72' lang='lat' dir='ltr'><strong>acciatitarettt</strong></span> <span class='ocrx_word' id='word_1_747' title='bbox 757 5810 938 5879; x_wconf 78' lang='lat' dir='ltr'><strong>Theod</strong></span> <span class='ocrx_word' id='word_1_748' title='bbox 981 5808 1117 5861; x_wconf 85' lang='lat' dir='ltr'><strong>siuni</strong></span> <span class='ocrx_word' id='word_1_749' title='bbox 1170 5807 1568 5879; x_wconf 85' lang='lat' dir='ltr'><strong>imperatorem,</strong></span> <span class='ocrx_word' id='word_1_750' title='bbox 1611 5808 1758 5879; x_wconf 85' lang='lat' dir='ltr'><strong>solus</strong></span> 
     </span>
    </p>
   </div>
   <div class='ocr_carea' id='block_1_107' title="bbox 167 5877 1753 5952">
    <p class='ocr_par' dir='ltr' id='par_1_107' title="bbox 167 5877 1753 5952">
     <span class='ocr_line' id='line_1_107' title="bbox 167 5877 1753 5952; baseline -0.015 -5"><span class='ocrx_word' id='word_1_751' title='bbox 167 5877 399 5952; x_wconf 79' lang='lat' dir='ltr'><strong>testnit,</strong></span> <span class='ocrx_word' id='word_1_752' title='bbox 434 5900 499 5940; x_wconf 80' lang='lat' dir='ltr'><strong>ex</strong></span> <span class='ocrx_word' id='word_1_753' title='bbox 548 5892 763 5938; x_wconf 72' lang='lat' dir='ltr'><strong>auctore</strong></span> <span class='ocrx_word' id='word_1_754' title='bbox 810 5878 1091 5944; x_wconf 69' lang='lat' dir='ltr'><strong>Miseellm,</strong></span> <span class='ocrx_word' id='word_1_755' title='bbox 1148 5877 1265 5932; x_wconf 88' lang='lat' dir='ltr'><strong>lihr.</strong></span> <span class='ocrx_word' id='word_1_756' title='bbox 1300 5892 1401 5945; x_wconf 81' lang='lat' dir='ltr'><strong>xx,</strong></span> <span class='ocrx_word' id='word_1_757' title='bbox 1453 5892 1566 5948; x_wconf 75' lang='lat' dir='ltr'><strong>pag.</strong></span> <span class='ocrx_word' id='word_1_758' title='bbox 1616 5878 1753 5933; x_wconf 71' lang='lat' dir='ltr'><strong>HG;</strong></span> 
     </span>
    </p>
   </div>
   <div class='ocr_carea' id='block_1_108' title="bbox 1854 3487 3447 3552">
    <p class='ocr_par' dir='ltr' id='par_1_108' title="bbox 1854 3487 3447 3552">
     <span class='ocr_line' id='line_1_108' title="bbox 1854 3487 3447 3552; baseline 0.001 -17"><span class='ocrx_word' id='word_1_759' title='bbox 1854 3487 2159 3551; x_wconf 87' lang='lat' dir='ltr'><strong>imperitiam</strong></span> <span class='ocrx_word' id='word_1_760' title='bbox 2189 3487 2664 3543; x_wconf 85' lang='lat' dir='ltr'><strong>animadverterent.</strong></span> <span class='ocrx_word' id='word_1_761' title='bbox 2709 3502 2865 3552; x_wconf 84' lang='lat' dir='ltr'><strong>neque</strong></span> <span class='ocrx_word' id='word_1_762' title='bbox 2890 3488 3045 3538; x_wconf 89' lang='lat' dir='ltr'><strong>tantis</strong></span> <span class='ocrx_word' id='word_1_763' title='bbox 3075 3488 3287 3537; x_wconf 87' lang='lat' dir='ltr'><strong>hostium</strong></span> <span class='ocrx_word' id='word_1_764' title='bbox 3326 3488 3447 3537; x_wconf 82' lang='lat' dir='ltr'><strong>viri-</strong></span> 
     </span>
    </p>
   </div>
   <div class='ocr_carea' id='block_1_109' title="bbox 1858 3556 3445 3623">
    <p class='ocr_par' dir='ltr' id='par_1_109' title="bbox 1858 3556 3445 3623">
     <span class='ocr_line' id='line_1_109' title="bbox 1858 3556 3445 3623; baseline -0.001 -17"><span class='ocrx_word' id='word_1_765' title='bbox 1858 3556 1947 3607; x_wconf 87' lang='lat' dir='ltr'><strong>bus</strong></span> <span class='ocrx_word' id='word_1_766' title='bbox 1980 3557 2287 3608; x_wconf 52' lang='lat' dir='ltr'><strong>sustinendis</strong></span> <span class='ocrx_word' id='word_1_767' title='bbox 2327 3573 2496 3621; x_wconf 87' lang='lat' dir='ltr'><strong>parem</strong></span> <span class='ocrx_word' id='word_1_768' title='bbox 2529 3574 2634 3609; x_wconf 86' lang='lat' dir='ltr'><strong>esse</strong></span> <span class='ocrx_word' id='word_1_769' title='bbox 2677 3559 2861 3609; x_wconf 58' lang='lat' dir='ltr'><strong>scirent</strong></span> <span class='ocrx_word' id='word_1_770' title='bbox 2882 3599 2892 3611; x_wconf 94' lang='lat'><strong>.</strong></span> <span class='ocrx_word' id='word_1_771' title='bbox 2923 3562 3110 3609; x_wconf 80' lang='lat' dir='ltr'><strong>instare</strong></span> <span class='ocrx_word' id='word_1_772' title='bbox 3149 3569 3298 3623; x_wconf 81' lang='lat' dir='ltr'><strong>atque</strong></span> <span class='ocrx_word' id='word_1_773' title='bbox 3327 3557 3445 3607; x_wconf 88' lang='lat' dir='ltr'><strong>hor-</strong></span> 
     </span>
    </p>
   </div>
   <div class='ocr_carea' id='block_1_110' title="bbox 1854 3627 3443 3693">
    <p class='ocr_par' dir='ltr' id='par_1_110' title="bbox 1854 3627 3443 3693">
     <span class='ocr_line' id='line_1_110' title="bbox 1854 3627 3443 3693; baseline 0.003 -17"><span class='ocrx_word' id='word_1_774' title='bbox 1854 3627 1954 3677; x_wconf 89' lang='lat' dir='ltr'><strong>tari</strong></span> <span class='ocrx_word' id='word_1_775' title='bbox 1985 3635 2259 3693; x_wconf 67' lang='lat' dir='ltr'><strong>coeperunt,</strong></span> <span class='ocrx_word' id='word_1_776' title='bbox 2296 3637 2346 3677; x_wconf 85' lang='lat' dir='ltr'><strong>ut</strong></span> <span class='ocrx_word' id='word_1_777' title='bbox 2373 3629 2583 3690; x_wconf 85' lang='lat' dir='ltr'><strong>imperio</strong></span> <span class='ocrx_word' id='word_1_778' title='bbox 2628 3644 2735 3679; x_wconf 86' lang='lat' dir='ltr'><strong>sese</strong></span> <span class='ocrx_word' id='word_1_779' title='bbox 2780 3627 3057 3691; x_wconf 82' lang='lat' dir='ltr'><strong>abdicaret,</strong></span> <span class='ocrx_word' id='word_1_780' title='bbox 3090 3644 3148 3679; x_wconf 85' lang='lat' dir='ltr'><strong>ac</strong></span> <span class='ocrx_word' id='word_1_781' title='bbox 3175 3638 3281 3679; x_wconf 86' lang='lat' dir='ltr'><strong>tuto</strong></span> <span class='ocrx_word' id='word_1_782' title='bbox 3311 3642 3362 3678; x_wconf 87' lang='lat' dir='ltr'><strong>se</strong></span> <span class='ocrx_word' id='word_1_783' title='bbox 3392 3628 3443 3680; x_wconf 86' lang='lat' dir='ltr'><strong>in</strong></span> 
     </span>
    </p>
   </div>
   <div class='ocr_carea' id='block_1_111' title="bbox 1854 3696 3443 3764">
    <p class='ocr_par' dir='ltr' id='par_1_111' title="bbox 1854 3696 3443 3764">
     <span class='ocr_line' id='line_1_111' title="bbox 1854 3696 3443 3764; baseline 0.001 -17"><span class='ocrx_word' id='word_1_784' title='bbox 1854 3698 2083 3748; x_wconf 81' lang='lat' dir='ltr'><strong>ordinent</strong></span> <span class='ocrx_word' id='word_1_785' title='bbox 2114 3697 2225 3763; x_wconf 83' lang='lat' dir='ltr'><strong>cogi</strong></span> <span class='ocrx_word' id='word_1_786' title='bbox 2256 3708 2529 3764; x_wconf 68' lang='lat' dir='ltr'><strong>pateretur.</strong></span> <span class='ocrx_word' id='word_1_787' title='bbox 2584 3696 2692 3747; x_wconf 74' lang='lat' dir='ltr'><strong>Nec</strong></span> <span class='ocrx_word' id='word_1_788' title='bbox 2723 3699 3059 3749; x_wconf 74' lang='lat' dir='ltr'><strong>conditionem</strong></span> <span class='ocrx_word' id='word_1_789' title='bbox 3107 3698 3281 3749; x_wconf 85' lang='lat' dir='ltr'><strong>abnuit</strong></span> <span class='ocrx_word' id='word_1_790' title='bbox 3333 3698 3443 3761; x_wconf 79' lang='lat' dir='ltr'><strong>ille,</strong></span> 
     </span>
    </p>
   </div>
   <div class='ocr_carea' id='block_1_112' title="bbox 1854 3768 3439 3834">
    <p class='ocr_par' dir='ltr' id='par_1_112' title="bbox 1854 3768 3439 3834">
     <span class='ocr_line' id='line_1_112' title="bbox 1854 3768 3439 3834; baseline -0.001 -18"><span class='ocrx_word' id='word_1_791' title='bbox 1854 3768 1962 3828; x_wconf 86' lang='lat' dir='ltr'><strong>sed,</strong></span> <span class='ocrx_word' id='word_1_792' title='bbox 1996 3783 2128 3817; x_wconf 90' lang='lat' dir='ltr'><strong>anno</strong></span> <span class='ocrx_word' id='word_1_793' title='bbox 2177 3768 2372 3831; x_wconf 79' lang='lat' dir='ltr'><strong>imperii</strong></span> <span class='ocrx_word' id='word_1_794' title='bbox 2408 3778 2638 3819; x_wconf 82' lang='lat' dir='ltr'><strong>currente</strong></span> <span class='ocrx_word' id='word_1_795' title='bbox 2670 3769 2839 3834; x_wconf 71' lang='lat' dir='ltr'><strong>(ili).</strong></span> <span class='ocrx_word' id='word_1_796' title='bbox 2884 3779 3061 3832; x_wconf 83' lang='lat' dir='ltr'><strong>sponte</strong></span> <span class='ocrx_word' id='word_1_797' title='bbox 3089 3784 3140 3819; x_wconf 91' lang='lat' dir='ltr'><strong>se</strong></span> <span class='ocrx_word' id='word_1_798' title='bbox 3169 3768 3439 3822; x_wconf 79' lang='lat' dir='ltr'><strong>abdicavi&#39;.</strong></span> 
     </span>
    </p>
   </div>
   <div class='ocr_carea' id='block_1_113' title="bbox 1855 3834 3442 3901">
    <p class='ocr_par' dir='ltr' id='par_1_113' title="bbox 1855 3834 3442 3901">
     <span class='ocr_line' id='line_1_113' title="bbox 1855 3834 3442 3901; baseline -0.001 -14"><span class='ocrx_word' id='word_1_799' title='bbox 1855 3834 1987 3888; x_wconf 86' lang='lat' dir='ltr'><strong>Inde</strong></span> <span class='ocrx_word' id='word_1_800' title='bbox 2028 3839 2091 3888; x_wconf 90' lang='lat' dir='ltr'><strong>de</strong></span> <span class='ocrx_word' id='word_1_801' title='bbox 2119 3853 2402 3889; x_wconf 80' lang='lat' dir='ltr'><strong>successore</strong></span> <span class='ocrx_word' id='word_1_802' title='bbox 2428 3838 2693 3901; x_wconf 67' lang='lat' dir='ltr'><strong>deligendo</strong></span> <span class='ocrx_word' id='word_1_803' title='bbox 2720 3838 2985 3889; x_wconf 84' lang='lat' dir='ltr'><strong>consilium</strong></span> <span class='ocrx_word' id='word_1_804' title='bbox 3028 3840 3221 3901; x_wconf 89' lang='lat' dir='ltr'><strong>ineunt,</strong></span> <span class='ocrx_word' id='word_1_805' title='bbox 3250 3853 3309 3888; x_wconf 89' lang='lat' dir='ltr'><strong>ac</strong></span> <span class='ocrx_word' id='word_1_806' title='bbox 3336 3848 3442 3889; x_wconf 89' lang='lat' dir='ltr'><strong>tum</strong></span> 
     </span>
    </p>
   </div>
   <div class='ocr_carea' id='block_1_114' title="bbox 1853 3905 3443 3975">
    <p class='ocr_par' dir='ltr' id='par_1_114' title="bbox 1853 3905 3443 3975">
     <span class='ocr_line' id='line_1_114' title="bbox 1853 3905 3443 3975; baseline 0.001 -18"><span class='ocrx_word' id='word_1_807' title='bbox 1853 3906 1985 3974; x_wconf 79' lang='lat' dir='ltr'><strong>forte</strong></span> <span class='ocrx_word' id='word_1_808' title='bbox 2006 3905 2106 3958; x_wconf 54' lang='lat' dir='ltr'><strong>Leo</strong></span> <span class='ocrx_word' id='word_1_809' title='bbox 2134 3910 2379 3968; x_wconf 73' lang='lat' dir='ltr'><strong>puricius</strong></span> <span class='ocrx_word' id='word_1_810' title='bbox 2417 3911 2614 3959; x_wconf 82' lang='lat' dir='ltr'><strong>oblatus</strong></span> <span class='ocrx_word' id='word_1_811' title='bbox 2659 3917 2748 3971; x_wconf 81' lang='lat' dir='ltr'><strong>est,</strong></span> <span class='ocrx_word' id='word_1_812' title='bbox 2787 3906 3133 3959; x_wconf 84' lang='lat' dir='ltr'><strong>Orientalibus</strong></span> <span class='ocrx_word' id='word_1_813' title='bbox 3177 3923 3270 3975; x_wconf 87' lang='lat' dir='ltr'><strong>cap</strong></span> <span class='ocrx_word' id='word_1_814' title='bbox 3294 3910 3336 3958; x_wconf 92' lang='lat' dir='ltr'><strong>is</strong></span> <span class='ocrx_word' id='word_1_815' title='bbox 3386 3923 3443 3958; x_wconf 80' lang='lat' dir='ltr'><strong>ea</strong></span> 
     </span>
    </p>
   </div>
   <div class='ocr_carea' id='block_1_115' title="bbox 1854 3977 3439 4045">
    <p class='ocr_par' dir='ltr' id='par_1_115' title="bbox 1854 3977 3439 4045">
     <span class='ocr_line' id='line_1_115' title="bbox 1854 3977 3439 4045; baseline -0.001 -18"><span class='ocrx_word' id='word_1_816' title='bbox 1854 3987 2143 4044; x_wconf 86' lang='lat' dir='ltr'><strong>tempestate</strong></span> <span class='ocrx_word' id='word_1_817' title='bbox 2172 3984 2456 4043; x_wconf 66' lang='lat' dir='ltr'><strong>prce/cetus.</strong></span> <span class='ocrx_word' id='word_1_818' title='bbox 2494 3977 2591 4029; x_wconf 88' lang='lat' dir='ltr'><strong>llic</strong></span> <span class='ocrx_word' id='word_1_819' title='bbox 2616 3978 2786 4045; x_wconf 83' lang='lat' dir='ltr'><strong>igitur,</strong></span> <span class='ocrx_word' id='word_1_820' title='bbox 2820 3988 2872 4028; x_wconf 86' lang='lat' dir='ltr'><strong>ut</strong></span> <span class='ocrx_word' id='word_1_821' title='bbox 2898 3980 3225 4035; x_wconf 82' lang='lat' dir='ltr'><strong>imperatores</strong></span> <span class='ocrx_word' id='word_1_822' title='bbox 3255 3979 3439 4039; x_wconf 80' lang='lat' dir='ltr'><strong>solent,</strong></span> 
     </span>
    </p>
   </div>
   <div class='ocr_carea' id='block_1_116' title="bbox 1854 4046 3443 4116">
    <p class='ocr_par' dir='ltr' id='par_1_116' title="bbox 1854 4046 3443 4116">
     <span class='ocr_line' id='line_1_116' title="bbox 1854 4046 3443 4116; baseline 0 -19"><span class='ocrx_word' id='word_1_823' title='bbox 1854 4048 2063 4097; x_wconf 67' lang='lat' dir='ltr'><strong>solemni</strong></span> <span class='ocrx_word' id='word_1_824' title='bbox 2084 4063 2268 4115; x_wconf 87' lang='lat' dir='ltr'><strong>pompa</strong></span> <span class='ocrx_word' id='word_1_825' title='bbox 2291 4060 2569 4109; x_wconf 80' lang='lat' dir='ltr'><strong>susceptus.</strong></span> <span class='ocrx_word' id='word_1_826' title='bbox 2592 4064 2747 4099; x_wconf 88' lang='lat' dir='ltr'><strong>aurea</strong></span> <span class='ocrx_word' id='word_1_827' title='bbox 2772 4057 2917 4109; x_wconf 90' lang='lat' dir='ltr'><strong>porta</strong></span> <span class='ocrx_word' id='word_1_828' title='bbox 2942 4046 3243 4113; x_wconf 70' lang='lat' dir='ltr'><strong>Byzantina:</strong></span> <span class='ocrx_word' id='word_1_829' title='bbox 3275 4049 3443 4116; x_wconf 86' lang='lat' dir='ltr'><strong>ingre-</strong></span> 
     </span>
    </p>
   </div>
   <div class='ocr_carea' id='block_1_117' title="bbox 1855 4118 3440 4187">
    <p class='ocr_par' dir='ltr' id='par_1_117' title="bbox 1855 4118 3440 4187">
     <span class='ocr_line' id='line_1_117' title="bbox 1855 4118 3440 4187; baseline 0 -18"><span class='ocrx_word' id='word_1_830' title='bbox 1855 4118 2009 4181; x_wconf 81' lang='lat' dir='ltr'><strong>ditur,</strong></span> <span class='ocrx_word' id='word_1_831' title='bbox 2042 4134 2101 4187; x_wconf 86' lang='lat' dir='ltr'><strong>ac</strong></span> <span class='ocrx_word' id='word_1_832' title='bbox 2131 4120 2183 4168; x_wconf 89' lang='lat' dir='ltr'><strong>in</strong></span> <span class='ocrx_word' id='word_1_833' title='bbox 2234 4120 2415 4187; x_wconf 82' lang='lat' dir='ltr'><strong>majori</strong></span> <span class='ocrx_word' id='word_1_834' title='bbox 2441 4118 2650 4170; x_wconf 81' lang='lat' dir='ltr'><strong>ecclesia</strong></span> <span class='ocrx_word' id='word_1_835' title='bbox 2676 4119 3051 4184; x_wconf 51' lang='lat' dir='ltr'><strong>imperatorium</strong></span> <span class='ocrx_word' id='word_1_836' title='bbox 3082 4134 3319 4170; x_wconf 90' lang='lat' dir='ltr'><strong>coronam</strong></span> <span class='ocrx_word' id='word_1_837' title='bbox 3347 4133 3440 4169; x_wconf 80' lang='lat' dir='ltr'><strong>ac-</strong></span> 
     </span>
    </p>
   </div>
   <div class='ocr_carea' id='block_1_118' title="bbox 1855 4186 2329 4255">
    <p class='ocr_par' dir='ltr' id='par_1_118' title="bbox 1855 4186 2329 4255">
     <span class='ocr_line' id='line_1_118' title="bbox 1855 4186 2329 4255; baseline 0.004 -15"><span class='ocrx_word' id='word_1_838' title='bbox 1855 4189 2001 4255; x_wconf 83' lang='lat' dir='ltr'><strong>cepit.</strong></span> <span class='ocrx_word' id='word_1_839' title='bbox 2043 4186 2329 4242; x_wconf 71' lang='lat' dir='ltr'><strong>Bencmus.</strong></span> 
     </span>
    </p>
   </div>
   <div class='ocr_carea' id='block_1_119' title="bbox 1928 4285 3439 4356">
    <p class='ocr_par' dir='ltr' id='par_1_119' title="bbox 1928 4285 3439 4356">
     <span class='ocr_line' id='line_1_119' title="bbox 1928 4285 3439 4356; baseline 0.001 -16"><span class='ocrx_word' id='word_1_840' title='bbox 1928 4300 1948 4326; x_wconf 75' lang='grc' dir='ltr'><strong><em>ο</em></strong></span> <span class='ocrx_word' id='word_1_841' title='bbox 1975 4286 2208 4340; x_wconf 86' lang='lat' dir='ltr'><strong>Canistra</strong></span> <span class='ocrx_word' id='word_1_842' title='bbox 2228 4291 2398 4339; x_wconf 87' lang='lat' dir='ltr'><strong>decem</strong></span> <span class='ocrx_word' id='word_1_843' title='bbox 2418 4286 2685 4356; x_wconf 87' lang='lat' dir='ltr'><strong>pensantia</strong></span> <span class='ocrx_word' id='word_1_844' title='bbox 2704 4285 2860 4339; x_wconf 87' lang='lat' dir='ltr'><strong>libras</strong></span> <span class='ocrx_word' id='word_1_845' title='bbox 2883 4285 3172 4338; x_wconf 86' lang='lat' dir='ltr'><strong>duodecim.</strong></span> <span class='ocrx_word' id='word_1_846' title='bbox 3192 4286 3439 4342; x_wconf 86' lang='lat' dir='ltr'><strong>Canislra</strong></span> 
     </span>
    </p>
   </div>
   <div class='ocr_carea' id='block_1_120' title="bbox 1854 4358 3438 4425">
    <p class='ocr_par' dir='ltr' id='par_1_120' title="bbox 1854 4358 3438 4425">
     <span class='ocr_line' id='line_1_120' title="bbox 1854 4358 3438 4425; baseline 0.001 -15"><span class='ocrx_word' id='word_1_847' title='bbox 1854 4367 2005 4411; x_wconf 86' lang='lat' dir='ltr'><strong>erant</strong></span> <span class='ocrx_word' id='word_1_848' title='bbox 2033 4372 2155 4409; x_wconf 90' lang='lat' dir='ltr'><strong>vasa</strong></span> <span class='ocrx_word' id='word_1_849' title='bbox 2182 4372 2457 4425; x_wconf 80' lang='lat' dir='ltr'><strong>argentea,</strong></span> <span class='ocrx_word' id='word_1_850' title='bbox 2485 4361 2534 4409; x_wconf 91' lang='lat' dir='ltr'><strong>in</strong></span> <span class='ocrx_word' id='word_1_851' title='bbox 2561 4358 2754 4424; x_wconf 86' lang='lat' dir='ltr'><strong>quibus</strong></span> <span class='ocrx_word' id='word_1_852' title='bbox 2786 4358 3181 4420; x_wconf 73' lang='lat' dir='ltr'><strong>reponebantur</strong></span> <span class='ocrx_word' id='word_1_853' title='bbox 3203 4372 3353 4420; x_wconf 79' lang='lat' dir='ltr'><strong>vasa,</strong></span> <span class='ocrx_word' id='word_1_854' title='bbox 3386 4359 3438 4412; x_wconf 88' lang='lat' dir='ltr'><strong>id</strong></span> 
     </span>
    </p>
   </div>
   <div class='ocr_carea' id='block_1_121' title="bbox 1854 4427 3441 4493">
    <p class='ocr_par' dir='ltr' id='par_1_121' title="bbox 1854 4427 3441 4493">
     <span class='ocr_line' id='line_1_121' title="bbox 1854 4427 3441 4493; baseline 0 -12"><span class='ocrx_word' id='word_1_855' title='bbox 1854 4437 1957 4492; x_wconf 88' lang='lat' dir='ltr'><strong>est,</strong></span> <span class='ocrx_word' id='word_1_856' title='bbox 1985 4428 2273 4481; x_wconf 75' lang='lat' dir='ltr'><strong>ministeria</strong></span> <span class='ocrx_word' id='word_1_857' title='bbox 2307 4443 2478 4481; x_wconf 82' lang='lat' dir='ltr'><strong>sacra.</strong></span> <span class='ocrx_word' id='word_1_858' title='bbox 2510 4432 2780 4493; x_wconf 77' lang='lat' dir='ltr'><strong>AnaStas.,</strong></span> <span class='ocrx_word' id='word_1_859' title='bbox 2811 4429 2863 4480; x_wconf 91' lang='lat' dir='ltr'><strong>in</strong></span> <span class='ocrx_word' id='word_1_860' title='bbox 2904 4428 3188 4481; x_wconf 81' lang='lat' dir='ltr'><strong>Benedicto</strong></span> <span class='ocrx_word' id='word_1_861' title='bbox 3218 4427 3274 4479; x_wconf 90' lang='grc' dir='ltr'><strong>ΙΙΙ</strong></span> <span class='ocrx_word' id='word_1_862' title='bbox 3303 4445 3314 4479; x_wconf 94' lang='lat'>:</span> <span class='ocrx_word' id='word_1_863' title='bbox 3341 4428 3441 4481; x_wconf 86' lang='lat' dir='ltr'><strong>Ca-</strong></span> 
     </span>
    </p>
   </div>
   <div class='ocr_carea' id='block_1_122' title="bbox 1854 4498 3445 4565">
    <p class='ocr_par' dir='ltr' id='par_1_122' title="bbox 1854 4498 3445 4565">
     <span class='ocr_line' id='line_1_122' title="bbox 1854 4498 3445 4565; baseline 0.001 -15"><span class='ocrx_word' id='word_1_864' title='bbox 1854 4499 2016 4551; x_wconf 88' lang='lat' dir='ltr'><strong>nistra</strong></span> <span class='ocrx_word' id='word_1_865' title='bbox 2040 4500 2239 4562; x_wconf 73' lang='lat' dir='ltr'><strong>exafoci</strong></span> <span class='ocrx_word' id='word_1_866' title='bbox 2261 4498 2363 4551; x_wconf 88' lang='lat' dir='ltr'><strong>duo</strong></span> <span class='ocrx_word' id='word_1_867' title='bbox 2386 4513 2448 4550; x_wconf 81' lang='lat' dir='ltr'><strong>ea:</strong></span> <span class='ocrx_word' id='word_1_868' title='bbox 2468 4508 2677 4565; x_wconf 83' lang='lat' dir='ltr'><strong>argento</strong></span> <span class='ocrx_word' id='word_1_869' title='bbox 2706 4498 2978 4563; x_wconf 86' lang='lat' dir='ltr'><strong>purissimo</strong></span> <span class='ocrx_word' id='word_1_870' title='bbox 3000 4500 3267 4565; x_wconf 87' lang='lat' dir='ltr'><strong>pensantia</strong></span> <span class='ocrx_word' id='word_1_871' title='bbox 3290 4498 3445 4551; x_wconf 79' lang='lat' dir='ltr'><strong>libras</strong></span> 
     </span>
    </p>
   </div>
   <div class='ocr_carea' id='block_1_123' title="bbox 1855 4567 3443 4635">
    <p class='ocr_par' dir='ltr' id='par_1_123' title="bbox 1855 4567 3443 4635">
     <span class='ocr_line' id='line_1_123' title="bbox 1855 4567 3443 4635; baseline 0 -14"><span class='ocrx_word' id='word_1_872' title='bbox 1855 4584 2068 4621; x_wconf 88' lang='lat' dir='ltr'><strong>numero</strong></span> <span class='ocrx_word' id='word_1_873' title='bbox 2096 4578 2320 4635; x_wconf 86' lang='lat' dir='ltr'><strong>quatuor</strong></span> <span class='ocrx_word' id='word_1_874' title='bbox 2343 4580 2387 4620; x_wconf 83' lang='lat' dir='ltr'><strong>et</strong></span> <span class='ocrx_word' id='word_1_875' title='bbox 2410 4570 2581 4620; x_wconf 85' lang='lat' dir='ltr'><strong>semis.</strong></span> <span class='ocrx_word' id='word_1_876' title='bbox 2633 4568 2803 4620; x_wconf 88' lang='lat' dir='ltr'><strong>Locus</strong></span> <span class='ocrx_word' id='word_1_877' title='bbox 2830 4578 2913 4621; x_wconf 88' lang='lat' dir='ltr'><strong>est</strong></span> <span class='ocrx_word' id='word_1_878' title='bbox 2942 4567 3096 4621; x_wconf 83' lang='lat' dir='ltr'><strong>valde</strong></span> <span class='ocrx_word' id='word_1_879' title='bbox 3124 4580 3443 4633; x_wconf 87' lang='lat' dir='ltr'><strong>corruptus;</strong></span> 
     </span>
    </p>
   </div>
   <div class='ocr_carea' id='block_1_124' title="bbox 1856 4638 3441 4702">
    <p class='ocr_par' dir='ltr' id='par_1_124' title="bbox 1856 4638 3441 4702">
     <span class='ocr_line' id='line_1_124' title="bbox 1856 4638 3441 4702; baseline 0.001 -11"><span class='ocrx_word' id='word_1_880' title='bbox 1856 4649 1907 4691; x_wconf 87' lang='lat' dir='ltr'><strong>et</strong></span> <span class='ocrx_word' id='word_1_881' title='bbox 1954 4642 2024 4691; x_wconf 87' lang='lat' dir='ltr'><strong>ita</strong></span> <span class='ocrx_word' id='word_1_882' title='bbox 2069 4641 2427 4690; x_wconf 77' lang='lat' dir='ltr'><strong>restituendus</strong></span> <span class='ocrx_word' id='word_1_883' title='bbox 2484 4638 2694 4691; x_wconf 87' lang='lat' dir='ltr'><strong>videtur</strong></span> <span class='ocrx_word' id='word_1_884' title='bbox 2730 4658 2740 4689; x_wconf 91' lang='lat'><strong>:</strong></span> <span class='ocrx_word' id='word_1_885' title='bbox 2772 4639 3002 4691; x_wconf 81' lang='lat' dir='ltr'><strong>canistra</strong></span> <span class='ocrx_word' id='word_1_886' title='bbox 3044 4640 3368 4702; x_wconf 79' lang='lat' dir='ltr'><strong>exaphodia,</strong></span> <span class='ocrx_word' id='word_1_887' title='bbox 3413 4654 3441 4692; x_wconf 87' lang='lat' dir='ltr'><strong>a</strong></span> 
     </span>
    </p>
   </div>
   <div class='ocr_carea' id='block_1_125' title="bbox 1858 4708 3438 4780">
    <p class='ocr_par' dir='ltr' id='par_1_125' title="bbox 1858 4708 3438 4780">
     <span class='ocr_line' id='line_1_125' title="bbox 1858 4708 3438 4780; baseline -0.001 -17"><span class='ocrx_word' id='word_1_888' title='bbox 1858 4710 2045 4763; x_wconf 68' lang='lat' dir='ltr'><strong>GI&#39;ZBL&#39;O</strong></span> <span class='ocrx_word' id='word_1_889' title='bbox 2067 4708 2276 4780; x_wconf 74' lang='grc' dir='ltr'><strong>ἐφόδιον,</strong></span> <span class='ocrx_word' id='word_1_890' title='bbox 2305 4708 2442 4777; x_wconf 83' lang='lat' dir='ltr'><strong>quod</strong></span> <span class='ocrx_word' id='word_1_891' title='bbox 2461 4720 2540 4760; x_wconf 89' lang='lat' dir='ltr'><strong>est</strong></span> <span class='ocrx_word' id='word_1_892' title='bbox 2564 4722 2775 4761; x_wconf 89' lang='lat' dir='ltr'><strong>sacrum</strong></span> <span class='ocrx_word' id='word_1_893' title='bbox 2805 4709 3076 4771; x_wconf 85' lang='lat' dir='ltr'><strong>viaticum,</strong></span> <span class='ocrx_word' id='word_1_894' title='bbox 3106 4708 3267 4761; x_wconf 81' lang='lat' dir='ltr'><strong>Cone.</strong></span> <span class='ocrx_word' id='word_1_895' title='bbox 3287 4708 3438 4780; x_wconf 17' lang='lat' dir='ltr'><strong>ANic.,</strong></span> 
     </span>
    </p>
   </div>
   <div class='ocr_carea' id='block_1_126' title="bbox 1861 4778 3439 4847">
    <p class='ocr_par' dir='ltr' id='par_1_126' title="bbox 1861 4778 3439 4847">
     <span class='ocr_line' id='line_1_126' title="bbox 1861 4778 3439 4847; baseline 0.001 -16"><span class='ocrx_word' id='word_1_896' title='bbox 1861 4794 1984 4832; x_wconf 91' lang='lat' dir='ltr'><strong>can.</strong></span> <span class='ocrx_word' id='word_1_897' title='bbox 2019 4778 2107 4843; x_wconf 65' lang='lat'><strong>12,</strong></span> <span class='ocrx_word' id='word_1_898' title='bbox 2134 4782 2253 4847; x_wconf 89' lang='lat' dir='ltr'><strong>quia</strong></span> <span class='ocrx_word' id='word_1_899' title='bbox 2286 4793 2433 4833; x_wconf 90' lang='lat' dir='ltr'><strong>erant</strong></span> <span class='ocrx_word' id='word_1_900' title='bbox 2463 4793 2715 4842; x_wconf 84' lang='lat' dir='ltr'><strong>catustra,</strong></span> <span class='ocrx_word' id='word_1_901' title='bbox 2763 4780 2813 4831; x_wconf 89' lang='lat' dir='ltr'><strong>in</strong></span> <span class='ocrx_word' id='word_1_902' title='bbox 2845 4782 3034 4846; x_wconf 86' lang='lat' dir='ltr'><strong>quibus</strong></span> <span class='ocrx_word' id='word_1_903' title='bbox 3081 4778 3439 4842; x_wconf 82' lang='lat' dir='ltr'><strong>reponebatur</strong></span> 
     </span>
    </p>
   </div>
   <div class='ocr_carea' id='block_1_127' title="bbox 1862 4850 3442 4917">
    <p class='ocr_par' dir='ltr' id='par_1_127' title="bbox 1862 4850 3442 4917">
     <span class='ocr_line' id='line_1_127' title="bbox 1862 4850 3442 4917; baseline 0 -14"><span class='ocrx_word' id='word_1_904' title='bbox 1862 4866 2053 4915; x_wconf 80' lang='lat' dir='ltr'><strong>corpus</strong></span> <span class='ocrx_word' id='word_1_905' title='bbox 2105 4850 2331 4903; x_wconf 81' lang='lat' dir='ltr'><strong>Domini.</strong></span> <span class='ocrx_word' id='word_1_906' title='bbox 2368 4850 2674 4917; x_wconf 87' lang='lat' dir='ltr'><strong>lliernnym.</strong></span> <span class='ocrx_word' id='word_1_907' title='bbox 2730 4852 2795 4901; x_wconf 86' lang='lat' dir='ltr'><strong>ad</strong></span> <span class='ocrx_word' id='word_1_908' title='bbox 2844 4850 3116 4901; x_wconf 82' lang='lat' dir='ltr'><strong>ltustienm</strong></span> <span class='ocrx_word' id='word_1_909' title='bbox 3161 4851 3227 4900; x_wconf 89' lang='lat' dir='ltr'><strong>de</strong></span> <span class='ocrx_word' id='word_1_910' title='bbox 3284 4850 3442 4903; x_wconf 85' lang='lat' dir='ltr'><strong>beato</strong></span> 
     </span>
    </p>
   </div>
   <div class='ocr_carea' id='block_1_128' title="bbox 1864 4918 3441 4987">
    <p class='ocr_par' dir='ltr' id='par_1_128' title="bbox 1864 4918 3441 4987">
     <span class='ocr_line' id='line_1_128' title="bbox 1864 4918 3441 4987; baseline -0.001 -14"><span class='ocrx_word' id='word_1_911' title='bbox 1864 4921 2137 4986; x_wconf 63' lang='lat' dir='ltr'><strong>Exupeco</strong></span> <span class='ocrx_word' id='word_1_912' title='bbox 2163 4938 2173 4972; x_wconf 93' lang='lat'><strong>:</strong></span> <span class='ocrx_word' id='word_1_913' title='bbox 2199 4921 2345 4972; x_wconf 69' lang='lat' dir='ltr'><strong>Nihd</strong></span> <span class='ocrx_word' id='word_1_914' title='bbox 2367 4921 2455 4972; x_wconf 83' lang='lat' dir='ltr'><strong>illo</strong></span> <span class='ocrx_word' id='word_1_915' title='bbox 2476 4920 2629 4971; x_wconf 88' lang='lat' dir='ltr'><strong>ditius</strong></span> <span class='ocrx_word' id='word_1_916' title='bbox 2660 4920 2745 4987; x_wconf 90' lang='lat' dir='ltr'><strong>qui</strong></span> <span class='ocrx_word' id='word_1_917' title='bbox 2778 4935 2960 4987; x_wconf 87' lang='lat' dir='ltr'><strong>corpus</strong></span> <span class='ocrx_word' id='word_1_918' title='bbox 2992 4918 3195 4971; x_wconf 84' lang='lat' dir='ltr'><strong>Domini</strong></span> <span class='ocrx_word' id='word_1_919' title='bbox 3218 4922 3441 4972; x_wconf 82' lang='lat' dir='ltr'><strong>canistro</strong></span> 
     </span>
    </p>
   </div>
   <div class='ocr_carea' id='block_1_129' title="bbox 1864 4988 3439 5058">
    <p class='ocr_par' dir='ltr' id='par_1_129' title="bbox 1864 4988 3439 5058">
     <span class='ocr_line' id='line_1_129' title="bbox 1864 4988 3439 5058; baseline 0 -17"><span class='ocrx_word' id='word_1_920' title='bbox 1864 4992 2101 5049; x_wconf 79' lang='lat' dir='ltr'><strong>viminco.</strong></span> <span class='ocrx_word' id='word_1_921' title='bbox 2128 4992 2425 5058; x_wconf 64' lang='lat' dir='ltr'><strong>sanguinem</strong></span> <span class='ocrx_word' id='word_1_922' title='bbox 2453 5000 2617 5058; x_wconf 80' lang='lat' dir='ltr'><strong>portat</strong></span> <span class='ocrx_word' id='word_1_923' title='bbox 2644 4992 2693 5041; x_wconf 91' lang='lat' dir='ltr'><strong>in</strong></span> <span class='ocrx_word' id='word_1_924' title='bbox 2722 4992 2868 5041; x_wconf 87' lang='lat' dir='ltr'><strong>vitro.</strong></span> <span class='ocrx_word' id='word_1_925' title='bbox 2917 4988 3043 5042; x_wconf 86' lang='lat' dir='ltr'><strong>lude</strong></span> <span class='ocrx_word' id='word_1_926' title='bbox 3079 4990 3439 5044; x_wconf 87' lang='lat' dir='ltr'><strong>restituendus</strong></span> 
     </span>
    </p>
   </div>
   <div class='ocr_carea' id='block_1_130' title="bbox 1864 5058 3442 5124">
    <p class='ocr_par' dir='ltr' id='par_1_130' title="bbox 1864 5058 3442 5124">
     <span class='ocr_line' id='line_1_130' title="bbox 1864 5058 3442 5124; baseline -0.002 -11"><span class='ocrx_word' id='word_1_927' title='bbox 1864 5071 1943 5114; x_wconf 87' lang='lat' dir='ltr'><strong>est</strong></span> <span class='ocrx_word' id='word_1_928' title='bbox 1965 5064 2102 5115; x_wconf 89' lang='lat' dir='ltr'><strong>alter</strong></span> <span class='ocrx_word' id='word_1_929' title='bbox 2123 5062 2267 5113; x_wconf 88' lang='lat' dir='ltr'><strong>locus</strong></span> <span class='ocrx_word' id='word_1_930' title='bbox 2292 5063 2627 5124; x_wconf 84' lang='lat' dir='ltr'><strong>depravatior</strong></span> <span class='ocrx_word' id='word_1_931' title='bbox 2655 5061 2899 5112; x_wconf 83' lang='lat' dir='ltr'><strong>Anastas.</strong></span> <span class='ocrx_word' id='word_1_932' title='bbox 2938 5062 2986 5110; x_wconf 91' lang='lat' dir='ltr'><strong>in</strong></span> <span class='ocrx_word' id='word_1_933' title='bbox 3018 5059 3195 5111; x_wconf 89' lang='lat' dir='ltr'><strong>Leone</strong></span> <span class='ocrx_word' id='word_1_934' title='bbox 3221 5060 3278 5111; x_wconf 91' lang='lat' dir='ltr'><strong>Ill</strong></span> <span class='ocrx_word' id='word_1_935' title='bbox 3304 5078 3313 5109; x_wconf 93' lang='lat'><strong>:</strong></span> <span class='ocrx_word' id='word_1_936' title='bbox 3344 5058 3442 5111; x_wconf 84' lang='lat' dir='ltr'><strong>Ca-</strong></span> 
     </span>
    </p>
   </div>
   <div class='ocr_carea' id='block_1_131' title="bbox 1864 5130 3444 5198">
    <p class='ocr_par' dir='ltr' id='par_1_131' title="bbox 1864 5130 3444 5198">
     <span class='ocr_line' id='line_1_131' title="bbox 1864 5130 3444 5198; baseline 0 -16"><span class='ocrx_word' id='word_1_937' title='bbox 1864 5134 2076 5183; x_wconf 81' lang='lat' dir='ltr'><strong>nistrum</strong></span> <span class='ocrx_word' id='word_1_938' title='bbox 2106 5148 2167 5182; x_wconf 74' lang='lat' dir='ltr'><strong>ea:</strong></span> <span class='ocrx_word' id='word_1_939' title='bbox 2195 5132 2315 5184; x_wconf 85' lang='lat' dir='ltr'><strong>cede</strong></span> <span class='ocrx_word' id='word_1_940' title='bbox 2337 5132 2525 5198; x_wconf 73' lang='lat' dir='ltr'><strong>Cafolii</strong></span> <span class='ocrx_word' id='word_1_941' title='bbox 2561 5140 2853 5195; x_wconf 74' lang='lat' dir='ltr'><strong>pensantem</strong></span> <span class='ocrx_word' id='word_1_942' title='bbox 2900 5130 3051 5181; x_wconf 83' lang='lat' dir='ltr'><strong>libras</strong></span> <span class='ocrx_word' id='word_1_943' title='bbox 3086 5130 3351 5198; x_wconf 85' lang='lat' dir='ltr'><strong>duodecim</strong></span> <span class='ocrx_word' id='word_1_944' title='bbox 3397 5141 3444 5182; x_wconf 87' lang='lat' dir='ltr'><strong>et</strong></span> 
     </span>
    </p>
   </div>
   <div class='ocr_carea' id='block_1_132' title="bbox 1864 5197 3443 5262">
    <p class='ocr_par' dir='ltr' id='par_1_132' title="bbox 1864 5197 3443 5262">
     <span class='ocr_line' id='line_1_132' title="bbox 1864 5197 3443 5262; baseline -0.001 -9"><span class='ocrx_word' id='word_1_945' title='bbox 1864 5204 2031 5254; x_wconf 88' lang='lat' dir='ltr'><strong>semis.</strong></span> <span class='ocrx_word' id='word_1_946' title='bbox 2079 5202 2185 5254; x_wconf 83' lang='lat' dir='ltr'><strong>Nee</strong></span> <span class='ocrx_word' id='word_1_947' title='bbox 2212 5218 2314 5253; x_wconf 89' lang='lat' dir='ltr'><strong>non</strong></span> <span class='ocrx_word' id='word_1_948' title='bbox 2347 5197 2554 5254; x_wconf 80' lang='lat' dir='ltr'><strong>etillud</strong></span> <span class='ocrx_word' id='word_1_949' title='bbox 2596 5203 2833 5262; x_wconf 70' lang='lat' dir='ltr'><strong>ejusdem</strong></span> <span class='ocrx_word' id='word_1_950' title='bbox 2868 5204 2917 5251; x_wconf 87' lang='lat' dir='ltr'><strong>in</strong></span> <span class='ocrx_word' id='word_1_951' title='bbox 2969 5200 3205 5252; x_wconf 78' lang='lat' dir='ltr'><strong>l&#39;uscbali</strong></span> <span class='ocrx_word' id='word_1_952' title='bbox 3238 5216 3249 5250; x_wconf 91' lang='lat'>:</span> <span class='ocrx_word' id='word_1_953' title='bbox 3295 5197 3443 5253; x_wconf 79' lang='lat' dir='ltr'><strong>Fecit</strong></span> 
     </span>
    </p>
   </div>
   <div class='ocr_carea' id='block_1_133' title="bbox 1854 5270 3439 5342">
    <p class='ocr_par' dir='ltr' id='par_1_133' title="bbox 1854 5270 3439 5342">
     <span class='ocr_line' id='line_1_133' title="bbox 1854 5270 3439 5342; baseline 0 -19"><span class='ocrx_word' id='word_1_954' title='bbox 1854 5275 1967 5342; x_wconf 85' lang='lat' dir='ltr'><strong>jam</strong></span> <span class='ocrx_word' id='word_1_955' title='bbox 1989 5274 2259 5338; x_wconf 70' lang='lat' dir='ltr'><strong>pra’dictus</strong></span> <span class='ocrx_word' id='word_1_956' title='bbox 2282 5275 2509 5342; x_wconf 62' lang='lat' dir='ltr'><strong>pontifex</strong></span> <span class='ocrx_word' id='word_1_957' title='bbox 2528 5270 2974 5342; x_wconf 62' lang='lat' dir='ltr'><strong>canistrals‘nafoti</strong></span> <span class='ocrx_word' id='word_1_958' title='bbox 2996 5285 3058 5322; x_wconf 72' lang='lat' dir='ltr'><strong>ea:</strong></span> <span class='ocrx_word' id='word_1_959' title='bbox 3078 5280 3291 5338; x_wconf 87' lang='lat' dir='ltr'><strong>argento</strong></span> <span class='ocrx_word' id='word_1_960' title='bbox 3315 5272 3439 5323; x_wconf 91' lang='lat' dir='ltr'><strong>duo.</strong></span> 
     </span>
    </p>
   </div>
   <div class='ocr_carea' id='block_1_134' title="bbox 1864 5339 3437 5409">
    <p class='ocr_par' dir='ltr' id='par_1_134' title="bbox 1864 5339 3437 5409">
     <span class='ocr_line' id='line_1_134' title="bbox 1864 5339 3437 5409; baseline -0.003 -13"><span class='ocrx_word' id='word_1_961' title='bbox 1864 5339 1926 5396; x_wconf 78' lang='lat' dir='ltr'><strong>Et</strong></span> <span class='ocrx_word' id='word_1_962' title='bbox 1952 5344 2077 5395; x_wconf 87' lang='lat' dir='ltr'><strong>illud</strong></span> <span class='ocrx_word' id='word_1_963' title='bbox 2096 5344 2333 5409; x_wconf 76' lang='lat' dir='ltr'><strong>ejusdem</strong></span> <span class='ocrx_word' id='word_1_964' title='bbox 2360 5346 2406 5391; x_wconf 85' lang='lat' dir='ltr'><strong>iu</strong></span> <span class='ocrx_word' id='word_1_965' title='bbox 2428 5340 2683 5407; x_wconf 68' lang='lat' dir='ltr'><strong>Gregorio</strong></span> <span class='ocrx_word' id='word_1_966' title='bbox 2710 5340 2770 5391; x_wconf 86' lang='lat' dir='ltr'><strong>IV</strong></span> <span class='ocrx_word' id='word_1_967' title='bbox 2796 5358 2806 5391; x_wconf 91' lang='lat'>:</span> <span class='ocrx_word' id='word_1_968' title='bbox 2833 5339 3025 5391; x_wconf 84' lang='lat' dir='ltr'><strong>Obtulit</strong></span> <span class='ocrx_word' id='word_1_969' title='bbox 3048 5342 3198 5391; x_wconf 88' lang='lat' dir='ltr'><strong>etiam</strong></span> <span class='ocrx_word' id='word_1_970' title='bbox 3214 5342 3437 5392; x_wconf 83' lang='lat' dir='ltr'><strong>canistra</strong></span> 
     </span>
    </p>
   </div>
   <div class='ocr_carea' id='block_1_135' title="bbox 1863 5410 3441 5481">
    <p class='ocr_par' dir='ltr' id='par_1_135' title="bbox 1863 5410 3441 5481">
     <span class='ocr_line' id='line_1_135' title="bbox 1863 5410 3441 5481; baseline -0.004 -14"><span class='ocrx_word' id='word_1_971' title='bbox 1863 5430 1991 5467; x_wconf 84' lang='lat' dir='ltr'><strong>cnna</strong></span> <span class='ocrx_word' id='word_1_972' title='bbox 2018 5414 2159 5481; x_wconf 73' lang='lat' dir='ltr'><strong>{odia</strong></span> <span class='ocrx_word' id='word_1_973' title='bbox 2190 5415 2312 5463; x_wconf 74' lang='lat' dir='ltr'><strong>duo.</strong></span> <span class='ocrx_word' id='word_1_974' title='bbox 2342 5414 2479 5464; x_wconf 79' lang='lat' dir='ltr'><strong>Olim</strong></span> <span class='ocrx_word' id='word_1_975' title='bbox 2515 5416 2699 5476; x_wconf 72' lang='lat' dir='ltr'><strong>pucuta</strong></span> <span class='ocrx_word' id='word_1_976' title='bbox 2730 5410 2927 5462; x_wconf 87' lang='lat' dir='ltr'><strong>mensis</strong></span> <span class='ocrx_word' id='word_1_977' title='bbox 2956 5412 3357 5481; x_wconf 67' lang='lat' dir='ltr'><strong>opponebantur</strong></span> <span class='ocrx_word' id='word_1_978' title='bbox 3390 5413 3441 5465; x_wconf 90' lang='lat' dir='ltr'><strong>in</strong></span> 
     </span>
    </p>
   </div>
   <div class='ocr_carea' id='block_1_136' title="bbox 1864 5478 3437 5549">
    <p class='ocr_par' dir='ltr' id='par_1_136' title="bbox 1864 5478 3437 5549">
     <span class='ocr_line' id='line_1_136' title="bbox 1864 5478 3437 5549; baseline -0.001 -11"><span class='ocrx_word' id='word_1_979' title='bbox 1864 5478 2105 5538; x_wconf 78' lang='lat' dir='ltr'><strong>canistris</strong></span> <span class='ocrx_word' id='word_1_980' title='bbox 2131 5483 2429 5549; x_wconf 72' lang='lat' dir='ltr'><strong>argenteis.‘</strong></span> <span class='ocrx_word' id='word_1_981' title='bbox 2454 5483 2693 5544; x_wconf 78' lang='lat' dir='ltr'><strong>Servius,</strong></span> <span class='ocrx_word' id='word_1_982' title='bbox 2730 5482 2781 5533; x_wconf 90' lang='lat' dir='ltr'><strong>in</strong></span> <span class='ocrx_word' id='word_1_983' title='bbox 2816 5482 2959 5533; x_wconf 88' lang='lat' dir='ltr'><strong>illqu</strong></span> <span class='ocrx_word' id='word_1_984' title='bbox 2985 5482 3159 5534; x_wconf 83' lang='lat' dir='ltr'><strong>locum</strong></span> <span class='ocrx_word' id='word_1_985' title='bbox 3189 5478 3437 5537; x_wconf 61' lang='grc' dir='ltr'><strong>Νείλεω.</strong></span> 
     </span>
    </p>
   </div>
   <div class='ocr_carea' id='block_1_137' title="bbox 1959 5572 3238 5636">
    <p class='ocr_par' dir='ltr' id='par_1_137' title="bbox 1959 5572 3238 5636">
     <span class='ocr_line' id='line_1_137' title="bbox 1959 5572 3238 5636; baseline 0 -15"><span class='ocrx_word' id='word_1_986' title='bbox 1959 5577 2049 5633; x_wconf 83' lang='lat' dir='ltr'><strong>Qui</strong></span> <span class='ocrx_word' id='word_1_987' title='bbox 2070 5576 2273 5636; x_wconf 84' lang='lat' dir='ltr'><strong>dapibus</strong></span> <span class='ocrx_word' id='word_1_988' title='bbox 2299 5585 2490 5623; x_wconf 84' lang='lat' dir='ltr'><strong>mensas</strong></span> <span class='ocrx_word' id='word_1_989' title='bbox 2515 5578 2727 5621; x_wconf 82' lang='lat' dir='ltr'><strong>onerent</strong></span> <span class='ocrx_word' id='word_1_990' title='bbox 2754 5579 2805 5621; x_wconf 86' lang='lat' dir='ltr'><strong>et</strong></span> <span class='ocrx_word' id='word_1_991' title='bbox 2827 5572 2994 5633; x_wconf 85' lang='lat' dir='ltr'><strong>poeula</strong></span> <span class='ocrx_word' id='word_1_992' title='bbox 3022 5578 3201 5635; x_wconf 79' lang='lat' dir='ltr'><strong>ponant</strong></span> <span class='ocrx_word' id='word_1_993' title='bbox 3225 5585 3238 5621; x_wconf 91' lang='lat'><strong>:</strong></span> 
     </span>
    </p>
   </div>
   <div class='ocr_carea' id='block_1_138' title="bbox 1874 5656 3443 5728">
    <p class='ocr_par' dir='ltr' id='par_1_138' title="bbox 1874 5656 3443 5728">
     <span class='ocr_line' id='line_1_138' title="bbox 1874 5656 3443 5728; baseline -0.001 -15"><span class='ocrx_word' id='word_1_994' title='bbox 1874 5659 2137 5714; x_wconf 68' lang='lat' dir='ltr'><strong>Vctiribus</strong></span> <span class='ocrx_word' id='word_1_995' title='bbox 2179 5678 2279 5714; x_wconf 89' lang='lat' dir='ltr'><strong>non</strong></span> <span class='ocrx_word' id='word_1_996' title='bbox 2323 5662 2371 5712; x_wconf 90' lang='lat' dir='ltr'><strong>in</strong></span> <span class='ocrx_word' id='word_1_997' title='bbox 2401 5675 2580 5710; x_wconf 89' lang='lat' dir='ltr'><strong>manus</strong></span> <span class='ocrx_word' id='word_1_998' title='bbox 2608 5656 2863 5710; x_wconf 84' lang='lat' dir='ltr'><strong>dabantur</strong></span> <span class='ocrx_word' id='word_1_999' title='bbox 2898 5660 3101 5728; x_wconf 86' lang='lat' dir='ltr'><strong>pocula.</strong></span> <span class='ocrx_word' id='word_1_1000' title='bbox 3147 5658 3233 5711; x_wconf 80' lang='lat' dir='ltr'><strong>sed</strong></span> <span class='ocrx_word' id='word_1_1001' title='bbox 3258 5658 3443 5711; x_wconf 79' lang='lat' dir='ltr'><strong>mensis</strong></span> 
     </span>
    </p>
   </div>
   <div class='ocr_carea' id='block_1_139' title="bbox 1864 5728 3443 5801">
    <p class='ocr_par' dir='ltr' id='par_1_139' title="bbox 1864 5728 3443 5801">
     <span class='ocr_line' id='line_1_139' title="bbox 1864 5728 3443 5801; baseline -0.003 -17"><span class='ocrx_word' id='word_1_1002' title='bbox 1864 5735 2291 5801; x_wconf 71' lang='lat' dir='ltr'><strong>apponebnntur;</strong></span> <span class='ocrx_word' id='word_1_1003' title='bbox 2340 5739 2382 5783; x_wconf 90' lang='lat' dir='ltr'><strong>et</strong></span> <span class='ocrx_word' id='word_1_1004' title='bbox 2415 5730 2564 5781; x_wconf 85' lang='lat' dir='ltr'><strong>hodie</strong></span> <span class='ocrx_word' id='word_1_1005' title='bbox 2602 5731 2738 5798; x_wconf 84' lang='lat' dir='ltr'><strong>apud</strong></span> <span class='ocrx_word' id='word_1_1006' title='bbox 2774 5728 2943 5797; x_wconf 86' lang='lat' dir='ltr'><strong>plures</strong></span> <span class='ocrx_word' id='word_1_1007' title='bbox 2983 5729 3165 5796; x_wconf 90' lang='lat' dir='ltr'><strong>pocula</strong></span> <span class='ocrx_word' id='word_1_1008' title='bbox 3209 5730 3261 5781; x_wconf 86' lang='lat' dir='ltr'><strong>in</strong></span> <span class='ocrx_word' id='word_1_1009' title='bbox 3302 5732 3443 5781; x_wconf 81' lang='lat' dir='ltr'><strong>cani-</strong></span> 
     </span>
    </p>
   </div>
   <div class='ocr_carea' id='block_1_140' title="bbox 1867 5801 3441 5872">
    <p class='ocr_par' dir='ltr' id='par_1_140' title="bbox 1867 5801 3441 5872">
     <span class='ocr_line' id='line_1_140' title="bbox 1867 5801 3441 5872; baseline -0.003 -17"><span class='ocrx_word' id='word_1_1010' title='bbox 1867 5805 1983 5856; x_wconf 86' lang='lat' dir='ltr'><strong>stris</strong></span> <span class='ocrx_word' id='word_1_1011' title='bbox 2005 5804 2252 5872; x_wconf 71' lang='lat' dir='ltr'><strong>argenteis</strong></span> <span class='ocrx_word' id='word_1_1012' title='bbox 2276 5811 2625 5869; x_wconf 76' lang='lat' dir='ltr'><strong>oppontmtur,</strong></span> <span class='ocrx_word' id='word_1_1013' title='bbox 2652 5816 2761 5869; x_wconf 77' lang='lat' dir='ltr'><strong>qua:</strong></span> <span class='ocrx_word' id='word_1_1014' title='bbox 2785 5802 3004 5854; x_wconf 82' lang='lat' dir='ltr'><strong>canistra</strong></span> <span class='ocrx_word' id='word_1_1015' title='bbox 3029 5801 3240 5853; x_wconf 83' lang='lat' dir='ltr'><strong>siccaria</strong></span> <span class='ocrx_word' id='word_1_1016' title='bbox 3263 5801 3441 5853; x_wconf 69' lang='lat' dir='ltr'><strong>dicm:-</strong></span> 
     </span>
    </p>
   </div>
   <div class='ocr_carea' id='block_1_141' title="bbox 1871 5880 2345 5929">
    <p class='ocr_par' dir='ltr' id='par_1_141' title="bbox 1871 5880 2345 5929">
     <span class='ocr_line' id='line_1_141' title="bbox 1871 5880 2345 5929; baseline -0.006 -1"><span class='ocrx_word' id='word_1_1017' title='bbox 1871 5886 1974 5928; x_wconf 88' lang='lat' dir='ltr'><strong>tur.</strong></span> <span class='ocrx_word' id='word_1_1018' title='bbox 2008 5880 2345 5929; x_wconf 69' lang='lat' dir='ltr'><strong>AL&#39;I‘AStltttta.</strong></span> 
     </span>
    </p>
   </div>
  </div>
