4168 6540
760 426 864 481 4ῒὸ

1986 423 2040 478 S.
2091 417 2489 476 GREGORIUS
2535 416 2715 474 PAPA
2758 417 2823 472 ll.
3967 423 4050 479 £76

764 557 780 573 '
817 547 1291 617 Langobardorum
1326 543 1702 611 Luitprandus,
1732 538 1975 610 generali
2003 538 2244 593 motione
2269 537 2348 590 la-
2383 542 2431 601 Α
2461 535 2581 590 loco
2613 535 2849 601 quodam
2891 540 3138 590 retrosus
3187 537 3348 591 vitam
3404 538 3601 594 ﬁnivit.
3633 539 3652 570 ³
3677 540 3888 596 Paulus
3938 557 4052 597 vero

763 651 878 706 cta,
916 641 1221 693 Ravennam
1253 650 1568 705 progressus
1593 643 1697 696 est,
1744 643 1904 701 atque
1956 633 2101 685 illam
2133 630 2351 684 obsedit

763 745 857 798 per
880 730 996 784 dies
1023 729 1245 794 aliquot,
1297 735 1351 780 et
1381 736 1614 780 castrum
1667 722 1966 791 pervadens
2016 723 2226 776 classes
2256 735 2349 775 ca-

761 830 878 888 ptas
927 820 1145 873 abstulit
1192 819 1411 886 plures,
1463 825 1518 869 et
1565 831 1694 884 opes
1743 815 1964 868 abstulit
2015 814 2352 868 innumeras.

761 915 889 967 l’ost
929 913 1176 980 aliquot‘
1213 914 1328 966 dies
1377 910 1606 963 Basilius
1637 911 1765 972 dux,
1814 909 2081 962 Jordaties
2127 909 2349 961 chartu-

761 1005 948 1067 larius,
982 1014 1036 1058 et
1066 1004 1302 1058 Joannes
1328 1004 1710 1070 subdiaconus,
1738 1011 2095 1071 cognomento
2125 1001 2348 1068 Lurion,

758 1099 1045 1150 consilium
1097 1097 1368 1162 inierunt,
1419 1095 1444 1134 ι)
1479 1103 1537 1148 ut
1586 1094 1895 1163 pontiﬁcem
1956 1094 2346 1160 interﬁcerent,

758 1191 952 1259 quibus
1009 1206 1297 1245 assensum
1351 1191 1586 1244 Marinus
1657 1190 1967 1256 imperialisj
2021 1189 2348 1256 spatharius,

759 1287 846 1352 qui
879 1286 1177 1339 Romanum
1203 1285 1453 1339 ducatum
1485 1286 1720 1348 tenebat,
1747 1299 1772 1334 a
1799 1285 1942 1351 regia
1973 1284 2170 1336 missus
2195 1283 2350 1348 urbe,

764 1379 1086 1446 imperatore
1136 1379 1444 1444 mandante,
1501 1378 1600 1430 hoc
1651 1377 1935 1444 probavit;
1993 1377 2085 1429 sed
2140 1387 2351 1442 tempus

762 1472 1004 1525 invenire
1036 1487 1138 1523 non
1176 1479 1486 1538 potuerunt,
1541 1470 1662 1538 quia
1700 1470 1788 1522 Dei
1819 1470 2022 1537 judicio
2052 1468 2350 1522 dissolutus

757 1570 816 1613 et
843 1572 1156 1613 contractus
1186 1569 1283 1622 est,
1320 1569 1373 1613 et
1406 1559 1483 1611 sic
1524 1573 1551 1610 a
1588 1559 1754 1611 Roma
1801 1559 2044 1611 recessit.
2101 1556 2348 1607 Postmo-

755 1648 882 1700 dum
918 1650 1110 1701 Paulus
1146 1649 1403 1716 patricius
1434 1658 1484 1700 et
1531 1646 1792 1699 cxaiclius
1828 1646 2022 1697 missus
2056 1644 2107 1697 iii
2137 1643 2346 1697 Italiam

757 1749 858 1801 est,
893 1741 981 1803 qui
1010 1739 1226 1804 denuo,
1280 1748 1334 1790 ut
1387 1741 1485 1788 hoc
1527 1736 1702 1789 scelus
1733 1737 2074 1802 perlicerent,
2125 1735 2350 1788 medita-

760 1831 971 1883 bantur.
1009 1831 1243 1892 Quorum
1275 1829 1560 1880 Consilium
1591 1827 1851 1880 Romanis
1884 1827 2210 1895 patefactum
2244 1836 2345 1890 est,

2461 623 2728 677 esarchus
2776 623 3122 692 imperatoris
3157 625 3400 694 jussione
3448 629 3703 684 eumdem
3738 629 4043 699 pontiﬁcem

2459 716 2756 770 conabatur
2811 717 3138 784 interﬁcere,
3187 734 3359 786 eoque
3399 735 3624 776 censum
3667 723 3725 777 in
3779 727 4046 793 provincia

2459 823 2660 877 ponere
2691 810 3076 878 prmpediebat,
3110 821 3163 864 et
3203 813 3467 880 cogitaret
3494 815 3612 868 suis
3639 813 3840 882 opibus
3875 817 4044 871 Eccle-

2458 900 2567 952 sias
2615 899 2926 964 denudare,
2981 901 3120 954 sicut
3170 901 3221 954 in
3267 905 3479 958 caeteris
3527 916 3712 959 actum
3761 915 3850 960 est
3899 908 4042 970 locis,

2458 1002 2618 1060 atque
2645 993 2810 1047 alium
2845 992 2897 1046 in
2926 993 3042 1058 ejus
3091 993 3370 1048 ordinaret
3405 995 3545 1050 loco.
3580 996 3711 1051 Post
3739 999 3888 1053 hunc
3916 1000 4039 1063 Sp:-

2460 1087 2663 1140 tharius
2693 1099 2816 1138 cum
2863 1084 3201 1152 jussionibus
3234 1088 3430 1141 missus
3460 1096 3542 1142 est
3568 1089 3728 1156 alter,
3778 1101 3841 1144 ut
3875 1098 4042 1158 ponti-

2458 1178 2542 1233 fex
2568 1194 2595 1231 a
2626 1192 2721 1230 sua
2748 1177 2879 1230 sede
2910 1189 3274 1234 amoveretur.
3328 1179 3511 1235 Denuo
3542 1180 3740 1237 Paulus
3793 1185 4042 1248 patricius

2456 1270 2521 1324 ad
2555 1269 2939 1339 perﬁciendum
2968 1271 3070 1324 tale
3097 1273 3296 1335 scelus,
3325 1288 3460 1340 quos
3486 1274 3747 1329 Seducere
3781 1279 3956 1344 potuit
3985 1293 4037 1328 rs

2456 1364 2478 1396 ‘
2510 1365 2782 1429 Ravenna,
2815 1379 2936 1417 cum
2981 1378 3078 1417 suo
3126 1366 3346 1428 comite,
3396 1375 3555 1434 atque
3584 1383 3651 1420 ex
3707 1370 3904 1423 castris
3954 1374 4042 1422 ali-

2456 1470 2608 1525 quos,
2637 1455 2802 1510 misit.
2840 1455 2945 1512 Sed
2974 1455 3135 1510 motis
3158 1455 3433 1522 Romanis,
3465 1469 3626 1526 atque
3649 1460 3890 1529 undique
3908 1460 4039 1514 Lou-

2456 1551 2705 1619 gobardis
2738 1566 2831 1616 pro
2869 1550 3183 1604 defensione
3238 1551 3502 1619 pontiﬁcis
3545 1551 3596 1605 in
3625 1550 3840 1606 Salaria
3889 1566 4039 1621 ponte

2459 1641 2766 1708 Spoletini,
2813 1650 2975 1708 atque
3027 1639 3150 1694 hinc
3201 1642 3326 1696 inde
3356 1643 3519 1698 duces
3567 1645 4038 1715 Longobardorum

2456 1731 2852 1785 circumdantes
2883 1731 3250 1786 Romanorum
3285 1733 3438 1795 lines.
3474 1735 3576 1789 hoe
3625 1742 4036 1806 przepedieruui.

2531 1831 2553 1860 α
2575 1821 2918 1877 Jussionibus
2950 1822 3127 1891 itaque
3160 1825 3496 1892 postmodum
3530 1827 3735 1893 missis,
3782 1830 4039 1883 decreve-

755 1924 845 1992 qoi
882 1926 901 1954 ⁸
941 1935 1112 1976 morte
1141 1925 1319 1976 cuncti
1348 1921 1638 1973 .lordanem
1672 1919 2061 1970 interfecerunt
2088 1925 2140 1968 et
2181 1917 2344 1970 Joan-
2383 1924 2428 1982 Β
2460 1926 2541 1968 rat
2570 1917 2589 1945 θ
2618 1917 2913 1983 imperator
2943 1916 3168 1968 utnulla
3203 1917 3378 1985 imago
3407 1919 3694 1985 cujuslibet
3722 1923 3917 1985 sancti,
3953 1932 4038 1973 aut

759 2030 878 2067 iicm
912 2013 1218 2066 Lill‘lilllem.
1277 2012 1507 2064 Basilius
1541 2025 1669 2063 vero
1702 2009 2001 2061 monachus
2044 2009 2236 2070 lactus,
2293 2009 2341 2059 in

2455 2008 2729 2076 martyris,
2773 2018 2864 2060 aut
2906 2007 3102 2076 angeli,
3147 2006 3448 2077 ubicunque
3481 2010 3799 2078 haberetur,
3831 2014 3851 2042 ‘
3883 2015 4041 2065 ntale-

1984 2100 2376 2156 VARIANTES
2418 2100 2821 2155 LECTIONES.

828 2205 842 2234 ι
878 2201 1009 2253 Cod.
1040 2201 1193 2266 Luc.,
1227 2207 1441 2262 tempus.

827 2275 846 2303 ²
877 2270 1009 2322 Cod.
1047 2273 1200 2330 Luc"
1231 2271 1374 2322 moti.

825 2343 846 2372 ³
874 2341 996 2393 Post
1051 2343 1162 2392 haec
1205 2342 1384 2398 verba,
1432 2338 1706 2402 sequentia
1749 2337 1827 2390 sic
1860 2338 2109 2398 leguntur
2147 2338 2196 2391 in
2226 2338 2335 2392 al.:

757 2415 779 2466 Ι
811 2415 873 2466 lis
896 2413 1070 2464 diebus
1098 2409 1710 2479 imperatorumjussione
1737 2406 1937 2461 Paulus
1966 2411 2235 2477 patricius,
2255 2411 2343 2478 qui

2448 2197 2699 2268 exarclius
2736 2195 3212 2268 fueratucumdem
3271 2198 3556 2266 pontiﬁcem
3601 2202 3906 2268 conabatur,
3942 2216 4036 2258 etc.

2523 2267 2542 2295 ’⁸
2567 2266 2700 2320 Cod.
2735 2267 2889 2331 Luc.,
2926 2263 3327 2320 Ravennatibus.

2525 2337 2545 2368 ⁵
2568 2339 2700 2408 God.
2735 2336 2889 2408 Luc.,
2925 2337 3026 2389 Leo
3049 2339 3347 2408 imperator.

2526 2407 2546 2438 ⁸
2569 2407 2701 2460 Gud.
2732 2407 2888 2472 Luc.,
2915 2409 3004 2460 sed
3032 2424 3206 2462 omnes
3226 2410 3448 2478 iusserat
3477 2411 3669 2482 deponi
3691 2423 3739 2468 et
3766 2416 3988 2468 incendi.

2116 2501 2474 2556 VARIURUM
2517 2501 2746 2556 NOTAE.

833 2606 860 2634 ⁸
885 2594 1343 2665 Langobardorum
1373 2593 1741 2665 Luitprandus.
1787 2593 1860 2665 D_»
1889 2609 1954 2645 co
1993 2593 2210 2654 Paulus,
2244 2595 2338 2647 lib.

756 2683 829 2728 vt,
860 2683 909 2721 c.
935 2663 1038 2718 illi:
1073 2666 1144 2717 lio
1174 2677 1394 2728 tempore
1421 2664 1770 2730 Luitprandus
1802 2663 2097 2716 Ravennam
2123 2665 2340 2732 obsedit,

753 2737 969 2791 classem
996 2737 1196 2794 invasit,
1225 2748 1376 2804 atque
1401 2737 1677 2787 destruxit.
1709 2735 1993 2788 Bmcmus.

827 2807 852 2845 ι’
882 2807 948 2861 Ut
986 2807 1275 2874 pontiﬁcem
1322 2805 1684 2872 inter/iterent.
1727 2806 1948 2858 Scilici-t
1995 2806 2101 2859 Leo
2150 2808 2341 2861 Arme-

753 2894 874 2939 nus,
904 2880 1003 2930 sub
1029 2876 1234 2942 imperii
1259 2891 1352 2943 spe
1382 2894 1409 2928 a
1443 2876 1642 2929 .Iuda-is
1679 2876 1886 2937 pridem
1916 2879 2341 2941 eircumveiitus,

758 2960 815 3003 ut
869 2951 1126 3012 imagines
1179 2949 1520 3011 destrueret,
1575 2948 1750 3011 priora
1807 2947 1978 2999 eilir-Ia
2030 2948 2094 2999 ad
2127 2950 2342 3001 easdem

760 3022 1051 3072 aholendas
1078 3019 1352 3070 emiserat.
1408 3016 1541 3069 Cum
1576 3032 1701 3070 vero
1724 3026 2042 3083 agnosceret
2063 3018 2159 3069 sibi
2196 3019 2246 3068 in
2278 3034 2344 3071 eo

765 3103 1094 3155 magnopere
1128 3086 1400 3140 adversari
1432 3087 1744 3152 Gregorium
1780 3090 2103 3153 poutilicem,
2136 3102 2230 3153 per
2249 3103 2343 3142 eos

748 3176 884 3227 quos
949 3161 1031 3211 hic
1056 3157 1373 3212 Anastasius
1434 3168 1681 3211 recenset
1734 3157 1962 3211 interﬁci
2003 3159 2339 3212 allahoravil.

757 3231 1045 3283 linsmaus.

836 3313 857 3337 ε
887 3299 1236 3356 Jussionibns.
1278 3298 1350 3351 De
1377 3298 1522 3352 bisre
1570 3298 1758 3352 eil'ctis
1807 3299 1877 3352 ab
1904 3297 2134 3352 Isaurico
2163 3297 2342 3354 Leone

755 3371 1010 3438 vulgatis,
1066 3370 1256 3423 eadem
1292 3370 1450 3422 habet
1497 3370 1714 3432 Paulus,
1758 3370 1850 3422 lib.
1887 3385 1956 3431 vr,
1993 3384 2039 3422 c.
2077 3370 2165 3421 1ου.
2201 3373 2342 3422 Ληλ-

751 3444 948 3493 stasius
977 3440 1101 3493 dum
1135 3440 1353 3492 Paulum
1385 3440 1662 3500 exscribit,
1698 3441 2018 3492 haereticalia
2049 3439 2339 3504 imperato-

756 3513 828 3564 ris
861 3511 1036 3564 edicta
1071 3511 1226 3564 simul
1256 3514 1594 3572 commiscet,
1644 3509 1788 3561 nullo
1834 3511 2064 3577 priorum
2095 3526 2121 3559 a
2150 3524 2341 3562 secun-

754 3583 842 3634 dis
871 3580 1201 3634 discrimine.
1238 3579 1464 3633 Decreta
1500 3583 1676 3648 itaque
1703 3580 1808 3632 duo
1842 3580 2072 3647 vulgavit
2104 3579 2232 3632 Leo.
2284 3581 2339 3632 ln

760 3654 954 3718 primo,
990 3652 1129 3717 quod
1163 3667 1304 3702 anno
1331 3652 1436 3704 7w
1481 3651 1698 3718 prodiit,
1733 3662 1952 3704 caverat
1986 3666 2050 3702 ne
2076 3648 2337 3716 imagines

755 3723 1128 3774 adorerentur.
1183 3727 1354 3789 Atque
1383 3722 1448 3773 ile
1479 3724 1583 3773 isto
1613 3731 1734 3773 sunt
1779 3721 2123 3786 intelligenda
2171 3721 2332 3774 verba

758 3795 1015 3858 Stephani
1050 3793 1259 3845 diaconi
1286 3792 1450 3852 Gl’ni,
1498 3793 1548 3842 in
1591 3791 1704 3842 Vita
1737 3791 1908 3843 salici
1939 3790 2198 3856 Stephani
2246 3791 2342 3843 Ju-

759 3863 946 3922 nioris,
989 3862 1076 3914 ubi
1104 3863 1219 3914 llil‘t'.
1252 3864 1530 3926 leguntur:
1568 3859 1689 3913 Post
1727 3863 1979 3913 decimum
2023 3863 2222 3930 imperii
2261 3864 2341 3914 sui

754 3949 944 3986 annum
989 3949 1144 3985 novus
1173 3934 1260 3985 ille
1299 3931 1940 3985 Bttlt/iasai'dlanicltwain
1984 3934 2252 3992 liwresim,
2295 3943 2342 3984 et

753 4006 1282 4068 Aput/immutarunt,
1318 4005 1458 4055 utita
1484 4004 1681 4068 loquar,
1709 4007 1840 4070 forte
1880 4003 2022 4053 haud
2047 4002 2336 4068 dissimilis,

757 4077 812 4126 in
838 4074 1118 4126 Ecclesium
1148 4074 1379 4141 spiravit.
1409 4071 1590 4136 Itaque
1624 4074 1849 4141 subjecta
1873 4074 1968 4125 sibi
1996 4076 2139 4140 plebe
2157 4089 2341 4125 corrua-

761 4152 914 4205 cata,
974 4159 1146 4195 coram
1197 4145 1429 4195 omnibus
1470 4142 1754 4194 Leoninuin
1797 4145 2000 4211 rugiens
2059 4143 2340 4196 inhumana

757 4214 868 4266 Iura
909 4215 1098 4278 bellua,
1144 4226 1191 4266 et
1230 4213 1415 4266 Leonis
1457 4216 1676 4266 nominis
1719 4215 1953 4283 insignis,
2001 4223 2047 4266 et
2093 4213 2342 4267 iracundo

756 4285 932 4346 corde,
964 4284 1187 4338 velutex
1212 4283 1414 4338 /Etlina
1436 4295 1624 4346 monte,
1666 4286 1835 4352 ignem
1875 4293 1921 4336 et
1963 4285 2202 4350 sulphur,
2245 4285 2342 4336 mi.

757 4360 1025 4407 serendum
1056 4354 1197 4405 illam
1239 4370 1409 4406 vocem
1431 4355 1672 4406 eructavit
1714 4371 1774 4405 ac
1799 4355 2049 4419 protulit:
2094 4355 2346 4419 Quando-

758 4426 964 4493 quidem
989 4425 1271 4493 imaginum
1313 4425 1585 4493 fabricatio
1615 4441 1701 4477 ars
1723 4435 1794 4477 est
1818 4426 2028 4490 idolica,
2067 4426 2188 4478 illas
2209 4427 2342 4478 ado-

761 4511 877 4547 rare
902 4511 1002 4548 non
1027 4507 1243 4563 Oportet.
1295 4497 1446 4549 Unde
1474 4494 1582 4548 Leo
1606 4509 1845 4548 errorem
1879 4496 2138 4555 hauserit,
2172 4496 2343 4549 iusius

767 4566 1002 4632 produnt
1041 4566 1400 4634 Theophanes
1430 4565 1495 4617 ad
1527 4565 1728 4618 dictum
1758 4582 1955 4618 annum
1988 4606 2001 4625 ,
2053 4575 2108 4618 et
2152 4577 2340 4620 auctor

761 4610 1032 4696 iiiiée'ii'aé.
1053 4610 2343 4703 ἰὶξιξῖ’ἶὲᾇόῗῖῖῖξιιῖἶῖιὶὲιῖζιἰὲὲὶὶῖιὶὲήύὤὶειῦἲῖιὶἷιέ
2377 4610 2422 4669 D

764 4709 945 4772 giniun
975 4709 1341 4769 veneratione,
1395 4720 1679 4773 anlequatu
1710 4707 1774 4760 ad
1816 4722 1998 4759 earum
2035 4708 2341 4761 incendium

765 4778 1162 4830 decernendum
1190 4777 1621 4844 progrederetur,
1653 4792 1910 4831 exorsum
1938 4778 2127 4841 luisse,
2158 4788 2344 4845 aperte

763 4847 923 4899 docet
951 4846 1328 4912 Theophanes,
1385 4863 1503 4916 pag.
1537 4849 1643 4901 540
1672 4865 1684 4900 :
1721 4848 1991 4901 Enimvero
2027 4848 2218 4912 impius
2256 4851 2345 4902 illc

766 4933 866 4969 non
897 4927 1002 4968 tam
1031 4917 1083 4968 in
1109 4933 1280 4970 errore
1321 4919 1382 4970 de
1423 4920 1697 4983 respectiva
1731 4922 2133 4972 venerandarum
2161 4922 2342 4988 imagi-

765 5004 885 5039 num
908 4988 1211 5041 adoratione
1232 4997 1456 5040 versatus
1482 4997 1577 5052 est,
1623 4992 1711 5043 sed
1734 4993 1886 5043 etiam
1921 4992 1984 5042 de
2010 4993 2344 5044 sanctissima:

767 5057 1026 5126 Deipuraz,
1065 5071 1462 5126 sanctorumque
1501 5061 1728 5112 omnium
1751 5061 2213 5125 intercessionibus,
2259 5079 2343 5114 eo-

765 5144 977 5192 rumque
1000 5130 1241 5196 reliquias
1265 5131 1414 5180 homo
1435 5130 1853 5184 sceleratissimus
1876 5149 1927 5183 in
1960 5132 2185 5184 Arabum
2210 5149 2342 5194 pra’-

766 5212 1264 5270 crptorumsuorum
1305 5216 1440 5251 more
1480 5200 1796 5254 abominatus
1840 5213 1928 5254 est.
1971 5203 2047 5254 Ab
2076 5217 2138 5254 eo
2172 5207 2344 5270 itaque

767 5279 992 5333 teni-ore
1036 5269 1329 5322 inimicitias
1369 5287 1482 5322 cum
1526 5273 1670 5324 beato
1716 5274 2008 5337 patriarcha
2034 5270 2178 5334 Cpno
2213 5273 2337 5326 Ger-

767 5354 916 5410 mano
955 5339 1306 5404 imprudenter
1333 5341 1574 5405 suscepit,
1618 5359 1888 5410 ontncsque
1914 5347 2200 5396 decessores
2223 5361 2341 5396 suos

766 5409 1119 5483 imperatores,
1163 5413 1420 5476 prwsules,
1464 5409 1879 5482 Christianosque
1918 5416 2135 5483 populos
2161 5455 2175 5475 ,
2222 5425 2341 5467 tan-

765 5495 917 5552 quam
941 5480 1264 5548 idololatras,
1303 5486 1363 5535 ob
1389 5494 1684 5534 sanctarum
1710 5480 2206 5552 venerandarumqite
2226 5488 2344 5536 inia-

763 5551 941 5624 ginum
963 5553 1332 5624 adorationem,
1375 5569 1468 5604 con
1490 5566 1718 5606 .‘entnuns
1743 5595 1757 5617 ,
1792 5572 1908 5606 cum
1949 5555 2036 5608 ille
2058 5551 2164 5624 prtc
2185 5573 2288 5607 nim
2312 5573 2344 5610 α

765 5620 1121 5692 incredulitate
1149 5634 1299 5688 atque
1320 5626 1602 5676 rusticitate
1623 5628 1685 5677 de
1709 5629 1980 5692 respectivo
2005 5620 2180 5678 earum
2201 5629 2342 5680 cultu

764 5691 1013 5742 rationem
1046 5709 1105 5744 ac
1128 5709 1410 5745 sermonem
1434 5710 1609 5758 capere
1637 5695 1841 5747 rulorct.
1872 5699 2156 5750 litzxcmus.

833 5764 886 5811 ‘2.
929 5759 1257 5817 Jussionibus
1287 5766 1458 5831 itaque
1501 5770 1821 5829 postmodum
1856 5769 2024 5820 missis
2054 5770 2343 5820 decreverat

762 5827 1040 5896 imperator
1086 5842 1139 5884 ut
1183 5836 1326 5887 nulla
1373 5827 1562 5901 imago.
1621 5837 1696 5890 Ill.
1729 5841 1878 5892 arcti.
1927 5839 2194 5892 Sommier
2238 5839 2342 5893 late

761 5911 975 5956 coartat
1016 5903 1388 5960 lconoclastar.
1445 5907 1744 5975 historiam,
1790 5925 1948 5977 quam
2005 5910 2160 5976 intra,
2203 5923 2335 5965 seet.

2455 2592 2577 2664 188,
2601 2592 2749 2664 dabo
2769 2595 3026 2664 integram
3059 2594 3110 2646 in
3143 2595 3284 2647 notis
3316 2594 3478 2664 Pagii.
3516 2597 3647 2652 Eam
3673 2601 3882 2655 interea
3909 2605 4038 2655 deli-

2452 2663 2587 2736 habo
2616 2679 2682 2716 ex
2705 2663 2879 2736 ejusd.
2913 2665 3062 2717 areli.
3098 2665 3236 2718 Hist.
3272 2663 3479 2736 Dogm.,
3516 2668 3552 2721 Ι.
3587 2685 3700 2732 vni,
3737 2686 3785 2726 c.
3825 2671 3913 2726 9.5.
3939 2673 4036 2727 Lex

2447 2743 2504 2787 et
2535 2734 2838 2787 insﬁtutum
2868 2735 3316 2788 lconorlastarum
3339 2734 3454 2792 erat
3480 2737 3677 2794 Christi
3712 2752 4038 2796 sanctorum-

2448 2819 2552 2879 que
2593 2804 2916 2879 imaginibus
2958 2806 3156 2857 eultum
3202 2807 3447 2879 rejicere,
3497 2813 4033 2879 corumqueinroca-

2449 2877 2648 2928 tionem
2663 2889 2713 2927 et
2729 2874 2984 2941 reliquias
2997 2878 3390 2938 superstitionis
3409 2874 3738 2936 insimulare.
3768 2883 3877 2937 Leo
3896 2885 4029 2937 Isau-

2448 2961 2539 3018 rus
2573 2945 2925 3018 hreresiarelia
2953 2948 3154 3018 passim
3180 2947 3422 3018 habetur,
3454 2951 3518 3003 de
3545 2967 3652 3018 quo
3677 2955 3749 3004 ait
3772 2953 4032 3006 Constan-

2452 3016 2595 3068 tinus
2621 3017 2892 3088 Manasses
2910 3031 2923 3066 :
2943 3014 3284 3070 Ersecrnbilis
3308 3014 3585 3079 imperator
3607 3026 3928 3088 partui-iebat
3946 3026 4032 3078 illa

2447 3088 2651 3152 quidem
2677 3087 2900 3138 absurda
2931 3102 3158 3155 novaque
3185 3092 3400 3141 consilia
3429 3087 3613 3144 contra
3635 3091 3924 3156 Christum;
3949 3101 4031 3147 sed

2453 3159 2609 3234 {enim
2651 3157 2992 3234 improbitatis
3021 3173 3088 3208 nu
3114 3156 3163 3234 to
3191 3159 3344 3234 modo
3387 3177 3568 3230 parere
3597 3173 3815 3234 poterat,
3847 3167 4034 3234 quippe

2369 3244 2414 3302 ρ
2453 3227 2659 3279 timidus
2703 3227 2906 3278 animus
2931 3244 3048 3280 eum
3089 3228 3152 3280 ab
3184 3227 3423 3282 instituto
3454 3233 3754 3302 revocabat.
3801 3227 3868 3288 Et
3905 3227 4032 3290 sane

2446 3306 2733 3371 antequam
2765 3306 2979 3371 pareret
3008 3310 3328 3371 conceptum
3353 3301 3552 3364 scelus,
3599 3305 3714 3368 ipso
3751 3319 3895 3357 anno
3927 3324 4030 3371 quo

2445 3365 2728 3440 creabatur
2773 3367 3088 3440 imperator,
3137 3365 3332 3440 deinde
3380 3365 3688 3440 quotannis,
3739 3365 4028 3430 catholicas

2446 3451 2660 3502 semper
2695 3437 2900 3490 litteras
2950 3437 3099 3492 dedit
3128 3437 3411 3506 Gregorio,
3438 3443 3577 3506 quod
3630 3437 3770 3498 idem
3807 3457 4028 3500 testatur

2449 3508 2501 3559 in
2534 3508 2757 3574 cpistola
2789 3509 2853 3558 ad
2881 3509 3127 3573 imperat.
3162 3525 3329 3575 prima
3367 3528 3381 3565 :
3419 3510 3666 3566 Undecim
3694 3515 4029 3570 indictionum

2449 3589 2688 3653 acceptas
2717 3579 2964 3653 epistolas
3002 3586 3117 3630 tuas
3145 3579 3197 3653 in
3221 3591 3399 3633 sancta
3441 3580 3674 3637 Ecclesia
3702 3589 3954 3653 repositas
3984 3591 4029 3639 iii

2445 3648 2616 3725 [tiniae
2655 3648 2991 3725 confessionis
3024 3649 3187 3703 sancti
3212 3659 3256 3702 et
3286 3654 3495 3721 gloriosi
3537 3670 3598 3706 ac
3633 3648 3888 3725 principis
3906 3675 4027 3718 apo-

2445 3719 2695 3770 stolorum
2720 3717 3141 3788 Petridiligenter
3167 3717 3442 3784 servamus,
3464 3725 3549 3776 ubi
3567 3735 3611 3777 et
3629 3717 3826 3779 Christi
3854 3717 4026 3780 aman-

2447 3789 2570 3860 tiu-ii
2621 3789 3050 3856 prwdecessorum
3078 3793 3166 3860 qui
3194 3794 3275 3857 pie
3310 3794 3627 3859 imperarunt
3675 3808 3796 3849 sunt
3827 3797 4026 3852 littera.

2448 3859 2503 3912 In
2537 3858 2601 3911 iis
2626 3868 2803 3930 autem
2838 3860 3033 3913 litteris
3085 3858 3354 3925 pollicitus
3385 3858 3501 3918 erat
3532 3867 3767 3930 pontiﬁci
3800 3881 3861 3923 se
3891 3886 4024 3922 nun-

2445 3943 2604 4009 quam
2634 3929 2701 3983 ab
2726 3930 3186 4009 ortliodox:1:__ﬁdei
3209 3936 3408 3999 regulis
3423 3929 3807 4009 ἀίδορεςιιςυεη.
3838 3941 3902 3992 At
3923 3955 4029 4009 post

2447 4001 2702 4051 decimum
2748 4003 2829 4053 sui
2860 4002 3066 4069 imperii
3111 4019 3303 4055 annum
3331 4020 3489 4058 novus
3528 4007 3618 4060 ille
3661 4001 4025 4065 Balthasnh...

2448 4071 2792 4145 miserandam
2820 4071 2966 4145 illam
2995 4088 3166 4145 vacent
3210 4075 3460 4128 cruciavit
3487 4086 3532 4128 et
3562 4082 3774 4143 protulit
3801 4095 3820 4133 :
3859 4083 4029 4145 Quaa-

2448 4141 2718 4208 doqnidem
2771 4142 3054 4210 imaginum
3093 4143 3359 4209 fabricatio
3413 4161 3498 4199 ars
3544 4141 3617 4201 est
3660 4141 4026 4211 idolicafillas

2447 4215 3013 4286 adorarenonoportet.
3030 4212 3231 4286 (Iacob.
3251 4215 3494 4286 Loppin.,
3515 4217 3745 4273 Analect.
3764 4229 3805 4275 t.
3834 4219 3877 4274 1.
3915 4221 4025 4274 Vita

2446 4285 2608 4334 sancti
2639 4282 3075 4348 Steph.monaclii
3101 4297 3148 4338 et
3178 4282 3451 4353 mart.)'—
3471 4290 3655 4342 Adhuc
3682 4300 3856 4344 tamen
3884 4292 4024 4347 siluit

2448 4353 2756 4427 aliquandiu
2811 4355 3101 4422 imperat-or
3129 4356 3198 4408 ob
3219 4360 3478 4412 excitatos
3508 4359 3603 4427 Cp.
3640 4363 3898 4415 tumultus
3933 4364 4025 4417 hac

2448 4425 2514 4475 de
2545 4440 2624 4489 re,
2645 4432 2839 4494 agente
2857 4440 2980 4478 cum
3006 4427 3192 4490 primis
3223 4429 3521 4494 patriarcha
3552 4425 3738 4484 sancto
3761 4431 4024 4485 Germano

2448 4494 2516 4546 ad
2569 4493 2925 4548 avertendum
2964 4497 3184 4563 impium
3226 4493 3461 4552 laciuus.
3514 4500 3702 4554 Verum
3745 4504 3798 4554 in
3841 4516 4023 4556 senatu

2453 4563 2669 4639 demum
2701 4570 2910 4639 aperuit
2953 4581 3108 4619 suum
3143 4568 3402 4634 animum,
3434 4584 3701 4632 aususiiue
3738 4581 3822 4626 est
3851 4576 4025 4639 ponti-

2453 4636 2534 4688 lici
2587 4634 2911 4703 persuadere
2954 4648 3010 4690 ut
3059 4651 3243 4690 sacras
3297 4639 3554 4704 imagines
3605 4634 3927 4705 eliniiiiaret,
3981 4644 4020 4696 si

2444 4707 2634 4779 gratia
2665 4706 2782 4773 ejus
2828 4708 2903 4779 uti
2932 4708 3148 4779 vellet;
3208 4723 3467 4778 suamque
3519 4706 3636 4765 lardi
3691 4713 4018 4779 majestateiu

2444 4777 2636 4828 summi
2703 4777 2972 4844 pontilicis
3027 4787 3248 4844 paterna
3301 4777 3664 4836 admoiiiiione
3709 4777 4017 4845 arbitratus,

2445 4845 2732 4899 identidem
2792 4851 2881 4915 qui
2956 4863 3080 4901 eum
3132 4847 3502 4906 interimerent
3558 4853 3780 4907 Romam
3856 4855 4014 4907 aii-it.

2443 4917 2698 4988 Sanctum
2736 4915 3064 4972 Germanum
3091 4934 3156 4972 ex
3203 4922 3528 4986 patriarcbio
3556 4925 3792 4988 espulit,
3825 4923 4017 4978 Christi

2446 4987 2732 5063 imaginem
2763 5004 2790 5038 a
2819 4988 2888 5042 Μ.
2913 4990 3267 5043 Constantino
3297 4992 3348 5045 in
3379 4995 3514 5045 aula:
3534 4995 3756 5063 vesﬁgio
3784 5006 4010 5049 erectam

2444 5058 2662 5126 dejecit,
2700 5057 3082 5129 jussmnesque
3134 5063 3200 5113 ad
3234 5077 3366 5116 suos
3398 5057 3745 5130 undequaqire
3779 5067 4018 5126 tradidit,

2446 5140 2744 5204 praiseitun
2794 5131 2862 5204 in,
2893 5132 3042 5184 Italia
3077 5131 3334 5198 degentes
3364 5172 3378 5195 ,
3425 5141 3482 5186 iit
3527 5148 3706 5188 sai-ras
3735 5133 4010 5204 imagines,

2446 5201 2595 5273 nefas
2624 5201 2808 5273 dictu!
2853 5201 2959 5269 igni
2989 5208 3354 5267 absumerent,
3385 5218 3448 5258 ac
3479 5205 3810 5273 pontiﬁcem,
3842 5201 3888 5259 si
3921 5212 4009 5260 ob-

2444 5269 2682 5335 sisteret,
2731 5272 3115 5326 intertieereut.
3164 5300 3234 5313 -
3285 5274 3419 5327 Tum
3473 5269 3599 5328 vero
3656 5289 3873 5331 necesse
3931 5278 4012 5329 lia-

2446 5340 2557 5394 buit
2603 5352 2820 5396 sanctus
2870 5342 3163 5411 Gregorius
3211 5341 3518 5399 Catholicos
3569 5345 3766 5409 ubique
3805 5347 3855 5399 in
3909 5347 4006 5402 ﬁde

2444 5412 2556 5484 suis
2591 5413 2782 5466 litteris
2835 5415 3156 5467 eonlirmare
3201 5415 3460 5468 adversus
3511 5413 3778 5481 haeresim,
3824 5416 4012 5484 Deique

2443 5483 2698 5550 singulari
2734 5485 2990 5538 beneﬁcio
3019 5484 3213 5538 accidit
3244 5495 3302 5539 ut
3327 5501 3517 5540 omnes
3546 5499 3882 5540 Sacramenta
3901 5483 4012 5542 sese

2443 5559 2760 5608 θηιιηηιίςεθ
2788 5556 3053 5609 audiverit
3084 5571 3177 5623 pro
3207 5556 3311 5610 lide
3333 5571 3395 5609 ae
3421 5557 3524 5610 vita
3551 5556 3815 5624 pontiﬁms
3842 5558 4016 5612 delen-

2443 5625 2640 5679 deuda.
2678 5627 3010 5696 Longobaidi
3041 5629 3218 5690 etiam,
3254 5642 3388 5695 quos
3417 5627 3610 5694 impius
3636 5631 3926 5696 imperator
3956 5630 4012 5682 ad

2447 5711 2572 5769 suas
2614 5709 2792 5764 partes
2842 5697 3056 5751 trahere
3107 5698 3446 5769 moliebatur,
3499 5705 3713 5769 reiectis
3770 5713 4018 5769 generose

2445 5767 2624 5838 donis,
2668 5776 3049 5836 percusserunt
3095 5768 3264 5822 tazdus
3291 5783 3410 5822 cum
3443 5767 3605 5828 Italis.
3645 5767 3791 5838 piam
3813 5785 4017 5824 causam

2445 5837 2740 5892 defensuri.
2772 5869 2839 5879 —
2867 5839 3226 5904 Luitprandus
3253 5840 3462 5908 quidem
3491 5837 3679 5893 eorum
3711 5855 3832 5903 res,
3861 5842 4018 5894 duca-

2450 5920 2560 5964 tum
2607 5910 2812 5978 Spoleti
2855 5923 2916 5966 ac
2964 5910 3253 5966 Beneventi
3290 5909 3763 5981 adipiscendorum
3792 5927 3883 5982 spe
3915 5914 4017 5967 ille-
