4168 6528
95 408 203 461 477

95 618 208 668 hoc
241 622 369 681 pont
394 610 499 676 fes,
535 611 757 681 gratiam
788 607 1131 678 imperatoris
1164 608 1386 660 haberet
1412 624 1424 669 ;
1448 608 1494 658 si
1517 614 1572 658 et
1597 605 1696 659 huc

94 707 224 759 Iieri
273 705 613 772 praepediret,
666 718 692 753 a
721 716 820 756 suo
864 701 1029 772 gradu
1064 702 1078 730 ¹
1112 700 1407 753 decideret.
1457 707 1481 734 ι
1515 698 1701 765 Respi-

96 794 262 847 ciens
312 808 440 862 ergo
486 792 602 858 pius
654 791 733 843 vir
774 788 1055 858 profanant
1089 789 1348 858 print-iiiis
1376 788 1699 855 jussionem,

92 889 218 953 jam
251 894 437 938 centra
469 884 845 951 imperatorem
877 883 1028 948 quasi
1061 891 1246 934 contra
1282 882 1491 934 hestetn
1523 894 1581 933 se
1614 894 1702 931 ar-

96 979 301 1041 mavit,
336 991 568 1029 renuens
593 974 841 1027 ltmrcsim
860 975 995 1039 ejus,
1022 976 1261 1027 scribens
1286 975 1480 1037 ubique
1508 986 1701 1024 cavere

96 1084 163 1123 se
195 1069 557 1129 Christianos,
589 1068 606 1097 ³
638 1082 703 1120 eo
738 1066 877 1134 quod
911 1076 1029 1118 orta
1064 1064 1245 1119 fuisse:
1278 1063 1524 1129 impietas
1557 1062 1699 1113 talis.

97 1164 276 1233 Igitur
310 1164 535 1231 permoti
578 1178 765 1215 omnes
800 1162 1235 1225 Pentapolenses,
1272 1172 1430 1227 atque
1466 1157 1489 1194 δ
1526 1156 1700 1209 Vene-

100 1258 306 1310 tiarum
338 1256 637 1317 exercitus,
673 1264 856 1307 contra
906 1254 1242 1313 imperatoris
1273 1252 1577 1318 iussionem
1615 1265 1701 1303 re-

98 1346 390 1406 stiterunt,
424 1343 663 1395 dicentes
696 1356 963 1407 nunquam
995 1355 1051 1393 se
1086 1342 1134 1391 in
1160 1340 1401 1405 ejusdem
1434 1337 1703 1400 pontificis

101 1435 547 1489 condescendere
579 1448 741 1497 nece,
801 1432 894 1486 sed
925 1446 1017 1500 pro
1040 1431 1157 1498 ejus
1189 1431 1357 1497 magis
1388 1429 1704 1483 defensione

104 1525 342 1579 viriliter
370 1525 669 1579 decertare.
724 1524 794 1576 Ita
829 1533 884 1575 ttt
914 1523 1239 1575 anathemati
1293 1522 1514 1576 Paulum
1548 1533 1705 1573 exar-

103 1617 300 1678 chnm,
331 1615 349 1647 ³
369 1616 449 1670 vel
476 1616 704 1685 quicum
730 1618 1019 1679 direxerat,
1048 1615 1275 1684 ejusque
1298 1624 1698 1668 consentaneos

104 1709 459 1775 submittunt,
512 1719 825 1776 spernentes
852 1710 1244 1763 ordinationem
1283 1710 1418 1778 ejus,
1454 1710 1553 1763 sibi
1588 1725 1704 1763 om-

107 1816 213 1855 nes
247 1802 441 1869 ubique
469 1802 518 1853 in
545 1801 688 1853 Italia
721 1800 740 1830 *
771 1801 933 1855 duces
961 1814 981 1841 τ
1007 1803 1303 1873 elegerunt.
1338 1813 1496 1869 atque
1528 1803 1605 1856 sic
1638 1803 1705 1857 de

876 401 1151 457 NOTITIA
1200 397 1564 455 IllSTOllliIA
1613 397 1675 451 IN
1717 398 1774 453 S.
1822 393 2232 449 GBI‘IGOlllUM
2275 395 2504 451 PAl’Aal
2551 399 2611 451 ll.
3291 409 3395 464 ,ιῖδ

93 526 249 577 dicta
280 522 421 577 enim
454 520 633 574 omnia
680 517 977 581 asserebat,
1028 530 1083 571 et
1124 517 1167 571 si
1220 516 1593 583 acquiesceret
1644 514 1694 565 in
1739 516 1782 572 Α

1887 508 2047 577 Igitur
2076 508 2415 563 dissensione
2456 512 2595 565 facta
2628 512 2680 565 in
2712 514 2950 579 partibus
2984 516 3272 584 ttat/eunte,
3305 522 3396 577 alii

1807 603 2206 656 consentientes
2232 603 2274 633 ¹⁰
2299 602 2559 673 impietati
2588 606 3053 674 imperatoris,a|ii
3077 624 3197 665 cum
3223 616 3397 681 ponti-

1807 695 1907 747 tice
1940 701 1993 745 et
2018 693 2258 747 fidebbus
2289 710 2346 749 se
2381 704 2647 758 tenentes,
2678 699 2718 727 “
2747 700 2886 752 intra
2912 715 3005 755 eos
3046 705 3393 762 contentione

1808 793 1972 849 mota,
2030 784 2247 839 Paulum
2302 787 2585 856 patricium
2634 789 2966 844 occiderunt.
3030 794 3398 864 Longobardis

1807 892 1933 929 vero
1965 876 2194 930 .lEmilia:
2217 890 2389 931 castra
2418 880 2459 909 ¹²
2488 878 2833 942 Ferorianus.
2864 884 2906 914 ¹³
2939 884 3264 951 Montebelli,
3295 889 3399 944 Ve-

1807 969 2013 1022 rablum
2043 986 2164 1024 cum
2189 973 2299 1024 suis
2320 973 2532 1039 oppidis
2566 972 2731 1037 fluxu,
2764 987 2817 1028 et
2839 976 3219 1043 "‘l’ernttecta,
3257 982 3397 1035 l‘en-

1808 1062 1995 1129 tapolis
2038 1079 2246 1129 quoque
2293 1074 2347 1117 et
2396 1064 2693 1118 Auximana
2725 1069 2914 1119 civitas
2948 1084 3005 1122 se
3039 1073 3395 1127 tradiderunt.

1810 1153 1934 1206 l‘ost
1967 1154 2179 1218 aliquod
2226 1171 2355 1207 vero
2387 1164 2597 1221 tempus
2631 1156 2952 1226 Eutychium
2986 1163 3262 1226 patricium
3296 1180 3395 1219 eu-

1810 1248 2065 1305 nuchum.
2107 1250 2147 1278 ¹ε¹
2177 1250 2262 1315 qui
2314 1250 2511 1301 dudum
2554 1250 2818 1303 exercitus
2876 1251 3068 1317 fuerat,
3115 1254 3393 1324 Neapolim

1811 1343 1951 1395 misit
2002 1343 2314 1409 imperator,
2349 1352 2405 1395 ιιι
2459 1344 2613 1407 illud,
2661 1344 2805 1412 quod
2853 1346 3121 1399 cxarchus
3176 1348 3392 1417 Paulus,

1809 1435 2066 1502 spatharii
2118 1450 2353 1502 quoque,
2398 1446 2451 1488 et
2482 1438 2660 1488 ca-teri
2708 1439 2970 1493 malorum
2995 1442 3397 1510 consiliatores,

1810 1525 1989 1581 facere
2021 1528 2395 1593 nequiverunt,
2431 1528 2713 1594 perﬁceret
2747 1528 2853 1591 ille,
2884 1530 2976 1582 sed
3006 1547 3103 1585 nec
3132 1533 3210 1586 sic.
3246 1532 3290 1565 ¹⁸
3323 1534 3406 1588 in-

1813 1630 2013 1674 nuente
2069 1623 2200 1684 Deo,
2257 1621 2409 1674 latuit
2456 1622 2777 1677 miserabilis
2823 1622 3019 1688 dolus,
3075 1626 3169 1678 sed
3215 1626 3409 1682 claruit

1812 1714 2018 1769 cunctis
2063 1715 2351 1782 pessimum
2385 1715 2687 1780 consilium,
2725 1717 2766 1747 ⁸⁷
2799 1718 2922 1784 quia
2972 1717 3168 1771 Christi
3206 1718 3405 1774 violare

1812 1809 2145 1859 conabantur
2175 1806 2467 1871 Ecclesias,
2504 1816 2557 1861 et
2585 1808 2813 1876 perdere
2843 1821 3067 1863 cunctos
3089 1851 3103 1876 ,
3134 1821 3293 1880 atque
3322 1813 3406 1866 dio

108 1895 390 1961 pontificis
433 1894 607 1961 δρψ-ιτ
638 1910 728 1946 sua
783 1895 1113 1948 immunitate
1164 1897 1337 1949 cuneti
1394 1896 1698 1948 studebant.
1735 1907 1779 1965 Β
1814 1899 1986 1963 ripcre
2021 1898 2061 1929 ⁸⁸
2094 1899 2331 1951 omnium
2378 1900 2537 1952 bona.
2583 1900 2826 1967 Cumque
2860 1904 3096 1957 mitti-ret
3140 1906 3405 1959 hominen:

107 1989 166 2040 Cv
192 1990 343 2055 gnita
390 2000 519 2039 vero
554 1986 897 2051 imperatoris
928 1986 1181 2053 nequitia,
1207 1988 1381 2039 Omnis
1406 1987 1551 2039 Italia
1579 2001 1706 2040 con-

107 2078 299 2132 silittnt
339 2078 475 2144 iniit,
527 2087 579 2130 ut
606 2077 703 2129 sibi
734 2078 995 2145 eligerent
1025 2079 1435 2145 imperamrem,
1482 2088 1537 2133 et
1567 2078 1709 2133 Con-

108 2169 521 2234 stantinOpolim
550 2168 825 2222 ducerent.
877 2170 982 2224 Sed
1015 2172 1352 2235 compescuit
1388 2172 1490 2225 tale
1524 2173 1708 2226 consi-

108 2260 247 2314 lium
276 2260 540 2328 pontifex,
573 2275 798 2329 sperans
824 2261 1234 2316 conversionem
1267 2265 1538 2332 principis.
1577 2264 1707 2331 Ipsis

110 2352 321 2405 interea
351 2352 541 2405 diebus
584 2352 924 2405 Exhilaratus
970 2353 1075 2406 dux
1110 2356 1130 2385 ³
1164 2354 1410 2421 Neapolis
1452 2357 1708 2423 deceptus

111 2443 385 2498 diabolica
420 2444 757 2511 instigatione
786 2444 805 2473 °
835 2458 955 2497 cum
1004 2444 1111 2498 filio
1144 2459 1243 2497 suo
1275 2446 1519 2498 Adriano
1551 2446 1711 2498 Cam-

114 2538 294 2603 panite
327 2546 504 2601 partes
536 2537 721 2600 lenuit,
749 2536 1009 2589 seducens
1036 2537 1309 2605 populum,
1347 2549 1399 2589 ttt
1428 2538 1713 2593 obedireut

114 2626 451 2693 imperatori,
484 2634 537 2678 et
562 2626 870 2679 occiderent
920 2626 1247 2693 pontiﬁcem.
1286 2629 1436 2683 Tunc
1482 2630 1710 2685 Romani

114 2734 309 2771 omnes
338 2734 460 2771 eum
490 2719 657 2771 secuti
714 2720 1275 2786 comprehenderunt,
1325 2730 1377 2775 et
1422 2736 1544 2775 cum
1600 2723 1709 2777 tilio

116 2826 217 2865 Stto
252 2809 274 2843 "
304 2809 706 2864 interfecerunt.
754 2811 774 2841 ⁸
822 2809 948 2862 Post
993 2810 1135 2864 hunc
1181 2822 1235 2864 et
1268 2812 1485 2865 Petrum
1516 2813 1708 2867 durem

115 2904 137 2936 ⁹
189 2902 462 2955 dicentem
508 2912 692 2955 contra
738 2900 1045 2969 pontiﬁcem
1074 2900 1383 2970 imperatori
1424 2905 1709 2974 scripsisse

119 2992 494 3047 turbaverunt.

1814 1990 2085 2057 proprium
2119 1989 2341 2042 Romam
2374 2004 2495 2043 cum
2526 1992 2741 2058 scriptis
2772 1994 2907 2058 suis,
2960 1996 3010 2046 in
3053 1996 3245 2063 quibus
3277 2010 3407 2047 con-

1815 2078 2109 2141 tinebatur,
2147 2086 2204 2130 ut
2237 2078 2473 2145 pontifex
2525 2080 2862 2133 occideretur
2891 2095 3010 2134 cum
3066 2084 3411 2150 aptimatibus

1815 2169 2020 2235 Romte,
2040 2172 2214 2238 agnita
2244 2170 2617 2225 crudelissima
2644 2174 2692 2229 υ,
2712 2173 2935 2235 insania,
2962 2175 3204 2238 protinus
3228 2175 3401 2241 ipsum

1818 2261 2101 2330 patricium
2134 2262 2354 2315 missum
2401 2263 2648 2317 occidere
2678 2263 3006 2327 voluerunt,
3037 2264 3140 2317 nisi
3169 2264 3412 2319 detensio

1818 2354 2084 2422 pontiﬁcis
2128 2354 2290 2406 nimia
2331 2354 2700 2423 prtepedisset.
2750 2353 2949 2407 Verum
2990 2357 3239 2408 eumdem
3272 2371 3408 2408 ana-

1824 2443 2301 2498 thematizaverunt
2333 2445 2651 2514 Eutychium
2675 2444 2994 2510 exarchum,
3022 2446 3066 2477 ¹⁰
3086 2461 3205 2500 sese
3230 2448 3407 2515 magni

1822 2552 1942 2592 cum
2018 2538 2195 2605 pars-is
2254 2541 2685 2607 constringentes
2750 2548 3090 2592 sacramento
3142 2555 3411 2609 nunquam

1824 2631 2127 2699 pontificem
2152 2630 2472 2684 Christiante
2504 2632 2626 2685 ﬁdei
2674 2632 2905 2685 zelotem
2930 2672 2945 2693 ,
2969 2641 3023 2684 et
3049 2632 3407 2686 Ecclesiarum

1824 2718 2159 2774 defensorem
2210 2736 2270 2775 se
2298 2722 2612 2789 permittere
2659 2724 2869 2787 noceri,
2902 2730 2994 2774 aut
3020 2723 3283 2785 amoveri,
3314 2724 3411 2777 sed

1817 2815 1949 2868 muri
1984 2830 2079 2882 pro
2110 2815 2253 2869 illius
2291 2816 2466 2867 salute
2510 2824 2693 2869 essent
2742 2829 2929 2867 omnes
2964 2819 3155 2881 parati.
3190 2814 3413 2869 Munera

1817 2918 1940 2962 tunc
1964 2906 2086 2962 hinc
2108 2906 2228 2961 inde
2248 2907 2473 2961 ducibus
2507 2906 2982 2975 Longobardomm
3016 2916 3070 2959 et
3092 2906 3217 2976 ltegi
3246 2907 3289 2937 ¹¹
3308 2908 3414 2974 pol-

1814 3002 2037 3055 licentes
2089 3001 2341 3065 plurima,
2392 3008 2450 3054 ut
2496 3014 2528 3053 a
2569 3000 2850 3069 juvamine
2885 2996 3209 3053 desisterent
3236 2998 3411 3067 ponti-

1353 3086 1742 3146 VARIANTES
1784 3092 2186 3147 LECTIUNES.

197 3181 211 3212 ¹
244 3179 381 3234 Cod.
412 3179 565 3243 Luc.,
593 3178 893 3232 discederet.

194 3253 214 3282 ²
240 3251 373 3305 le.
408 3250 560 3316 Luc.,
589 3264 702 3317 quae
730 3259 842 3301 orta
866 3249 1045 3317 fuisset
1076 3249 1406 3319 impietatem.

194 3321 215 3352 ³
240 3322 371 3374 (ἶοό.
407 3322 559 3387 Luc.,
584 3323 669 3388 qui
693 3320 820 3373 illud
847 3321 1065 3373 edictum
1089 3324 1369 3374 direxerat.

195 3392 219 3423 ⁸
241 3394 374 3445 Cod.
404 3393 552 3451 Luc.,
578 3392 706 3443 mori
730 3392 993 3458 eligerent.

197 3463 219 3494 '
250 3463 303 3515 In
330 3463 399 3516 al.
430 3462 681 3519 Neapolis
711 3463 882 3515 deest.

198 3534 219 3565 ⁸
243 3536 355 3596 AL,
381 3534 594 3585 consilio
618 3548 709 3584 suo
736 3531 1017 3583 Hadriano.

197 3606 217 3635 '
246 3605 360 3666 AL,
395 3605 709 3666 occiderunt,
758 3604 976 3653 dicentes
1018 3603 1152 3667 quod
1199 3612 1377 3654 contra
1422 3603 1708 3671 ponti/irem

127 3676 426 3733 imperatori
451 3674 789 3739 scripsissent.
842 3673 1161 3726 Urbaveruut
1208 3683 1321 3739 post
1364 3675 1495 3725 hunc
1518 3683 1564 3725 et
1607 3672 1708 3726 Pe-

129 3757 262 3798 trum
289 3748 487 3797 ducem.
514 3741 702 3812 Igitur,
728 3757 835 3797 etc.

199 3818 220 3846 ⁸
242 3815 282 3866 t2
320 3817 375 3868 d.
409 3815 559 3876 Luc.,
595 3813 713 3865 Post
743 3816 855 3866 hoc.

199 3889 219 3918 ’
245 3885 379 3939 Cod.
436 3886 586 3944 Luc.,
641 3886 865 3937 dicentes
890 3882 1102 3948 turbati,
1147 3885 1287 3953 quod
1322 3894 1503 3938 contra
1542 3882 1718 3954 ponti-

130 3960 276 4026 ﬁcem
300 3972 496 4022 quoque
517 3955 815 4019 scripsisset.

204 4028 248 4057 ¹⁰
289 4027 421 4079 Cod.
458 4027 609 4084 Luc.,
636 4026 896 4087 pravitati.

203 4098 243 4128 ¹¹
284 4096 419 4150 Cod.
445 4096 597 4161 Luc.,
630 4094 787 4147 inter.

1895 3185 1935 3214 "
1978 3184 2109 3238 Cod.
2146 3183 2298 3246 Luc.,
2334 3182 2622 3250 Frentana,
2658 3182 2929 3246 Montella,
2964 3180 3269 3251 Venafrum.

1894 3252 1936 3285 ³³
1979 3255 2057 3306 Al.
2072 3299 2085 3321 ,
2121 3253 2457 3307 Moutcrit‘lli.

1874 3324 1933 3447 ἆδ
1965 3325 2094 3378 Cod.
2130 3325 2287 3389 Luc.,
2326 3323 2628 3393 Perﬁccda;
2661 3325 2757 3390 al.,
2785 3322 3078 3386 Pra’cutio;
3111 3322 3207 3387 aL,
3230 3321 3415 3396 Pergi-

1911 3413 1960 3447 ιι.

1817 3411 1960 3447 ceaa.

1888 3466 1931 3496 ⁸⁵
1975 3466 2027 3518 In
2058 3465 2127 3518 al.
2162 3466 2247 3531 qui
2274 3466 2468 3518 ductum
2500 3465 2750 3519 exercitus
2782 3467 2944 3535 fuerat
2970 3467 3144 3520 deest.

1887 3537 1932 3567 ¹⁶
1970 3536 2102 3591 Cod.
2136 3536 2287 3600 Luc.,
2322 3539 2555 3603 jtthcnte.

1890 3603 1936 3636 ⁸⁷
1973 3604 2104 3659 Cod.
2140 3606 2432 3675 Luc.,quo.

1894 3677 1940 3709 η
1978 3675 2110 3729 (20d.
2140 3676 2296 3741 Luc.,
2322 3678 2492 3729 omnia
2518 3678 2649 3728 loca.

1895 3748 1935 3818 ’ξ
1976 3745 2108 3802 Cod.
2144 3747 2296 3813 Luc.,
2328 3749 2576 3799 sententia
2610 3745 2833 3801 Romani
2867 3747 3097 3818 protinus
3127 3747 3286 3817 ipsius
3313 3764 3406 3816 pa-

1820 3816 1957 3868 tricii
1988 3819 2215 3870 missum.

1892 3887 1937 3917 ³ο
1976 3888 2085 3950 AL,
2116 3887 2203 3940 sed
2243 3905 2297 3942 se
2337 3888 2513 3957 magni
2543 3904 2659 3941 cum
2684 3888 2961 3943 minoribus
3007 3890 3407 3961 constringentes

1820 3970 2164 4020 sacramenta,
2199 3967 2305 4013 etc.

1895 4030 1937 4058 ¹¹
1980 4028 2115 4084 Cod.
2141 4028 2296 4097 Luc.,
2328 4029 2595 4113 pollicens.

1454 4185 1814 4243 VARIORUM
1854 4183 2086 4240 ΝΟΤᾹΞ.

134 4290 253 4334 ctus
283 4322 298 4343 ,
335 4278 588 4346 pollicitis
617 4278 685 4330 ab
713 4278 947 4332 esarcho
980 4279 1190 4333 auxiliis
1215 4319 1230 4341 ,
1263 4278 1717 4348 quemadmodum

132 4365 260 4404 vere
290 4359 368 4403 eat
402 4350 625 4417 adeptus
652 4390 663 4409 ,
700 4348 871 4401 fiedus
894 4352 1157 4419 percussit
1190 4366 1308 4403 cum
1342 4348 1528 4403 eodem
1559 4366 1719 4403 crar-

134 4424 261 4484 cbo,
291 4420 377 4474 cui
409 4422 638 4489 vici-sim
690 4419 811 4472 tulit
841 4434 993 4485 opem
1036 4422 1100 4472 ad
1134 4421 1580 4489 espttgnatinnetn
1610 4420 1718 4473 Rn-

137 4508 310 4545 manx
343 4488 599 4544 urbis.At
629 4489 873 4557 cingente
902 4504 963 4542 ea
1000 4490 1225 4545 Romam
1256 4488 1369 4544 suis
1400 4491 1591 4557 copiis.
1619 4492 1715 4544 de-

1825 4278 2155 4344 imperatore
2182 4276 2430 4346 eligendo
2460 4278 2627 4332 ferme
2655 4277 3025 4333 deliberasset.
3086 4280 3370 4338 Bescmus.

1894 4347 1919 4383 δ
1969 4346 2317 4401 Venetiarum.
2359 4348 2559 4401 Veneta
2611 4349 2933 4416 respublica,
2968 4350 3076 4415 jam
3131 4351 3229 4403 hoc
3274 4365 3409 4407 tem-

1822 4433 1956 4488 pore
1989 4421 2152 4471 armis
2182 4420 2347 4483 clara,
2401 4420 2715 4487 plerumque
2751 4420 2815 4471 ad
2851 4422 3114 4485 pomiﬁcis
3145 4424 3411 4475 defensio-

1823 4503 1941 4542 nem
1998 4492 2167 4544 stetit.
2222 4489 2386 4543 Ursus
2434 4490 2508 4540 illi
2565 4501 2689 4541 tttnc
2745 4502 3005 4555 pra-erat,
3067 4493 3157 4557 qui
3206 4509 3411 4547 summa

135 4562 584 4649 stitutmmuunni
640 4561 869 4614 humana
909 4576 1013 4627 ope
1041 4561 1365 4642 pontiﬁct'tn,
1402 4577 1521 4613 nam
1551 4562 1715 4649 [φάει
1749 4590 1797 4649 D
1826 4561 2221 4649 iteitesstitttdine
2276 4561 2561 4649 Gregorio.
2584 4559 2905 4624 coniunctus
2956 4576 3147 4626 μΓευδιιι
3205 4568 3407 4627 sepius

136 4643 264 4686 ratae
316 4630 478 4684 Italia:
527 4631 667 4683 vires
697 4645 800 4681 non
841 4640 994 4683 erant
1040 4632 1166 4683 satis
1192 4673 1205 4691 ,
1242 4636 1404 4684 tuitus
1433 4642 1514 4684 est
1548 4633 1709 4693 Deus,

137 4718 291 4771 quem
323 4700 538 4768 jetuniis
560 4717 624 4755 ac
654 4701 895 4760 pret-ibus
920 4712 1023 4753 tam
1055 4702 1273 4766 privatis
1302 4718 1457 4769 quam
1485 4703 1710 4765 publicis

138 4776 427 4842 propitium
452 4771 553 4825 sibi
587 4771 913 4825 reddiderat.
946 4772 998 4825 Ιιι
1028 4788 1093 4825 eo
1120 4773 1380 4836 siquidem
1410 4773 1707 4833 conlidens,

137 4845 203 4896 ab
249 4844 470 4898 obsessa
524 4844 655 4896 urbe
700 4843 1050 4910 proﬁciscitur
1087 4844 1153 4897 ad
1199 4844 1470 4895 inimicum
1508 4858 1707 4910 regem,

137 4915 394 4979 suarique
439 4912 681 4966 oratione
726 4914 861 4964 adeo
911 4911 1057 4967 illum
1105 4916 1319 4975 mulcet,
1370 4924 1425 4965 ιιι
1453 4916 1709 4967 \‘ictusea

139 5000 252 5042 rex.
278 4985 550 5052 pontiﬁcis
581 4984 798 5048 pedibus
829 4981 1144 5045 advolutus,
1176 4985 1301 5036 nulli
1327 4984 1623 5037 mulcsnam
1654 4999 1713 5038 se

140 5055 405 5108 illatutum
439 5056 760 5122 promiserit,
787 5068 849 5106 ac
879 5053 1070 5109 deinde
1098 5055 1337 5123 obsequii
1372 5068 1423 5107 et
1459 5069 1709 5106 reveren-

141 5128 222 5175 tisr
257 5130 448 5191 plenus
476 5140 535 5177 ea
585 5125 760 5177 omnia
813 5136 1056 5187 eesscrtt,
1109 5143 1227 5191 qua:
1272 5127 1402 5179 satis
1438 5140 1713 5192 persittcue

141 5195 270 5250 liber
302 5196 617 5257 pontiﬁcalis
645 5204 879 5249 enarrat.
914 5195 1179 5251 Sumtttztt.

210 5275 234 5301 α
268 5266 562 5336 Respiciens
603 5283 719 5334 ergo
745 5266 856 5333 plus
877 5267 970 5319 vir.
996 5267 1195 5333 Nempe
1223 5265 1508 5331 Gregorius
1537 5269 1712 5329 ponti-

142 5336 223 5392 fex
273 5339 328 5392 in
360 5352 519 5389 causa
568 5351 837 5389 sacrarum
875 5336 1183 5403 imaginum,
1239 5337 1421 5391 [toni-.13
1450 5336 1711 5404 synodum

144 5412 520 5478 congregavit,
570 5408 722 5473 cujus
765 5408 961 5468 aliquot
1011 5414 1299 5478 fragmenta
1356 5417 1590 5460 reservat
1639 5408 1712 5460 Α·

145 5477 359 5531 drianus
394 5477 408 5528 Ι
445 5482 494 5529 in
527 5480 749 5541 epistola
784 5479 848 5529 ad
880 5479 1125 5531 Caroluzn
1157 5482 1222 5532 de
1256 5482 1593 5547 imaginibus.
1650 5478 1715 5531 Ut

146 5562 317 5603 autem
352 5564 471 5601 cum
520 5548 867 5614 Petilii-picus,
914 5564 1009 5600 suo
1044 5550 1187 5603 edito
1218 5562 1359 5602 torno
1402 5551 1430 5601 li
1456 5549 1542 5611 ﬁci,
1596 5550 1713 5600 uni-

149 5634 323 5673 versos
356 5619 583 5691 angebat
613 5622 895 5673 anathema
933 5621 1111 5674 dtcere
1142 5634 1301 5674 seum
1331 5620 1554 5691 εἵη-νάει,
1608 5624 1714 5671 bu:—

150 5694 339 5743 reticns
364 5692 433 5743 0h
459 5690 507 5742 id
533 5708 558 5738 τι
586 5690 832 5755 pontiﬁce
857 5691 1175 5746 declaratus.
1197 5690 1369 5745 Italica
1396 5692 1573 5742 tnilttia
1598 5705 1717 5743 sese

152 5763 213 5812 ab
239 5762 378 5814 iliius
403 5762 705 5815 obedientia
743 5764 1023 5824 subtraxit,
1059 5764 1127 5815 ita
1175 5762 1411 5824 Gregorii
1449 5763 1717 5830 pontiﬁcis

154 5836 399 5900 synodica
431 5835 568 5887 adeo
598 5834 839 5887 eamdem
882 5835 1127 5887 militiam
1160 5834 1447 5887 commotit
1495 5834 1563 5885 ad
1593 5830 1714 5885 ﬁdei

156 5905 539 5976 defensionem,
585 5912 639 5958 ut
682 5905 780 5960 nisi
810 5906 1096 5979 Gregorius
1142 5905 1458 5973 obstitisset,
1492 5902 1557 5961 de
1581 5917 1715 5961 novo

1824 4628 1939 4681 fttit.
1986 4630 2330 4701 Quapropter
2377 4644 2499 4681 cum
2545 4630 2910 4701 Luitprandus
2953 4645 3040 4684 rex
3094 4646 3410 4701 occupasset

1815 4700 2166 4753 exarcbatnm
2204 4701 2492 4759 Itavennm,
2527 4701 2743 4767 scripsit
2771 4700 2836 4753 ad
2873 4699 3062 4754 Ursum
3090 4699 3401 4771 Gregorius,

1817 4782 1871 4842 ut
1926 4772 2281 4823 auxitiaturus
2333 4772 2571 4842 adesset.
2622 4772 2835 4836 Legitur
2868 4772 3093 4842 epiStola
3138 4774 3405 4842 poittiﬁcis

1816 4841 1954 4895 inter
1980 4842 2219 4905 ejusdem
2253 4842 2523 4903 epistolas.
2555 4841 2835 4895 Bexcmus.

1893 4922 1913 4949 ε
1960 4912 2146 4964 Omnes
2199 4912 2383 4981 ubique
2432 4914 2483 4963 in
2533 4909 2693 4965 Italia
2749 4913 2902 4966 duces
2937 4913 3235 4977 elegerunt.
3283 4915 3405 4971 lltec

1820 4982 1984 5046 prima
2027 4996 2105 5034 e51
2155 4983 2407 5048 periodus
2446 4983 2639 5035 Italica;
2681 4983 2961 5043 libertatis,
2999 4985 3048 5035 in
3088 5000 3189 5051 qua
3223 4988 3335 5040 Itali
3368 5002 3396 5040 a

1819 5053 2177 5105 Barbarorum
2222 5051 2640 5119 lira-eorumque
2676 5054 2803 5119 jugo
2843 5068 2963 5107 sese
2990 5056 3230 5110 eximere
3263 5057 3411 5109 inci-

1820 5126 2057 5190 pientes,
2090 5134 2332 5189 ]ecerunt
2366 5124 2707 5177 fundamenta
2742 5125 3025 5178 restaurati
3058 5128 3406 5191 postmodum

1816 5195 2411 5254 mretdentatisimperii.
2438 5193 2523 5263 De
2558 5195 2659 5246 huc
2691 5195 2849 5246 Italia:
2875 5206 3021 5247 motu
3056 5197 3133 5247 sic
3168 5199 3409 5263 loquitur

1818 5266 2196 5330 'l'he-tpbanes,
2234 5280 2343 5332 pag.
2384 5262 2489 5317 3-H.
2537 5282 2548 5316 :
2601 5264 2767 5315 Porro
2795 5281 2939 5318 siccr
2970 5267 3058 5317 ille
3096 5283 3157 5318 ac
3202 5262 3407 5321 divinus

1821 5334 2129 5399 Germanus,
2178 5336 2503 5407 decretorum
2542 5352 2669 5388 l’t’l’tB
2722 5336 2983 5403 religionis
3013 5338 3271 5401 defensor,
3310 5338 3411 5407 By-

1819 5408 1972 5457 Z'tnfil
2004 5407 2179 5475 ﬂoruit
2210 5411 2451 5459 adrersus
2477 5404 2715 5464 Leonem.
2742 5422 2805 5457 ea:
2830 5422 2883 5458 re
2914 5424 3089 5459 nomen
3117 5404 3405 5468 Ital-mitem,

1820 5479 2026 5544 ejusque
2073 5478 2315 5530 satellites
2365 5478 2880 5549 tauquamiudrersus
2925 5481 3062 5543 feras
3108 5480 3411 5549 depugnari.»

1820 5564 1963 5614 quem
1986 5550 2247 5600 atmodum
2306 5550 2358 5600 in
2408 5550 2559 5600 veteri
2610 5548 2772 5599 Roma
2804 5549 2879 5600 vir
2908 5548 3414 5617 undequaque’saccr

1822 5629 1865 5670 et
1896 5621 2231 5682 apostolicus,
2270 5618 2407 5670 l’etri
2436 5620 2786 5684 apostolorum
2824 5621 3081 5687 corypltati
3127 5623 3411 5683 confessor,

1821 5706 1846 5741 τ
1865 5692 2103 5759 ἰιίίιιιυεεε
2132 5692 2491 5759 pra-clarisque
2514 5690 2826 5757 facinoribus
2855 5690 3076 5742 clurelmt
3105 5690 3410 5759 Gregorius,

1820 5762 1905 5827 qui
1940 5757 2178 5819 Iiotttrtm,
2236 5775 2384 5827 atque
2435 5760 2643 5812 ltult'am
2699 5770 2959 5826 totumque
3008 5757 3332 5815 Occidentem
3386 5786 3417 5818 ιι

1826 5832 2006 5885 Leonis
2055 5834 2339 5886 obedientia
2379 5840 2485 5883 tam
2535 5833 2669 5883 civili
2708 5848 2857 5897 quam
2896 5831 3239 5888 ecclesiastica
3271 5844 3315 5888 et
3354 5838 3417 5889 μιν

1824 5905 1934 5973 ejus
1967 5903 2178 5976 imperio
2206 5903 2476 5959 Sltt"lt'0.lil.
2515 5903 2793 5961 DENCINLS.
