  <div class='ocr_page' id='page_1' title='image "/cluster/home/n/w/nwhite01/storage/ocr_20150623/88-89/uc1.31175000868714/917.png"; bbox 0 0 4168 6540; ppageno 0'>
   <div class='ocr_carea' id='block_1_1' title="bbox 773 407 878 460">
    <p class='ocr_par' dir='ltr' id='par_1_1' title="bbox 773 407 878 460">
     <span class='ocr_line' id='line_1_1' title="bbox 773 407 878 460; baseline 0.019 -2"><span class='ocrx_word' id='word_1_1' title='bbox 773 407 878 460; x_wconf 70' lang='grc'><strong>479</strong></span> 
     </span>
    </p>
   </div>
   <div class='ocr_carea' id='block_1_2' title="bbox 1993 402 4046 468">
    <p class='ocr_par' dir='ltr' id='par_1_2' title="bbox 1993 402 4046 468">
     <span class='ocr_line' id='line_1_2' title="bbox 1993 402 4046 468; baseline 0.005 -13"><span class='ocrx_word' id='word_1_2' title='bbox 1993 402 2049 456; x_wconf 89' lang='lat' dir='ltr'><strong>S.</strong></span> <span class='ocrx_word' id='word_1_3' title='bbox 2095 402 2494 458; x_wconf 71' lang='lat' dir='ltr'><strong>GREGORIUS</strong></span> <span class='ocrx_word' id='word_1_4' title='bbox 2537 404 2718 458; x_wconf 73' lang='lat' dir='ltr'><strong>PAPA</strong></span> <span class='ocrx_word' id='word_1_5' title='bbox 2759 405 2822 459; x_wconf 85' lang='lat' dir='ltr'><strong>ll.</strong></span> <span class='ocrx_word' id='word_1_6' title='bbox 3963 414 4046 468; x_wconf 56' lang='lat'><strong>4.93</strong></span> 
     </span>
    </p>
   </div>
   <div class='ocr_carea' id='block_1_3' title="bbox 781 516 4046 591">
    <p class='ocr_par' dir='ltr' id='par_1_3' title="bbox 781 516 4046 591">
     <span class='ocr_line' id='line_1_3' title="bbox 781 516 4046 591; baseline 0.001 -14"><span class='ocrx_word' id='word_1_7' title='bbox 781 522 897 578; x_wconf 90' lang='lat' dir='ltr'><strong>ticis</strong></span> <span class='ocrx_word' id='word_1_8' title='bbox 951 535 1044 588; x_wconf 89' lang='lat' dir='ltr'><strong>per</strong></span> <span class='ocrx_word' id='word_1_9' title='bbox 1085 533 1212 572; x_wconf 87' lang='lat' dir='ltr'><strong>suos</strong></span> <span class='ocrx_word' id='word_1_10' title='bbox 1246 519 1447 586; x_wconf 77' lang='lat' dir='ltr'><strong>legatos</strong></span> <span class='ocrx_word' id='word_1_11' title='bbox 1504 517 1755 585; x_wconf 82' lang='lat' dir='ltr'><strong>patricius</strong></span> <span class='ocrx_word' id='word_1_12' title='bbox 1797 516 1881 569; x_wconf 89' lang='lat' dir='ltr'><strong>ille</strong></span> <span class='ocrx_word' id='word_1_13' title='bbox 1926 518 2200 571; x_wconf 98' lang='lat' dir='ltr'><strong>suadebat.</strong></span> <span class='ocrx_word' id='word_1_14' title='bbox 2269 518 2366 583; x_wconf 85' lang='lat' dir='ltr'><strong>Qui</strong></span> <span class='ocrx_word' id='word_1_15' title='bbox 2399 520 2445 578; x_wconf 73' lang='grc' dir='ltr'><strong>Α</strong></span> <span class='ocrx_word' id='word_1_16' title='bbox 2474 527 2527 572; x_wconf 91' lang='lat' dir='ltr'><strong>et</strong></span> <span class='ocrx_word' id='word_1_17' title='bbox 2558 519 2785 587; x_wconf 84' lang='lat' dir='ltr'><strong>amplius</strong></span> <span class='ocrx_word' id='word_1_18' title='bbox 2816 519 2931 573; x_wconf 88' lang='lat' dir='ltr'><strong>dies</strong></span> <span class='ocrx_word' id='word_1_19' title='bbox 2975 519 3147 585; x_wconf 97' lang='lat' dir='ltr'><strong>stella,</strong></span> <span class='ocrx_word' id='word_1_20' title='bbox 3179 535 3298 590; x_wconf 76' lang='lat' dir='ltr'><strong>qua:</strong></span> <span class='ocrx_word' id='word_1_21' title='bbox 3327 522 3346 551; x_wconf 75' lang='grc'><strong>⁸</strong></span> <span class='ocrx_word' id='word_1_22' title='bbox 3380 523 3580 576; x_wconf 82' lang='lat' dir='ltr'><strong>antit&#39;er</strong></span> <span class='ocrx_word' id='word_1_23' title='bbox 3621 527 3912 591; x_wconf 77' lang='lat' dir='ltr'><strong>vocitatur,</strong></span> <span class='ocrx_word' id='word_1_24' title='bbox 3944 544 4046 582; x_wconf 62' lang='lat' dir='ltr'><strong>(Lm</strong></span> 
     </span>
    </p>
   </div>
   <div class='ocr_carea' id='block_1_4' title="bbox 773 609 2363 682">
    <p class='ocr_par' dir='ltr' id='par_1_4' title="bbox 773 609 2363 682">
     <span class='ocr_line' id='line_1_4' title="bbox 773 609 2363 682; baseline -0.001 -15"><span class='ocrx_word' id='word_1_25' title='bbox 773 615 792 646; x_wconf 80' lang='grc'>⁸</span> <span class='ocrx_word' id='word_1_26' title='bbox 839 611 1113 682; x_wconf 89' lang='lat' dir='ltr'><strong>rescripsit</strong></span> <span class='ocrx_word' id='word_1_27' title='bbox 1143 611 1512 666; x_wconf 89' lang='lat' dir='ltr'><strong>detestandam</strong></span> <span class='ocrx_word' id='word_1_28' title='bbox 1565 609 1662 664; x_wconf 79' lang='lat' dir='ltr'><strong>viri</strong></span> <span class='ocrx_word' id='word_1_29' title='bbox 1694 610 2032 664; x_wconf 81' lang='lat' dir='ltr'><strong>dolositatem</strong></span> <span class='ocrx_word' id='word_1_30' title='bbox 2064 611 2363 679; x_wconf 86' lang='lat' dir='ltr'><strong>despicien-</strong></span> 
     </span>
    </p>
   </div>
   <div class='ocr_carea' id='block_1_5' title="bbox 772 701 2361 772">
    <p class='ocr_par' dir='ltr' id='par_1_5' title="bbox 772 701 2361 772">
     <span class='ocr_line' id='line_1_5' title="bbox 772 701 2361 772; baseline -0.003 -12"><span class='ocrx_word' id='word_1_31' title='bbox 772 719 875 764; x_wconf 86' lang='lat' dir='ltr'><strong>tcs.</strong></span> <span class='ocrx_word' id='word_1_32' title='bbox 907 721 1011 760; x_wconf 88' lang='lat' dir='ltr'><strong>una</strong></span> <span class='ocrx_word' id='word_1_33' title='bbox 1041 719 1098 758; x_wconf 84' lang='lat' dir='ltr'><strong>se</strong></span> <span class='ocrx_word' id='word_1_34' title='bbox 1129 704 1275 772; x_wconf 87' lang='lat' dir='ltr'><strong>quasi</strong></span> <span class='ocrx_word' id='word_1_35' title='bbox 1309 701 1500 757; x_wconf 76' lang='lat' dir='ltr'><strong>fratres</strong></span> <span class='ocrx_word' id='word_1_36' title='bbox 1541 702 1661 757; x_wconf 84' lang='lat' dir='ltr'><strong>lidei</strong></span> <span class='ocrx_word' id='word_1_37' title='bbox 1694 712 1879 756; x_wconf 89' lang='lat' dir='ltr'><strong>catena</strong></span> <span class='ocrx_word' id='word_1_38' title='bbox 1904 702 2361 766; x_wconf 86' lang='lat' dir='ltr'><strong>constrinxerunt,</strong></span> 
     </span>
    </p>
   </div>
   <div class='ocr_carea' id='block_1_6' title="bbox 774 796 2363 866">
    <p class='ocr_par' dir='ltr' id='par_1_6' title="bbox 774 796 2363 866">
     <span class='ocr_line' id='line_1_6' title="bbox 774 796 2363 866; baseline -0.003 -12"><span class='ocrx_word' id='word_1_39' title='bbox 774 798 1002 854; x_wconf 73' lang='lat' dir='ltr'><strong>Romani</strong></span> <span class='ocrx_word' id='word_1_40' title='bbox 1065 809 1225 866; x_wconf 84' lang='lat' dir='ltr'><strong>atque</strong></span> <span class='ocrx_word' id='word_1_41' title='bbox 1294 796 1680 865; x_wconf 80' lang='lat' dir='ltr'><strong>Longobardi,</strong></span> <span class='ocrx_word' id='word_1_42' title='bbox 1748 796 2121 850; x_wconf 82' lang='lat' dir='ltr'><strong>desiderantes</strong></span> <span class='ocrx_word' id='word_1_43' title='bbox 2188 799 2363 850; x_wconf 87' lang='lat' dir='ltr'><strong>cuncti</strong></span> 
     </span>
    </p>
   </div>
   <div class='ocr_carea' id='block_1_7' title="bbox 772 888 2365 961">
    <p class='ocr_par' dir='ltr' id='par_1_7' title="bbox 772 888 2365 961">
     <span class='ocr_line' id='line_1_7' title="bbox 772 888 2365 961; baseline -0.003 -14"><span class='ocrx_word' id='word_1_44' title='bbox 772 903 998 947; x_wconf 89' lang='lat' dir='ltr'><strong>mortem</strong></span> <span class='ocrx_word' id='word_1_45' title='bbox 1063 906 1159 961; x_wconf 90' lang='lat' dir='ltr'><strong>pro</strong></span> <span class='ocrx_word' id='word_1_46' title='bbox 1212 889 1527 943; x_wconf 82' lang='lat' dir='ltr'><strong>defensione</strong></span> <span class='ocrx_word' id='word_1_47' title='bbox 1595 888 1860 957; x_wconf 81' lang='lat' dir='ltr'><strong>pontiﬁcis</strong></span> <span class='ocrx_word' id='word_1_48' title='bbox 1925 889 2190 942; x_wconf 87' lang='lat' dir='ltr'><strong>sustinere</strong></span> <span class='ocrx_word' id='word_1_49' title='bbox 2256 889 2365 958; x_wconf 76' lang='lat' dir='ltr'><strong>glo-</strong></span> 
     </span>
    </p>
   </div>
   <div class='ocr_carea' id='block_1_8' title="bbox 773 982 2368 1049">
    <p class='ocr_par' dir='ltr' id='par_1_8' title="bbox 773 982 2368 1049">
     <span class='ocr_line' id='line_1_8' title="bbox 773 982 2368 1049; baseline -0.002 -12"><span class='ocrx_word' id='word_1_50' title='bbox 773 985 977 1037; x_wconf 90' lang='lat' dir='ltr'><strong>riosam</strong></span> <span class='ocrx_word' id='word_1_51' title='bbox 1015 1024 1027 1045; x_wconf 90' lang='lat'><strong>,</strong></span> <span class='ocrx_word' id='word_1_52' title='bbox 1079 997 1348 1049; x_wconf 89' lang='lat' dir='ltr'><strong>nunquam</strong></span> <span class='ocrx_word' id='word_1_53' title='bbox 1401 983 1550 1035; x_wconf 89' lang='lat' dir='ltr'><strong>illum</strong></span> <span class='ocrx_word' id='word_1_54' title='bbox 1616 982 1822 1045; x_wconf 82' lang='lat' dir='ltr'><strong>passuri</strong></span> <span class='ocrx_word' id='word_1_55' title='bbox 1889 983 2128 1049; x_wconf 76' lang='lat' dir='ltr'><strong>perferre</strong></span> <span class='ocrx_word' id='word_1_56' title='bbox 2202 982 2368 1034; x_wconf 85' lang='lat' dir='ltr'><strong>mole-</strong></span> 
     </span>
    </p>
   </div>
   <div class='ocr_carea' id='block_1_9' title="bbox 771 1070 2365 1141">
    <p class='ocr_par' dir='ltr' id='par_1_9' title="bbox 771 1070 2365 1141">
     <span class='ocr_line' id='line_1_9' title="bbox 771 1070 2365 1141; baseline -0.003 -13"><span class='ocrx_word' id='word_1_57' title='bbox 771 1075 963 1141; x_wconf 90' lang='lat' dir='ltr'><strong>stiam,</strong></span> <span class='ocrx_word' id='word_1_58' title='bbox 1011 1089 1105 1141; x_wconf 93' lang='lat' dir='ltr'><strong>pro</strong></span> <span class='ocrx_word' id='word_1_59' title='bbox 1159 1073 1260 1126; x_wconf 88' lang='lat' dir='ltr'><strong>lide</strong></span> <span class='ocrx_word' id='word_1_60' title='bbox 1284 1088 1406 1125; x_wconf 83' lang='lat' dir='ltr'><strong>vera</strong></span> <span class='ocrx_word' id='word_1_61' title='bbox 1453 1081 1504 1124; x_wconf 88' lang='lat' dir='ltr'><strong>et</strong></span> <span class='ocrx_word' id='word_1_62' title='bbox 1542 1070 1972 1125; x_wconf 87' lang='lat' dir='ltr'><strong>Christianorum</strong></span> <span class='ocrx_word' id='word_1_63' title='bbox 2023 1074 2041 1101; x_wconf 80' lang='grc'><strong>³</strong></span> <span class='ocrx_word' id='word_1_64' title='bbox 2091 1080 2365 1125; x_wconf 85' lang='lat' dir='ltr'><strong>certamen</strong></span> 
     </span>
    </p>
   </div>
   <div class='ocr_carea' id='block_1_10' title="bbox 769 1163 2368 1234">
    <p class='ocr_par' dir='ltr' id='par_1_10' title="bbox 769 1163 2368 1234">
     <span class='ocr_line' id='line_1_10' title="bbox 769 1163 2368 1234; baseline -0.003 -13"><span class='ocrx_word' id='word_1_65' title='bbox 769 1167 964 1221; x_wconf 80' lang='lat' dir='ltr'><strong>Salute.</strong></span> <span class='ocrx_word' id='word_1_66' title='bbox 1016 1165 1108 1220; x_wconf 69' lang='lat' dir='ltr'><strong>llis</strong></span> <span class='ocrx_word' id='word_1_67' title='bbox 1166 1167 1234 1219; x_wconf 90' lang='lat' dir='ltr'><strong>ita</strong></span> <span class='ocrx_word' id='word_1_68' title='bbox 1284 1180 1343 1218; x_wconf 86' lang='lat' dir='ltr'><strong>se</strong></span> <span class='ocrx_word' id='word_1_69' title='bbox 1391 1165 1732 1228; x_wconf 65' lang='lat' dir='ltr'><strong>habentibus,</strong></span> <span class='ocrx_word' id='word_1_70' title='bbox 1788 1167 1950 1234; x_wconf 79' lang='lat' dir='ltr'><strong>elegit</strong></span> <span class='ocrx_word' id='word_1_71' title='bbox 2006 1163 2178 1233; x_wconf 87' lang='lat' dir='ltr'><strong>majus</strong></span> <span class='ocrx_word' id='word_1_72' title='bbox 2232 1181 2368 1230; x_wconf 65' lang='lat' dir='ltr'><strong>prin-</strong></span> 
     </span>
    </p>
   </div>
   <div class='ocr_carea' id='block_1_11' title="bbox 768 1258 2363 1328">
    <p class='ocr_par' dir='ltr' id='par_1_11' title="bbox 768 1258 2363 1328">
     <span class='ocr_line' id='line_1_11' title="bbox 768 1258 2363 1328; baseline -0.001 -17"><span class='ocrx_word' id='word_1_73' title='bbox 768 1260 963 1312; x_wconf 86' lang='lat' dir='ltr'><strong>sidium</strong></span> <span class='ocrx_word' id='word_1_74' title='bbox 1005 1259 1025 1289; x_wconf 77' lang='grc'>⁸</span> <span class='ocrx_word' id='word_1_75' title='bbox 1066 1270 1217 1328; x_wconf 87' lang='lat' dir='ltr'><strong>pater</strong></span> <span class='ocrx_word' id='word_1_76' title='bbox 1243 1258 1333 1312; x_wconf 87' lang='lat' dir='ltr'><strong>ille</strong></span> <span class='ocrx_word' id='word_1_77' title='bbox 1359 1258 1683 1312; x_wconf 84' lang='lat' dir='ltr'><strong>distribuere</strong></span> <span class='ocrx_word' id='word_1_78' title='bbox 1715 1259 2036 1325; x_wconf 83' lang='lat' dir='ltr'><strong>pauperibus</strong></span> <span class='ocrx_word' id='word_1_79' title='bbox 2063 1259 2363 1328; x_wconf 80' lang='lat' dir='ltr'><strong>largissima</strong></span> 
     </span>
    </p>
   </div>
   <div class='ocr_carea' id='block_1_12' title="bbox 771 1349 2367 1419">
    <p class='ocr_par' dir='ltr' id='par_1_12' title="bbox 771 1349 2367 1419">
     <span class='ocr_line' id='line_1_12' title="bbox 771 1349 2367 1419; baseline -0.003 -14"><span class='ocrx_word' id='word_1_80' title='bbox 771 1367 959 1415; x_wconf 88' lang='lat' dir='ltr'><strong>manu,</strong></span> <span class='ocrx_word' id='word_1_81' title='bbox 990 1365 1108 1419; x_wconf 85' lang='lat' dir='ltr'><strong>quae</strong></span> <span class='ocrx_word' id='word_1_82' title='bbox 1135 1349 1461 1417; x_wconf 70' lang='lat' dir='ltr'><strong>reperiebat,</strong></span> <span class='ocrx_word' id='word_1_83' title='bbox 1491 1349 1805 1403; x_wconf 85' lang='lat' dir='ltr'><strong>incumbens</strong></span> <span class='ocrx_word' id='word_1_84' title='bbox 1831 1351 2187 1414; x_wconf 88' lang='lat' dir='ltr'><strong>orationibus,</strong></span> <span class='ocrx_word' id='word_1_85' title='bbox 2213 1361 2262 1402; x_wconf 91' lang='lat' dir='ltr'><strong>et</strong></span> <span class='ocrx_word' id='word_1_86' title='bbox 2284 1351 2367 1416; x_wconf 83' lang='lat' dir='ltr'><strong>je-</strong></span> 
     </span>
    </p>
   </div>
   <div class='ocr_carea' id='block_1_13' title="bbox 765 1439 2369 1513">
    <p class='ocr_par' dir='ltr' id='par_1_13' title="bbox 765 1439 2369 1513">
     <span class='ocr_line' id='line_1_13' title="bbox 765 1439 2369 1513; baseline 0.001 -21"><span class='ocrx_word' id='word_1_87' title='bbox 765 1443 956 1513; x_wconf 86' lang='lat' dir='ltr'><strong>juniis,</strong></span> <span class='ocrx_word' id='word_1_88' title='bbox 1005 1451 1058 1496; x_wconf 85' lang='lat' dir='ltr'><strong>et</strong></span> <span class='ocrx_word' id='word_1_89' title='bbox 1113 1442 1307 1495; x_wconf 89' lang='lat' dir='ltr'><strong>litaniis</strong></span> <span class='ocrx_word' id='word_1_90' title='bbox 1347 1441 1510 1494; x_wconf 88' lang='lat' dir='ltr'><strong>Deum</strong></span> <span class='ocrx_word' id='word_1_91' title='bbox 1555 1441 1793 1509; x_wconf 81' lang='lat' dir='ltr'><strong>quotidie</strong></span> <span class='ocrx_word' id='word_1_92' title='bbox 1836 1441 2245 1509; x_wconf 75' lang='lat' dir='ltr'><strong>deprecabatur.</strong></span> <span class='ocrx_word' id='word_1_93' title='bbox 2301 1439 2369 1494; x_wconf 87' lang='lat' dir='ltr'><strong>Et</strong></span> 
     </span>
    </p>
   </div>
   <div class='ocr_carea' id='block_1_14' title="bbox 770 1533 2365 1603">
    <p class='ocr_par' dir='ltr' id='par_1_14' title="bbox 770 1533 2365 1603">
     <span class='ocr_line' id='line_1_14' title="bbox 770 1533 2365 1603; baseline -0.003 -15"><span class='ocrx_word' id='word_1_94' title='bbox 770 1550 869 1603; x_wconf 85' lang='lat' dir='ltr'><strong>spe</strong></span> <span class='ocrx_word' id='word_1_95' title='bbox 917 1535 984 1587; x_wconf 90' lang='lat' dir='ltr'><strong>ita</strong></span> <span class='ocrx_word' id='word_1_96' title='bbox 1021 1534 1274 1587; x_wconf 80' lang='lat' dir='ltr'><strong>manebat</strong></span> <span class='ocrx_word' id='word_1_97' title='bbox 1304 1547 1518 1601; x_wconf 86' lang='lat' dir='ltr'><strong>semper</strong></span> <span class='ocrx_word' id='word_1_98' title='bbox 1548 1533 1709 1587; x_wconf 82' lang='lat' dir='ltr'><strong>l&#39;ultus</strong></span> <span class='ocrx_word' id='word_1_99' title='bbox 1754 1535 2031 1601; x_wconf 79' lang='lat' dir='ltr'><strong>plusquam</strong></span> <span class='ocrx_word' id='word_1_100' title='bbox 2064 1533 2365 1598; x_wconf 88' lang='lat' dir='ltr'><strong>hominum,</strong></span> 
     </span>
    </p>
   </div>
   <div class='ocr_carea' id='block_1_15' title="bbox 771 1622 2369 1693">
    <p class='ocr_par' dir='ltr' id='par_1_15' title="bbox 771 1622 2369 1693">
     <span class='ocr_line' id='line_1_15' title="bbox 771 1622 2369 1693; baseline 0.001 -17"><span class='ocrx_word' id='word_1_101' title='bbox 771 1627 970 1693; x_wconf 82' lang='lat' dir='ltr'><strong>gratias</strong></span> <span class='ocrx_word' id='word_1_102' title='bbox 1001 1635 1178 1678; x_wconf 69' lang='lat' dir='ltr'><strong>tamen</strong></span> <span class='ocrx_word' id='word_1_103' title='bbox 1211 1624 1474 1677; x_wconf 84' lang='lat' dir='ltr'><strong>voluntati</strong></span> <span class='ocrx_word' id='word_1_104' title='bbox 1528 1625 1722 1690; x_wconf 92' lang='lat' dir='ltr'><strong>populo</strong></span> <span class='ocrx_word' id='word_1_105' title='bbox 1752 1622 1994 1677; x_wconf 78' lang='lat' dir='ltr'><strong>referens</strong></span> <span class='ocrx_word' id='word_1_106' title='bbox 2027 1639 2123 1689; x_wconf 87' lang='lat' dir='ltr'><strong>pro</strong></span> <span class='ocrx_word' id='word_1_107' title='bbox 2173 1624 2369 1678; x_wconf 88' lang='lat' dir='ltr'><strong>mentis</strong></span> 
     </span>
    </p>
   </div>
   <div class='ocr_carea' id='block_1_16' title="bbox 773 1717 2368 1786">
    <p class='ocr_par' dir='ltr' id='par_1_16' title="bbox 773 1717 2368 1786">
     <span class='ocr_line' id='line_1_16' title="bbox 773 1717 2368 1786; baseline 0.001 -16"><span class='ocrx_word' id='word_1_108' title='bbox 773 1719 1069 1786; x_wconf 85' lang='lat' dir='ltr'><strong>proposito,</strong></span> <span class='ocrx_word' id='word_1_109' title='bbox 1103 1717 1297 1770; x_wconf 88' lang='lat' dir='ltr'><strong>blando</strong></span> <span class='ocrx_word' id='word_1_110' title='bbox 1327 1732 1514 1770; x_wconf 90' lang='lat' dir='ltr'><strong>omnes</strong></span> <span class='ocrx_word' id='word_1_111' title='bbox 1546 1732 1819 1782; x_wconf 85' lang='lat' dir='ltr'><strong>sermone,</strong></span> <span class='ocrx_word' id='word_1_112' title='bbox 1854 1728 1912 1770; x_wconf 84' lang='grc' dir='ltr'><strong>ιιι</strong></span> <span class='ocrx_word' id='word_1_113' title='bbox 1943 1718 2098 1771; x_wconf 91' lang='lat' dir='ltr'><strong>bonis</strong></span> <span class='ocrx_word' id='word_1_114' title='bbox 2121 1719 2172 1771; x_wconf 93' lang='lat' dir='ltr'><strong>in</strong></span> <span class='ocrx_word' id='word_1_115' title='bbox 2202 1719 2368 1773; x_wconf 91' lang='lat' dir='ltr'><strong>Deum</strong></span> 
     </span>
    </p>
   </div>
   <div class='ocr_carea' id='block_1_17' title="bbox 771 1808 2360 1879">
    <p class='ocr_par' dir='ltr' id='par_1_17' title="bbox 771 1808 2360 1879">
     <span class='ocr_line' id='line_1_17' title="bbox 771 1808 2360 1879; baseline 0.001 -18"><span class='ocrx_word' id='word_1_116' title='bbox 771 1810 1092 1877; x_wconf 77' lang='lat' dir='ltr'><strong>proﬁcerent</strong></span> <span class='ocrx_word' id='word_1_117' title='bbox 1129 1809 1367 1874; x_wconf 86' lang='lat' dir='ltr'><strong>actibus,</strong></span> <span class='ocrx_word' id='word_1_118' title='bbox 1394 1818 1448 1862; x_wconf 88' lang='lat' dir='ltr'><strong>et</strong></span> <span class='ocrx_word' id='word_1_119' title='bbox 1474 1808 1526 1862; x_wconf 91' lang='lat' dir='ltr'><strong>in</strong></span> <span class='ocrx_word' id='word_1_120' title='bbox 1562 1810 1669 1865; x_wconf 83' lang='lat' dir='ltr'><strong>ﬁde</strong></span> <span class='ocrx_word' id='word_1_121' title='bbox 1701 1810 2083 1878; x_wconf 82' lang='lat' dir='ltr'><strong>persisterent,</strong></span> <span class='ocrx_word' id='word_1_122' title='bbox 2120 1811 2360 1879; x_wconf 76' lang='lat' dir='ltr'><strong>rogabat.</strong></span> 
     </span>
    </p>
   </div>
   <div class='ocr_carea' id='block_1_18' title="bbox 2473 611 4046 686">
    <p class='ocr_par' dir='ltr' id='par_1_18' title="bbox 2473 611 4046 686">
     <span class='ocr_line' id='line_1_18' title="bbox 2473 611 4046 686; baseline 0.006 -21"><span class='ocrx_word' id='word_1_123' title='bbox 2473 611 2634 666; x_wconf 47' lang='lat' dir='ltr'><strong>radtis</strong></span> <span class='ocrx_word' id='word_1_124' title='bbox 2685 613 2735 665; x_wconf 92' lang='lat' dir='ltr'><strong>in</strong></span> <span class='ocrx_word' id='word_1_125' title='bbox 2785 613 2922 666; x_wconf 74' lang='grc' dir='ltr'><strong>ρωῐο</strong></span> <span class='ocrx_word' id='word_1_126' title='bbox 2964 616 3208 680; x_wconf 87' lang='lat' dir='ltr'><strong>apparuit</strong></span> <span class='ocrx_word' id='word_1_127' title='bbox 3260 616 3310 668; x_wconf 93' lang='lat' dir='ltr'><strong>in</strong></span> <span class='ocrx_word' id='word_1_128' title='bbox 3345 616 3384 646; x_wconf 80' lang='lat'><strong>&#39;°</strong></span> <span class='ocrx_word' id='word_1_129' title='bbox 3423 615 3682 683; x_wconf 72' lang='lat' dir='ltr'><strong>Oeriduo,</strong></span> <span class='ocrx_word' id='word_1_130' title='bbox 3732 620 3891 686; x_wconf 87' lang='lat' dir='ltr'><strong>cujus</strong></span> <span class='ocrx_word' id='word_1_131' title='bbox 3934 625 4046 675; x_wconf 80' lang='lat' dir='ltr'><strong>rada</strong></span> 
     </span>
    </p>
   </div>
   <div class='ocr_carea' id='block_1_19' title="bbox 2470 705 4044 778">
    <p class='ocr_par' dir='ltr' id='par_1_19' title="bbox 2470 705 4044 778">
     <span class='ocr_line' id='line_1_19' title="bbox 2470 705 4044 778; baseline 0.01 -27"><span class='ocrx_word' id='word_1_132' title='bbox 2470 716 2649 771; x_wconf 78' lang='lat' dir='ltr'><strong>partes</strong></span> <span class='ocrx_word' id='word_1_133' title='bbox 2690 705 2972 772; x_wconf 82' lang='lat' dir='ltr'><strong>Aquilonis</strong></span> <span class='ocrx_word' id='word_1_134' title='bbox 3014 707 3409 774; x_wconf 87' lang='lat' dir='ltr'><strong>respiciebant,</strong></span> <span class='ocrx_word' id='word_1_135' title='bbox 3443 719 3497 762; x_wconf 91' lang='lat' dir='ltr'><strong>et</strong></span> <span class='ocrx_word' id='word_1_136' title='bbox 3532 724 3699 778; x_wconf 86' lang='lat' dir='ltr'><strong>usque</strong></span> <span class='ocrx_word' id='word_1_137' title='bbox 3730 712 3797 764; x_wconf 87' lang='lat' dir='ltr'><strong>ad</strong></span> <span class='ocrx_word' id='word_1_138' title='bbox 3829 715 4044 766; x_wconf 81' lang='lat' dir='ltr'><strong>medium</strong></span> 
     </span>
    </p>
   </div>
   <div class='ocr_carea' id='block_1_20' title="bbox 2471 797 4046 873">
    <p class='ocr_par' dir='ltr' id='par_1_20' title="bbox 2471 797 4046 873">
     <span class='ocr_line' id='line_1_20' title="bbox 2471 797 4046 873; baseline 0.006 -25"><span class='ocrx_word' id='word_1_139' title='bbox 2471 797 2665 850; x_wconf 73' lang='lat' dir='ltr'><strong>etelum</strong></span> <span class='ocrx_word' id='word_1_140' title='bbox 2717 810 2775 850; x_wconf 90' lang='lat' dir='ltr'><strong>se</strong></span> <span class='ocrx_word' id='word_1_141' title='bbox 2821 798 3203 850; x_wconf 82' lang='lat' dir='ltr'><strong>extendebant.</strong></span> <span class='ocrx_word' id='word_1_142' title='bbox 3255 798 3332 853; x_wconf 85' lang='lat' dir='ltr'><strong>Eo</strong></span> <span class='ocrx_word' id='word_1_143' title='bbox 3377 814 3500 853; x_wconf 82' lang='lat' dir='ltr'><strong>vero</strong></span> <span class='ocrx_word' id='word_1_144' title='bbox 3553 810 3818 868; x_wconf 84' lang='lat' dir='ltr'><strong>tempore.</strong></span> <span class='ocrx_word' id='word_1_145' title='bbox 3875 811 4046 873; x_wconf 67' lang='lat' dir='ltr'><strong>smpius</strong></span> 
     </span>
    </p>
   </div>
   <div class='ocr_carea' id='block_1_21' title="bbox 2470 884 4047 958">
    <p class='ocr_par' dir='ltr' id='par_1_21' title="bbox 2470 884 4047 958">
     <span class='ocr_line' id='line_1_21' title="bbox 2470 884 4047 958; baseline 0.003 -17"><span class='ocrx_word' id='word_1_146' title='bbox 2470 888 2595 942; x_wconf 80' lang='lat' dir='ltr'><strong>dicti</strong></span> <span class='ocrx_word' id='word_1_147' title='bbox 2625 884 2916 956; x_wconf 72' lang='lat' dir='ltr'><strong>Eutycbius</strong></span> <span class='ocrx_word' id='word_1_148' title='bbox 2968 888 3221 956; x_wconf 79' lang='lat' dir='ltr'><strong>patricius</strong></span> <span class='ocrx_word' id='word_1_149' title='bbox 3275 900 3326 942; x_wconf 88' lang='lat' dir='ltr'><strong>et</strong></span> <span class='ocrx_word' id='word_1_150' title='bbox 3373 888 3732 958; x_wconf 89' lang='lat' dir='ltr'><strong>Luitprandus</strong></span> <span class='ocrx_word' id='word_1_151' title='bbox 3775 907 3868 945; x_wconf 92' lang='lat' dir='ltr'><strong>rex</strong></span> <span class='ocrx_word' id='word_1_152' title='bbox 3922 893 4047 946; x_wconf 81' lang='lat' dir='ltr'><strong>inie-</strong></span> 
     </span>
    </p>
   </div>
   <div class='ocr_carea' id='block_1_22' title="bbox 2474 983 4046 1053">
    <p class='ocr_par' dir='ltr' id='par_1_22' title="bbox 2474 983 4046 1053">
     <span class='ocr_line' id='line_1_22' title="bbox 2474 983 4046 1053; baseline 0.003 -18"><span class='ocrx_word' id='word_1_153' title='bbox 2474 991 2597 1035; x_wconf 89' lang='lat' dir='ltr'><strong>runt</strong></span> <span class='ocrx_word' id='word_1_154' title='bbox 2644 983 2926 1035; x_wconf 78' lang='lat' dir='ltr'><strong>consilium</strong></span> <span class='ocrx_word' id='word_1_155' title='bbox 2963 983 3226 1037; x_wconf 89' lang='lat' dir='ltr'><strong>nel&#39;arium</strong></span> <span class='ocrx_word' id='word_1_156' title='bbox 3257 1025 3270 1046; x_wconf 95' lang='lat'><strong>,</strong></span> <span class='ocrx_word' id='word_1_157' title='bbox 3315 992 3366 1036; x_wconf 93' lang='lat' dir='ltr'><strong>ut</strong></span> <span class='ocrx_word' id='word_1_158' title='bbox 3396 1026 3411 1050; x_wconf 94' lang='lat'><strong>,</strong></span> <span class='ocrx_word' id='word_1_159' title='bbox 3463 987 3804 1053; x_wconf 86' lang='lat' dir='ltr'><strong>congregatis</strong></span> <span class='ocrx_word' id='word_1_160' title='bbox 3863 989 4046 1041; x_wconf 80' lang='lat' dir='ltr'><strong>exerci-</strong></span> 
     </span>
    </p>
   </div>
   <div class='ocr_carea' id='block_1_23' title="bbox 2474 1075 4046 1144">
    <p class='ocr_par' dir='ltr' id='par_1_23' title="bbox 2474 1075 4046 1144">
     <span class='ocr_line' id='line_1_23' title="bbox 2474 1075 4046 1144; baseline 0.003 -18"><span class='ocrx_word' id='word_1_161' title='bbox 2474 1075 2634 1137; x_wconf 89' lang='lat' dir='ltr'><strong>tibus,</strong></span> <span class='ocrx_word' id='word_1_162' title='bbox 2669 1090 2761 1128; x_wconf 85' lang='lat' dir='ltr'><strong>rex</strong></span> <span class='ocrx_word' id='word_1_163' title='bbox 2807 1075 3093 1141; x_wconf 64' lang='lat' dir='ltr'><strong>sabjiceret</strong></span> <span class='ocrx_word' id='word_1_164' title='bbox 3129 1077 3290 1129; x_wconf 89' lang='lat' dir='ltr'><strong>duces</strong></span> <span class='ocrx_word' id='word_1_165' title='bbox 3319 1076 3667 1144; x_wconf 86' lang='lat' dir='ltr'><strong>Spoletannm</strong></span> <span class='ocrx_word' id='word_1_166' title='bbox 3701 1088 3756 1131; x_wconf 91' lang='lat' dir='ltr'><strong>et</strong></span> <span class='ocrx_word' id='word_1_167' title='bbox 3784 1080 4046 1132; x_wconf 75' lang='lat' dir='ltr'><strong>Beneven-</strong></span> 
     </span>
    </p>
   </div>
   <div class='ocr_carea' id='block_1_24' title="bbox 2474 1168 4048 1238">
    <p class='ocr_par' dir='ltr' id='par_1_24' title="bbox 2474 1168 4048 1238">
     <span class='ocr_line' id='line_1_24' title="bbox 2474 1168 4048 1238; baseline 0.003 -20"><span class='ocrx_word' id='word_1_168' title='bbox 2474 1176 2679 1229; x_wconf 88' lang='lat' dir='ltr'><strong>tanum,</strong></span> <span class='ocrx_word' id='word_1_169' title='bbox 2711 1175 2760 1218; x_wconf 87' lang='lat' dir='ltr'><strong>et</strong></span> <span class='ocrx_word' id='word_1_170' title='bbox 2794 1168 3057 1220; x_wconf 80' lang='lat' dir='ltr'><strong>exarehus</strong></span> <span class='ocrx_word' id='word_1_171' title='bbox 3091 1168 3334 1229; x_wconf 79' lang='lat' dir='ltr'><strong>llomam.</strong></span> <span class='ocrx_word' id='word_1_172' title='bbox 3364 1177 3417 1222; x_wconf 90' lang='lat' dir='ltr'><strong>et</strong></span> <span class='ocrx_word' id='word_1_173' title='bbox 3447 1184 3564 1236; x_wconf 66' lang='lat' dir='ltr'><strong>quae</strong></span> <span class='ocrx_word' id='word_1_174' title='bbox 3597 1171 3800 1238; x_wconf 89' lang='lat' dir='ltr'><strong>pridem</strong></span> <span class='ocrx_word' id='word_1_175' title='bbox 3836 1173 3903 1226; x_wconf 89' lang='lat' dir='ltr'><strong>de</strong></span> <span class='ocrx_word' id='word_1_176' title='bbox 3935 1187 4048 1238; x_wconf 85' lang='lat' dir='ltr'><strong>pou-</strong></span> 
     </span>
    </p>
   </div>
   <div class='ocr_carea' id='block_1_25' title="bbox 2475 1257 4044 1330">
    <p class='ocr_par' dir='ltr' id='par_1_25' title="bbox 2475 1257 4044 1330">
     <span class='ocr_line' id='line_1_25' title="bbox 2475 1257 4044 1330; baseline 0.008 -21"><span class='ocrx_word' id='word_1_177' title='bbox 2475 1257 2630 1310; x_wconf 77' lang='lat' dir='ltr'><strong>liﬁcis</strong></span> <span class='ocrx_word' id='word_1_178' title='bbox 2655 1273 2881 1326; x_wconf 84' lang='lat' dir='ltr'><strong>persona</strong></span> <span class='ocrx_word' id='word_1_179' title='bbox 2912 1261 3092 1327; x_wconf 89' lang='lat' dir='ltr'><strong>jussus</strong></span> <span class='ocrx_word' id='word_1_180' title='bbox 3124 1260 3295 1314; x_wconf 80' lang='lat' dir='ltr'><strong>fuerat</strong></span> <span class='ocrx_word' id='word_1_181' title='bbox 3328 1263 3592 1329; x_wconf 87' lang='lat' dir='ltr'><strong>impleret.</strong></span> <span class='ocrx_word' id='word_1_182' title='bbox 3619 1265 3718 1330; x_wconf 84' lang='lat' dir='ltr'><strong>Qui</strong></span> <span class='ocrx_word' id='word_1_183' title='bbox 3755 1280 3850 1318; x_wconf 88' lang='lat' dir='ltr'><strong>rex</strong></span> <span class='ocrx_word' id='word_1_184' title='bbox 3882 1266 4044 1330; x_wconf 73' lang='lat' dir='ltr'><strong>Spole-</strong></span> 
     </span>
    </p>
   </div>
   <div class='ocr_carea' id='block_1_26' title="bbox 2475 1354 4048 1423">
    <p class='ocr_par' dir='ltr' id='par_1_26' title="bbox 2475 1354 4048 1423">
     <span class='ocr_line' id='line_1_26' title="bbox 2475 1354 4048 1423; baseline 0.004 -19"><span class='ocrx_word' id='word_1_185' title='bbox 2475 1361 2582 1404; x_wconf 88' lang='lat' dir='ltr'><strong>turn</strong></span> <span class='ocrx_word' id='word_1_186' title='bbox 2614 1355 2859 1418; x_wconf 82' lang='lat' dir='ltr'><strong>veniens,</strong></span> <span class='ocrx_word' id='word_1_187' title='bbox 2911 1354 3179 1422; x_wconf 85' lang='lat' dir='ltr'><strong>susceptis</strong></span> <span class='ocrx_word' id='word_1_188' title='bbox 3223 1356 3290 1407; x_wconf 91' lang='lat' dir='ltr'><strong>ab</strong></span> <span class='ocrx_word' id='word_1_189' title='bbox 3341 1356 3580 1423; x_wconf 88' lang='lat' dir='ltr'><strong>tttrisqne</strong></span> <span class='ocrx_word' id='word_1_190' title='bbox 3617 1357 3850 1412; x_wconf 90' lang='lat' dir='ltr'><strong>ducibus</strong></span> <span class='ocrx_word' id='word_1_191' title='bbox 3883 1373 4048 1412; x_wconf 75' lang='lat' dir='ltr'><strong>sacra-</strong></span> 
     </span>
    </p>
   </div>
   <div class='ocr_carea' id='block_1_27' title="bbox 2474 1445 4048 1515">
    <p class='ocr_par' dir='ltr' id='par_1_27' title="bbox 2474 1445 4048 1515">
     <span class='ocr_line' id='line_1_27' title="bbox 2474 1445 4048 1515; baseline 0.004 -18"><span class='ocrx_word' id='word_1_192' title='bbox 2474 1445 2664 1498; x_wconf 80' lang='lat' dir='ltr'><strong>mentis</strong></span> <span class='ocrx_word' id='word_1_193' title='bbox 2696 1457 2857 1515; x_wconf 78' lang='lat' dir='ltr'><strong>atque</strong></span> <span class='ocrx_word' id='word_1_194' title='bbox 2906 1448 3205 1512; x_wconf 82' lang='lat' dir='ltr'><strong>obsidibus,</strong></span> <span class='ocrx_word' id='word_1_195' title='bbox 3234 1450 3276 1478; x_wconf 82' lang='grc'>¹¹</span> <span class='ocrx_word' id='word_1_196' title='bbox 3304 1463 3424 1501; x_wconf 92' lang='lat' dir='ltr'><strong>cum</strong></span> <span class='ocrx_word' id='word_1_197' title='bbox 3467 1456 3577 1501; x_wconf 89' lang='lat' dir='ltr'><strong>tota</strong></span> <span class='ocrx_word' id='word_1_198' title='bbox 3607 1463 3699 1501; x_wconf 90' lang='lat' dir='ltr'><strong>sua</strong></span> <span class='ocrx_word' id='word_1_199' title='bbox 3740 1449 3965 1504; x_wconf 89' lang='lat' dir='ltr'><strong>cohorte</strong></span> <span class='ocrx_word' id='word_1_200' title='bbox 4006 1453 4048 1504; x_wconf 74' lang='lat' dir='ltr'><strong>in</strong></span> 
     </span>
    </p>
   </div>
   <div class='ocr_carea' id='block_1_28' title="bbox 2472 1536 4051 1609">
    <p class='ocr_par' dir='ltr' id='par_1_28' title="bbox 2472 1536 4051 1609">
     <span class='ocr_line' id='line_1_28' title="bbox 2472 1536 4051 1609; baseline 0.001 -19"><span class='ocrx_word' id='word_1_201' title='bbox 2472 1536 2696 1590; x_wconf 67' lang='lat' dir='ltr'><strong>Neronis</strong></span> <span class='ocrx_word' id='word_1_202' title='bbox 2723 1551 2968 1605; x_wconf 82' lang='lat' dir='ltr'><strong>campum</strong></span> <span class='ocrx_word' id='word_1_203' title='bbox 3002 1542 3246 1592; x_wconf 80' lang='lat' dir='ltr'><strong>secessit.</strong></span> <span class='ocrx_word' id='word_1_204' title='bbox 3291 1541 3368 1592; x_wconf 83' lang='lat' dir='ltr'><strong>Ad</strong></span> <span class='ocrx_word' id='word_1_205' title='bbox 3401 1555 3560 1607; x_wconf 86' lang='lat' dir='ltr'><strong>quem</strong></span> <span class='ocrx_word' id='word_1_206' title='bbox 3591 1555 3846 1607; x_wconf 73' lang='lat' dir='ltr'><strong>egressus</strong></span> <span class='ocrx_word' id='word_1_207' title='bbox 3882 1545 4051 1609; x_wconf 78' lang='lat' dir='ltr'><strong>ponti-</strong></span> 
     </span>
    </p>
   </div>
   <div class='ocr_carea' id='block_1_29' title="bbox 2473 1626 4049 1700">
    <p class='ocr_par' dir='ltr' id='par_1_29' title="bbox 2473 1626 4049 1700">
     <span class='ocr_line' id='line_1_29' title="bbox 2473 1626 4049 1700; baseline 0.006 -21"><span class='ocrx_word' id='word_1_208' title='bbox 2473 1626 2582 1691; x_wconf 75' lang='lat' dir='ltr'><strong>lex,</strong></span> <span class='ocrx_word' id='word_1_209' title='bbox 2637 1629 2794 1694; x_wconf 88' lang='lat' dir='ltr'><strong>eique</strong></span> <span class='ocrx_word' id='word_1_210' title='bbox 2852 1639 3226 1697; x_wconf 70' lang='lat' dir='ltr'><strong>prmsentatus,</strong></span> <span class='ocrx_word' id='word_1_211' title='bbox 3281 1630 3502 1694; x_wconf 87' lang='lat' dir='ltr'><strong>studuit,</strong></span> <span class='ocrx_word' id='word_1_212' title='bbox 3557 1643 3615 1684; x_wconf 90' lang='lat' dir='ltr'><strong>ut</strong></span> <span class='ocrx_word' id='word_1_213' title='bbox 3653 1633 3845 1699; x_wconf 88' lang='lat' dir='ltr'><strong>potuit,</strong></span> <span class='ocrx_word' id='word_1_214' title='bbox 3901 1633 4049 1700; x_wconf 73' lang='lat' dir='ltr'><strong>Regis</strong></span> 
     </span>
    </p>
   </div>
   <div class='ocr_carea' id='block_1_30' title="bbox 2475 1717 4051 1790">
    <p class='ocr_par' dir='ltr' id='par_1_30' title="bbox 2475 1717 4051 1790">
     <span class='ocr_line' id='line_1_30' title="bbox 2475 1717 4051 1790; baseline 0.003 -20"><span class='ocrx_word' id='word_1_215' title='bbox 2475 1717 2682 1770; x_wconf 87' lang='lat' dir='ltr'><strong>mollire</strong></span> <span class='ocrx_word' id='word_1_216' title='bbox 2710 1720 2952 1772; x_wconf 90' lang='lat' dir='ltr'><strong>animum</strong></span> <span class='ocrx_word' id='word_1_217' title='bbox 2984 1722 3362 1775; x_wconf 85' lang='lat' dir='ltr'><strong>communione</strong></span> <span class='ocrx_word' id='word_1_218' title='bbox 3393 1723 3499 1789; x_wconf 87' lang='lat' dir='ltr'><strong>pia,</strong></span> <span class='ocrx_word' id='word_1_219' title='bbox 3543 1723 3612 1774; x_wconf 91' lang='lat' dir='ltr'><strong>ita</strong></span> <span class='ocrx_word' id='word_1_220' title='bbox 3642 1732 3699 1775; x_wconf 94' lang='lat' dir='ltr'><strong>ut</strong></span> <span class='ocrx_word' id='word_1_221' title='bbox 3730 1737 3787 1775; x_wconf 89' lang='lat' dir='ltr'><strong>se</strong></span> <span class='ocrx_word' id='word_1_222' title='bbox 3821 1735 4051 1790; x_wconf 78' lang='lat' dir='ltr'><strong>proster-</strong></span> 
     </span>
    </p>
   </div>
   <div class='ocr_carea' id='block_1_31' title="bbox 2473 1808 4054 1878">
    <p class='ocr_par' dir='ltr' id='par_1_31' title="bbox 2473 1808 4054 1878">
     <span class='ocr_line' id='line_1_31' title="bbox 2473 1808 4054 1878; baseline 0.003 -16"><span class='ocrx_word' id='word_1_223' title='bbox 2473 1817 2623 1862; x_wconf 90' lang='lat' dir='ltr'><strong>neret</strong></span> <span class='ocrx_word' id='word_1_224' title='bbox 2663 1808 2780 1875; x_wconf 88' lang='lat' dir='ltr'><strong>ejus</strong></span> <span class='ocrx_word' id='word_1_225' title='bbox 2831 1809 3076 1876; x_wconf 88' lang='lat' dir='ltr'><strong>pedibus,</strong></span> <span class='ocrx_word' id='word_1_226' title='bbox 3122 1818 3178 1863; x_wconf 91' lang='lat' dir='ltr'><strong>et</strong></span> <span class='ocrx_word' id='word_1_227' title='bbox 3207 1812 3542 1878; x_wconf 88' lang='lat' dir='ltr'><strong>promitteret</strong></span> <span class='ocrx_word' id='word_1_228' title='bbox 3587 1827 3644 1866; x_wconf 90' lang='lat' dir='ltr'><strong>se</strong></span> <span class='ocrx_word' id='word_1_229' title='bbox 3687 1814 3818 1866; x_wconf 91' lang='lat' dir='ltr'><strong>nulli</strong></span> <span class='ocrx_word' id='word_1_230' title='bbox 3871 1814 4054 1867; x_wconf 75' lang='lat' dir='ltr'><strong>inferre</strong></span> 
     </span>
    </p>
   </div>
   <div class='ocr_carea' id='block_1_32' title="bbox 771 1899 4054 1972">
    <p class='ocr_par' dir='ltr' id='par_1_32' title="bbox 771 1899 4054 1972">
     <span class='ocr_line' id='line_1_32' title="bbox 771 1899 4054 1972; baseline 0.001 -16"><span class='ocrx_word' id='word_1_231' title='bbox 771 1900 879 1956; x_wconf 85' lang='lat' dir='ltr'><strong>Sed</strong></span> <span class='ocrx_word' id='word_1_232' title='bbox 913 1917 978 1952; x_wconf 92' lang='lat' dir='ltr'><strong>ne</strong></span> <span class='ocrx_word' id='word_1_233' title='bbox 1025 1900 1345 1954; x_wconf 89' lang='lat' dir='ltr'><strong>desisterent</strong></span> <span class='ocrx_word' id='word_1_234' title='bbox 1376 1901 1443 1953; x_wconf 89' lang='lat' dir='ltr'><strong>ab</strong></span> <span class='ocrx_word' id='word_1_235' title='bbox 1475 1915 1659 1952; x_wconf 91' lang='lat' dir='ltr'><strong>amore</strong></span> <span class='ocrx_word' id='word_1_236' title='bbox 1681 1944 1694 1966; x_wconf 93' lang='lat'><strong>,</strong></span> <span class='ocrx_word' id='word_1_237' title='bbox 1730 1901 1813 1951; x_wconf 85' lang='lat' dir='ltr'><strong>vel</strong></span> <span class='ocrx_word' id='word_1_238' title='bbox 1855 1899 1957 1951; x_wconf 89' lang='lat' dir='ltr'><strong>lide</strong></span> <span class='ocrx_word' id='word_1_239' title='bbox 1990 1900 2215 1952; x_wconf 77' lang='lat' dir='ltr'><strong>Romani</strong></span> <span class='ocrx_word' id='word_1_240' title='bbox 2264 1900 2367 1953; x_wconf 83' lang='lat' dir='ltr'><strong>im-</strong></span> <span class='ocrx_word' id='word_1_241' title='bbox 2402 1908 2446 1967; x_wconf 82' lang='grc' dir='ltr'>Β</span> <span class='ocrx_word' id='word_1_242' title='bbox 2475 1901 2785 1963; x_wconf 69' lang='lat' dir='ltr'><strong>laesionem;</strong></span> <span class='ocrx_word' id='word_1_243' title='bbox 2816 1912 2975 1969; x_wconf 88' lang='lat' dir='ltr'><strong>atque</strong></span> <span class='ocrx_word' id='word_1_244' title='bbox 3005 1902 3082 1955; x_wconf 92' lang='lat' dir='ltr'><strong>sic</strong></span> <span class='ocrx_word' id='word_1_245' title='bbox 3113 1902 3178 1954; x_wconf 92' lang='lat' dir='ltr'><strong>ad</strong></span> <span class='ocrx_word' id='word_1_246' title='bbox 3216 1911 3414 1956; x_wconf 66' lang='lat' dir='ltr'><strong>tantum</strong></span> <span class='ocrx_word' id='word_1_247' title='bbox 3444 1907 3920 1972; x_wconf 90' lang='lat' dir='ltr'><strong>compunctionem</strong></span> <span class='ocrx_word' id='word_1_248' title='bbox 3966 1908 4054 1970; x_wconf 67' lang='lat' dir='ltr'><strong>ptis“</strong></span> 
     </span>
    </p>
   </div>
   <div class='ocr_carea' id='block_1_33' title="bbox 776 1992 2372 2067">
    <p class='ocr_par' dir='ltr' id='par_1_33' title="bbox 776 1992 2372 2067">
     <span class='ocr_line' id='line_1_33' title="bbox 776 1992 2372 2067; baseline 0.004 -28"><span class='ocrx_word' id='word_1_249' title='bbox 776 1993 933 2059; x_wconf 85' lang='lat' dir='ltr'><strong>perii,</strong></span> <span class='ocrx_word' id='word_1_250' title='bbox 967 1993 1310 2067; x_wconf 83' lang='lat' dir='ltr'><strong>admonebat.</strong></span> <span class='ocrx_word' id='word_1_251' title='bbox 1343 1992 1431 2045; x_wconf 91' lang='lat' dir='ltr'><strong>Sic</strong></span> <span class='ocrx_word' id='word_1_252' title='bbox 1455 2000 1773 2045; x_wconf 90' lang='lat' dir='ltr'><strong>cunctorum</strong></span> <span class='ocrx_word' id='word_1_253' title='bbox 1803 1992 1963 2066; x_wconf 84' lang='lat' dir='ltr'><strong>corda</strong></span> <span class='ocrx_word' id='word_1_254' title='bbox 1995 1992 2292 2055; x_wconf 86' lang='lat' dir='ltr'><strong>molliebat,</strong></span> <span class='ocrx_word' id='word_1_255' title='bbox 2318 2001 2372 2046; x_wconf 87' lang='lat' dir='ltr'><strong>et</strong></span> 
     </span>
    </p>
   </div>
   <div class='ocr_carea' id='block_1_34' title="bbox 771 2075 1863 2150">
    <p class='ocr_par' dir='ltr' id='par_1_34' title="bbox 771 2075 1863 2150">
     <span class='ocr_line' id='line_1_34' title="bbox 771 2075 1863 2150; baseline -0.002 -15"><span class='ocrx_word' id='word_1_256' title='bbox 771 2083 985 2136; x_wconf 87' lang='lat' dir='ltr'><strong>dolores</strong></span> <span class='ocrx_word' id='word_1_257' title='bbox 1015 2084 1298 2137; x_wconf 88' lang='lat' dir='ltr'><strong>continuos</strong></span> <span class='ocrx_word' id='word_1_258' title='bbox 1329 2083 1627 2150; x_wconf 70' lang='lat' dir='ltr'><strong>mitigabat.</strong></span> <span class='ocrx_word' id='word_1_259' title='bbox 1857 2075 1863 2081; x_wconf 82' lang='grc'><em>’</em></span> 
     </span>
    </p>
   </div>
   <div class='ocr_carea' id='block_1_35' title="bbox 848 2173 2369 2244">
    <p class='ocr_par' dir='ltr' id='par_1_35' title="bbox 848 2173 2369 2244">
     <span class='ocr_line' id='line_1_35' title="bbox 848 2173 2369 2244; baseline -0.002 -14"><span class='ocrx_word' id='word_1_260' title='bbox 848 2177 1047 2230; x_wconf 87' lang='lat' dir='ltr'><strong>Eodem</strong></span> <span class='ocrx_word' id='word_1_261' title='bbox 1084 2185 1325 2240; x_wconf 87' lang='lat' dir='ltr'><strong>tempore</strong></span> <span class='ocrx_word' id='word_1_262' title='bbox 1356 2190 1446 2238; x_wconf 70' lang='lat' dir='ltr'><strong>per</strong></span> <span class='ocrx_word' id='word_1_263' title='bbox 1477 2175 1496 2203; x_wconf 60' lang='lat'><strong><em>&quot;</em></strong></span> <span class='ocrx_word' id='word_1_264' title='bbox 1539 2190 1588 2227; x_wconf 72' lang='grc' dir='ltr'><strong>ιη</strong></span> <span class='ocrx_word' id='word_1_265' title='bbox 1630 2173 1817 2227; x_wconf 89' lang='lat' dir='ltr'><strong>indict.</strong></span> <span class='ocrx_word' id='word_1_266' title='bbox 1839 2173 1966 2228; x_wconf 91' lang='lat' dir='ltr'><strong>dolo</strong></span> <span class='ocrx_word' id='word_1_267' title='bbox 1992 2189 2020 2227; x_wconf 95' lang='lat' dir='ltr'><strong>a</strong></span> <span class='ocrx_word' id='word_1_268' title='bbox 2053 2173 2369 2244; x_wconf 82' lang='lat' dir='ltr'><strong>Longobar-</strong></span> 
     </span>
    </p>
   </div>
   <div class='ocr_carea' id='block_1_36' title="bbox 772 2265 2368 2336">
    <p class='ocr_par' dir='ltr' id='par_1_36' title="bbox 772 2265 2368 2336">
     <span class='ocr_line' id='line_1_36' title="bbox 772 2265 2368 2336; baseline 0 -16"><span class='ocrx_word' id='word_1_269' title='bbox 772 2269 856 2320; x_wconf 86' lang='lat' dir='ltr'><strong>dis</strong></span> <span class='ocrx_word' id='word_1_270' title='bbox 901 2282 1180 2336; x_wconf 81' lang='lat' dir='ltr'><strong>pervasum</strong></span> <span class='ocrx_word' id='word_1_271' title='bbox 1213 2275 1294 2321; x_wconf 89' lang='lat' dir='ltr'><strong>est</strong></span> <span class='ocrx_word' id='word_1_272' title='bbox 1328 2267 1348 2295; x_wconf 76' lang='grc'>⁸</span> <span class='ocrx_word' id='word_1_273' title='bbox 1377 2265 1667 2321; x_wconf 90' lang='lat' dir='ltr'><strong>Sneriense</strong></span> <span class='ocrx_word' id='word_1_274' title='bbox 1717 2267 1995 2320; x_wconf 89' lang='lat' dir='ltr'><strong>castellum</strong></span> <span class='ocrx_word' id='word_1_275' title='bbox 2021 2307 2035 2331; x_wconf 94' lang='lat'><strong>,</strong></span> <span class='ocrx_word' id='word_1_276' title='bbox 2075 2269 2213 2334; x_wconf 88' lang='lat' dir='ltr'><strong>quod</strong></span> <span class='ocrx_word' id='word_1_277' title='bbox 2273 2282 2368 2333; x_wconf 89' lang='lat' dir='ltr'><strong>per</strong></span> 
     </span>
    </p>
   </div>
   <div class='ocr_carea' id='block_1_37' title="bbox 775 2357 2366 2428">
    <p class='ocr_par' dir='ltr' id='par_1_37' title="bbox 775 2357 2366 2428">
     <span class='ocr_line' id='line_1_37' title="bbox 775 2357 2366 2428; baseline -0.001 -14"><span class='ocrx_word' id='word_1_278' title='bbox 775 2363 795 2392; x_wconf 72' lang='grc'>⁸</span> <span class='ocrx_word' id='word_1_279' title='bbox 827 2371 1038 2414; x_wconf 87' lang='lat' dir='ltr'><strong>centum</strong></span> <span class='ocrx_word' id='word_1_280' title='bbox 1070 2359 1422 2428; x_wconf 82' lang='lat' dir='ltr'><strong>quadraginta</strong></span> <span class='ocrx_word' id='word_1_281' title='bbox 1454 2359 1567 2412; x_wconf 85' lang='lat' dir='ltr'><strong>dies</strong></span> <span class='ocrx_word' id='word_1_282' title='bbox 1623 2358 1689 2411; x_wconf 89' lang='lat' dir='ltr'><strong>ab</strong></span> <span class='ocrx_word' id='word_1_283' title='bbox 1739 2358 1937 2411; x_wconf 88' lang='lat' dir='ltr'><strong>eisdem</strong></span> <span class='ocrx_word' id='word_1_284' title='bbox 1997 2357 2366 2426; x_wconf 80' lang='lat' dir='ltr'><strong>Longobardis</strong></span> 
     </span>
    </p>
   </div>
   <div class='ocr_carea' id='block_1_38' title="bbox 777 2450 2366 2522">
    <p class='ocr_par' dir='ltr' id='par_1_38' title="bbox 777 2450 2366 2522">
     <span class='ocr_line' id='line_1_38' title="bbox 777 2450 2366 2522; baseline -0.002 -16"><span class='ocrx_word' id='word_1_285' title='bbox 777 2467 1089 2522; x_wconf 82' lang='lat' dir='ltr'><strong>possessum</strong></span> <span class='ocrx_word' id='word_1_286' title='bbox 1121 2461 1221 2506; x_wconf 91' lang='lat' dir='ltr'><strong>est.</strong></span> <span class='ocrx_word' id='word_1_287' title='bbox 1269 2451 1374 2505; x_wconf 87' lang='lat' dir='ltr'><strong>Sed</strong></span> <span class='ocrx_word' id='word_1_288' title='bbox 1410 2451 1679 2519; x_wconf 86' lang='lat' dir='ltr'><strong>pontilicis</strong></span> <span class='ocrx_word' id='word_1_289' title='bbox 1717 2451 1900 2504; x_wconf 89' lang='lat' dir='ltr'><strong>multis</strong></span> <span class='ocrx_word' id='word_1_290' title='bbox 1930 2450 2201 2504; x_wconf 85' lang='lat' dir='ltr'><strong>continuis</strong></span> <span class='ocrx_word' id='word_1_291' title='bbox 2231 2453 2366 2504; x_wconf 86' lang='lat' dir='ltr'><strong>scri-</strong></span> 
     </span>
    </p>
   </div>
   <div class='ocr_carea' id='block_1_39' title="bbox 774 2543 2369 2614">
    <p class='ocr_par' dir='ltr' id='par_1_39' title="bbox 774 2543 2369 2614">
     <span class='ocr_line' id='line_1_39' title="bbox 774 2543 2369 2614; baseline -0.003 -15"><span class='ocrx_word' id='word_1_292' title='bbox 774 2546 884 2614; x_wconf 87' lang='lat' dir='ltr'><strong>ptis</strong></span> <span class='ocrx_word' id='word_1_293' title='bbox 912 2555 1072 2612; x_wconf 91' lang='lat' dir='ltr'><strong>atquc</strong></span> <span class='ocrx_word' id='word_1_294' title='bbox 1103 2543 1615 2598; x_wconf 90' lang='lat' dir='ltr'><strong>commonitionibus</strong></span> <span class='ocrx_word' id='word_1_295' title='bbox 1646 2547 1711 2595; x_wconf 85' lang='lat' dir='ltr'><strong>ad</strong></span> <span class='ocrx_word' id='word_1_296' title='bbox 1746 2558 1923 2608; x_wconf 73' lang='lat' dir='ltr'><strong>regem</strong></span> <span class='ocrx_word' id='word_1_297' title='bbox 1955 2543 2154 2606; x_wconf 82' lang='lat' dir='ltr'><strong>missis,</strong></span> <span class='ocrx_word' id='word_1_298' title='bbox 2181 2557 2369 2608; x_wconf 87' lang='lat' dir='ltr'><strong>quam-</strong></span> 
     </span>
    </p>
   </div>
   <div class='ocr_carea' id='block_1_40' title="bbox 773 2631 2371 2696">
    <p class='ocr_par' dir='ltr' id='par_1_40' title="bbox 773 2631 2371 2696">
     <span class='ocr_line' id='line_1_40' title="bbox 773 2631 2371 2696; baseline -0.002 -7"><span class='ocrx_word' id='word_1_299' title='bbox 773 2639 856 2690; x_wconf 87' lang='lat' dir='ltr'><strong>vis</strong></span> <span class='ocrx_word' id='word_1_300' title='bbox 899 2636 1076 2688; x_wconf 91' lang='lat' dir='ltr'><strong>multis</strong></span> <span class='ocrx_word' id='word_1_301' title='bbox 1129 2634 1267 2689; x_wconf 89' lang='lat' dir='ltr'><strong>datis</strong></span> <span class='ocrx_word' id='word_1_302' title='bbox 1318 2633 1631 2688; x_wconf 90' lang='lat' dir='ltr'><strong>muneribus</strong></span> <span class='ocrx_word' id='word_1_303' title='bbox 1662 2633 1705 2696; x_wconf 85' lang='grc'><strong>⁷,</strong></span> <span class='ocrx_word' id='word_1_304' title='bbox 1751 2633 1927 2686; x_wconf 87' lang='lat' dir='ltr'><strong>saltim</strong></span> <span class='ocrx_word' id='word_1_305' title='bbox 1970 2632 2220 2685; x_wconf 91' lang='lat' dir='ltr'><strong>omnibus</strong></span> <span class='ocrx_word' id='word_1_306' title='bbox 2259 2631 2371 2686; x_wconf 84' lang='lat' dir='ltr'><strong>suis</strong></span> 
     </span>
    </p>
   </div>
   <div class='ocr_carea' id='block_1_41' title="bbox 781 2721 2370 2794">
    <p class='ocr_par' dir='ltr' id='par_1_41' title="bbox 781 2721 2370 2794">
     <span class='ocr_line' id='line_1_41' title="bbox 781 2721 2370 2794; baseline -0.004 -12"><span class='ocrx_word' id='word_1_307' title='bbox 781 2728 1037 2783; x_wconf 88' lang='lat' dir='ltr'><strong>nudatum</strong></span> <span class='ocrx_word' id='word_1_308' title='bbox 1085 2726 1276 2794; x_wconf 88' lang='lat' dir='ltr'><strong>opibus</strong></span> <span class='ocrx_word' id='word_1_309' title='bbox 1325 2737 1586 2787; x_wconf 87' lang='lat' dir='ltr'><strong>castrum,</strong></span> <span class='ocrx_word' id='word_1_310' title='bbox 1638 2724 1985 2777; x_wconf 89' lang='lat' dir='ltr'><strong>donationem</strong></span> <span class='ocrx_word' id='word_1_311' title='bbox 2040 2721 2370 2777; x_wconf 88' lang='lat' dir='ltr'><strong>beatissimis</strong></span> 
     </span>
    </p>
   </div>
   <div class='ocr_carea' id='block_1_42' title="bbox 775 2813 2372 2888">
    <p class='ocr_par' dir='ltr' id='par_1_42' title="bbox 775 2813 2372 2888">
     <span class='ocr_line' id='line_1_42' title="bbox 775 2813 2372 2888; baseline -0.004 -14"><span class='ocrx_word' id='word_1_312' title='bbox 775 2820 1035 2888; x_wconf 88' lang='lat' dir='ltr'><strong>apostolis</strong></span> <span class='ocrx_word' id='word_1_313' title='bbox 1060 2817 1220 2871; x_wconf 89' lang='lat' dir='ltr'><strong>Petro</strong></span> <span class='ocrx_word' id='word_1_314' title='bbox 1250 2824 1303 2871; x_wconf 90' lang='lat' dir='ltr'><strong>et</strong></span> <span class='ocrx_word' id='word_1_315' title='bbox 1337 2818 1495 2870; x_wconf 81' lang='lat' dir='ltr'><strong>Paulo</strong></span> <span class='ocrx_word' id='word_1_316' title='bbox 1526 2817 1813 2868; x_wconf 89' lang='lat' dir='ltr'><strong>antelatam</strong></span> <span class='ocrx_word' id='word_1_317' title='bbox 1857 2813 2133 2880; x_wconf 90' lang='lat' dir='ltr'><strong>emittens,</strong></span> <span class='ocrx_word' id='word_1_318' title='bbox 2164 2813 2372 2882; x_wconf 78' lang='lat' dir='ltr'><strong>Longo-</strong></span> 
     </span>
    </p>
   </div>
   <div class='ocr_carea' id='block_1_43' title="bbox 785 2905 2371 2975">
    <p class='ocr_par' dir='ltr' id='par_1_43' title="bbox 785 2905 2371 2975">
     <span class='ocr_line' id='line_1_43' title="bbox 785 2905 2371 2975; baseline -0.004 -12"><span class='ocrx_word' id='word_1_319' title='bbox 785 2911 1073 2963; x_wconf 88' lang='lat' dir='ltr'><strong>bardorum</strong></span> <span class='ocrx_word' id='word_1_320' title='bbox 1123 2923 1215 2962; x_wconf 83' lang='lat' dir='ltr'><strong>rex</strong></span> <span class='ocrx_word' id='word_1_321' title='bbox 1269 2909 1503 2961; x_wconf 90' lang='lat' dir='ltr'><strong>restituit</strong></span> <span class='ocrx_word' id='word_1_322' title='bbox 1541 2915 1703 2975; x_wconf 90' lang='lat' dir='ltr'><strong>atque</strong></span> <span class='ocrx_word' id='word_1_323' title='bbox 1747 2905 1984 2958; x_wconf 85' lang='lat' dir='ltr'><strong>donavit.</strong></span> <span class='ocrx_word' id='word_1_324' title='bbox 2021 2905 2042 2936; x_wconf 82' lang='grc'>⁸</span> <span class='ocrx_word' id='word_1_325' title='bbox 2085 2905 2162 2957; x_wconf 83' lang='lat' dir='ltr'><strong>Eo</strong></span> <span class='ocrx_word' id='word_1_326' title='bbox 2194 2916 2371 2957; x_wconf 89' lang='lat' dir='ltr'><strong>autem</strong></span> 
     </span>
    </p>
   </div>
   <div class='ocr_carea' id='block_1_44' title="bbox 779 2995 2374 3068">
    <p class='ocr_par' dir='ltr' id='par_1_44' title="bbox 779 2995 2374 3068">
     <span class='ocr_line' id='line_1_44' title="bbox 779 2995 2374 3068; baseline -0.004 -14"><span class='ocrx_word' id='word_1_327' title='bbox 779 3010 1046 3068; x_wconf 86' lang='lat' dir='ltr'><strong>tempore,</strong></span> <span class='ocrx_word' id='word_1_328' title='bbox 1088 2998 1380 3052; x_wconf 90' lang='lat' dir='ltr'><strong>indictione</strong></span> <span class='ocrx_word' id='word_1_329' title='bbox 1417 3012 1512 3062; x_wconf 84' lang='lat' dir='ltr'><strong>xu,</strong></span> <span class='ocrx_word' id='word_1_330' title='bbox 1547 3011 1732 3049; x_wconf 87' lang='lat' dir='ltr'><strong>mense</strong></span> <span class='ocrx_word' id='word_1_331' title='bbox 1759 2995 2025 3063; x_wconf 81' lang='lat' dir='ltr'><strong>januario,</strong></span> <span class='ocrx_word' id='word_1_332' title='bbox 2065 3010 2158 3063; x_wconf 91' lang='lat' dir='ltr'><strong>per</strong></span> <span class='ocrx_word' id='word_1_333' title='bbox 2186 2996 2374 3048; x_wconf 84' lang='lat' dir='ltr'><strong>decem</strong></span> 
     </span>
    </p>
   </div>
   <div class='ocr_carea' id='block_1_45' title="bbox 2483 1993 4052 2063">
    <p class='ocr_par' dir='ltr' id='par_1_45' title="bbox 2483 1993 4052 2063">
     <span class='ocr_line' id='line_1_45' title="bbox 2483 1993 4052 2063; baseline 0.003 -18"><span class='ocrx_word' id='word_1_334' title='bbox 2483 1993 2700 2045; x_wconf 89' lang='lat' dir='ltr'><strong>monitis</strong></span> <span class='ocrx_word' id='word_1_335' title='bbox 2733 1993 2901 2046; x_wconf 82' lang='lat' dir='ltr'><strong>ﬂexus</strong></span> <span class='ocrx_word' id='word_1_336' title='bbox 2931 1993 3170 2057; x_wconf 80' lang='lat' dir='ltr'><strong>est,&quot;ut</strong></span> <span class='ocrx_word' id='word_1_337' title='bbox 3201 2009 3303 2063; x_wconf 87' lang='lat' dir='ltr'><strong>que</strong></span> <span class='ocrx_word' id='word_1_338' title='bbox 3335 1994 3506 2048; x_wconf 82' lang='lat' dir='ltr'><strong>fuerat</strong></span> <span class='ocrx_word' id='word_1_339' title='bbox 3555 1997 3770 2050; x_wconf 91' lang='lat' dir='ltr'><strong>indutus</strong></span> <span class='ocrx_word' id='word_1_340' title='bbox 3815 2011 4052 2060; x_wconf 79' lang='lat' dir='ltr'><strong>exueret,</strong></span> 
     </span>
    </p>
   </div>
   <div class='ocr_carea' id='block_1_46' title="bbox 2481 2087 4057 2154">
    <p class='ocr_par' dir='ltr' id='par_1_46' title="bbox 2481 2087 4057 2154">
     <span class='ocr_line' id='line_1_46' title="bbox 2481 2087 4057 2154; baseline 0.003 -15"><span class='ocrx_word' id='word_1_341' title='bbox 2481 2095 2502 2120; x_wconf 80' lang='grc' dir='ltr'><em>ε</em></span> <span class='ocrx_word' id='word_1_342' title='bbox 2527 2096 2579 2139; x_wconf 90' lang='lat' dir='ltr'><strong>ct</strong></span> <span class='ocrx_word' id='word_1_343' title='bbox 2609 2098 2730 2139; x_wconf 86' lang='lat' dir='ltr'><strong>ante</strong></span> <span class='ocrx_word' id='word_1_344' title='bbox 2758 2101 2953 2154; x_wconf 88' lang='lat' dir='ltr'><strong>corpus</strong></span> <span class='ocrx_word' id='word_1_345' title='bbox 2985 2087 3207 2154; x_wconf 89' lang='lat' dir='ltr'><strong>apostoli</strong></span> <span class='ocrx_word' id='word_1_346' title='bbox 3244 2087 3543 2152; x_wconf 69' lang='lat' dir='ltr'><strong>poneret,Ia</strong></span> <span class='ocrx_word' id='word_1_347' title='bbox 3576 2100 3810 2142; x_wconf 87' lang='lat' dir='ltr'><strong>mantum</strong></span> <span class='ocrx_word' id='word_1_348' title='bbox 3841 2094 3884 2122; x_wconf 65' lang='grc'><strong>’³</strong></span> <span class='ocrx_word' id='word_1_349' title='bbox 3907 2093 4057 2144; x_wconf 53' lang='lat' dir='ltr'><strong>armi.</strong></span> 
     </span>
    </p>
   </div>
   <div class='ocr_carea' id='block_1_47' title="bbox 2478 2177 4046 2244">
    <p class='ocr_par' dir='ltr' id='par_1_47' title="bbox 2478 2177 4046 2244">
     <span class='ocr_line' id='line_1_47' title="bbox 2478 2177 4046 2244; baseline -0.001 -13"><span class='ocrx_word' id='word_1_350' title='bbox 2478 2178 2722 2238; x_wconf 84' lang='lat' dir='ltr'><strong>lausiam.</strong></span> <span class='ocrx_word' id='word_1_351' title='bbox 2761 2177 3022 2241; x_wconf 89' lang='lat' dir='ltr'><strong>balteum,</strong></span> <span class='ocrx_word' id='word_1_352' title='bbox 3052 2185 3280 2244; x_wconf 85' lang='lat' dir='ltr'><strong>spatam,</strong></span> <span class='ocrx_word' id='word_1_353' title='bbox 3308 2187 3467 2244; x_wconf 89' lang='lat' dir='ltr'><strong>atque</strong></span> <span class='ocrx_word' id='word_1_354' title='bbox 3499 2193 3680 2232; x_wconf 86' lang='lat' dir='ltr'><strong>ensem</strong></span> <span class='ocrx_word' id='word_1_355' title='bbox 3713 2182 4046 2244; x_wconf 73' lang='lat' dir='ltr'><strong>deauratuni,</strong></span> 
     </span>
    </p>
   </div>
   <div class='ocr_carea' id='block_1_48' title="bbox 2483 2277 4054 2339">
    <p class='ocr_par' dir='ltr' id='par_1_48' title="bbox 2483 2277 4054 2339">
     <span class='ocr_line' id='line_1_48' title="bbox 2483 2277 4054 2339; baseline 0.003 -21"><span class='ocrx_word' id='word_1_356' title='bbox 2483 2280 2583 2319; x_wconf 84' lang='lat' dir='ltr'><strong>nec</strong></span> <span class='ocrx_word' id='word_1_357' title='bbox 2635 2280 2741 2319; x_wconf 87' lang='lat' dir='ltr'><strong>non</strong></span> <span class='ocrx_word' id='word_1_358' title='bbox 2771 2279 3025 2319; x_wconf 89' lang='lat' dir='ltr'><strong>coronam</strong></span> <span class='ocrx_word' id='word_1_359' title='bbox 3071 2280 3287 2319; x_wconf 86' lang='lat' dir='ltr'><strong>auream</strong></span> <span class='ocrx_word' id='word_1_360' title='bbox 3315 2304 3332 2330; x_wconf 66' lang='grc' dir='ltr'><strong>ν</strong></span> <span class='ocrx_word' id='word_1_361' title='bbox 3384 2277 3437 2320; x_wconf 74' lang='grc' dir='ltr'><strong>ΕΙ.</strong></span> <span class='ocrx_word' id='word_1_362' title='bbox 3475 2282 3686 2322; x_wconf 86' lang='lat' dir='ltr'><strong>crucem</strong></span> <span class='ocrx_word' id='word_1_363' title='bbox 3733 2281 4054 2339; x_wconf 76' lang='lat' dir='ltr'><strong>argenteam.</strong></span> 
     </span>
    </p>
   </div>
   <div class='ocr_carea' id='block_1_49' title="bbox 2477 2359 4057 2430">
    <p class='ocr_par' dir='ltr' id='par_1_49' title="bbox 2477 2359 4057 2430">
     <span class='ocr_line' id='line_1_49' title="bbox 2477 2359 4057 2430; baseline 0.002 -17"><span class='ocrx_word' id='word_1_364' title='bbox 2477 2360 2520 2392; x_wconf 80' lang='lat'>&quot;</span> <span class='ocrx_word' id='word_1_365' title='bbox 2563 2359 2691 2414; x_wconf 86' lang='lat' dir='ltr'><strong>Post</strong></span> <span class='ocrx_word' id='word_1_366' title='bbox 2720 2362 3019 2414; x_wconf 90' lang='lat' dir='ltr'><strong>orationem</strong></span> <span class='ocrx_word' id='word_1_367' title='bbox 3054 2361 3244 2414; x_wconf 82' lang='lat' dir='ltr'><strong>tactam</strong></span> <span class='ocrx_word' id='word_1_368' title='bbox 3287 2361 3587 2414; x_wconf 80' lang='lat' dir='ltr'><strong>obsecravit</strong></span> <span class='ocrx_word' id='word_1_369' title='bbox 3630 2364 3934 2429; x_wconf 78' lang='lat' dir='ltr'><strong>pontiﬁcem</strong></span> <span class='ocrx_word' id='word_1_370' title='bbox 3962 2408 3976 2430; x_wconf 93' lang='lat'><strong>,</strong></span> <span class='ocrx_word' id='word_1_371' title='bbox 4010 2375 4057 2416; x_wconf 87' lang='lat' dir='ltr'><strong>ut</strong></span> 
     </span>
    </p>
   </div>
   <div class='ocr_carea' id='block_1_50' title="bbox 2470 2452 4056 2523">
    <p class='ocr_par' dir='ltr' id='par_1_50' title="bbox 2470 2452 4056 2523">
     <span class='ocr_line' id='line_1_50' title="bbox 2470 2452 4056 2523; baseline 0.001 -17"><span class='ocrx_word' id='word_1_372' title='bbox 2470 2463 2826 2507; x_wconf 87' lang='lat' dir='ltr'><strong>memoratum</strong></span> <span class='ocrx_word' id='word_1_373' title='bbox 2850 2455 3140 2508; x_wconf 83' lang='lat' dir='ltr'><strong>exarchum</strong></span> <span class='ocrx_word' id='word_1_374' title='bbox 3173 2452 3238 2506; x_wconf 88' lang='lat' dir='ltr'><strong>ad</strong></span> <span class='ocrx_word' id='word_1_375' title='bbox 3265 2453 3408 2520; x_wconf 88' lang='lat' dir='ltr'><strong>pacis</strong></span> <span class='ocrx_word' id='word_1_376' title='bbox 3429 2454 3766 2507; x_wconf 88' lang='lat' dir='ltr'><strong>concordiam</strong></span> <span class='ocrx_word' id='word_1_377' title='bbox 3789 2457 4056 2523; x_wconf 75' lang='lat' dir='ltr'><strong>suscipere</strong></span> 
     </span>
    </p>
   </div>
   <div class='ocr_carea' id='block_1_51' title="bbox 2477 2542 4059 2613">
    <p class='ocr_par' dir='ltr' id='par_1_51' title="bbox 2477 2542 4059 2613">
     <span class='ocr_line' id='line_1_51' title="bbox 2477 2542 4059 2613; baseline 0.003 -18"><span class='ocrx_word' id='word_1_378' title='bbox 2477 2542 2818 2610; x_wconf 84' lang='lat' dir='ltr'><strong>dignaretur,</strong></span> <span class='ocrx_word' id='word_1_379' title='bbox 2870 2552 2927 2596; x_wconf 89' lang='lat' dir='ltr'><strong>ut</strong></span> <span class='ocrx_word' id='word_1_380' title='bbox 2971 2552 3025 2596; x_wconf 92' lang='lat' dir='ltr'><strong>et</strong></span> <span class='ocrx_word' id='word_1_381' title='bbox 3055 2543 3248 2595; x_wconf 75' lang='lat' dir='ltr'><strong>factum</strong></span> <span class='ocrx_word' id='word_1_382' title='bbox 3292 2551 3393 2596; x_wconf 90' lang='lat' dir='ltr'><strong>est.</strong></span> <span class='ocrx_word' id='word_1_383' title='bbox 3428 2542 3490 2596; x_wconf 83' lang='lat' dir='ltr'><strong>Et</strong></span> <span class='ocrx_word' id='word_1_384' title='bbox 3535 2543 3614 2597; x_wconf 88' lang='lat' dir='ltr'><strong>sic</strong></span> <span class='ocrx_word' id='word_1_385' title='bbox 3662 2550 3890 2599; x_wconf 88' lang='lat' dir='ltr'><strong>recessit</strong></span> <span class='ocrx_word' id='word_1_386' title='bbox 3941 2563 4059 2613; x_wconf 68' lang='lat' dir='ltr'><strong>rege</strong></span> 
     </span>
    </p>
   </div>
   <div class='ocr_carea' id='block_1_52' title="bbox 2475 2632 4056 2702">
    <p class='ocr_par' dir='ltr' id='par_1_52' title="bbox 2475 2632 4056 2702">
     <span class='ocr_line' id='line_1_52' title="bbox 2475 2632 4056 2702; baseline 0.001 -15"><span class='ocrx_word' id='word_1_387' title='bbox 2475 2632 2780 2688; x_wconf 88' lang='lat' dir='ltr'><strong>declinante</strong></span> <span class='ocrx_word' id='word_1_388' title='bbox 2845 2648 2874 2687; x_wconf 90' lang='lat' dir='ltr'><strong>a</strong></span> <span class='ocrx_word' id='word_1_389' title='bbox 2940 2633 3092 2688; x_wconf 90' lang='lat' dir='ltr'><strong>malis</strong></span> <span class='ocrx_word' id='word_1_390' title='bbox 3141 2633 3337 2702; x_wconf 88' lang='lat' dir='ltr'><strong>quibus</strong></span> <span class='ocrx_word' id='word_1_391' title='bbox 3398 2633 3589 2688; x_wconf 87' lang='lat' dir='ltr'><strong>inierat</strong></span> <span class='ocrx_word' id='word_1_392' title='bbox 3642 2635 3893 2690; x_wconf 83' lang='lat' dir='ltr'><strong>consiliis</strong></span> <span class='ocrx_word' id='word_1_393' title='bbox 3947 2652 4056 2690; x_wconf 88' lang='lat' dir='ltr'><strong>cum</strong></span> 
     </span>
    </p>
   </div>
   <div class='ocr_carea' id='block_1_53' title="bbox 2480 2726 2738 2780">
    <p class='ocr_par' dir='ltr' id='par_1_53' title="bbox 2480 2726 2738 2780">
     <span class='ocr_line' id='line_1_53' title="bbox 2480 2726 2738 2780; baseline -0.004 0"><span class='ocrx_word' id='word_1_394' title='bbox 2480 2726 2738 2780; x_wconf 83' lang='lat' dir='ltr'><strong>exarcho.</strong></span> 
     </span>
    </p>
   </div>
   <div class='ocr_carea' id='block_1_54' title="bbox 2554 2815 4056 2888">
    <p class='ocr_par' dir='ltr' id='par_1_54' title="bbox 2554 2815 4056 2888">
     <span class='ocr_line' id='line_1_54' title="bbox 2554 2815 4056 2888; baseline 0.001 -18"><span class='ocrx_word' id='word_1_395' title='bbox 2554 2817 2716 2887; x_wconf 84' lang='lat' dir='ltr'><strong>Igitur</strong></span> <span class='ocrx_word' id='word_1_396' title='bbox 2745 2817 2981 2871; x_wconf 81' lang='lat' dir='ltr'><strong>exarciio</strong></span> <span class='ocrx_word' id='word_1_397' title='bbox 3027 2815 3213 2870; x_wconf 66' lang='lat' dir='ltr'><strong>Roma:</strong></span> <span class='ocrx_word' id='word_1_398' title='bbox 3243 2818 3490 2882; x_wconf 88' lang='lat' dir='ltr'><strong>moranti,</strong></span> <span class='ocrx_word' id='word_1_399' title='bbox 3535 2818 3684 2874; x_wconf 81' lang='lat' dir='ltr'><strong>venit</strong></span> <span class='ocrx_word' id='word_1_400' title='bbox 3729 2819 3780 2873; x_wconf 90' lang='lat' dir='ltr'><strong>in</strong></span> <span class='ocrx_word' id='word_1_401' title='bbox 3821 2819 4056 2888; x_wconf 81' lang='lat' dir='ltr'><strong>partibus</strong></span> 
     </span>
    </p>
   </div>
   <div class='ocr_carea' id='block_1_55' title="bbox 2483 2908 4053 2980">
    <p class='ocr_par' dir='ltr' id='par_1_55' title="bbox 2483 2908 4053 2980">
     <span class='ocr_line' id='line_1_55' title="bbox 2483 2908 4053 2980; baseline -0.001 -16"><span class='ocrx_word' id='word_1_402' title='bbox 2483 2908 2695 2964; x_wconf 65' lang='lat' dir='ltr'><strong>Tusciae</strong></span> <span class='ocrx_word' id='word_1_403' title='bbox 2720 2909 2772 2962; x_wconf 92' lang='lat' dir='ltr'><strong>in</strong></span> <span class='ocrx_word' id='word_1_404' title='bbox 2804 2919 3036 2963; x_wconf 90' lang='lat' dir='ltr'><strong>castrum</strong></span> <span class='ocrx_word' id='word_1_405' title='bbox 3070 2909 3113 2938; x_wconf 77' lang='grc'>⁸³</span> <span class='ocrx_word' id='word_1_406' title='bbox 3137 2908 3495 2964; x_wconf 75' lang='lat' dir='ltr'><strong>blanturiense</strong></span> <span class='ocrx_word' id='word_1_407' title='bbox 3527 2911 3741 2980; x_wconf 89' lang='lat' dir='ltr'><strong>quidam</strong></span> <span class='ocrx_word' id='word_1_408' title='bbox 3780 2912 4053 2975; x_wconf 87' lang='lat' dir='ltr'><strong>seductor,</strong></span> 
     </span>
    </p>
   </div>
   <div class='ocr_carea' id='block_1_56' title="bbox 2486 2995 4058 3072">
    <p class='ocr_par' dir='ltr' id='par_1_56' title="bbox 2486 2995 4058 3072">
     <span class='ocr_line' id='line_1_56' title="bbox 2486 2995 4058 3072; baseline 0.003 -22"><span class='ocrx_word' id='word_1_409' title='bbox 2486 2995 2512 3034; x_wconf 74' lang='grc' dir='ltr'>δ</span> <span class='ocrx_word' id='word_1_410' title='bbox 2546 2998 2790 3050; x_wconf 86' lang='lat' dir='ltr'><strong>Tiberius</strong></span> <span class='ocrx_word' id='word_1_411' title='bbox 2828 2998 3068 3064; x_wconf 89' lang='lat' dir='ltr'><strong>nomine,</strong></span> <span class='ocrx_word' id='word_1_412' title='bbox 3101 2997 3187 3053; x_wconf 92' lang='lat' dir='ltr'><strong>cui</strong></span> <span class='ocrx_word' id='word_1_413' title='bbox 3215 3013 3511 3068; x_wconf 78' lang='lat' dir='ltr'><strong>cOgnomen</strong></span> <span class='ocrx_word' id='word_1_414' title='bbox 3541 3011 3657 3056; x_wconf 89' lang='lat' dir='ltr'><strong>erat</strong></span> <span class='ocrx_word' id='word_1_415' title='bbox 3683 3000 3946 3069; x_wconf 86' lang='lat' dir='ltr'><strong>Petasius,</strong></span> <span class='ocrx_word' id='word_1_416' title='bbox 3977 3003 4058 3072; x_wconf 82' lang='lat' dir='ltr'><strong>qui</strong></span> 
     </span>
    </p>
   </div>
   <div class='ocr_carea' id='block_1_57' title="bbox 2004 3085 2854 3142">
    <p class='ocr_par' dir='ltr' id='par_1_57' title="bbox 2004 3085 2854 3142">
     <span class='ocr_line' id='line_1_57' title="bbox 2004 3085 2854 3142; baseline 0.006 -4"><span class='ocrx_word' id='word_1_417' title='bbox 2004 3086 2403 3142; x_wconf 76' lang='lat' dir='ltr'><strong>VARIANTES</strong></span> <span class='ocrx_word' id='word_1_418' title='bbox 2445 3085 2854 3142; x_wconf 83' lang='lat' dir='ltr'><strong>LECTIONES.</strong></span> 
     </span>
    </p>
   </div>
   <div class='ocr_carea' id='block_1_58' title="bbox 847 3177 2111 3244">
    <p class='ocr_par' dir='ltr' id='par_1_58' title="bbox 847 3177 2111 3244">
     <span class='ocr_line' id='line_1_58' title="bbox 847 3177 2111 3244; baseline -0.006 -9"><span class='ocrx_word' id='word_1_419' title='bbox 847 3185 862 3215; x_wconf 86' lang='grc'>¹</span> <span class='ocrx_word' id='word_1_420' title='bbox 904 3183 1039 3236; x_wconf 73' lang='lat' dir='ltr'><strong>(ind.</strong></span> <span class='ocrx_word' id='word_1_421' title='bbox 1067 3180 1223 3244; x_wconf 83' lang='lat' dir='ltr'><strong>Luc.,</strong></span> <span class='ocrx_word' id='word_1_422' title='bbox 1253 3197 1317 3235; x_wconf 78' lang='lat' dir='ltr'><strong>ea:</strong></span> <span class='ocrx_word' id='word_1_423' title='bbox 1347 3179 1580 3242; x_wconf 77' lang='lat' dir='ltr'><strong>scriptis;</strong></span> <span class='ocrx_word' id='word_1_424' title='bbox 1613 3177 1798 3238; x_wconf 73' lang='lat' dir='ltr'><strong>Mansi,</strong></span> <span class='ocrx_word' id='word_1_425' title='bbox 1831 3177 2111 3238; x_wconf 76' lang='lat' dir='ltr'><strong>rescriptis.</strong></span> 
     </span>
    </p>
   </div>
   <div class='ocr_carea' id='block_1_59' title="bbox 845 3248 2121 3317">
    <p class='ocr_par' dir='ltr' id='par_1_59' title="bbox 845 3248 2121 3317">
     <span class='ocr_line' id='line_1_59' title="bbox 845 3248 2121 3317; baseline -0.006 -9"><span class='ocrx_word' id='word_1_426' title='bbox 845 3256 865 3285; x_wconf 85' lang='grc'>¹</span> <span class='ocrx_word' id='word_1_427' title='bbox 906 3254 1037 3307; x_wconf 82' lang='lat' dir='ltr'><strong>Cod.</strong></span> <span class='ocrx_word' id='word_1_428' title='bbox 1074 3251 1227 3317; x_wconf 86' lang='lat' dir='ltr'><strong>Luc.,</strong></span> <span class='ocrx_word' id='word_1_429' title='bbox 1260 3258 1550 3313; x_wconf 83' lang='lat' dir='ltr'><strong>certantes;</strong></span> <span class='ocrx_word' id='word_1_430' title='bbox 1592 3248 1780 3312; x_wconf 79' lang='lat' dir='ltr'><strong>Mansi,</strong></span> <span class='ocrx_word' id='word_1_431' title='bbox 1815 3258 2121 3301; x_wconf 87' lang='lat' dir='ltr'><strong>certantem.</strong></span> 
     </span>
    </p>
   </div>
   <div class='ocr_carea' id='block_1_60' title="bbox 847 3323 1418 3390">
    <p class='ocr_par' dir='ltr' id='par_1_60' title="bbox 847 3323 1418 3390">
     <span class='ocr_line' id='line_1_60' title="bbox 847 3323 1418 3390; baseline -0.009 -13"><span class='ocrx_word' id='word_1_432' title='bbox 847 3324 868 3354; x_wconf 88' lang='grc'><em>³</em></span> <span class='ocrx_word' id='word_1_433' title='bbox 910 3323 1040 3376; x_wconf 85' lang='lat' dir='ltr'><strong>Cod.</strong></span> <span class='ocrx_word' id='word_1_434' title='bbox 1078 3323 1418 3390; x_wconf 15' lang='lat' dir='ltr'><strong>Luc..ipapa.</strong></span> 
     </span>
    </p>
   </div>
   <div class='ocr_carea' id='block_1_61' title="bbox 848 3389 1268 3446">
    <p class='ocr_par' dir='ltr' id='par_1_61' title="bbox 848 3389 1268 3446">
     <span class='ocr_line' id='line_1_61' title="bbox 848 3389 1268 3446; baseline -0.012 1"><span class='ocrx_word' id='word_1_435' title='bbox 848 3395 869 3424; x_wconf 79' lang='grc'><strong>⁸</strong></span> <span class='ocrx_word' id='word_1_436' title='bbox 911 3395 996 3446; x_wconf 87' lang='lat' dir='ltr'><strong>Al.</strong></span> <span class='ocrx_word' id='word_1_437' title='bbox 1027 3408 1134 3444; x_wconf 90' lang='lat' dir='ltr'><strong>om.</strong></span> <span class='ocrx_word' id='word_1_438' title='bbox 1162 3389 1268 3443; x_wconf 85' lang='lat' dir='ltr'><strong>XI.</strong></span> 
     </span>
    </p>
   </div>
   <div class='ocr_carea' id='block_1_62' title="bbox 846 3464 1373 3527">
    <p class='ocr_par' dir='ltr' id='par_1_62' title="bbox 846 3464 1373 3527">
     <span class='ocr_line' id='line_1_62' title="bbox 846 3464 1373 3527; baseline -0.004 -11"><span class='ocrx_word' id='word_1_439' title='bbox 846 3465 866 3494; x_wconf 80' lang='grc'><strong><em>⁵</em></strong></span> <span class='ocrx_word' id='word_1_440' title='bbox 909 3465 1019 3527; x_wconf 78' lang='lat' dir='ltr'><strong>AL,</strong></span> <span class='ocrx_word' id='word_1_441' title='bbox 1050 3464 1373 3517; x_wconf 85' lang='lat' dir='ltr'><strong>Sutrinense.</strong></span> 
     </span>
    </p>
   </div>
   <div class='ocr_carea' id='block_1_63' title="bbox 846 3530 1755 3600">
    <p class='ocr_par' dir='ltr' id='par_1_63' title="bbox 846 3530 1755 3600">
     <span class='ocr_line' id='line_1_63' title="bbox 846 3530 1755 3600; baseline -0.007 -13"><span class='ocrx_word' id='word_1_442' title='bbox 846 3535 866 3565; x_wconf 76' lang='grc'>⁸</span> <span class='ocrx_word' id='word_1_443' title='bbox 906 3533 1042 3587; x_wconf 83' lang='lat' dir='ltr'><strong>Cod.</strong></span> <span class='ocrx_word' id='word_1_444' title='bbox 1075 3532 1229 3598; x_wconf 88' lang='lat' dir='ltr'><strong>Luc.,</strong></span> <span class='ocrx_word' id='word_1_445' title='bbox 1263 3531 1607 3600; x_wconf 76' lang='lat' dir='ltr'><strong>quadraginta</strong></span> <span class='ocrx_word' id='word_1_446' title='bbox 1631 3530 1755 3581; x_wconf 84' lang='lat' dir='ltr'><strong>dics.</strong></span> 
     </span>
    </p>
   </div>
   <div class='ocr_carea' id='block_1_64' title="bbox 847 3603 1444 3665">
    <p class='ocr_par' dir='ltr' id='par_1_64' title="bbox 847 3603 1444 3665">
     <span class='ocr_line' id='line_1_64' title="bbox 847 3603 1444 3665; baseline 0.003 -12"><span class='ocrx_word' id='word_1_447' title='bbox 847 3608 865 3636; x_wconf 92' lang='grc'>⁷</span> <span class='ocrx_word' id='word_1_448' title='bbox 907 3603 1037 3657; x_wconf 81' lang='lat' dir='ltr'><strong>Cod.</strong></span> <span class='ocrx_word' id='word_1_449' title='bbox 1068 3605 1221 3665; x_wconf 83' lang='lat' dir='ltr'><strong>Luc.,</strong></span> <span class='ocrx_word' id='word_1_450' title='bbox 1255 3612 1444 3655; x_wconf 86' lang='lat' dir='ltr'><strong>tamen.</strong></span> 
     </span>
    </p>
   </div>
   <div class='ocr_carea' id='block_1_65' title="bbox 847 3667 2365 3739">
    <p class='ocr_par' dir='ltr' id='par_1_65' title="bbox 847 3667 2365 3739">
     <span class='ocr_line' id='line_1_65' title="bbox 847 3667 2365 3739; baseline -0.005 -12"><span class='ocrx_word' id='word_1_451' title='bbox 847 3681 869 3709; x_wconf 77' lang='grc'>⁸</span> <span class='ocrx_word' id='word_1_452' title='bbox 907 3674 1016 3738; x_wconf 81' lang='lat' dir='ltr'><strong>Al.,</strong></span> <span class='ocrx_word' id='word_1_453' title='bbox 1046 3673 1167 3726; x_wconf 83' lang='lat' dir='ltr'><strong>Post</strong></span> <span class='ocrx_word' id='word_1_454' title='bbox 1207 3671 1416 3738; x_wconf 83' lang='lat' dir='ltr'><strong>aliquod</strong></span> <span class='ocrx_word' id='word_1_455' title='bbox 1440 3682 1637 3736; x_wconf 83' lang='lat' dir='ltr'><strong>tempus</strong></span> <span class='ocrx_word' id='word_1_456' title='bbox 1669 3670 1801 3720; x_wconf 86' lang='lat' dir='ltr'><strong>idem</strong></span> <span class='ocrx_word' id='word_1_457' title='bbox 1828 3684 1939 3732; x_wconf 78' lang='lat' dir='ltr'><strong>rex,</strong></span> <span class='ocrx_word' id='word_1_458' title='bbox 1971 3667 2199 3739; x_wconf 69' lang='lat' dir='ltr'><strong>generali</strong></span> <span class='ocrx_word' id='word_1_459' title='bbox 2234 3669 2365 3739; x_wconf 74' lang='lat' dir='ltr'><strong>facta</strong></span> 
     </span>
    </p>
   </div>
   <div class='ocr_carea' id='block_1_66' title="bbox 774 3737 2368 3811">
    <p class='ocr_par' dir='ltr' id='par_1_66' title="bbox 774 3737 2368 3811">
     <span class='ocr_line' id='line_1_66' title="bbox 774 3737 2368 3811; baseline -0.008 -10"><span class='ocrx_word' id='word_1_460' title='bbox 774 3741 995 3801; x_wconf 64' lang='lat' dir='ltr'><strong>morione</strong></span> <span class='ocrx_word' id='word_1_461' title='bbox 1029 3754 1084 3797; x_wconf 87' lang='lat' dir='ltr'><strong>ut</strong></span> <span class='ocrx_word' id='word_1_462' title='bbox 1133 3737 1401 3811; x_wconf 83' lang='lat' dir='ltr'><strong>subjiceret</strong></span> <span class='ocrx_word' id='word_1_463' title='bbox 1443 3744 1598 3792; x_wconf 73' lang='lat' dir='ltr'><strong>(luces</strong></span> <span class='ocrx_word' id='word_1_464' title='bbox 1631 3740 1955 3808; x_wconf 60' lang='lat' dir='ltr'><strong>Spoletinum</strong></span> <span class='ocrx_word' id='word_1_465' title='bbox 1976 3737 2026 3791; x_wconf 80' lang='lat' dir='ltr'><strong>et</strong></span> <span class='ocrx_word' id='word_1_466' title='bbox 2057 3737 2368 3792; x_wconf 81' lang='lat' dir='ltr'><strong>Beneventa-</strong></span> 
     </span>
    </p>
   </div>
   <div class='ocr_carea' id='block_1_67' title="bbox 775 3811 2364 3883">
    <p class='ocr_par' dir='ltr' id='par_1_67' title="bbox 775 3811 2364 3883">
     <span class='ocr_line' id='line_1_67' title="bbox 775 3811 2364 3883; baseline -0.008 -12"><span class='ocrx_word' id='word_1_467' title='bbox 775 3834 920 3877; x_wconf 84' lang='lat' dir='ltr'><strong>num,</strong></span> <span class='ocrx_word' id='word_1_468' title='bbox 951 3814 1295 3883; x_wconf 81' lang='lat' dir='ltr'><strong>susceptisque</strong></span> <span class='ocrx_word' id='word_1_469' title='bbox 1321 3813 1382 3864; x_wconf 87' lang='lat' dir='ltr'><strong>ab</strong></span> <span class='ocrx_word' id='word_1_470' title='bbox 1414 3813 1536 3882; x_wconf 79' lang='lat' dir='ltr'><strong>ipsis</strong></span> <span class='ocrx_word' id='word_1_471' title='bbox 1577 3812 1789 3883; x_wconf 75' lang='lat' dir='ltr'><strong>ducibus</strong></span> <span class='ocrx_word' id='word_1_472' title='bbox 1839 3811 2172 3883; x_wconf 71' lang='lat' dir='ltr'><strong>sacramentis</strong></span> <span class='ocrx_word' id='word_1_473' title='bbox 2215 3819 2364 3875; x_wconf 87' lang='lat' dir='ltr'><strong>atque</strong></span> 
     </span>
    </p>
   </div>
   <div class='ocr_carea' id='block_1_68' title="bbox 774 3878 2362 3950">
    <p class='ocr_par' dir='ltr' id='par_1_68' title="bbox 774 3878 2362 3950">
     <span class='ocr_line' id='line_1_68' title="bbox 774 3878 2362 3950; baseline -0.007 -9"><span class='ocrx_word' id='word_1_474' title='bbox 774 3878 1238 3950; x_wconf 48' lang='lat' dir='ltr'><strong>obserlibus,&#39;cutn</strong></span> <span class='ocrx_word' id='word_1_475' title='bbox 1282 3893 1387 3935; x_wconf 89' lang='lat' dir='ltr'><strong>toto</strong></span> <span class='ocrx_word' id='word_1_476' title='bbox 1431 3878 1530 3935; x_wconf 77' lang='lat' dir='ltr'><strong>suo</strong></span> <span class='ocrx_word' id='word_1_477' title='bbox 1581 3883 1725 3933; x_wconf 84' lang='lat' dir='ltr'><strong>hoste</strong></span> <span class='ocrx_word' id='word_1_478' title='bbox 1768 3881 1819 3931; x_wconf 86' lang='lat' dir='ltr'><strong>in</strong></span> <span class='ocrx_word' id='word_1_479' title='bbox 1867 3878 2092 3933; x_wconf 77' lang='lat' dir='ltr'><strong>Neronis</strong></span> <span class='ocrx_word' id='word_1_480' title='bbox 2123 3895 2362 3949; x_wconf 84' lang='lat' dir='ltr'><strong>campum</strong></span> 
     </span>
    </p>
   </div>
   <div class='ocr_carea' id='block_1_69' title="bbox 776 3956 1497 4025">
    <p class='ocr_par' dir='ltr' id='par_1_69' title="bbox 776 3956 1497 4025">
     <span class='ocr_line' id='line_1_69' title="bbox 776 3956 1497 4025; baseline -0.008 -13"><span class='ocrx_word' id='word_1_481' title='bbox 776 3957 1063 4025; x_wconf 78' lang='lat' dir='ltr'><strong>conjunxit.</strong></span> <span class='ocrx_word' id='word_1_482' title='bbox 1096 3956 1172 4007; x_wconf 83' lang='lat' dir='ltr'><strong>Ad</strong></span> <span class='ocrx_word' id='word_1_483' title='bbox 1196 3970 1362 4022; x_wconf 84' lang='lat' dir='ltr'><strong>quem,</strong></span> <span class='ocrx_word' id='word_1_484' title='bbox 1389 3963 1497 4025; x_wconf 76' lang='lat' dir='ltr'><strong>etc.</strong></span> 
     </span>
    </p>
   </div>
   <div class='ocr_carea' id='block_1_70' title="bbox 856 4022 1908 4092">
    <p class='ocr_par' dir='ltr' id='par_1_70' title="bbox 856 4022 1908 4092">
     <span class='ocr_line' id='line_1_70' title="bbox 856 4022 1908 4092; baseline -0.008 -10"><span class='ocrx_word' id='word_1_485' title='bbox 856 4022 880 4067; x_wconf 68' lang='grc' dir='ltr'><em>δ</em></span> <span class='ocrx_word' id='word_1_486' title='bbox 909 4028 1038 4081; x_wconf 91' lang='lat' dir='ltr'><strong>Cod.</strong></span> <span class='ocrx_word' id='word_1_487' title='bbox 1065 4025 1217 4090; x_wconf 86' lang='lat' dir='ltr'><strong>Luc.,</strong></span> <span class='ocrx_word' id='word_1_488' title='bbox 1252 4024 1476 4091; x_wconf 78' lang='lat' dir='ltr'><strong>auri/er;</strong></span> <span class='ocrx_word' id='word_1_489' title='bbox 1506 4022 1649 4089; x_wconf 77' lang='lat' dir='ltr'><strong>fort.,</strong></span> <span class='ocrx_word' id='word_1_490' title='bbox 1681 4022 1908 4092; x_wconf 67' lang='lat' dir='ltr'><strong>Lucifer.</strong></span> 
     </span>
    </p>
   </div>
   <div class='ocr_carea' id='block_1_71' title="bbox 850 4095 1552 4160">
    <p class='ocr_par' dir='ltr' id='par_1_71' title="bbox 850 4095 1552 4160">
     <span class='ocr_line' id='line_1_71' title="bbox 850 4095 1552 4160; baseline -0.011 -7"><span class='ocrx_word' id='word_1_491' title='bbox 850 4098 891 4129; x_wconf 87' lang='grc'><strong>¹⁰</strong></span> <span class='ocrx_word' id='word_1_492' title='bbox 930 4097 1062 4152; x_wconf 74' lang='lat' dir='ltr'><strong>Cod.</strong></span> <span class='ocrx_word' id='word_1_493' title='bbox 1093 4095 1242 4160; x_wconf 86' lang='lat' dir='ltr'><strong>Luc.,</strong></span> <span class='ocrx_word' id='word_1_494' title='bbox 1277 4095 1552 4147; x_wconf 86' lang='lat' dir='ltr'><strong>occidente.</strong></span> 
     </span>
    </p>
   </div>
   <div class='ocr_carea' id='block_1_72' title="bbox 2398 3179 2446 3238">
    <p class='ocr_par' dir='ltr' id='par_1_72' title="bbox 2398 3179 2446 3238">
     <span class='ocr_line' id='line_1_72' title="bbox 2398 3179 2446 3238; baseline 0 0"><span class='ocrx_word' id='word_1_495' title='bbox 2398 3179 2446 3238; x_wconf 87' lang='lat' dir='ltr'><strong><em>C</em></strong></span> 
     </span>
    </p>
   </div>
   <div class='ocr_carea' id='block_1_73' title="bbox 2557 3177 3659 3242">
    <p class='ocr_par' dir='ltr' id='par_1_73' title="bbox 2557 3177 3659 3242">
     <span class='ocr_line' id='line_1_73' title="bbox 2557 3177 3659 3242; baseline 0.004 -11"><span class='ocrx_word' id='word_1_496' title='bbox 2557 3178 2596 3208; x_wconf 83' lang='grc'><strong>¹¹</strong></span> <span class='ocrx_word' id='word_1_497' title='bbox 2637 3177 2773 3232; x_wconf 89' lang='lat' dir='ltr'><strong>Cod.</strong></span> <span class='ocrx_word' id='word_1_498' title='bbox 2810 3177 2966 3242; x_wconf 89' lang='lat' dir='ltr'><strong>Luc.,</strong></span> <span class='ocrx_word' id='word_1_499' title='bbox 2991 3194 3104 3231; x_wconf 84' lang='lat' dir='ltr'><strong>cum</strong></span> <span class='ocrx_word' id='word_1_500' title='bbox 3126 3179 3264 3232; x_wconf 89' lang='lat' dir='ltr'><strong>omni</strong></span> <span class='ocrx_word' id='word_1_501' title='bbox 3294 3195 3386 3233; x_wconf 87' lang='lat' dir='ltr'><strong>suo</strong></span> <span class='ocrx_word' id='word_1_502' title='bbox 3412 3182 3659 3236; x_wconf 75' lang='lat' dir='ltr'><strong>exercitu.</strong></span> 
     </span>
    </p>
   </div>
   <div class='ocr_carea' id='block_1_74' title="bbox 2555 3249 3624 3318">
    <p class='ocr_par' dir='ltr' id='par_1_74' title="bbox 2555 3249 3624 3318">
     <span class='ocr_line' id='line_1_74' title="bbox 2555 3249 3624 3318; baseline 0.004 -18"><span class='ocrx_word' id='word_1_503' title='bbox 2555 3249 2595 3318; x_wconf 54' lang='grc' dir='ltr'><strong>ίῗ</strong></span> <span class='ocrx_word' id='word_1_504' title='bbox 2637 3249 2745 3318; x_wconf 82' lang='lat' dir='ltr'><strong>AL,</strong></span> <span class='ocrx_word' id='word_1_505' title='bbox 2779 3259 2832 3301; x_wconf 85' lang='lat' dir='ltr'><strong>ut</strong></span> <span class='ocrx_word' id='word_1_506' title='bbox 2857 3251 2943 3318; x_wconf 88' lang='lat' dir='ltr'><strong>qui</strong></span> <span class='ocrx_word' id='word_1_507' title='bbox 2973 3249 3138 3314; x_wconf 74' lang='lat' dir='ltr'><strong>fuerat</strong></span> <span class='ocrx_word' id='word_1_508' title='bbox 3163 3251 3372 3302; x_wconf 83' lang='lat' dir='ltr'><strong>indutus</strong></span> <span class='ocrx_word' id='word_1_509' title='bbox 3397 3261 3624 3305; x_wconf 74' lang='lat' dir='ltr'><strong>exueret.</strong></span> 
     </span>
    </p>
   </div>
   <div class='ocr_carea' id='block_1_75' title="bbox 2553 3317 3580 3381">
    <p class='ocr_par' dir='ltr' id='par_1_75' title="bbox 2553 3317 3580 3381">
     <span class='ocr_line' id='line_1_75' title="bbox 2553 3317 3580 3381; baseline 0.004 -11"><span class='ocrx_word' id='word_1_510' title='bbox 2553 3317 2595 3348; x_wconf 76' lang='grc'><strong>⁸³</strong></span> <span class='ocrx_word' id='word_1_511' title='bbox 2635 3317 2689 3370; x_wconf 90' lang='lat' dir='ltr'><strong>In</strong></span> <span class='ocrx_word' id='word_1_512' title='bbox 2722 3319 2820 3381; x_wconf 82' lang='lat' dir='ltr'><strong>aL,</strong></span> <span class='ocrx_word' id='word_1_513' title='bbox 2855 3317 3176 3374; x_wconf 80' lang='lat' dir='ltr'><strong>maritum.m</strong></span> <span class='ocrx_word' id='word_1_514' title='bbox 3211 3318 3339 3374; x_wconf 83' lang='lat' dir='ltr'><strong>Post</strong></span> <span class='ocrx_word' id='word_1_515' title='bbox 3367 3324 3580 3374; x_wconf 88' lang='lat' dir='ltr'><strong>desunt.</strong></span> 
     </span>
    </p>
   </div>
   <div class='ocr_carea' id='block_1_76' title="bbox 2552 3386 3775 3452">
    <p class='ocr_par' dir='ltr' id='par_1_76' title="bbox 2552 3386 3775 3452">
     <span class='ocr_line' id='line_1_76' title="bbox 2552 3386 3775 3452; baseline 0.005 -12"><span class='ocrx_word' id='word_1_516' title='bbox 2552 3386 2596 3419; x_wconf 70' lang='lat'>”</span> <span class='ocrx_word' id='word_1_517' title='bbox 2634 3387 2768 3443; x_wconf 89' lang='lat' dir='ltr'><strong>Cod.</strong></span> <span class='ocrx_word' id='word_1_518' title='bbox 2805 3389 2958 3452; x_wconf 89' lang='lat' dir='ltr'><strong>Luc.,</strong></span> <span class='ocrx_word' id='word_1_519' title='bbox 2991 3393 3242 3451; x_wconf 85' lang='lat' dir='ltr'><strong>armillas.</strong></span> <span class='ocrx_word' id='word_1_520' title='bbox 3273 3392 3387 3444; x_wconf 82' lang='lat' dir='ltr'><strong>sive</strong></span> <span class='ocrx_word' id='word_1_521' title='bbox 3416 3392 3775 3446; x_wconf 86' lang='lat' dir='ltr'><strong>armillariam.</strong></span> 
     </span>
    </p>
   </div>
   <div class='ocr_carea' id='block_1_77' title="bbox 2551 3459 4056 3535">
    <p class='ocr_par' dir='ltr' id='par_1_77' title="bbox 2551 3459 4056 3535">
     <span class='ocr_line' id='line_1_77' title="bbox 2551 3459 4056 3535; baseline 0.006 -26"><span class='ocrx_word' id='word_1_522' title='bbox 2551 3459 2593 3535; x_wconf 63' lang='grc' dir='ltr'><strong>ξδ</strong></span> <span class='ocrx_word' id='word_1_523' title='bbox 2634 3459 2746 3535; x_wconf 80' lang='lat' dir='ltr'><strong>Al.,</strong></span> <span class='ocrx_word' id='word_1_524' title='bbox 2768 3459 3006 3535; x_wconf 55' lang='lat' dir='ltr'><strong>Postque</strong></span> <span class='ocrx_word' id='word_1_525' title='bbox 3032 3463 3168 3528; x_wconf 73' lang='lat' dir='ltr'><strong>facta</strong></span> <span class='ocrx_word' id='word_1_526' title='bbox 3199 3462 3428 3535; x_wconf 79' lang='lat' dir='ltr'><strong>oratione</strong></span> <span class='ocrx_word' id='word_1_527' title='bbox 3467 3465 3689 3516; x_wconf 78' lang='lat' dir='ltr'><strong>recessit.</strong></span> <span class='ocrx_word' id='word_1_528' title='bbox 3713 3463 4056 3535; x_wconf 71' lang='lat' dir='ltr'><strong>Conjunxcrat</strong></span> 
     </span>
    </p>
   </div>
   <div class='ocr_carea' id='block_1_78' title="bbox 2479 3529 4053 3599">
    <p class='ocr_par' dir='ltr' id='par_1_78' title="bbox 2479 3529 4053 3599">
     <span class='ocr_line' id='line_1_78' title="bbox 2479 3529 4053 3599; baseline 0.006 -19"><span class='ocrx_word' id='word_1_529' title='bbox 2479 3529 2612 3580; x_wconf 86' lang='lat' dir='ltr'><strong>enim</strong></span> <span class='ocrx_word' id='word_1_530' title='bbox 2643 3531 2890 3591; x_wconf 80' lang='lat' dir='ltr'><strong>plurimos</strong></span> <span class='ocrx_word' id='word_1_531' title='bbox 2926 3530 3164 3592; x_wconf 83' lang='lat' dir='ltr'><strong>llomam,</strong></span> <span class='ocrx_word' id='word_1_532' title='bbox 3199 3541 3254 3583; x_wconf 84' lang='lat' dir='ltr'><strong>ut</strong></span> <span class='ocrx_word' id='word_1_533' title='bbox 3279 3532 3367 3582; x_wconf 85' lang='lat' dir='ltr'><strong>illa</strong></span> <span class='ocrx_word' id='word_1_534' title='bbox 3397 3547 3509 3599; x_wconf 66' lang='lat' dir='ltr'><strong>qua</strong></span> <span class='ocrx_word' id='word_1_535' title='bbox 3538 3529 4053 3598; x_wconf 38' lang='lat' dir='ltr'><strong>imperator’manda-</strong></span> 
     </span>
    </p>
   </div>
   <div class='ocr_carea' id='block_1_79' title="bbox 2476 3599 4056 3666">
    <p class='ocr_par' dir='ltr' id='par_1_79' title="bbox 2476 3599 4056 3666">
     <span class='ocr_line' id='line_1_79' title="bbox 2476 3599 4056 3666; baseline 0.004 -16"><span class='ocrx_word' id='word_1_536' title='bbox 2476 3599 2559 3650; x_wconf 82' lang='lat' dir='ltr'><strong>bat</strong></span> <span class='ocrx_word' id='word_1_537' title='bbox 2586 3616 2697 3650; x_wconf 86' lang='lat' dir='ltr'><strong>cum</strong></span> <span class='ocrx_word' id='word_1_538' title='bbox 2731 3602 2951 3651; x_wconf 73' lang='lat' dir='ltr'><strong>cxarclio</strong></span> <span class='ocrx_word' id='word_1_539' title='bbox 2978 3601 3233 3662; x_wconf 80' lang='lat' dir='ltr'><strong>impleret.</strong></span> <span class='ocrx_word' id='word_1_540' title='bbox 3287 3602 3391 3654; x_wconf 85' lang='lat' dir='ltr'><strong>Sed</strong></span> <span class='ocrx_word' id='word_1_541' title='bbox 3419 3605 3752 3658; x_wconf 78' lang='lat' dir='ltr'><strong>commonitus</strong></span> <span class='ocrx_word' id='word_1_542' title='bbox 3783 3608 4056 3666; x_wconf 77' lang='lat' dir='ltr'><strong>perblanda</strong></span> 
     </span>
    </p>
   </div>
   <div class='ocr_carea' id='block_1_80' title="bbox 2475 3671 4055 3743">
    <p class='ocr_par' dir='ltr' id='par_1_80' title="bbox 2475 3671 4055 3743">
     <span class='ocr_line' id='line_1_80' title="bbox 2475 3671 4055 3743; baseline 0.004 -23"><span class='ocrx_word' id='word_1_543' title='bbox 2475 3676 2713 3743; x_wconf 80' lang='lat' dir='ltr'><strong>suasione</strong></span> <span class='ocrx_word' id='word_1_544' title='bbox 2730 3671 2998 3743; x_wconf 79' lang='lat' dir='ltr'><strong>pontiﬁcis</strong></span> <span class='ocrx_word' id='word_1_545' title='bbox 3026 3686 3126 3743; x_wconf 85' lang='lat' dir='ltr'><strong>non</strong></span> <span class='ocrx_word' id='word_1_546' title='bbox 3156 3672 3416 3739; x_wconf 72' lang='lat' dir='ltr'><strong>expedire,</strong></span> <span class='ocrx_word' id='word_1_547' title='bbox 3449 3681 3567 3725; x_wconf 85' lang='lat' dir='ltr'><strong>tunc</strong></span> <span class='ocrx_word' id='word_1_548' title='bbox 3594 3676 3659 3726; x_wconf 84' lang='lat' dir='ltr'><strong>ad</strong></span> <span class='ocrx_word' id='word_1_549' title='bbox 3681 3686 3876 3742; x_wconf 79' lang='lat' dir='ltr'><strong>partem</strong></span> <span class='ocrx_word' id='word_1_550' title='bbox 3899 3679 4055 3743; x_wconf 78' lang='lat' dir='ltr'><strong>ﬂexas</strong></span> 
     </span>
    </p>
   </div>
   <div class='ocr_carea' id='block_1_81' title="bbox 2472 3739 4054 3816">
    <p class='ocr_par' dir='ltr' id='par_1_81' title="bbox 2472 3739 4054 3816">
     <span class='ocr_line' id='line_1_81' title="bbox 2472 3739 4054 3816; baseline 0.004 -25"><span class='ocrx_word' id='word_1_551' title='bbox 2472 3739 2655 3816; x_wconf 80' lang='lat' dir='ltr'><strong>salutis</strong></span> <span class='ocrx_word' id='word_1_552' title='bbox 2669 3740 2771 3816; x_wconf 82' lang='lat' dir='ltr'><strong>illo</strong></span> <span class='ocrx_word' id='word_1_553' title='bbox 2801 3741 2916 3806; x_wconf 75' lang='lat' dir='ltr'><strong>fecit</strong></span> <span class='ocrx_word' id='word_1_554' title='bbox 2939 3757 3050 3816; x_wconf 64' lang='lat' dir='ltr'><strong>qua;</strong></span> <span class='ocrx_word' id='word_1_555' title='bbox 3073 3741 3340 3816; x_wconf 76' lang='lat' dir='ltr'><strong>institutus</strong></span> <span class='ocrx_word' id='word_1_556' title='bbox 3360 3750 3463 3806; x_wconf 87' lang='lat' dir='ltr'><strong>est,</strong></span> <span class='ocrx_word' id='word_1_557' title='bbox 3495 3760 3583 3798; x_wconf 85' lang='lat' dir='ltr'><strong>nec</strong></span> <span class='ocrx_word' id='word_1_558' title='bbox 3610 3739 3863 3816; x_wconf 80' lang='lat' dir='ltr'><strong>consensit</strong></span> <span class='ocrx_word' id='word_1_559' title='bbox 3890 3739 4054 3816; x_wconf 71' lang='lat' dir='ltr'><strong>pratis</strong></span> 
     </span>
    </p>
   </div>
   <div class='ocr_carea' id='block_1_82' title="bbox 2473 3811 4054 3883">
    <p class='ocr_par' dir='ltr' id='par_1_82' title="bbox 2473 3811 4054 3883">
     <span class='ocr_line' id='line_1_82' title="bbox 2473 3811 4054 3883; baseline 0.006 -24"><span class='ocrx_word' id='word_1_560' title='bbox 2473 3811 2726 3868; x_wconf 83' lang='lat' dir='ltr'><strong>consiliis,</strong></span> <span class='ocrx_word' id='word_1_561' title='bbox 2768 3822 2814 3863; x_wconf 90' lang='lat' dir='ltr'><strong>et</strong></span> <span class='ocrx_word' id='word_1_562' title='bbox 2859 3813 3063 3862; x_wconf 63' lang='lat' dir='ltr'><strong>recessit</strong></span> <span class='ocrx_word' id='word_1_563' title='bbox 3095 3813 3226 3865; x_wconf 78' lang='lat' dir='ltr'><strong>initis</strong></span> <span class='ocrx_word' id='word_1_564' title='bbox 3255 3812 3341 3880; x_wconf 88' lang='lat' dir='ltr'><strong>qui</strong></span> <span class='ocrx_word' id='word_1_565' title='bbox 3365 3822 3566 3866; x_wconf 81' lang='lat' dir='ltr'><strong>venerat</strong></span> <span class='ocrx_word' id='word_1_566' title='bbox 3597 3817 3756 3883; x_wconf 77' lang='lat' dir='ltr'><strong>ferus.</strong></span> <span class='ocrx_word' id='word_1_567' title='bbox 3806 3811 3900 3871; x_wconf 78' lang='lat' dir='ltr'><strong>Sic</strong></span> <span class='ocrx_word' id='word_1_568' title='bbox 3923 3834 4054 3870; x_wconf 82' lang='lat' dir='ltr'><strong>com-</strong></span> 
     </span>
    </p>
   </div>
   <div class='ocr_carea' id='block_1_83' title="bbox 2469 3883 4054 3954">
    <p class='ocr_par' dir='ltr' id='par_1_83' title="bbox 2469 3883 4054 3954">
     <span class='ocr_line' id='line_1_83' title="bbox 2469 3883 4054 3954; baseline 0.006 -27"><span class='ocrx_word' id='word_1_569' title='bbox 2469 3896 2645 3954; x_wconf 81' lang='lat' dir='ltr'><strong>pressu</strong></span> <span class='ocrx_word' id='word_1_570' title='bbox 2692 3889 2765 3933; x_wconf 84' lang='lat' dir='ltr'><strong>est</strong></span> <span class='ocrx_word' id='word_1_571' title='bbox 2797 3883 3201 3954; x_wconf 72' lang='lat' dir='ltr'><strong>adversantium</strong></span> <span class='ocrx_word' id='word_1_572' title='bbox 3241 3884 3468 3947; x_wconf 89' lang='lat' dir='ltr'><strong>ntulitia,</strong></span> <span class='ocrx_word' id='word_1_573' title='bbox 3519 3899 3634 3954; x_wconf 79' lang='lat' dir='ltr'><strong>rege</strong></span> <span class='ocrx_word' id='word_1_574' title='bbox 3687 3887 3979 3938; x_wconf 82' lang='lat' dir='ltr'><strong>declinante</strong></span> <span class='ocrx_word' id='word_1_575' title='bbox 4027 3904 4054 3936; x_wconf 79' lang='grc' dir='ltr'><strong>η</strong></span> 
     </span>
    </p>
   </div>
   <div class='ocr_carea' id='block_1_84' title="bbox 2473 3951 4053 4027">
    <p class='ocr_par' dir='ltr' id='par_1_84' title="bbox 2473 3951 4053 4027">
     <span class='ocr_line' id='line_1_84' title="bbox 2473 3951 4053 4027; baseline 0.006 -28"><span class='ocrx_word' id='word_1_576' title='bbox 2473 3951 2621 4027; x_wconf 72' lang='lat' dir='ltr'><strong>malis</strong></span> <span class='ocrx_word' id='word_1_577' title='bbox 2649 3967 2760 4027; x_wconf 77' lang='lat' dir='ltr'><strong>qua:</strong></span> <span class='ocrx_word' id='word_1_578' title='bbox 2790 3951 2970 4003; x_wconf 84' lang='lat' dir='ltr'><strong>inierat</strong></span> <span class='ocrx_word' id='word_1_579' title='bbox 3003 3952 3253 4027; x_wconf 80' lang='lat' dir='ltr'><strong>consiliis,</strong></span> <span class='ocrx_word' id='word_1_580' title='bbox 3282 3968 3372 4020; x_wconf 82' lang='lat' dir='ltr'><strong>pro</strong></span> <span class='ocrx_word' id='word_1_581' title='bbox 3401 3969 3500 4019; x_wconf 90' lang='lat' dir='ltr'><strong>qua</strong></span> <span class='ocrx_word' id='word_1_582' title='bbox 3520 3951 3914 4024; x_wconf 75' lang='lat' dir='ltr'><strong>persequebatur</strong></span> <span class='ocrx_word' id='word_1_583' title='bbox 3937 3974 4053 4027; x_wconf 85' lang='lat' dir='ltr'><strong>pon-</strong></span> 
     </span>
    </p>
   </div>
   <div class='ocr_carea' id='block_1_85' title="bbox 2473 4021 3367 4087">
    <p class='ocr_par' dir='ltr' id='par_1_85' title="bbox 2473 4021 3367 4087">
     <span class='ocr_line' id='line_1_85' title="bbox 2473 4021 3367 4087; baseline 0.003 -17"><span class='ocrx_word' id='word_1_584' title='bbox 2473 4021 2680 4084; x_wconf 70' lang='lat' dir='ltr'><strong>ti/icrm,</strong></span> <span class='ocrx_word' id='word_1_585' title='bbox 2712 4023 2780 4073; x_wconf 81' lang='lat' dir='ltr'><strong>ita</strong></span> <span class='ocrx_word' id='word_1_586' title='bbox 2813 4030 2868 4074; x_wconf 83' lang='lat' dir='ltr'><strong>ut</strong></span> <span class='ocrx_word' id='word_1_587' title='bbox 2896 4023 3240 4087; x_wconf 81' lang='lat' dir='ltr'><strong>compelleret,</strong></span> <span class='ocrx_word' id='word_1_588' title='bbox 3264 4033 3367 4075; x_wconf 90' lang='lat' dir='ltr'><strong>etc.</strong></span> 
     </span>
    </p>
   </div>
   <div class='ocr_carea' id='block_1_86' title="bbox 2543 4090 3981 4162">
    <p class='ocr_par' dir='ltr' id='par_1_86' title="bbox 2543 4090 3981 4162">
     <span class='ocr_line' id='line_1_86' title="bbox 2543 4090 3981 4162; baseline 0.005 -19"><span class='ocrx_word' id='word_1_589' title='bbox 2543 4091 2585 4119; x_wconf 83' lang='grc'><strong>¹⁸</strong></span> <span class='ocrx_word' id='word_1_590' title='bbox 2616 4090 2746 4144; x_wconf 86' lang='lat' dir='ltr'><strong>Cod.</strong></span> <span class='ocrx_word' id='word_1_591' title='bbox 2779 4092 2929 4160; x_wconf 82' lang='lat' dir='ltr'><strong>Luc.,</strong></span> <span class='ocrx_word' id='word_1_592' title='bbox 2967 4093 3453 4158; x_wconf 82' lang='lat' dir='ltr'><strong>.‘llantuariauense;</strong></span> <span class='ocrx_word' id='word_1_593' title='bbox 3476 4093 3571 4162; x_wconf 86' lang='lat' dir='ltr'><strong>al.,</strong></span> <span class='ocrx_word' id='word_1_594' title='bbox 3598 4093 3981 4152; x_wconf 73' lang='lat' dir='ltr'><strong>Maturaneuse.</strong></span> 
     </span>
    </p>
   </div>
   <div class='ocr_carea' id='block_1_87' title="bbox 2105 4202 2742 4260">
    <p class='ocr_par' dir='ltr' id='par_1_87' title="bbox 2105 4202 2742 4260">
     <span class='ocr_line' id='line_1_87' title="bbox 2105 4202 2742 4260; baseline -0.005 0"><span class='ocrx_word' id='word_1_595' title='bbox 2105 4203 2470 4260; x_wconf 72' lang='lat' dir='ltr'><strong>VAIilORUM</strong></span> <span class='ocrx_word' id='word_1_596' title='bbox 2510 4202 2742 4260; x_wconf 74' lang='grc' dir='ltr'><strong>ΝΟΤᾹΞ.</strong></span> 
     </span>
    </p>
   </div>
   <div class='ocr_carea' id='block_1_88' title="bbox 846 4317 2366 4392">
    <p class='ocr_par' dir='ltr' id='par_1_88' title="bbox 846 4317 2366 4392">
     <span class='ocr_line' id='line_1_88' title="bbox 846 4317 2366 4392; baseline -0.007 -13"><span class='ocrx_word' id='word_1_597' title='bbox 846 4337 871 4364; x_wconf 71' lang='grc' dir='ltr'><strong>υ</strong></span> <span class='ocrx_word' id='word_1_598' title='bbox 901 4324 966 4378; x_wconf 75' lang='lat' dir='ltr'><strong>Et</strong></span> <span class='ocrx_word' id='word_1_599' title='bbox 1004 4334 1120 4379; x_wconf 89' lang='lat' dir='ltr'><strong>ante</strong></span> <span class='ocrx_word' id='word_1_600' title='bbox 1165 4340 1350 4392; x_wconf 86' lang='lat' dir='ltr'><strong>corpus</strong></span> <span class='ocrx_word' id='word_1_601' title='bbox 1392 4322 1608 4388; x_wconf 82' lang='lat' dir='ltr'><strong>apostoli</strong></span> <span class='ocrx_word' id='word_1_602' title='bbox 1654 4330 1857 4390; x_wconf 79' lang='lat' dir='ltr'><strong>poneret</strong></span> <span class='ocrx_word' id='word_1_603' title='bbox 1901 4328 2154 4392; x_wconf 80' lang='lat' dir='ltr'><strong>montum,</strong></span> <span class='ocrx_word' id='word_1_604' title='bbox 2207 4317 2366 4370; x_wconf 89' lang='lat' dir='ltr'><strong>armi-</strong></span> 
     </span>
    </p>
   </div>
   <div class='ocr_carea' id='block_1_89' title="bbox 773 4390 2364 4463">
    <p class='ocr_par' dir='ltr' id='par_1_89' title="bbox 773 4390 2364 4463">
     <span class='ocr_line' id='line_1_89' title="bbox 773 4390 2364 4463; baseline -0.008 -11"><span class='ocrx_word' id='word_1_605' title='bbox 773 4403 996 4462; x_wconf 82' lang='lat' dir='ltr'><strong>lausam,</strong></span> <span class='ocrx_word' id='word_1_606' title='bbox 1049 4390 1290 4456; x_wconf 77' lang='lat' dir='ltr'><strong>balteum,</strong></span> <span class='ocrx_word' id='word_1_607' title='bbox 1348 4405 1566 4463; x_wconf 86' lang='lat' dir='ltr'><strong>spatam,</strong></span> <span class='ocrx_word' id='word_1_608' title='bbox 1617 4403 1768 4460; x_wconf 85' lang='lat' dir='ltr'><strong>atque</strong></span> <span class='ocrx_word' id='word_1_609' title='bbox 1817 4407 1988 4444; x_wconf 85' lang='lat' dir='ltr'><strong>ensem</strong></span> <span class='ocrx_word' id='word_1_610' title='bbox 2038 4390 2364 4463; x_wconf 78' lang='lat' dir='ltr'><strong>deauratum,</strong></span> 
     </span>
    </p>
   </div>
   <div class='ocr_carea' id='block_1_90' title="bbox 774 4459 2367 4530">
    <p class='ocr_par' dir='ltr' id='par_1_90' title="bbox 774 4459 2367 4530">
     <span class='ocr_line' id='line_1_90' title="bbox 774 4459 2367 4530; baseline -0.006 -8"><span class='ocrx_word' id='word_1_611' title='bbox 774 4485 866 4522; x_wconf 77' lang='lat' dir='ltr'><strong>n&#39;c</strong></span> <span class='ocrx_word' id='word_1_612' title='bbox 906 4459 1006 4519; x_wconf 82' lang='lat' dir='ltr'><strong>non</strong></span> <span class='ocrx_word' id='word_1_613' title='bbox 1045 4483 1283 4520; x_wconf 85' lang='lat' dir='ltr'><strong>coronam</strong></span> <span class='ocrx_word' id='word_1_614' title='bbox 1315 4459 1520 4518; x_wconf 81' lang='lat' dir='ltr'><strong>auream</strong></span> <span class='ocrx_word' id='word_1_615' title='bbox 1551 4473 1594 4516; x_wconf 87' lang='lat' dir='ltr'><strong>et</strong></span> <span class='ocrx_word' id='word_1_616' title='bbox 1627 4459 1823 4514; x_wconf 84' lang='lat' dir='ltr'><strong>crucem</strong></span> <span class='ocrx_word' id='word_1_617' title='bbox 1873 4472 2186 4530; x_wconf 84' lang='lat' dir='ltr'><strong>argenteam.</strong></span> <span class='ocrx_word' id='word_1_618' title='bbox 2221 4459 2367 4513; x_wconf 58' lang='lat' dir='ltr'><strong>Luitc</strong></span> 
     </span>
    </p>
   </div>
   <div class='ocr_carea' id='block_1_91' title="bbox 2472 4316 4048 4390">
    <p class='ocr_par' dir='ltr' id='par_1_91' title="bbox 2472 4316 4048 4390">
     <span class='ocr_line' id='line_1_91' title="bbox 2472 4316 4048 4390; baseline -0.001 -18"><span class='ocrx_word' id='word_1_619' title='bbox 2472 4317 2620 4386; x_wconf 83' lang='lat' dir='ltr'><strong>Orig.</strong></span> <span class='ocrx_word' id='word_1_620' title='bbox 2680 4316 2772 4373; x_wconf 77' lang='grc' dir='ltr'><strong>ιιι).</strong></span> <span class='ocrx_word' id='word_1_621' title='bbox 2828 4333 2936 4380; x_wconf 79' lang='lat' dir='ltr'><strong>XIX,</strong></span> <span class='ocrx_word' id='word_1_622' title='bbox 2997 4332 3119 4386; x_wconf 90' lang='lat' dir='ltr'><strong>cap.</strong></span> <span class='ocrx_word' id='word_1_623' title='bbox 3177 4317 3289 4372; x_wconf 60' lang='grc' dir='ltr'><strong>ρει</strong></span> <span class='ocrx_word' id='word_1_624' title='bbox 3327 4319 3617 4372; x_wconf 82' lang='lat' dir='ltr'><strong>Armilausa</strong></span> <span class='ocrx_word' id='word_1_625' title='bbox 3665 4323 3813 4390; x_wconf 76' lang='lat' dir='ltr'><strong>vulgo</strong></span> <span class='ocrx_word' id='word_1_626' title='bbox 3860 4337 4048 4388; x_wconf 48' lang='lat' dir='ltr'><strong>castra,</strong></span> 
     </span>
    </p>
   </div>
   <div class='ocr_carea' id='block_1_92' title="bbox 2472 4390 4055 4460">
    <p class='ocr_par' dir='ltr' id='par_1_92' title="bbox 2472 4390 4055 4460">
     <span class='ocr_line' id='line_1_92' title="bbox 2472 4390 4055 4460; baseline 0.005 -20"><span class='ocrx_word' id='word_1_627' title='bbox 2472 4390 2610 4458; x_wconf 87' lang='lat' dir='ltr'><strong>quod</strong></span> <span class='ocrx_word' id='word_1_628' title='bbox 2642 4400 2759 4442; x_wconf 87' lang='lat' dir='ltr'><strong>ante</strong></span> <span class='ocrx_word' id='word_1_629' title='bbox 2789 4399 2835 4441; x_wconf 90' lang='lat' dir='ltr'><strong>et</strong></span> <span class='ocrx_word' id='word_1_630' title='bbox 2875 4399 3010 4443; x_wconf 86' lang='lat' dir='ltr'><strong>retro</strong></span> <span class='ocrx_word' id='word_1_631' title='bbox 3056 4390 3239 4453; x_wconf 82' lang='lat' dir='ltr'><strong>diuisa,</strong></span> <span class='ocrx_word' id='word_1_632' title='bbox 3281 4398 3431 4457; x_wconf 86' lang='lat' dir='ltr'><strong>atque</strong></span> <span class='ocrx_word' id='word_1_633' title='bbox 3470 4401 3644 4460; x_wconf 85' lang='lat' dir='ltr'><strong>aperta</strong></span> <span class='ocrx_word' id='word_1_634' title='bbox 3670 4403 3762 4456; x_wconf 82' lang='lat' dir='ltr'><strong>est,</strong></span> <span class='ocrx_word' id='word_1_635' title='bbox 3796 4393 3846 4445; x_wconf 86' lang='lat' dir='ltr'><strong>in</strong></span> <span class='ocrx_word' id='word_1_636' title='bbox 3886 4411 4055 4449; x_wconf 72' lang='lat' dir='ltr'><strong>amics</strong></span> 
     </span>
    </p>
   </div>
   <div class='ocr_carea' id='block_1_93' title="bbox 2477 4462 4049 4527">
    <p class='ocr_par' dir='ltr' id='par_1_93' title="bbox 2477 4462 4049 4527">
     <span class='ocr_line' id='line_1_93' title="bbox 2477 4462 4049 4527; baseline 0.005 -19"><span class='ocrx_word' id='word_1_637' title='bbox 2477 4470 2673 4512; x_wconf 85' lang='lat' dir='ltr'><strong>tantum</strong></span> <span class='ocrx_word' id='word_1_638' title='bbox 2718 4462 2912 4518; x_wconf 85' lang='lat' dir='ltr'><strong>clausa,</strong></span> <span class='ocrx_word' id='word_1_639' title='bbox 2955 4463 3099 4527; x_wconf 85' lang='lat' dir='ltr'><strong>quasi</strong></span> <span class='ocrx_word' id='word_1_640' title='bbox 3151 4477 3274 4515; x_wconf 74' lang='lat' dir='ltr'><strong>itaut</strong></span> <span class='ocrx_word' id='word_1_641' title='bbox 3305 4475 3528 4522; x_wconf 63' lang='lat' dir='ltr'><strong>cuuss,</strong></span> <span class='ocrx_word' id='word_1_642' title='bbox 3568 4476 3598 4515; x_wconf 90' lang='lat' dir='ltr'><strong>c</strong></span> <span class='ocrx_word' id='word_1_643' title='bbox 3650 4463 3818 4514; x_wconf 84' lang='lat' dir='ltr'><strong>littera</strong></span> <span class='ocrx_word' id='word_1_644' title='bbox 3860 4465 4049 4516; x_wconf 84' lang='lat' dir='ltr'><strong>ablata.</strong></span> 
     </span>
    </p>
   </div>
   <div class='ocr_carea' id='block_1_94' title="bbox 777 4525 4051 4606">
    <p class='ocr_par' dir='ltr' id='par_1_94' title="bbox 777 4525 4051 4606">
     <span class='ocr_line' id='line_1_94' title="bbox 777 4525 4051 4606; baseline -0.002 -16"><span class='ocrx_word' id='word_1_645' title='bbox 777 4538 1013 4606; x_wconf 87' lang='lat' dir='ltr'><strong>prandus</strong></span> <span class='ocrx_word' id='word_1_646' title='bbox 1035 4552 1126 4592; x_wconf 86' lang='lat' dir='ltr'><strong>rex</strong></span> <span class='ocrx_word' id='word_1_647' title='bbox 1162 4537 1656 4600; x_wconf 73' lang='lat' dir='ltr'><strong>Langobardorum,</strong></span> <span class='ocrx_word' id='word_1_648' title='bbox 1679 4533 1875 4585; x_wconf 80' lang='lat' dir='ltr'><strong>fractus</strong></span> <span class='ocrx_word' id='word_1_649' title='bbox 1901 4525 2166 4596; x_wconf 77' lang='lat' dir='ltr'><strong>pontilicis</strong></span> <span class='ocrx_word' id='word_1_650' title='bbox 2195 4531 2365 4598; x_wconf 81' lang='lat' dir='ltr'><strong>preci-</strong></span> <span class='ocrx_word' id='word_1_651' title='bbox 2400 4525 2447 4583; x_wconf 91' lang='lat' dir='ltr'><strong>D</strong></span> <span class='ocrx_word' id='word_1_652' title='bbox 2475 4529 2667 4606; x_wconf 78' lang='lat' dir='ltr'><strong>Suidas</strong></span> <span class='ocrx_word' id='word_1_653' title='bbox 2705 4525 3095 4606; x_wconf 51' lang='lat' dir='ltr'><strong>:&quot;A‘suiiaoaiov</strong></span> <span class='ocrx_word' id='word_1_654' title='bbox 3152 4533 3299 4606; x_wconf 61' lang='lat' dir='ltr'><strong>nupsi</strong></span> <span class='ocrx_word' id='word_1_655' title='bbox 3342 4533 3398 4587; x_wconf 78' lang='grc' dir='ltr'><strong>τὸ</strong></span> <span class='ocrx_word' id='word_1_656' title='bbox 3446 4528 3620 4604; x_wconf 75' lang='grc' dir='ltr'><strong>ἅρμα,</strong></span> <span class='ocrx_word' id='word_1_657' title='bbox 3668 4533 3730 4606; x_wconf 50' lang='grc' dir='ltr'><strong>τὸ</strong></span> <span class='ocrx_word' id='word_1_658' title='bbox 3770 4533 3937 4588; x_wconf 68' lang='grc' dir='ltr'><strong>ἐπάνω</strong></span> <span class='ocrx_word' id='word_1_659' title='bbox 3989 4545 4051 4588; x_wconf 66' lang='grc' dir='ltr'><strong>τί)</strong></span> 
     </span>
    </p>
   </div>
   <div class='ocr_carea' id='block_1_95' title="bbox 777 4606 2364 4673">
    <p class='ocr_par' dir='ltr' id='par_1_95' title="bbox 777 4606 2364 4673">
     <span class='ocr_line' id='line_1_95' title="bbox 777 4606 2364 4673; baseline -0.006 -11"><span class='ocrx_word' id='word_1_660' title='bbox 777 4613 897 4673; x_wconf 90' lang='lat' dir='ltr'><strong>bus,</strong></span> <span class='ocrx_word' id='word_1_661' title='bbox 918 4615 1041 4661; x_wconf 88' lang='lat' dir='ltr'><strong>ante</strong></span> <span class='ocrx_word' id='word_1_662' title='bbox 1063 4609 1228 4660; x_wconf 85' lang='lat' dir='ltr'><strong>altare</strong></span> <span class='ocrx_word' id='word_1_663' title='bbox 1249 4610 1356 4659; x_wconf 87' lang='lat' dir='ltr'><strong>divi</strong></span> <span class='ocrx_word' id='word_1_664' title='bbox 1386 4606 1521 4660; x_wconf 83' lang='lat' dir='ltr'><strong>Petri</strong></span> <span class='ocrx_word' id='word_1_665' title='bbox 1545 4607 1789 4672; x_wconf 76' lang='lat' dir='ltr'><strong>deposuit</strong></span> <span class='ocrx_word' id='word_1_666' title='bbox 1816 4614 1986 4656; x_wconf 77' lang='lat' dir='ltr'><strong>vestes</strong></span> <span class='ocrx_word' id='word_1_667' title='bbox 2012 4617 2184 4669; x_wconf 67' lang='lat' dir='ltr'><strong>regias</strong></span> <span class='ocrx_word' id='word_1_668' title='bbox 2207 4612 2254 4655; x_wconf 93' lang='lat' dir='ltr'><strong>et</strong></span> <span class='ocrx_word' id='word_1_669' title='bbox 2276 4617 2364 4653; x_wconf 91' lang='lat' dir='ltr'><strong>or-</strong></span> 
     </span>
    </p>
   </div>
   <div class='ocr_carea' id='block_1_96' title="bbox 781 4675 2357 4742">
    <p class='ocr_par' dir='ltr' id='par_1_96' title="bbox 781 4675 2357 4742">
     <span class='ocr_line' id='line_1_96' title="bbox 781 4675 2357 4742; baseline -0.005 -10"><span class='ocrx_word' id='word_1_670' title='bbox 781 4690 1052 4742; x_wconf 88' lang='lat' dir='ltr'><strong>namenta,</strong></span> <span class='ocrx_word' id='word_1_671' title='bbox 1081 4688 1337 4739; x_wconf 79' lang='lat' dir='ltr'><strong>maritum,</strong></span> <span class='ocrx_word' id='word_1_672' title='bbox 1364 4677 1728 4735; x_wconf 79' lang='lat' dir='ltr'><strong>armilausam,</strong></span> <span class='ocrx_word' id='word_1_673' title='bbox 1757 4675 1988 4727; x_wconf 80' lang='lat' dir='ltr'><strong>balteum</strong></span> <span class='ocrx_word' id='word_1_674' title='bbox 2015 4683 2068 4727; x_wconf 89' lang='lat' dir='ltr'><strong>et</strong></span> <span class='ocrx_word' id='word_1_675' title='bbox 2091 4675 2357 4739; x_wconf 74' lang='lat' dir='ltr'><strong>spatham.</strong></span> 
     </span>
    </p>
   </div>
   <div class='ocr_carea' id='block_1_97' title="bbox 776 4745 2362 4814">
    <p class='ocr_par' dir='ltr' id='par_1_97' title="bbox 776 4745 2362 4814">
     <span class='ocr_line' id='line_1_97' title="bbox 776 4745 2362 4814; baseline -0.004 -11"><span class='ocrx_word' id='word_1_676' title='bbox 776 4751 1010 4804; x_wconf 82' lang='lat' dir='ltr'><strong>Mantum</strong></span> <span class='ocrx_word' id='word_1_677' title='bbox 1037 4759 1116 4802; x_wconf 89' lang='lat' dir='ltr'><strong>est</strong></span> <span class='ocrx_word' id='word_1_678' title='bbox 1168 4749 1326 4802; x_wconf 84' lang='lat' dir='ltr'><strong>breve</strong></span> <span class='ocrx_word' id='word_1_679' title='bbox 1355 4747 1648 4814; x_wconf 84' lang='lat' dir='ltr'><strong>palliolum,</strong></span> <span class='ocrx_word' id='word_1_680' title='bbox 1678 4745 1814 4811; x_wconf 88' lang='lat' dir='ltr'><strong>quod</strong></span> <span class='ocrx_word' id='word_1_681' title='bbox 1849 4745 1976 4796; x_wconf 66' lang='lat' dir='ltr'><strong>te;it</strong></span> <span class='ocrx_word' id='word_1_682' title='bbox 2008 4747 2281 4805; x_wconf 85' lang='lat' dir='ltr'><strong>humeros,</strong></span> <span class='ocrx_word' id='word_1_683' title='bbox 2311 4752 2362 4796; x_wconf 89' lang='lat' dir='ltr'><strong>et</strong></span> 
     </span>
    </p>
   </div>
   <div class='ocr_carea' id='block_1_98' title="bbox 776 4815 2358 4884">
    <p class='ocr_par' dir='ltr' id='par_1_98' title="bbox 776 4815 2358 4884">
     <span class='ocr_line' id='line_1_98' title="bbox 776 4815 2358 4884; baseline -0.005 -10"><span class='ocrx_word' id='word_1_684' title='bbox 776 4822 842 4874; x_wconf 88' lang='lat' dir='ltr'><strong>ad</strong></span> <span class='ocrx_word' id='word_1_685' title='bbox 871 4835 1055 4873; x_wconf 86' lang='lat' dir='ltr'><strong>manus</strong></span> <span class='ocrx_word' id='word_1_686' title='bbox 1081 4820 1318 4884; x_wconf 77' lang='lat' dir='ltr'><strong>pervenit</strong></span> <span class='ocrx_word' id='word_1_687' title='bbox 1355 4827 1578 4869; x_wconf 89' lang='lat' dir='ltr'><strong>tantum.</strong></span> <span class='ocrx_word' id='word_1_688' title='bbox 1612 4816 1823 4878; x_wconf 67' lang='lat' dir='ltr'><strong>Isidor,</strong></span> <span class='ocrx_word' id='word_1_689' title='bbox 1872 4816 2078 4883; x_wconf 79' lang='lat' dir='ltr'><strong>Origin.</strong></span> <span class='ocrx_word' id='word_1_690' title='bbox 2127 4815 2218 4866; x_wconf 86' lang='lat' dir='ltr'><strong>lib.</strong></span> <span class='ocrx_word' id='word_1_691' title='bbox 2275 4829 2358 4866; x_wconf 83' lang='lat' dir='ltr'><strong>xtx</strong></span> 
     </span>
    </p>
   </div>
   <div class='ocr_carea' id='block_1_99' title="bbox 775 4887 2361 4958">
    <p class='ocr_par' dir='ltr' id='par_1_99' title="bbox 775 4887 2361 4958">
     <span class='ocr_line' id='line_1_99' title="bbox 775 4887 2361 4958; baseline -0.007 -13"><span class='ocrx_word' id='word_1_692' title='bbox 775 4906 895 4958; x_wconf 89' lang='lat' dir='ltr'><strong>cap.</strong></span> <span class='ocrx_word' id='word_1_693' title='bbox 920 4889 989 4944; x_wconf 74' lang='grc' dir='ltr'><strong>2ι</strong></span> <span class='ocrx_word' id='word_1_694' title='bbox 1019 4909 1030 4942; x_wconf 90' lang='lat'>:</span> <span class='ocrx_word' id='word_1_695' title='bbox 1067 4890 1300 4942; x_wconf 82' lang='lat' dir='ltr'><strong>Mantum</strong></span> <span class='ocrx_word' id='word_1_696' title='bbox 1344 4888 1563 4951; x_wconf 82' lang='lat' dir='ltr'><strong>Hispani</strong></span> <span class='ocrx_word' id='word_1_697' title='bbox 1607 4897 1806 4948; x_wconf 85' lang='lat' dir='ltr'><strong>uocant,</strong></span> <span class='ocrx_word' id='word_1_698' title='bbox 1835 4887 1968 4953; x_wconf 88' lang='lat' dir='ltr'><strong>quod</strong></span> <span class='ocrx_word' id='word_1_699' title='bbox 2019 4901 2198 4937; x_wconf 81' lang='lat' dir='ltr'><strong>manus</strong></span> <span class='ocrx_word' id='word_1_700' title='bbox 2232 4895 2361 4953; x_wconf 81' lang='lat' dir='ltr'><strong>tegat</strong></span> 
     </span>
    </p>
   </div>
   <div class='ocr_carea' id='block_1_100' title="bbox 779 4957 2360 5025">
    <p class='ocr_par' dir='ltr' id='par_1_100' title="bbox 779 4957 2360 5025">
     <span class='ocr_line' id='line_1_100' title="bbox 779 4957 2360 5025; baseline -0.003 -11"><span class='ocrx_word' id='word_1_701' title='bbox 779 4957 1004 5025; x_wconf 85' lang='lat' dir='ltr'><strong>tantum;</strong></span> <span class='ocrx_word' id='word_1_702' title='bbox 1037 4971 1108 5012; x_wconf 83' lang='lat' dir='ltr'><strong>est</strong></span> <span class='ocrx_word' id='word_1_703' title='bbox 1137 4962 1271 5015; x_wconf 85' lang='lat' dir='ltr'><strong>enim</strong></span> <span class='ocrx_word' id='word_1_704' title='bbox 1295 4960 1436 5012; x_wconf 81' lang='lat' dir='ltr'><strong>breve</strong></span> <span class='ocrx_word' id='word_1_705' title='bbox 1463 4959 1723 5011; x_wconf 86' lang='lat' dir='ltr'><strong>amictum.</strong></span> <span class='ocrx_word' id='word_1_706' title='bbox 1761 4958 1993 5010; x_wconf 83' lang='lat' dir='ltr'><strong>Mantum</strong></span> <span class='ocrx_word' id='word_1_707' title='bbox 2027 4958 2236 5022; x_wconf 89' lang='lat' dir='ltr'><strong>ponitur</strong></span> <span class='ocrx_word' id='word_1_708' title='bbox 2275 4957 2360 5009; x_wconf 91' lang='lat' dir='ltr'><strong>hic</strong></span> 
     </span>
    </p>
   </div>
   <div class='ocr_carea' id='block_1_101' title="bbox 778 5027 2356 5098">
    <p class='ocr_par' dir='ltr' id='par_1_101' title="bbox 778 5027 2356 5098">
     <span class='ocr_line' id='line_1_101' title="bbox 778 5027 2356 5098; baseline -0.004 -12"><span class='ocrx_word' id='word_1_709' title='bbox 778 5033 918 5086; x_wconf 89' lang='lat' dir='ltr'><strong>inter</strong></span> <span class='ocrx_word' id='word_1_710' title='bbox 938 5042 1250 5085; x_wconf 83' lang='lat' dir='ltr'><strong>ornamenta</strong></span> <span class='ocrx_word' id='word_1_711' title='bbox 1276 5034 1438 5098; x_wconf 72' lang='lat' dir='ltr'><strong>regia,</strong></span> <span class='ocrx_word' id='word_1_712' title='bbox 1467 5031 1602 5081; x_wconf 90' lang='lat' dir='ltr'><strong>inter</strong></span> <span class='ocrx_word' id='word_1_713' title='bbox 1620 5028 1882 5095; x_wconf 84' lang='lat' dir='ltr'><strong>pontilicia</strong></span> <span class='ocrx_word' id='word_1_714' title='bbox 1912 5031 2056 5092; x_wconf 83' lang='lat' dir='ltr'><strong>ponit</strong></span> <span class='ocrx_word' id='word_1_715' title='bbox 2080 5027 2356 5090; x_wconf 69' lang='lat' dir='ltr'><strong>lladevic.,</strong></span> 
     </span>
    </p>
   </div>
   <div class='ocr_carea' id='block_1_102' title="bbox 778 5098 2358 5166">
    <p class='ocr_par' dir='ltr' id='par_1_102' title="bbox 778 5098 2358 5166">
     <span class='ocr_line' id='line_1_102' title="bbox 778 5098 2358 5166; baseline -0.004 -10"><span class='ocrx_word' id='word_1_716' title='bbox 778 5104 848 5156; x_wconf 88' lang='lat' dir='ltr'><strong>de</strong></span> <span class='ocrx_word' id='word_1_717' title='bbox 878 5103 1026 5156; x_wconf 57' lang='lat' dir='ltr'><strong>Gesn</strong></span> <span class='ocrx_word' id='word_1_718' title='bbox 1078 5101 1353 5166; x_wconf 84' lang='lat' dir='ltr'><strong>Frnleric.,</strong></span> <span class='ocrx_word' id='word_1_719' title='bbox 1392 5103 1480 5152; x_wconf 90' lang='lat' dir='ltr'><strong>lib.</strong></span> <span class='ocrx_word' id='word_1_720' title='bbox 1519 5115 1572 5162; x_wconf 82' lang='grc' dir='ltr'><strong>ιι,</strong></span> <span class='ocrx_word' id='word_1_721' title='bbox 1600 5115 1714 5163; x_wconf 86' lang='lat' dir='ltr'><strong>cap.</strong></span> <span class='ocrx_word' id='word_1_722' title='bbox 1751 5098 1817 5148; x_wconf 69' lang='lat' dir='ltr'><strong>ti&quot;).</strong></span> <span class='ocrx_word' id='word_1_723' title='bbox 1851 5119 1860 5150; x_wconf 89' lang='lat'>:</span> <span class='ocrx_word' id='word_1_724' title='bbox 1897 5099 2052 5152; x_wconf 77' lang='lat' dir='ltr'><strong>Multi</strong></span> <span class='ocrx_word' id='word_1_725' title='bbox 2079 5114 2140 5148; x_wconf 70' lang='lat' dir='ltr'><strong>ea:</strong></span> <span class='ocrx_word' id='word_1_726' title='bbox 2171 5101 2358 5150; x_wconf 79' lang='lat' dir='ltr'><strong>nostris</strong></span> 
     </span>
    </p>
   </div>
   <div class='ocr_carea' id='block_1_103' title="bbox 781 5168 2360 5225">
    <p class='ocr_par' dir='ltr' id='par_1_103' title="bbox 781 5168 2360 5225">
     <span class='ocr_line' id='line_1_103' title="bbox 781 5168 2360 5225; baseline -0.002 -1"><span class='ocrx_word' id='word_1_727' title='bbox 781 5175 960 5224; x_wconf 78' lang='lat' dir='ltr'><strong>dicunt</strong></span> <span class='ocrx_word' id='word_1_728' title='bbox 1020 5174 1202 5225; x_wconf 76' lang='lat' dir='ltr'><strong>uidisse</strong></span> <span class='ocrx_word' id='word_1_729' title='bbox 1248 5172 1610 5224; x_wconf 68' lang='lat' dir='ltr'><strong>cancellaraunt</strong></span> <span class='ocrx_word' id='word_1_730' title='bbox 1670 5170 1936 5222; x_wconf 79' lang='lat' dir='ltr'><strong>undecimo</strong></span> <span class='ocrx_word' id='word_1_731' title='bbox 1987 5171 2068 5219; x_wconf 64' lang='lat' dir='ltr'><strong>die</strong></span> <span class='ocrx_word' id='word_1_732' title='bbox 2113 5168 2174 5220; x_wconf 70' lang='lat' dir='ltr'><strong>alt</strong></span> <span class='ocrx_word' id='word_1_733' title='bbox 2236 5173 2360 5221; x_wconf 88' lang='lat' dir='ltr'><strong>urbe</strong></span> 
     </span>
    </p>
   </div>
   <div class='ocr_carea' id='block_1_104' title="bbox 781 5241 2358 5307">
    <p class='ocr_par' dir='ltr' id='par_1_104' title="bbox 781 5241 2358 5307">
     <span class='ocr_line' id='line_1_104' title="bbox 781 5241 2358 5307; baseline -0.003 -11"><span class='ocrx_word' id='word_1_734' title='bbox 781 5244 945 5296; x_wconf 67' lang='lat' dir='ltr'><strong>exisse</strong></span> <span class='ocrx_word' id='word_1_735' title='bbox 988 5244 1096 5294; x_wconf 84' lang='lat' dir='ltr'><strong>sine</strong></span> <span class='ocrx_word' id='word_1_736' title='bbox 1124 5254 1315 5302; x_wconf 84' lang='lat' dir='ltr'><strong>manto,</strong></span> <span class='ocrx_word' id='word_1_737' title='bbox 1346 5247 1453 5294; x_wconf 72' lang='lat' dir='ltr'><strong>sine</strong></span> <span class='ocrx_word' id='word_1_738' title='bbox 1493 5243 1644 5301; x_wconf 79' lang='lat' dir='ltr'><strong>stola,</strong></span> <span class='ocrx_word' id='word_1_739' title='bbox 1689 5244 1795 5292; x_wconf 83' lang='lat' dir='ltr'><strong>sine</strong></span> <span class='ocrx_word' id='word_1_740' title='bbox 1823 5243 1938 5292; x_wconf 66' lang='lat' dir='ltr'><strong>allio</strong></span> <span class='ocrx_word' id='word_1_741' title='bbox 1981 5256 2129 5307; x_wconf 84' lang='lat' dir='ltr'><strong>equo,</strong></span> <span class='ocrx_word' id='word_1_742' title='bbox 2173 5247 2220 5291; x_wconf 85' lang='lat' dir='ltr'><strong>et</strong></span> <span class='ocrx_word' id='word_1_743' title='bbox 2250 5241 2358 5291; x_wconf 76' lang='lat' dir='ltr'><strong>sine</strong></span> 
     </span>
    </p>
   </div>
   <div class='ocr_carea' id='block_1_105' title="bbox 780 5311 2355 5376">
    <p class='ocr_par' dir='ltr' id='par_1_105' title="bbox 780 5311 2355 5376">
     <span class='ocr_line' id='line_1_105' title="bbox 780 5311 2355 5376; baseline -0.001 -14"><span class='ocrx_word' id='word_1_744' title='bbox 780 5316 918 5365; x_wconf 77' lang='lat' dir='ltr'><strong>mimi</strong></span> <span class='ocrx_word' id='word_1_745' title='bbox 950 5315 1147 5365; x_wconf 70' lang='lat' dir='ltr'><strong>habitus</strong></span> <span class='ocrx_word' id='word_1_746' title='bbox 1189 5315 1491 5371; x_wconf 81' lang='lat' dir='ltr'><strong>munitione.</strong></span> <span class='ocrx_word' id='word_1_747' title='bbox 1521 5328 1636 5363; x_wconf 84' lang='lat' dir='ltr'><strong>cunt</strong></span> <span class='ocrx_word' id='word_1_748' title='bbox 1665 5311 1876 5375; x_wconf 83' lang='lat' dir='ltr'><strong>pellibus</strong></span> <span class='ocrx_word' id='word_1_749' title='bbox 1909 5313 2045 5376; x_wconf 73' lang='lat' dir='ltr'><strong>regio</strong></span> <span class='ocrx_word' id='word_1_750' title='bbox 2080 5311 2237 5374; x_wconf 87' lang='lat' dir='ltr'><strong>pallio</strong></span> <span class='ocrx_word' id='word_1_751' title='bbox 2266 5327 2355 5361; x_wconf 88' lang='lat' dir='ltr'><strong>co-</strong></span> 
     </span>
    </p>
   </div>
   <div class='ocr_carea' id='block_1_106' title="bbox 778 5383 2351 5453">
    <p class='ocr_par' dir='ltr' id='par_1_106' title="bbox 778 5383 2351 5453">
     <span class='ocr_line' id='line_1_106' title="bbox 778 5383 2351 5453; baseline -0.002 -17"><span class='ocrx_word' id='word_1_752' title='bbox 778 5387 987 5453; x_wconf 83' lang='lat' dir='ltr'><strong>opertis,</strong></span> <span class='ocrx_word' id='word_1_753' title='bbox 1041 5395 1084 5434; x_wconf 80' lang='lat' dir='ltr'><strong>et</strong></span> <span class='ocrx_word' id='word_1_754' title='bbox 1123 5400 1238 5436; x_wconf 85' lang='lat' dir='ltr'><strong>cum</strong></span> <span class='ocrx_word' id='word_1_755' title='bbox 1284 5385 1429 5453; x_wconf 80' lang='lat' dir='ltr'><strong>nigro</strong></span> <span class='ocrx_word' id='word_1_756' title='bbox 1482 5384 1694 5434; x_wconf 85' lang='lat' dir='ltr'><strong>altuutio</strong></span> <span class='ocrx_word' id='word_1_757' title='bbox 1745 5399 1899 5448; x_wconf 87' lang='lat' dir='ltr'><strong>usque</strong></span> <span class='ocrx_word' id='word_1_758' title='bbox 1947 5383 2012 5432; x_wconf 81' lang='lat' dir='ltr'><strong>ad</strong></span> <span class='ocrx_word' id='word_1_759' title='bbox 2059 5383 2351 5453; x_wconf 82' lang='lat' dir='ltr'><strong>cisternam.</strong></span> 
     </span>
    </p>
   </div>
   <div class='ocr_carea' id='block_1_107' title="bbox 781 5452 2352 5522">
    <p class='ocr_par' dir='ltr' id='par_1_107' title="bbox 781 5452 2352 5522">
     <span class='ocr_line' id='line_1_107' title="bbox 781 5452 2352 5522; baseline -0.002 -16"><span class='ocrx_word' id='word_1_760' title='bbox 781 5452 922 5506; x_wconf 83' lang='lat' dir='ltr'><strong>Inter</strong></span> <span class='ocrx_word' id='word_1_761' title='bbox 947 5466 1117 5507; x_wconf 78' lang='lat' dir='ltr'><strong>vestes</strong></span> <span class='ocrx_word' id='word_1_762' title='bbox 1151 5457 1319 5522; x_wconf 66' lang='lat' dir='ltr'><strong>l‘rgizts</strong></span> <span class='ocrx_word' id='word_1_763' title='bbox 1342 5452 1558 5520; x_wconf 80' lang='lat' dir='ltr'><strong>ponitur</strong></span> <span class='ocrx_word' id='word_1_764' title='bbox 1580 5453 1886 5506; x_wconf 77' lang='lat' dir='ltr'><strong>arrnilausa.</strong></span> <span class='ocrx_word' id='word_1_765' title='bbox 1917 5454 2007 5505; x_wconf 87' lang='lat' dir='ltr'><strong>Est</strong></span> <span class='ocrx_word' id='word_1_766' title='bbox 2028 5453 2188 5505; x_wconf 81' lang='lat' dir='ltr'><strong>vestis</strong></span> <span class='ocrx_word' id='word_1_767' title='bbox 2213 5452 2352 5503; x_wconf 87' lang='lat' dir='ltr'><strong>mili-</strong></span> 
     </span>
    </p>
   </div>
   <div class='ocr_carea' id='block_1_108' title="bbox 783 5523 2354 5592">
    <p class='ocr_par' dir='ltr' id='par_1_108' title="bbox 783 5523 2354 5592">
     <span class='ocr_line' id='line_1_108' title="bbox 783 5523 2354 5592; baseline -0.001 -16"><span class='ocrx_word' id='word_1_768' title='bbox 783 5526 909 5576; x_wconf 90' lang='lat' dir='ltr'><strong>taris</strong></span> <span class='ocrx_word' id='word_1_769' title='bbox 941 5541 1056 5590; x_wconf 66' lang='lat' dir='ltr'><strong>qtae</strong></span> <span class='ocrx_word' id='word_1_770' title='bbox 1102 5540 1305 5585; x_wconf 86' lang='lat' dir='ltr'><strong>armos,</strong></span> <span class='ocrx_word' id='word_1_771' title='bbox 1350 5527 1394 5575; x_wconf 61' lang='lat' dir='ltr'><strong>iul</strong></span> <span class='ocrx_word' id='word_1_772' title='bbox 1429 5534 1530 5579; x_wconf 73' lang='lat' dir='ltr'><strong>est.</strong></span> <span class='ocrx_word' id='word_1_773' title='bbox 1568 5523 1815 5576; x_wconf 84' lang='lat' dir='ltr'><strong>humeros</strong></span> <span class='ocrx_word' id='word_1_774' title='bbox 1850 5525 1996 5592; x_wconf 74' lang='lat' dir='ltr'><strong>lt&#39;gil,</strong></span> <span class='ocrx_word' id='word_1_775' title='bbox 2031 5532 2084 5575; x_wconf 84' lang='lat' dir='ltr'><strong>et</strong></span> <span class='ocrx_word' id='word_1_776' title='bbox 2128 5524 2354 5588; x_wconf 84' lang='lat' dir='ltr'><strong>pertinet</strong></span> 
     </span>
    </p>
   </div>
   <div class='ocr_carea' id='block_1_109' title="bbox 778 5595 2354 5662">
    <p class='ocr_par' dir='ltr' id='par_1_109' title="bbox 778 5595 2354 5662">
     <span class='ocr_line' id='line_1_109' title="bbox 778 5595 2354 5662; baseline -0.002 -15"><span class='ocrx_word' id='word_1_777' title='bbox 778 5597 846 5647; x_wconf 88' lang='lat' dir='ltr'><strong>ad</strong></span> <span class='ocrx_word' id='word_1_778' title='bbox 875 5610 1064 5662; x_wconf 81' lang='lat' dir='ltr'><strong>genua,</strong></span> <span class='ocrx_word' id='word_1_779' title='bbox 1098 5606 1153 5647; x_wconf 91' lang='lat' dir='ltr'><strong>ut</strong></span> <span class='ocrx_word' id='word_1_780' title='bbox 1190 5597 1259 5648; x_wconf 84' lang='lat' dir='ltr'><strong>sit</strong></span> <span class='ocrx_word' id='word_1_781' title='bbox 1285 5595 1596 5661; x_wconf 67' lang='lat' dir='ltr'><strong>exitialitior.</strong></span> <span class='ocrx_word' id='word_1_782' title='bbox 1629 5595 1854 5655; x_wconf 78' lang='lat' dir='ltr'><strong>Paulin.,</strong></span> <span class='ocrx_word' id='word_1_783' title='bbox 1890 5595 2048 5658; x_wconf 85' lang='lat' dir='ltr'><strong>epist.</strong></span> <span class='ocrx_word' id='word_1_784' title='bbox 2079 5595 2129 5656; x_wconf 87' lang='lat'><strong>7,</strong></span> <span class='ocrx_word' id='word_1_785' title='bbox 2163 5595 2226 5645; x_wconf 86' lang='lat' dir='ltr'><strong>ad</strong></span> <span class='ocrx_word' id='word_1_786' title='bbox 2258 5595 2354 5645; x_wconf 79' lang='lat' dir='ltr'><strong>Se-</strong></span> 
     </span>
    </p>
   </div>
   <div class='ocr_carea' id='block_1_110' title="bbox 783 5666 2352 5736">
    <p class='ocr_par' dir='ltr' id='par_1_110' title="bbox 783 5666 2352 5736">
     <span class='ocr_line' id='line_1_110' title="bbox 783 5666 2352 5736; baseline -0.001 -20"><span class='ocrx_word' id='word_1_787' title='bbox 783 5679 964 5717; x_wconf 71' lang='lat' dir='ltr'><strong>verum</strong></span> <span class='ocrx_word' id='word_1_788' title='bbox 1001 5683 1014 5718; x_wconf 87' lang='lat'><strong>:</strong></span> <span class='ocrx_word' id='word_1_789' title='bbox 1047 5667 1159 5720; x_wconf 84' lang='lat' dir='ltr'><strong>Sibi</strong></span> <span class='ocrx_word' id='word_1_790' title='bbox 1187 5683 1307 5736; x_wconf 86' lang='lat' dir='ltr'><strong>ergo</strong></span> <span class='ocrx_word' id='word_1_791' title='bbox 1358 5666 1443 5717; x_wconf 85' lang='lat' dir='ltr'><strong>ille</strong></span> <span class='ocrx_word' id='word_1_792' title='bbox 1487 5667 1666 5716; x_wconf 66' lang='lat' dir='ltr'><strong>lialzeot</strong></span> <span class='ocrx_word' id='word_1_793' title='bbox 1710 5667 2040 5718; x_wconf 76' lang='lat' dir='ltr'><strong>armilausani</strong></span> <span class='ocrx_word' id='word_1_794' title='bbox 2087 5679 2256 5725; x_wconf 81' lang='lat' dir='ltr'><strong>suam,</strong></span> <span class='ocrx_word' id='word_1_795' title='bbox 2306 5672 2352 5716; x_wconf 86' lang='lat' dir='ltr'><strong>et</strong></span> 
     </span>
    </p>
   </div>
   <div class='ocr_carea' id='block_1_111' title="bbox 778 5736 2349 5805">
    <p class='ocr_par' dir='ltr' id='par_1_111' title="bbox 778 5736 2349 5805">
     <span class='ocr_line' id='line_1_111' title="bbox 778 5736 2349 5805; baseline 0 -19"><span class='ocrx_word' id='word_1_796' title='bbox 778 5748 899 5805; x_wconf 82' lang='lat' dir='ltr'><strong>suas</strong></span> <span class='ocrx_word' id='word_1_797' title='bbox 926 5738 1138 5805; x_wconf 84' lang='lat' dir='ltr'><strong>caligas,</strong></span> <span class='ocrx_word' id='word_1_798' title='bbox 1170 5749 1211 5789; x_wconf 84' lang='lat' dir='ltr'><strong>et</strong></span> <span class='ocrx_word' id='word_1_799' title='bbox 1233 5753 1352 5790; x_wconf 86' lang='lat' dir='ltr'><strong>suas</strong></span> <span class='ocrx_word' id='word_1_800' title='bbox 1383 5736 1586 5790; x_wconf 81' lang='lat' dir='ltr'><strong>buccas.</strong></span> <span class='ocrx_word' id='word_1_801' title='bbox 1623 5738 1763 5790; x_wconf 85' lang='lat' dir='ltr'><strong>Idem</strong></span> <span class='ocrx_word' id='word_1_802' title='bbox 1789 5737 1946 5803; x_wconf 76' lang='lat' dir='ltr'><strong>epist.</strong></span> <span class='ocrx_word' id='word_1_803' title='bbox 1985 5736 2070 5795; x_wconf 79' lang='lat'><strong>1&#39;5.</strong></span> <span class='ocrx_word' id='word_1_804' title='bbox 2105 5737 2166 5787; x_wconf 91' lang='lat' dir='ltr'><strong>ad</strong></span> <span class='ocrx_word' id='word_1_805' title='bbox 2199 5749 2349 5787; x_wconf 81' lang='lat' dir='ltr'><strong>eum-</strong></span> 
     </span>
    </p>
   </div>
   <div class='ocr_carea' id='block_1_112' title="bbox 779 5804 2352 5873">
    <p class='ocr_par' dir='ltr' id='par_1_112' title="bbox 779 5804 2352 5873">
     <span class='ocr_line' id='line_1_112' title="bbox 779 5804 2352 5873; baseline 0.001 -17"><span class='ocrx_word' id='word_1_806' title='bbox 779 5804 897 5856; x_wconf 87' lang='lat' dir='ltr'><strong>dem</strong></span> <span class='ocrx_word' id='word_1_807' title='bbox 935 5825 945 5857; x_wconf 86' lang='lat'><strong>:</strong></span> <span class='ocrx_word' id='word_1_808' title='bbox 976 5804 1100 5860; x_wconf 73' lang='lat' dir='ltr'><strong>cum</strong></span> <span class='ocrx_word' id='word_1_809' title='bbox 1128 5819 1368 5873; x_wconf 85' lang='lat' dir='ltr'><strong>prntcrea</strong></span> <span class='ocrx_word' id='word_1_810' title='bbox 1398 5809 1529 5872; x_wconf 75' lang='lat' dir='ltr'><strong>[acie</strong></span> <span class='ocrx_word' id='word_1_811' title='bbox 1563 5824 1660 5858; x_wconf 83' lang='lat' dir='ltr'><strong>non</strong></span> <span class='ocrx_word' id='word_1_812' title='bbox 1693 5809 1860 5858; x_wconf 82' lang='lat' dir='ltr'><strong>minus</strong></span> <span class='ocrx_word' id='word_1_813' title='bbox 1887 5823 2039 5872; x_wconf 84' lang='lat' dir='ltr'><strong>quam</strong></span> <span class='ocrx_word' id='word_1_814' title='bbox 2072 5806 2352 5858; x_wconf 84' lang='lat' dir='ltr'><strong>armiluusa</strong></span> 
     </span>
    </p>
   </div>
   <div class='ocr_carea' id='block_1_113' title="bbox 781 5875 2347 5946">
    <p class='ocr_par' dir='ltr' id='par_1_113' title="bbox 781 5875 2347 5946">
     <span class='ocr_line' id='line_1_113' title="bbox 781 5875 2347 5946; baseline 0.001 -20"><span class='ocrx_word' id='word_1_815' title='bbox 781 5875 1002 5931; x_wconf 77' lang='lat' dir='ltr'><strong>ruberet.</strong></span> <span class='ocrx_word' id='word_1_816' title='bbox 1052 5879 1364 5933; x_wconf 77' lang='lat' dir='ltr'><strong>Arrnilausa:</strong></span> <span class='ocrx_word' id='word_1_817' title='bbox 1403 5889 1618 5946; x_wconf 78' lang='lat' dir='ltr'><strong>etyinou</strong></span> <span class='ocrx_word' id='word_1_818' title='bbox 1651 5879 1717 5931; x_wconf 87' lang='lat' dir='ltr'><strong>ab</strong></span> <span class='ocrx_word' id='word_1_819' title='bbox 1744 5878 1905 5932; x_wconf 80' lang='lat' dir='ltr'><strong>armis</strong></span> <span class='ocrx_word' id='word_1_820' title='bbox 1936 5878 2103 5946; x_wconf 78' lang='lat' dir='ltr'><strong>signat</strong></span> <span class='ocrx_word' id='word_1_821' title='bbox 2138 5876 2347 5940; x_wconf 66' lang='lat' dir='ltr'><strong>l3id0l‘.,</strong></span> 
     </span>
    </p>
   </div>
   <div class='ocr_carea' id='block_1_114' title="bbox 2478 4600 4052 4670">
    <p class='ocr_par' dir='ltr' id='par_1_114' title="bbox 2478 4600 4052 4670">
     <span class='ocr_line' id='line_1_114' title="bbox 2478 4600 4052 4670; baseline 0.001 -16"><span class='ocrx_word' id='word_1_822' title='bbox 2478 4600 2668 4654; x_wconf 71' lang='grc' dir='ltr'><strong>ὅπλων.</strong></span> <span class='ocrx_word' id='word_1_823' title='bbox 2698 4600 3000 4654; x_wconf 78' lang='lat' dir='ltr'><strong>Artntluustc</strong></span> <span class='ocrx_word' id='word_1_824' title='bbox 3019 4600 3252 4669; x_wconf 73' lang='lat' dir='ltr'><strong>jungitur</strong></span> <span class='ocrx_word' id='word_1_825' title='bbox 3283 4600 3520 4664; x_wconf 77' lang='lat' dir='ltr'><strong>balteum,</strong></span> <span class='ocrx_word' id='word_1_826' title='bbox 3545 4603 3677 4670; x_wconf 88' lang='lat' dir='ltr'><strong>quod</strong></span> <span class='ocrx_word' id='word_1_827' title='bbox 3704 4614 3773 4655; x_wconf 83' lang='lat' dir='ltr'><strong>est</strong></span> <span class='ocrx_word' id='word_1_828' title='bbox 3795 4609 4052 4665; x_wconf 78' lang='lat' dir='ltr'><strong>cinqnlam</strong></span> 
     </span>
    </p>
   </div>
   <div class='ocr_carea' id='block_1_115' title="bbox 2469 4673 4046 4740">
    <p class='ocr_par' dir='ltr' id='par_1_115' title="bbox 2469 4673 4046 4740">
     <span class='ocr_line' id='line_1_115' title="bbox 2469 4673 4046 4740; baseline 0.004 -18"><span class='ocrx_word' id='word_1_829' title='bbox 2469 4673 2710 4724; x_wconf 75' lang='lat' dir='ltr'><strong>militare.</strong></span> <span class='ocrx_word' id='word_1_830' title='bbox 2746 4673 2972 4735; x_wconf 74' lang='lat' dir='ltr'><strong>l’aulin.,</strong></span> <span class='ocrx_word' id='word_1_831' title='bbox 3001 4673 3156 4740; x_wconf 82' lang='lat' dir='ltr'><strong>epist.</strong></span> <span class='ocrx_word' id='word_1_832' title='bbox 3188 4674 3240 4735; x_wconf 86' lang='lat'><strong>7,</strong></span> <span class='ocrx_word' id='word_1_833' title='bbox 3287 4675 3349 4724; x_wconf 88' lang='lat' dir='ltr'><strong>ad</strong></span> <span class='ocrx_word' id='word_1_834' title='bbox 3377 4673 3634 4726; x_wconf 68' lang='lat' dir='ltr'><strong>Severum</strong></span> <span class='ocrx_word' id='word_1_835' title='bbox 3669 4690 3684 4726; x_wconf 85' lang='lat'><strong>:</strong></span> <span class='ocrx_word' id='word_1_836' title='bbox 3720 4673 3828 4727; x_wconf 81' lang='lat' dir='ltr'><strong>Nec</strong></span> <span class='ocrx_word' id='word_1_837' title='bbox 3854 4675 4046 4735; x_wconf 68' lang='lat' dir='ltr'><strong>Balteo,</strong></span> 
     </span>
    </p>
   </div>
   <div class='ocr_carea' id='block_1_116' title="bbox 2467 4742 4050 4813">
    <p class='ocr_par' dir='ltr' id='par_1_116' title="bbox 2467 4742 4050 4813">
     <span class='ocr_line' id='line_1_116' title="bbox 2467 4742 4050 4813; baseline 0 -20"><span class='ocrx_word' id='word_1_838' title='bbox 2467 4744 2557 4793; x_wconf 86' lang='lat' dir='ltr'><strong>sed</strong></span> <span class='ocrx_word' id='word_1_839' title='bbox 2589 4752 2715 4795; x_wconf 86' lang='lat' dir='ltr'><strong>reste</strong></span> <span class='ocrx_word' id='word_1_840' title='bbox 2756 4745 3019 4796; x_wconf 85' lang='lat' dir='ltr'><strong>succincti.</strong></span> <span class='ocrx_word' id='word_1_841' title='bbox 3078 4742 3314 4813; x_wconf 83' lang='lat' dir='ltr'><strong>Balteum</strong></span> <span class='ocrx_word' id='word_1_842' title='bbox 3355 4745 3640 4813; x_wconf 76' lang='lat' dir='ltr'><strong>oblationis</strong></span> <span class='ocrx_word' id='word_1_843' title='bbox 3690 4759 3845 4797; x_wconf 73' lang='lat' dir='ltr'><strong>cau~a</strong></span> <span class='ocrx_word' id='word_1_844' title='bbox 3897 4762 4050 4813; x_wconf 66' lang='lat' dir='ltr'><strong>super</strong></span> 
     </span>
    </p>
   </div>
   <div class='ocr_carea' id='block_1_117' title="bbox 2467 4811 4046 4880">
    <p class='ocr_par' dir='ltr' id='par_1_117' title="bbox 2467 4811 4046 4880">
     <span class='ocr_line' id='line_1_117' title="bbox 2467 4811 4046 4880; baseline 0.004 -18"><span class='ocrx_word' id='word_1_845' title='bbox 2467 4816 2637 4867; x_wconf 85' lang='lat' dir='ltr'><strong>altare</strong></span> <span class='ocrx_word' id='word_1_846' title='bbox 2695 4813 2889 4875; x_wconf 87' lang='lat' dir='ltr'><strong>deponi</strong></span> <span class='ocrx_word' id='word_1_847' title='bbox 2936 4813 3102 4866; x_wconf 82' lang='lat' dir='ltr'><strong>moris</strong></span> <span class='ocrx_word' id='word_1_848' title='bbox 3127 4812 3330 4879; x_wconf 86' lang='lat' dir='ltr'><strong>antiqui</strong></span> <span class='ocrx_word' id='word_1_849' title='bbox 3364 4811 3478 4866; x_wconf 76' lang='lat' dir='ltr'><strong>fuit.</strong></span> <span class='ocrx_word' id='word_1_850' title='bbox 3530 4813 3749 4880; x_wconf 76' lang='lat' dir='ltr'><strong>Gregor.</strong></span> <span class='ocrx_word' id='word_1_851' title='bbox 3785 4816 3939 4877; x_wconf 86' lang='lat' dir='ltr'><strong>Tur.,</strong></span> <span class='ocrx_word' id='word_1_852' title='bbox 3970 4811 4046 4868; x_wconf 42' lang='lat' dir='ltr'><strong>&#39;de</strong></span> 
     </span>
    </p>
   </div>
   <div class='ocr_carea' id='block_1_118' title="bbox 2467 4881 4048 4954">
    <p class='ocr_par' dir='ltr' id='par_1_118' title="bbox 2467 4881 4048 4954">
     <span class='ocr_line' id='line_1_118' title="bbox 2467 4881 4048 4954; baseline 0.001 -19"><span class='ocrx_word' id='word_1_853' title='bbox 2467 4881 2653 4938; x_wconf 84' lang='lat' dir='ltr'><strong>Mirac.</strong></span> <span class='ocrx_word' id='word_1_854' title='bbox 2687 4895 2934 4954; x_wconf 72' lang='lat' dir='ltr'><strong>martyr..</strong></span> <span class='ocrx_word' id='word_1_855' title='bbox 2971 4885 3062 4937; x_wconf 87' lang='lat' dir='ltr'><strong>lib.</strong></span> <span class='ocrx_word' id='word_1_856' title='bbox 3096 4898 3132 4941; x_wconf 89' lang='lat' dir='ltr'><strong>t.</strong></span> <span class='ocrx_word' id='word_1_857' title='bbox 3181 4898 3301 4952; x_wconf 62' lang='lat' dir='ltr'><strong>cap.</strong></span> <span class='ocrx_word' id='word_1_858' title='bbox 3332 4881 3390 4936; x_wconf 84' lang='lat'><strong>6|</strong></span> <span class='ocrx_word' id='word_1_859' title='bbox 3435 4901 3446 4934; x_wconf 87' lang='lat'><strong>:</strong></span> <span class='ocrx_word' id='word_1_860' title='bbox 3480 4882 3644 4952; x_wconf 86' lang='lat' dir='ltr'><strong>Igitur</strong></span> <span class='ocrx_word' id='word_1_861' title='bbox 3685 4887 3906 4954; x_wconf 87' lang='lat' dir='ltr'><strong>quodam</strong></span> <span class='ocrx_word' id='word_1_862' title='bbox 3936 4900 4048 4940; x_wconf 76' lang='lat' dir='ltr'><strong>tem-</strong></span> 
     </span>
    </p>
   </div>
   <div class='ocr_carea' id='block_1_119' title="bbox 2467 4953 4045 5021">
    <p class='ocr_par' dir='ltr' id='par_1_119' title="bbox 2467 4953 4045 5021">
     <span class='ocr_line' id='line_1_119' title="bbox 2467 4953 4045 5021; baseline 0 -15"><span class='ocrx_word' id='word_1_863' title='bbox 2467 4970 2587 5020; x_wconf 89' lang='lat' dir='ltr'><strong>pore</strong></span> <span class='ocrx_word' id='word_1_864' title='bbox 2637 4954 2788 5007; x_wconf 75' lang='lat' dir='ltr'><strong>[tanto</strong></span> <span class='ocrx_word' id='word_1_865' title='bbox 2821 4953 3030 5006; x_wconf 85' lang='lat' dir='ltr'><strong>devotus</strong></span> <span class='ocrx_word' id='word_1_866' title='bbox 3073 4953 3295 5006; x_wconf 78' lang='lat' dir='ltr'><strong>balteum</strong></span> <span class='ocrx_word' id='word_1_867' title='bbox 3328 4970 3391 5008; x_wconf 76' lang='lat' dir='ltr'><strong>ea:</strong></span> <span class='ocrx_word' id='word_1_868' title='bbox 3437 4972 3563 5007; x_wconf 89' lang='lat' dir='ltr'><strong>auro</strong></span> <span class='ocrx_word' id='word_1_869' title='bbox 3615 4953 3890 5021; x_wconf 79' lang='lat' dir='ltr'><strong>purissimo</strong></span> <span class='ocrx_word' id='word_1_870' title='bbox 3940 4975 4045 5008; x_wconf 63' lang='lat' dir='ltr'><strong>cura:</strong></span> 
     </span>
    </p>
   </div>
   <div class='ocr_carea' id='block_1_120' title="bbox 2467 5024 4048 5095">
    <p class='ocr_par' dir='ltr' id='par_1_120' title="bbox 2467 5024 4048 5095">
     <span class='ocr_line' id='line_1_120' title="bbox 2467 5024 4048 5095; baseline 0.001 -20"><span class='ocrx_word' id='word_1_871' title='bbox 2467 5026 2603 5078; x_wconf 89' lang='lat' dir='ltr'><strong>omni</strong></span> <span class='ocrx_word' id='word_1_872' title='bbox 2634 5037 2887 5094; x_wconf 80' lang='lat' dir='ltr'><strong>apparatu</strong></span> <span class='ocrx_word' id='word_1_873' title='bbox 2937 5024 3308 5077; x_wconf 72' lang='lat' dir='ltr'><strong>studiosissime</strong></span> <span class='ocrx_word' id='word_1_874' title='bbox 3361 5025 3666 5091; x_wconf 79' lang='lat' dir='ltr'><strong>fabricatum</strong></span> <span class='ocrx_word' id='word_1_875' title='bbox 3701 5044 3850 5095; x_wconf 83' lang='lat' dir='ltr'><strong>super</strong></span> <span class='ocrx_word' id='word_1_876' title='bbox 3892 5029 4048 5080; x_wconf 59' lang='lat' dir='ltr'><strong>altare</strong></span> 
     </span>
    </p>
   </div>
   <div class='ocr_carea' id='block_1_121' title="bbox 2464 5095 4045 5164">
    <p class='ocr_par' dir='ltr' id='par_1_121' title="bbox 2464 5095 4045 5164">
     <span class='ocr_line' id='line_1_121' title="bbox 2464 5095 4045 5164; baseline 0.002 -19"><span class='ocrx_word' id='word_1_877' title='bbox 2464 5095 2686 5148; x_wconf 75' lang='lat' dir='ltr'><strong>basilica:</strong></span> <span class='ocrx_word' id='word_1_878' title='bbox 2717 5097 2855 5148; x_wconf 82' lang='lat' dir='ltr'><strong>illius</strong></span> <span class='ocrx_word' id='word_1_879' title='bbox 2895 5097 3087 5163; x_wconf 79' lang='lat' dir='ltr'><strong>posuit,</strong></span> <span class='ocrx_word' id='word_1_880' title='bbox 3131 5111 3283 5149; x_wconf 80' lang='lat' dir='ltr'><strong>orans</strong></span> <span class='ocrx_word' id='word_1_881' title='bbox 3313 5105 3366 5146; x_wconf 89' lang='lat' dir='ltr'><strong>ut</strong></span> <span class='ocrx_word' id='word_1_882' title='bbox 3407 5096 3460 5146; x_wconf 87' lang='lat' dir='ltr'><strong>in</strong></span> <span class='ocrx_word' id='word_1_883' title='bbox 3491 5097 3653 5148; x_wconf 81' lang='lat' dir='ltr'><strong>causis</strong></span> <span class='ocrx_word' id='word_1_884' title='bbox 3683 5099 3784 5149; x_wconf 72' lang='lat' dir='ltr'><strong>suis</strong></span> <span class='ocrx_word' id='word_1_885' title='bbox 3815 5111 4045 5164; x_wconf 58' lang='lat' dir='ltr'><strong>martyris</strong></span> 
     </span>
    </p>
   </div>
   <div class='ocr_carea' id='block_1_122' title="bbox 2462 5167 4047 5233">
    <p class='ocr_par' dir='ltr' id='par_1_122' title="bbox 2462 5167 4047 5233">
     <span class='ocr_line' id='line_1_122' title="bbox 2462 5167 4047 5233; baseline 0.002 -18"><span class='ocrx_word' id='word_1_886' title='bbox 2462 5170 2616 5218; x_wconf 63' lang='lat' dir='ltr'><strong>virtus</strong></span> <span class='ocrx_word' id='word_1_887' title='bbox 2647 5167 2946 5232; x_wconf 85' lang='lat' dir='ltr'><strong>diqnaretur</strong></span> <span class='ocrx_word' id='word_1_888' title='bbox 2989 5168 3184 5218; x_wconf 81' lang='lat' dir='ltr'><strong>adesse.</strong></span> <span class='ocrx_word' id='word_1_889' title='bbox 3215 5168 3298 5218; x_wconf 82' lang='lat' dir='ltr'><strong>Ait</strong></span> <span class='ocrx_word' id='word_1_890' title='bbox 3335 5180 3545 5218; x_wconf 58' lang='lat' dir='ltr'><strong>cruci&#39;m</strong></span> <span class='ocrx_word' id='word_1_891' title='bbox 3576 5179 3898 5233; x_wconf 75' lang='lat' dir='ltr'><strong>argonteun.</strong></span> <span class='ocrx_word' id='word_1_892' title='bbox 3952 5172 4047 5222; x_wconf 82' lang='lat' dir='ltr'><strong>lm-</strong></span> 
     </span>
    </p>
   </div>
   <div class='ocr_carea' id='block_1_123' title="bbox 2464 5236 4047 5302">
    <p class='ocr_par' dir='ltr' id='par_1_123' title="bbox 2464 5236 4047 5302">
     <span class='ocr_line' id='line_1_123' title="bbox 2464 5236 4047 5302; baseline 0 -14"><span class='ocrx_word' id='word_1_893' title='bbox 2464 5247 2738 5302; x_wconf 80' lang='lat' dir='ltr'><strong>peralores</strong></span> <span class='ocrx_word' id='word_1_894' title='bbox 2794 5253 3004 5294; x_wconf 86' lang='lat' dir='ltr'><strong>erucem</strong></span> <span class='ocrx_word' id='word_1_895' title='bbox 3064 5253 3278 5289; x_wconf 88' lang='lat' dir='ltr'><strong>auream</strong></span> <span class='ocrx_word' id='word_1_896' title='bbox 3330 5236 3380 5288; x_wconf 90' lang='lat' dir='ltr'><strong>in</strong></span> <span class='ocrx_word' id='word_1_897' title='bbox 3428 5237 3565 5290; x_wconf 89' lang='lat' dir='ltr'><strong>collo</strong></span> <span class='ocrx_word' id='word_1_898' title='bbox 3613 5242 3913 5298; x_wconf 72' lang='lat' dir='ltr'><strong>gestabant.</strong></span> <span class='ocrx_word' id='word_1_899' title='bbox 3981 5240 4047 5290; x_wconf 71' lang='lat' dir='ltr'><strong>lle</strong></span> 
     </span>
    </p>
   </div>
   <div class='ocr_carea' id='block_1_124' title="bbox 2461 5306 4043 5370">
    <p class='ocr_par' dir='ltr' id='par_1_124' title="bbox 2461 5306 4043 5370">
     <span class='ocr_line' id='line_1_124' title="bbox 2461 5306 4043 5370; baseline 0.001 -11"><span class='ocrx_word' id='word_1_900' title='bbox 2461 5308 2652 5361; x_wconf 67' lang='lat' dir='ltr'><strong>Carolo</strong></span> <span class='ocrx_word' id='word_1_901' title='bbox 2676 5307 2746 5360; x_wconf 87' lang='grc' dir='ltr'><strong>Μ.</strong></span> <span class='ocrx_word' id='word_1_902' title='bbox 2773 5318 2997 5360; x_wconf 74' lang='lat' dir='ltr'><strong>tesratnr</strong></span> <span class='ocrx_word' id='word_1_903' title='bbox 3021 5307 3308 5370; x_wconf 84' lang='lat' dir='ltr'><strong>Ditinarus,</strong></span> <span class='ocrx_word' id='word_1_904' title='bbox 3336 5307 3428 5360; x_wconf 90' lang='lat' dir='ltr'><strong>lib.</strong></span> <span class='ocrx_word' id='word_1_905' title='bbox 3457 5321 3511 5359; x_wconf 83' lang='lat' dir='ltr'><strong>tv</strong></span> <span class='ocrx_word' id='word_1_906' title='bbox 3544 5324 3557 5359; x_wconf 89' lang='lat'><strong>:</strong></span> <span class='ocrx_word' id='word_1_907' title='bbox 3589 5306 3802 5360; x_wconf 82' lang='lat' dir='ltr'><strong>Crucem</strong></span> <span class='ocrx_word' id='word_1_908' title='bbox 3826 5326 4043 5364; x_wconf 77' lang='lat' dir='ltr'><strong>atttmm.</strong></span> 
     </span>
    </p>
   </div>
   <div class='ocr_carea' id='block_1_125' title="bbox 2459 5377 4054 5448">
    <p class='ocr_par' dir='ltr' id='par_1_125' title="bbox 2459 5377 4054 5448">
     <span class='ocr_line' id='line_1_125' title="bbox 2459 5377 4054 5448; baseline -0.001 -20"><span class='ocrx_word' id='word_1_909' title='bbox 2459 5394 2571 5446; x_wconf 69' lang='lat' dir='ltr'><strong>quae</strong></span> <span class='ocrx_word' id='word_1_910' title='bbox 2590 5379 2642 5431; x_wconf 91' lang='lat' dir='ltr'><strong>in</strong></span> <span class='ocrx_word' id='word_1_911' title='bbox 2663 5380 2794 5432; x_wconf 88' lang='lat' dir='ltr'><strong>collo</strong></span> <span class='ocrx_word' id='word_1_912' title='bbox 2819 5382 2928 5445; x_wconf 79' lang='lat' dir='ltr'><strong>ejus</strong></span> <span class='ocrx_word' id='word_1_913' title='bbox 2943 5379 3198 5448; x_wconf 77' lang='lat' dir='ltr'><strong>pependit,</strong></span> <span class='ocrx_word' id='word_1_914' title='bbox 3215 5394 3328 5430; x_wconf 89' lang='lat' dir='ltr'><strong>cum</strong></span> <span class='ocrx_word' id='word_1_915' title='bbox 3356 5379 3761 5431; x_wconf 65' lang='lat' dir='ltr'><strong>vestimentorum</strong></span> <span class='ocrx_word' id='word_1_916' title='bbox 3779 5395 3943 5445; x_wconf 79' lang='lat' dir='ltr'><strong>parte,</strong></span> <span class='ocrx_word' id='word_1_917' title='bbox 3968 5377 4054 5429; x_wconf 77' lang='lat' dir='ltr'><strong>ad-</strong></span> 
     </span>
    </p>
   </div>
   <div class='ocr_carea' id='block_1_126' title="bbox 2458 5450 4050 5520">
    <p class='ocr_par' dir='ltr' id='par_1_126' title="bbox 2458 5450 4050 5520">
     <span class='ocr_line' id='line_1_126' title="bbox 2458 5450 4050 5520; baseline -0.001 -21"><span class='ocrx_word' id='word_1_918' title='bbox 2458 5450 2556 5500; x_wconf 78' lang='lat' dir='ltr'><strong>liuc</strong></span> <span class='ocrx_word' id='word_1_919' title='bbox 2571 5450 3190 5516; x_wconf 77' lang='lat' dir='ltr'><strong>imputribiltumsumens,</strong></span> <span class='ocrx_word' id='word_1_920' title='bbox 3211 5462 3389 5502; x_wconf 70' lang='lat' dir='ltr'><strong>cratera</strong></span> <span class='ocrx_word' id='word_1_921' title='bbox 3409 5464 3521 5502; x_wconf 85' lang='lat' dir='ltr'><strong>cum</strong></span> <span class='ocrx_word' id='word_1_922' title='bbox 3544 5463 3858 5504; x_wconf 60' lang='lat' dir='ltr'><strong>ueneratione</strong></span> <span class='ocrx_word' id='word_1_923' title='bbox 3873 5469 4050 5520; x_wconf 57' lang='lat' dir='ltr'><strong>&quot;ﬂight;</strong></span> 
     </span>
    </p>
   </div>
   <div class='ocr_carea' id='block_1_127' title="bbox 2457 5522 3076 5588">
    <p class='ocr_par' dir='ltr' id='par_1_127' title="bbox 2457 5522 3076 5588">
     <span class='ocr_line' id='line_1_127' title="bbox 2457 5522 3076 5588; baseline 0 -16"><span class='ocrx_word' id='word_1_924' title='bbox 2457 5522 2702 5588; x_wconf 72' lang='lat' dir='ltr'><strong>reposuit.</strong></span> <span class='ocrx_word' id='word_1_925' title='bbox 2738 5524 3076 5575; x_wconf 62' lang='lat' dir='ltr'><strong>Amasenus.</strong></span> 
     </span>
    </p>
   </div>
   <div class='ocr_carea' id='block_1_128' title="bbox 2543 5589 4052 5659">
    <p class='ocr_par' dir='ltr' id='par_1_128' title="bbox 2543 5589 4052 5659">
     <span class='ocr_line' id='line_1_128' title="bbox 2543 5589 4052 5659; baseline -0.002 -16"><span class='ocrx_word' id='word_1_926' title='bbox 2543 5589 2568 5627; x_wconf 66' lang='grc' dir='ltr'>δ</span> <span class='ocrx_word' id='word_1_927' title='bbox 2593 5591 2821 5644; x_wconf 81' lang='lat' dir='ltr'><strong>Tiberius</strong></span> <span class='ocrx_word' id='word_1_928' title='bbox 2853 5594 3075 5644; x_wconf 83' lang='lat' dir='ltr'><strong>nomine.</strong></span> <span class='ocrx_word' id='word_1_929' title='bbox 3108 5589 3164 5645; x_wconf 88' lang='lat' dir='ltr'><strong>Si</strong></span> <span class='ocrx_word' id='word_1_930' title='bbox 3197 5605 3317 5644; x_wconf 66' lang='lat' dir='ltr'><strong>vera</strong></span> <span class='ocrx_word' id='word_1_931' title='bbox 3365 5591 3537 5659; x_wconf 84' lang='lat' dir='ltr'><strong>prodit</strong></span> <span class='ocrx_word' id='word_1_932' title='bbox 3585 5593 3924 5650; x_wconf 80' lang='lat' dir='ltr'><strong>Anastasius.</strong></span> <span class='ocrx_word' id='word_1_933' title='bbox 3956 5596 4052 5644; x_wconf 74' lang='lat' dir='ltr'><strong>duo</strong></span> 
     </span>
    </p>
   </div>
   <div class='ocr_carea' id='block_1_129' title="bbox 2458 5661 4050 5732">
    <p class='ocr_par' dir='ltr' id='par_1_129' title="bbox 2458 5661 4050 5732">
     <span class='ocr_line' id='line_1_129' title="bbox 2458 5661 4050 5732; baseline -0.001 -17"><span class='ocrx_word' id='word_1_934' title='bbox 2458 5663 2666 5732; x_wconf 84' lang='lat' dir='ltr'><strong>tyranni</strong></span> <span class='ocrx_word' id='word_1_935' title='bbox 2711 5672 2834 5717; x_wconf 83' lang='lat' dir='ltr'><strong>sunt</strong></span> <span class='ocrx_word' id='word_1_936' title='bbox 2863 5662 3219 5731; x_wconf 83' lang='lat' dir='ltr'><strong>distinguendi</strong></span> <span class='ocrx_word' id='word_1_937' title='bbox 3253 5680 3265 5714; x_wconf 88' lang='lat'><strong>:</strong></span> <span class='ocrx_word' id='word_1_938' title='bbox 3294 5677 3428 5732; x_wconf 88' lang='lat' dir='ltr'><strong>unus</strong></span> <span class='ocrx_word' id='word_1_939' title='bbox 3458 5661 3548 5731; x_wconf 88' lang='lat' dir='ltr'><strong>qui</strong></span> <span class='ocrx_word' id='word_1_940' title='bbox 3595 5663 3700 5716; x_wconf 86' lang='lat' dir='ltr'><strong>sub</strong></span> <span class='ocrx_word' id='word_1_941' title='bbox 3726 5664 3930 5717; x_wconf 86' lang='lat' dir='ltr'><strong>initium</strong></span> <span class='ocrx_word' id='word_1_942' title='bbox 3963 5665 4050 5715; x_wconf 88' lang='lat' dir='ltr'><strong>im-</strong></span> 
     </span>
    </p>
   </div>
   <div class='ocr_carea' id='block_1_130' title="bbox 2458 5731 4053 5802">
    <p class='ocr_par' dir='ltr' id='par_1_130' title="bbox 2458 5731 4053 5802">
     <span class='ocr_line' id='line_1_130' title="bbox 2458 5731 4053 5802; baseline -0.001 -16"><span class='ocrx_word' id='word_1_943' title='bbox 2458 5731 2588 5801; x_wconf 87' lang='lat' dir='ltr'><strong>perii</strong></span> <span class='ocrx_word' id='word_1_944' title='bbox 2626 5731 2820 5786; x_wconf 77' lang='lat' dir='ltr'><strong>Leonis</strong></span> <span class='ocrx_word' id='word_1_945' title='bbox 2871 5734 3151 5800; x_wconf 81' lang='lat' dir='ltr'><strong>occupavit</strong></span> <span class='ocrx_word' id='word_1_946' title='bbox 3181 5734 3231 5786; x_wconf 90' lang='lat' dir='ltr'><strong>in</strong></span> <span class='ocrx_word' id='word_1_947' title='bbox 3264 5731 3444 5788; x_wconf 88' lang='lat' dir='ltr'><strong>Sicilia</strong></span> <span class='ocrx_word' id='word_1_948' title='bbox 3497 5735 3871 5802; x_wconf 82' lang='lat' dir='ltr'><strong>tyrannidem;</strong></span> <span class='ocrx_word' id='word_1_949' title='bbox 3926 5739 4053 5788; x_wconf 79' lang='lat' dir='ltr'><strong>alter</strong></span> 
     </span>
    </p>
   </div>
   <div class='ocr_carea' id='block_1_131' title="bbox 2455 5804 4058 5874">
    <p class='ocr_par' dir='ltr' id='par_1_131' title="bbox 2455 5804 4058 5874">
     <span class='ocr_line' id='line_1_131' title="bbox 2455 5804 4058 5874; baseline -0.001 -18"><span class='ocrx_word' id='word_1_950' title='bbox 2455 5805 2543 5872; x_wconf 88' lang='lat' dir='ltr'><strong>qui</strong></span> <span class='ocrx_word' id='word_1_951' title='bbox 2578 5806 2719 5857; x_wconf 75' lang='lat' dir='ltr'><strong>circa</strong></span> <span class='ocrx_word' id='word_1_952' title='bbox 2750 5820 2876 5858; x_wconf 88' lang='lat' dir='ltr'><strong>ann.</strong></span> <span class='ocrx_word' id='word_1_953' title='bbox 2912 5804 3038 5862; x_wconf 74' lang='lat'><strong>7:28.</strong></span> <span class='ocrx_word' id='word_1_954' title='bbox 3073 5814 3162 5859; x_wconf 89' lang='lat' dir='ltr'><strong>aut</strong></span> <span class='ocrx_word' id='word_1_955' title='bbox 3203 5805 3296 5868; x_wconf 69' lang='grc' dir='ltr'><strong>εὶς).</strong></span> <span class='ocrx_word' id='word_1_956' title='bbox 3355 5820 3413 5857; x_wconf 87' lang='lat' dir='ltr'><strong>se</strong></span> <span class='ocrx_word' id='word_1_957' title='bbox 3447 5804 3498 5858; x_wconf 92' lang='lat' dir='ltr'><strong>iu</strong></span> <span class='ocrx_word' id='word_1_958' title='bbox 3531 5804 3724 5858; x_wconf 83' lang='lat' dir='ltr'><strong>Tuscia</strong></span> <span class='ocrx_word' id='word_1_959' title='bbox 3776 5807 4058 5874; x_wconf 61' lang='lat' dir='ltr'><strong>imperatu.</strong></span> 
     </span>
    </p>
   </div>
   <div class='ocr_carea' id='block_1_132' title="bbox 2459 5873 4056 5948">
    <p class='ocr_par' dir='ltr' id='par_1_132' title="bbox 2459 5873 4056 5948">
     <span class='ocr_line' id='line_1_132' title="bbox 2459 5873 4056 5948; baseline 0.001 -19"><span class='ocrx_word' id='word_1_960' title='bbox 2459 5890 2568 5930; x_wconf 60' lang='lat' dir='ltr'><strong>rcm</strong></span> <span class='ocrx_word' id='word_1_961' title='bbox 2602 5877 2745 5942; x_wconf 77' lang='lat' dir='ltr'><strong>fecit,</strong></span> <span class='ocrx_word' id='word_1_962' title='bbox 2779 5877 2949 5944; x_wconf 87' lang='lat' dir='ltr'><strong>quiet</strong></span> <span class='ocrx_word' id='word_1_963' title='bbox 2993 5875 3240 5931; x_wconf 75' lang='lat' dir='ltr'><strong>Tiberius</strong></span> <span class='ocrx_word' id='word_1_964' title='bbox 3268 5875 3572 5931; x_wconf 78' lang='lat' dir='ltr'><strong>vocabatur.</strong></span> <span class='ocrx_word' id='word_1_965' title='bbox 3612 5873 3689 5933; x_wconf 87' lang='lat' dir='ltr'><strong>De</strong></span> <span class='ocrx_word' id='word_1_966' title='bbox 3735 5873 3910 5948; x_wconf 83' lang='lat' dir='ltr'><strong>primo</strong></span> <span class='ocrx_word' id='word_1_967' title='bbox 3958 5878 4056 5946; x_wconf 61' lang='lat' dir='ltr'><strong>agit</strong></span> 
     </span>
    </p>
   </div>
  </div>
