4168 6530
712 411 813 467 άῖιξ

1978 398 2033 449 S.
2078 392 2399 449 GlilitiUl’tll
2444 390 2640 446 l'Al'rl‘l
2683 389 2721 441 ll

3878 378 3972 433 ιθδ

713 523 887 573 e'i-siai
950 513 1200 569 lt'oznanu:
1250 513 1504 566 scrinium
1567 518 1925 576 perscrutatus
1950 547 1964 570 ,
2026 505 2288 574 Epistulas
2320 511 2368 567 Α
2393 502 2911 574 episcopo,Georgiu
2937 499 3246 569 preslijturo
3270 506 3323 553 et
3354 498 3623 550 littt'ollacu
3646 493 3967 548 subdiacouo

713 611 951 675 Gregorii
978 612 991 662 I
1017 610 1349 672 aliorumque
1374 605 1679 669 pontiiicum
1708 602 1757 653 in
1786 599 2029 666 Angliam
2056 597 2293 649 historice

715 702 1025 755 inseri-udas
1073 697 1306 766 pertulit.
1355 695 1455 748 Per
1509 707 1747 745 errorem
1802 690 1886 742 hic
1933 689 2219 755 Gregorius
2262 705 2288 737 ιι

717 795 943 858 Grauis,
980 804 1035 845 ut
1059 809 1087 843 ιι
1114 790 1374 851 chreno,
1399 798 1446 841 et
1482 788 1532 839 in
1568 788 1912 851 inscriptione
1941 783 2290 849 epistularum

711 886 933 936 ιίιιςιιιιιιι
987 880 1051 933 ail
1102 880 1330 934 Leonem
1385 876 1621 930 lsam-um
1674 890 1768 940 pro
1822 873 1963 924 cultu
2007 871 2293 937 imaginum

712 978 884 1035 datas,
916 971 1054 1041 apud
1084 969 1367 1024 liaronium
1393 966 1458 1020 ad
1491 980 1687 1018 annum
1713 963 1839 1025 7:26,
1874 979 2021 1015 num.
2056 961 2125 1012 ‘37
2150 974 2292 1025 seq.,

714 1064 991 1130 Gregorius
1024 1062 1271 1130 Dialogus
1294 1058 1634 1127 appellatur,
1668 1054 1806 1123 quod
1838 1051 2094 1120 Gregorio
2128 1051 2298 1117 primo

713 1154 990 1221 «τυιιψθιὶι,
1021 1153 1177 1219 eique
1205 1149 1456 1203 tributum
1479 1156 1560 1200 est
1584 1159 1879 1215 Cogumtt'n
1905 1151 2119 1209 propter
2147 1156 2295 1193 cotu-

716 1258 946 1309 positum
977 1245 1044 1298 ab
1072 1260 1135 1298 eo
1166 1242 1501 1295 notissimum
1547 1239 1694 1293 illum
1739 1237 1805 1290 de
1835 1250 1941 1301 quo
1985 1249 2145 1303 supra
2181 1249 2295 1299 pag.

717 1346 782 1390 ut
808 1340 1097 1405 dialogum,
1122 1335 1261 1389 sicut
1288 1334 1520 1386 Joannes
1543 1330 1747 1383 Glimax
1781 1345 1810 1382 a
1839 1326 2046 1381 Graecis
2076 1340 2299 1379 consue-

720 1432 791 1482 ιιι
822 1427 1183 1495 cognominari
1222 1435 1435 1493 propter
1468 1422 1657 1475 librum
1691 1422 1774 1475 cui
1809 1418 1988 1472 titulus
2022 1417 2105 1470 ltic
2132 1417 2198 1467 ali
2239 1432 2303 1466 eo

721 1521 998 1585 impositus
1026 1519 1122 1573 fuit
1149 1517 1380 1580 Glimav,
1408 1516 1521 1568 sive
1560 1513 1714 1568 Seala
1742 1510 1997 1578 paradisi.
2045 1508 2304 1576 Epistolas

722 1614 839 1663 illas
879 1612 946 1662 ad
979 1609 1198 1662 Leonem
1235 1609 1365 1661 duas
1395 1606 1581 1660 Graece
1611 1615 1663 1658 et
1694 1603 1881 1656 Latine
1912 1612 2109 1670 praeter
2146 1602 2306 1652 Baro-

724 1705 867 1755 ninm
919 1702 1179 1756 exhibent
1220 1699 1401 1752 ltiuius
1451 1706 1503 1750 et
1549 1695 1640 1749 alii
1693 1693 2047 1747 conciliorum
2076 1689 2308 1744 editores

723 1805 849 1848 ante
878 1805 992 1846 acta
1018 1790 1206 1863 synodi
1236 1788 1481 1858 septima:
1503 1802 1517 1851 ;
1542 1797 1597 1841 et
1626 1787 1678 1840 in
1710 1786 1923 1839 actione
1953 1791 2141 1851 quarta
2165 1781 2307 1848 ejus-

2396 595 2652 663 ablugttis
2681 594 2730 647 in
2765 590 3061 659 Bojoariam
3090 591 3155 643 ad
3191 590 3476 643 tisitantlas
3520 587 3807 642 Ecclesiss.
3858 585 3968 638 Non

2396 687 2588 738 desunt
2618 684 2706 752 qui
2739 683 2945 751 aliquas
2987 696 3052 735 ex
3099 682 3183 733 bis
3209 683 3452 747 epistolis
3485 682 3720 733 referunt
3750 679 3812 728 ad
3840 677 3968 729 Gre-

2398 777 2603 845 gorium
2639 773 2703 826 Ill
2727 816 2740 838 ,
2773 773 2838 826 de
2862 788 2967 839 quo
3009 786 3131 823 mox
3159 811 3172 834 ,
3205 772 3343 823 sicut
3370 780 3422 824 et
3448 769 3717 837 epistolam
3760 766 3828 817 ad
3867 765 3967 816 Au-

2397 868 2699 920 strobertum
2720 864 3179 931 archiepiscognuu
3208 863 3583 923 Viennensem,
3612 875 3768 928 quam
3798 859 3966 910 Ludu-

2400 960 2546 1012 vieus
2589 957 2817 1011 lacubus
2860 970 2979 1024 pag.
3020 953 3088 1007 89
3136 955 3336 1007 notavit
3381 954 3643 1020 vulgatam
3697 966 3724 1001 ει
3770 948 3970 1001 ,ιοιιιιιιιε

2399 1068 2427 1104 a
2464 1053 2632 1106 Uusco
2653 1051 2703 1103 in
2736 1048 3055 1102 bibliotheca
3086 1045 3413 1101 Floriaceusi
3438 1085 3453 1107 ,
3481 1053 3533 1097 cl
3563 1059 3591 1096 a
3614 1042 3819 1097 Joanne
3851 1041 3925 1094 Lit
3945 1067 3968 1078 -

2400 1162 2544 1200 γι·ωο
2574 1145 2624 1197 in
2657 1142 3071 1210 Antiquitatibus
3117 1139 3539 1199 Viennensibus,
3574 1151 3690 1203 pag.
3725 1135 3846 1188 181.
3886 1133 3970 1187 Si-

2403 1235 2599 1290 militer
2621 1231 2883 1302 liturgiam
2912 1231 3025 1284 sive
3055 1229 3261 1282 utissaut
3289 1270 3303 1291 ,
3333 1243 3490 1296 quam
3522 1226 3657 1278 inter
3683 1222 3925 1291 Gregorii
3956 1221 3970 1273 Ι

2402 1323 2692 1380 memoravi
2724 1322 2944 1389 scripta,
2977 1318 3237 1387 Gregorio
3272 1318 3312 1371 Il
3344 1316 3579 1370 tribuere
3614 1315 3703 1368 alii
3745 1331 3849 1367 non
3880 1314 3975 1365 du-

2407 1414 2608 1483 bitant,
2646 1426 2702 1471 ut
2742 1412 3210 1486 praestantiSsimus
3236 1408 3439 1465 Gaveus
3470 1411 3567 1479 (a).
3605 1407 3975 1472 Responsiones

2408 1508 2685 1577 Gregorii,
2717 1506 2910 1575 quibus
2935 1500 3221 1557 .lustiuiani
3256 1502 3383 1568 imp.
3414 1498 3730 1567 quaestiones
3768 1496 3835 1549 de
3865 1496 3978 1562 qni-

2407 1602 2627 1657 busdam
2659 1597 2905 1665 capitulis
2930 1594 3156 1647 traditur
3193 1592 3501 1645 dissolvisse
3522 1631 3536 1655 ,
3570 1589 3727 1643 hodie
3768 1587 3978 1640 deside-

2408 1702 2614 1747 rantur.
2638 1687 2883 1744 Ganones
2904 1684 3160 1755 quosdam
3194 1682 3602 1752 pinnitentiales,
3636 1694 3768 1748 quos
3798 1693 3901 1747 ego
3931 1680 3981 1731 in

2412 1785 2513 1838 Ms.
2545 1782 2731 1836 codice
2775 1778 3001 1833 Lucensi
3052 1784 3240 1830 nactus
3268 1789 3384 1828 sum
3406 1815 3420 1836 ,
3463 1788 3491 1825 a
3522 1771 3815 1825 canonibus
3856 1768 3985 1824 Grec

725 1890 847 1937 dom
878 1886 1067 1957 synodi
1095 1883 1360 1952 epistolam
1388 1880 1454 1932 ad
1485 1878 1795 1932 Germanum
1816 1871 2304 1938 Goostantinmioli-
2339 1873 2383 1930 Β
2415 1874 2549 1944 gorii
2575 1873 2637 1926 Ill
2667 1873 2822 1939 plane
2843 1869 3106 1931 diversos,
3136 1868 3398 1936 Gregorio
3442 1866 3564 1918 lmic
3615 1862 3654 1915 ll
3705 1862 3985 1930 ambigens

732 1989 935 2029 liltlllll.
970 1979 1231 2029 Praeterea
1265 1972 1331 2027 ab
1366 1972 1551 2025 iisdem
1585 1968 1908 2037 synodorum
1938 1965 2312 2019 collectoribus

741 2069 863 2120 (nisi
896 2066 1035 2135 quod
1080 2065 1209 2118 sola:
1251 2064 1368 2117 dua!
1414 2062 1478 2113 ad
1530 2059 1859 2113 Bonifacium
1908 2066 2123 2111 exstant
2169 2056 2309 2125 apud

728 2156 1084 2223 llartluiuum)
1139 2154 1354 2217 Latine,
1390 2168 1489 2221 qua
1525 2152 1703 2221 lingua
1745 2150 2035 2220 Gregorius
2060 2148 2308 2215 scripsit,

729 2249 1023 2301 utier-untur
1051 2248 1276 2315 epistola:
1300 2244 1571 2297 duodecim
1604 2242 1761 2307 liuius
1787 2242 2032 2309 Gregorii
2057 2284 2071 2304 ,
2100 2240 2314 2307 illisque

730 2339 1011 2406 subjicitur
1058 2336 1356 2404 Capitulare
1402 2332 1470 2388 ab
1522 2331 1709 2388 eodem
1758 2330 1939 2384 datum
1996 2329 2312 2383 Martiniano

807 2460 882 2519 to)
922 2454 994 2506 De
1025 2448 1362 2519 Antiplionis,
1396 2462 1551 2516 supra
1578 2457 1705 2500 tom.
1733 2446 1773 2508 l,
1808 2459 1926 2514 pag.
1949 2440 2075 2493 272.

1439 2606 1776 2617 —..__——._————

1326 2627 1373 2633 ς..
1380 2622 1865 2633 -__—_._—-—._-—

740 2619 977 2648 πτ-

1026 2628 1312 2639 -α--ν-

2418 1974 2593 2017 tamen
2638 1958 2897 2023 attribui,
2944 1966 2996 2011 et
3045 1956 3098 2010 in
3144 1954 3503 2010 Gonciliorum
3564 1954 3985 2020 Supplementa,

2420 2062 2552 2106 tom.
2576 2053 2615 2113 Ι,
2642 2065 2761 2119 pag.
2785 2049 2910 2111 .553,
2935 2047 3202 2116 evulgari.
3230 2045 3411 2114 Adjeci
3432 2060 3498 2099 ex
3518 2043 3803 2096 Wilkinsio
3824 2041 3985 2095 Cone.

2420 2144 2550 2198 Brit.
2586 2153 2715 2196 tom.
2745 2142 2785 2207 l,
2811 2155 2927 2209 pag.
2970 2140 3061 2203 81,
3104 2138 3386 2207 epistolam
3424 2135 3667 2205 Gregorii
3691 2134 3759 2186 ad
3789 2134 3991 2199 episco-

2421 2250 2516 2302 pos
2537 2233 2761 2301 Angliae,
2793 2245 2893 2299 qua
2919 2229 3305 2284 Dorobernensi
3334 2227 3584 2298 episcopo
3609 2226 3774 2279 totius
3796 2224 3991 2292 Anglia:

2425 2326 2630 2392 primus
2656 2325 2826 2380 honor
2849 2322 3126 2378 asseritur.

3187 2593 3194 2602 .
3228 2579 3983 2603 _______...__——.————_..-

2992 2594 3735 2619 —--—_'—ﬁ—--.—-—..-ii-
3745 2594 3939 2610 T.———li
3946 2594 3985 2605 ³-

1447 2734 2117 2850 SANGTI
2197 2726 3104 2846 GBEGORII
3176 2723 3321 2831 II

2076 2938 2321 2990 ROMANI
2363 2935 2721 2988 PONTIFICIS

1246 3100 2203 3232 EPISTOLfE
2291 3100 2514 3225 ET
2613 3096 3489 3223 CANONES.

1962 3398 2154 3459 (Mansl,
2175 3397 2318 3445 ('onc.
2342 3395 2540 3446 Collect.
2568 3404 2680 3443 tom.
2708 3395 2834 3455 .\'ll.)

1238 3617 1569 3675 EPISTULA
1612 3614 1841 3669 PRIMA.

839 3758 1083 3804 CREGORII
1108 3756 1257 3795 PM‘rE
1280 3754 1315 3792 II
1340 3754 1405 3791 AD
1464 3747 1776 3789 BONIl-‘ACIUM
1837 3740 2237 3782 I‘RESBYTEIIUI.

838 3860 1144 3914 Polestatem
1176 3851 1255 3907 illi
1281 3849 1401 3919 facit
1428 3856 1483 3901 ut
1506 3845 1626 3913 fidei
1649 3842 1943 3919 mysterium
1964 3838 2245 3893 incredulis

1265 3915 1491 3991 gentibus
1517 3915 1797 3968 annuntiat.

824 4040 1117 4110 Gregorius
1143 4049 1330 4093 servus
1355 4044 1630 4087 servorum
1660 4028 1752 4081 Dei
1784 4024 2055 4080 Bonitacio
2080 4021 2331 4090 religiOso

756 4132 1085 4204 presbytero.

828 4244 1001 4315 Exigit
1029 4239 1366 4296 manilestata
1396 4233 1550 4287 nobis
1572 4230 1804 4300 religiosi
1853 4227 2115 4297 propositi
2148 4223 2224 4279 tui
2247 4224 2335 4293 pie

755 4340 807 4391 in
839 4314 1051 4391 Christo
1082 4327 1354 4398 ﬂagrantis
1380 4322 1605 4377 intentio
1630 4360 1643 4381 ,
1675 4330 1729 4374 et
1758 4318 2053 4386 approbata
2084 4314 2338 4368 sinceris-

756 4429 907 4480 sima:
938 4420 1059 4476 ﬁdei
1094 4427 1195 4473 tute
1224 4414 1425 4484 perlata
1454 4411 1663 4469 relatio.
1697 4418 1753 4462 ut
1781 4409 1848 4460 ad
1870 4405 2337 4475 dispensationem

758 4515 903 4570 verbi
934 4510 1123 4572 divini,
1156 4506 1307 4577 cujus
1333 4517 1428 4571 per
1458 4501 1685 4571 gratiam
1720 4498 1812 4551 Dei
1861 4510 2045 4550 curam
2073 4495 2337 4563 gerimus,

761 4602 1203 4662 tceomministro
1251 4607 1481 4649 utamur.
1533 4590 1895 4658 Experientes
1939 4584 2165 4653 proinde
2196 4593 2249 4637 te
2273 4585 2341 4636 ab

761 4694 983 4749 infantia
1015 4704 1194 4746 sacras
1223 4687 1425 4740 litteras
1454 4681 1705 4735 didicisse
1731 4720 1747 4745 ,
1780 4679 2151 4745 proiectusque
2180 4674 2339 4729 indo-

765 4789 865 4836 Ium
894 4782 961 4836 ad
993 4787 1334 4848 augmentum
1367 4770 1556 4827 crediti
1587 4770 1797 4824 caelitus
1826 4768 2012 4821 talenti
2043 4775 2339 4834 prospectu

763 4872 929 4926 divini
954 4870 1154 4925 amoris
1183 4863 1495 4927 extendere,
1529 4859 1780 4914 videlicet
1817 4858 2047 4928 gratiam
2080 4856 2344 4924 cognitio-

2347 3614 2393 3674 ρ
2425 3609 2562 3675 ginis
2595 3608 2865 3675 plenitudo
2894 3610 3113 3673 existas;
3147 3607 3266 3663 ideo
3296 3609 3347 3661 in
3397 3610 3613 3664 nomine
3666 3610 4006 3665 indirisibilis

2428 3696 2725 3762 Trinitatis,
2750 3714 2842 3766 per
2870 3698 3238 3754 inconcussam
3281 3700 3649 3754 auctoritatem
3697 3702 3838 3755 beati
3870 3700 4001 3755 Petri

2431 3793 2793 3857 apostolorum
2842 3792 3095 3860 principis
3125 3828 3144 3857 ,
3194 3790 3347 3859 cujus
3392 3790 3648 3844 doctrina:
3717 3791 4001 3860 magisterii

2432 3882 2829 3949 dispensatione
2858 3879 3148 3949 fungimur,
3172 3889 3226 3935 et
3247 3880 3420 3934 locnm
3448 3894 3613 3934 sacrae
3642 3880 3786 3933 sedis
3834 3881 4000 3932 admi-

2434 3976 2747 4035 nistratnus,
2775 3974 3090 4027 modestiam
3125 3981 3227 4026 tua:
3252 3972 3519 4040 religionis
3549 3972 3893 4031 instituimus,
3922 3980 3999 4021 at-

2434 4077 2541 4129 que
2567 4063 2929 4129 praecipimus,
2958 4072 3015 4115 ut
3043 4062 3094 4115 in
3120 4061 3285 4115 verbo
3314 4060 3443 4125 Dei,
3472 4074 3579 4130 quo
3609 4060 3733 4129 igne
3758 4056 4004 4112 salutife-

2437 4173 2517 4220 τιν,
2543 4170 2701 4225 quem
2726 4156 2980 4209 Dominus
3011 4155 3224 4208 mittere
3269 4153 3417 4207 venit
3444 4153 3493 4206 in
3524 4160 3739 4217 terram,
3800 4152 4002 4204 enitere

2438 4246 2655 4311 videris.
2703 4249 2767 4299 ad
2797 4254 2983 4314 gentes
3026 4259 3371 4314 quascunque
3430 4242 3755 4297 inﬁdelitatis
3806 4253 3990 4295 errore

2438 4339 2682 4394 detentae
2705 4352 2993 4406 properare
3023 4336 3135 4391 Deo
3187 4344 3456 4390 annuente
3500 4335 3755 4402 potueris,
3803 4341 4002 4402 myste-

2439 4433 2577 4486 rium
2610 4432 2760 4499 regni
2809 4431 2899 4485 Dei
2942 4444 3035 4499 per
3091 4430 3495 4484 insinuationem
3546 4427 3771 4481 nominis
3810 4425 4003 4479 Christi

2444 4522 2656 4575 Domini
2692 4521 2782 4574 Dei
2808 4520 2977 4574 nostri
3006 4518 3244 4573 veritatis
3265 4519 3512 4572 suasione
3532 4519 3795 4587 designes,
3834 4528 3887 4570 et
3916 4531 4006 4581 per

2443 4615 2689 4681 Spiritum
2720 4613 2929 4667 virtutis
2950 4611 3120 4685 [Edit.
3154 4612 3333 4676 ltom.,
3368 4608 3659 4678 veritatis],
3692 4617 3743 4661 et
3770 4606 4005 4661 diluetio-

2446 4708 2549 4770 nis,
2580 4721 2642 4760 ac
2672 4705 3002 4765 sobrietatis,
3043 4703 3480 4771 praedicationem
3508 4702 3778 4768 utriusque
3825 4698 4007 4751 Testa-

2446 4798 2609 4850 menti
2638 4795 2902 4850 mentibus
2923 4793 3149 4847 indoctis
3173 4807 3406 4847 consona
3421 4792 3623 4846 ratione
3653 4788 4004 4843 transfundas.

2452 4888 2799 4957 Disciplinam
2823 4886 3055 4955 denique
3076 4884 3422 4950 sacramenti,
3445 4897 3605 4951 quam
3634 4881 3698 4934 ad
3730 4877 4008 4933 initiaudos

767 4984 797 5019 "
821 4980 847 5018 ⁸
866 4962 1099 5017 “magis
1128 4956 1327 5010 oraculi
1356 4954 1409 5046 Ψ
1442 4954 1676 5046 labore"?
1700 4949 1985 5046 “him-em
2010 4946 2344 5046 "indicum.
2373 4957 2426 5016 Ῑ)
2453 4979 2562 5034 Deo
2602 4946 2829 5046 'prtevio
2871 4946 3173 5031 credituros
3216 4946 3419 5030 tenere-
3438 4946 3615 5027 studes
3642 5012 3657 5037 ,
3681 4986 3745 5026 ex
3789 4972 4007 5024 fontiuta

768 5056 869 5117 nis,
906 5054 969 5106 ad
1030 5044 1470 5103 innotescendum
1512 5040 1757 5111 gentibus
1807 5038 2095 5092 incredulis
2139 5046 2342 5106 myste-

769 5140 1047 5195 rnuntidei
1074 5180 1088 5203 ,
1118 5133 1336 5190 instanti
1386 5140 1577 5185 conatu
1618 5127 1961 5196 expendere;
2013 5126 2345 5178 cotlzetamnr

775 5232 890 5286 tidei
915 5241 1015 5283 tute
1036 5268 1049 5291 ,
1074 5235 1129 5279 et
1156 5222 1429 5293 adjutores
1454 5218 1595 5274 efﬁci
1626 5220 1872 5286 cupimus
1918 5216 2105 5284 gratiae
2146 5228 2345 5281 praero-

773 5332 925 5388 gatce.
984 5319 1147 5387 Igitur
1197 5313 1317 5383 quia
1347 5311 1604 5381 praemissi
1643 5318 1866 5363 conatus
1898 5307 2043 5376 pium
2096 5305 2345 5359 allectum

774 5427 939 5480 usque
978 5410 1043 5462 ad
1073 5406 1377 5472 apostolica:
1418 5403 1561 5457 sedis
1602 5401 1840 5455 modesta
1878 5400 2194 5468 praevisione
2222 5414 2345 5467 per-

773 5502 971 5556 duxisti
995 5500 1319 5561 consultum,
1368 5504 1425 5548 ut
1453 5493 1754 5547 membrum
1784 5507 1849 5546 ex
1881 5490 2123 5543 membro
2154 5488 2351 5558 preprii

778 5596 1204 5661 corporist-aput
1225 5590 1522 5656 requirens,
1582 5593 1785 5639 motum
1829 5582 2029 5635 mentis
2068 5580 2350 5647 probares,

774 5686 1065 5752 capitisque
1093 5680 1314 5734 arbitrio
1346 5690 1397 5731 te
1448 5676 1717 5729 humiliter
1764 5674 2106 5734 submittens,
2157 5677 2213 5724 et
2237 5668 2354 5735 ejus

776 5776 1066 5828 d'rertinne
1092 5771 1235 5840 justo
1284 5768 1496 5821 tramite
1527 5778 1820 5835 properans
1846 5761 2088 5823 solidari,
2134 5774 2353 5827 compa-

2447 5070 2752 5124 ofﬁciorum
2784 5077 2986 5123 sancta:
3029 5079 3225 5122 nostra:
3252 5068 3395 5121 sedis
3436 5065 3761 5134 apostolicae,
3822 5065 4008 5115 instrn-

2448 5163 2764 5216 ctionistuaa
2811 5160 2979 5227 gratia
3030 5159 3321 5228 praelibata,
3381 5158 3623 5210 volumus
3646 5166 3701 5209 ut
3749 5155 4007 5209 intendas.

2454 5251 2607 5319 Quod
2638 5264 2765 5306 vero
2783 5249 3011 5303 actionis
3039 5255 3300 5316 susceptae
3326 5246 3419 5300 tibi
3448 5246 3633 5300 deesse
3658 5244 4006 5312 perspexeris,

2454 5345 2607 5397 nobis
2636 5352 2689 5396 ut
2721 5342 2954 5395 volueris
2980 5336 3256 5411 [vulneris]
3303 5336 3549 5390 intimare
3594 5335 3831 5390 curabis.
3876 5334 4010 5386 Bene

2461 5434 2599 5487 vale.
2635 5433 2763 5485 Data
2794 5431 2970 5485 Idibus
3000 5429 3141 5494 Maii,
3188 5431 3484 5496 imperante
3537 5426 3757 5480 domino
3785 5425 4011 5493 piissimo

2464 5531 2699 5597 Augusto
2731 5526 2957 5580 Leonea
2993 5524 3099 5577 Deo
3149 5532 3401 5577 coronato
3448 5533 3641 5589 magno
3683 5520 4010 5587 imperatore,

2461 5637 2600 5675 anno
2623 5619 2779 5675 tertio
2807 5616 3012 5687 imperii
3038 5614 3172 5685 ejus,
3201 5615 3487 5668 indictione
3509 5613 3787 5667 undecima
3820 5610 4013 5681 [secum

2462 5712 2569 5782 da].
