4168 6530
186 454 288 510 l.97

1395 441 1748 500 El‘lS’l‘Ol.;E
1793 440 1876 493 ET
1916 440 1994 495 CA
2009 442 2248 498 NONIiS.

3360 443 3463 498 £98

189 568 454 620 lmliculas
483 565 790 620 sacramenti
813 563 950 631 quod
976 561 1269 632 Bonifacius
1303 562 1505 622 tioium,
1533 578 1645 613 (τινι
1675 559 1775 620 (ινξ-
1804 563 1846 616 Α
1883 556 2030 612 luero
2088 558 2372 626 prohibere
2405 601 2417 623 ,
2493 557 2780 624 prohibebo
2810 577 2821 622 ;
2871 559 2952 614 sin
2984 559 3159 614 minus
3183 603 3197 625 ,
3232 561 3458 617 ﬁdeliter

181 654 364 706 scapus
385 638 736 700 ordinaretur,
751 638 928 700 edidit,
944 645 991 687 et
1023 649 1282 686 manusua
1300 636 1544 699 scriptum
1561 633 1760 685 obtulit.

253 731 307 784 in
334 732 549 784 nomine
581 729 793 782 Domini
828 729 919 782 Dei
973 737 1027 781 et
1059 727 1361 781 Salvatoris
1409 725 1578 779 nostri
1637 725 1760 778 Jesu

180 823 395 877 (Ihristi.
431 823 734 890 lmperaute
780 821 981 873 domno
1012 819 1211 885 Leone,
1263 833 1290 869 a
1327 817 1434 872 Deo
1482 829 1760 881 coronato,

180 930 372 980 magno
401 913 723 980 imperatore
747 950 762 976 ,
788 925 930 964 anno
953 909 1008 975 6,
1045 921 1164 977 post
1216 909 1554 964 Consulatum
1577 916 1601 944 ³
1644 907 1762 974 ejus

178 1021 319 1060 anno
344 1006 398 1069 6,
451 1007 542 1060 sed
587 1015 641 1059 et
660 1004 1016 1058 Constantino
1055 1017 1250 1070 magno
1294 1003 1619 1070 imperatore
1645 998 1763 1068 ejus

181 1100 288 1153 lilio
314 1113 454 1153 anno
497 1098 553 1164 4,
590 1097 882 1151 indictione
925 1097 979 1151 l5.
1015 1095 1279 1150 Promitto
1308 1110 1407 1164 ego
1427 1094 1762 1156 Bonifacius,

179 1191 270 1243 Dei
303 1187 470 1260 gratia
495 1187 801 1257 episcopus,
832 1187 926 1242 tibi
979 1187 1136 1242 beato
1187 1186 1347 1242 Petro
1397 1187 1760 1253 apostolorum

178 1279 426 1345 principi,
452 1279 759 1348 vicarioque
789 1288 879 1332 tuo
906 1279 1064 1332 beato
1089 1277 1350 1346 Gregorio
1374 1293 1542 1347 papae,
1567 1286 1622 1331 et
1641 1292 1761 1331 suc-

173 1372 477 1426 cessoribus
505 1369 641 1438 ejus,
666 1386 760 1437 per
813 1371 1048 1434 Patrem,
1078 1382 1132 1422 et
1161 1369 1380 1434 Filium,
1403 1379 1463 1422 et
1491 1368 1758 1436 Spiritum

173 1462 794 1529 sanctum,’l‘rinitatem
825 1462 1260 1529 inseparabilem,
1287 1471 1340 1514 et
1369 1461 1468 1515 hoc
1515 1461 1764 1516 sacratis-

175 1557 371 1609 simum
397 1570 590 1623 corptts
619 1563 790 1621 tuum,
817 1571 902 1610 me
924 1570 1138 1609 omnem
1170 1555 1328 1609 ﬁdem
1372 1565 1429 1609 et
1478 1556 1761 1622 puritatem

177 1654 378 1698 sancta)
402 1645 520 1698 lidei
542 1646 818 1698 catholicae
840 1646 1112 1712 exhibere,
1138 1656 1188 1699 et
1220 1646 1273 1699 in
1297 1648 1500 1699 unitate
1521 1645 1760 1711 ejusdem

176 1734 301 1787 ﬁdei
329 1733 438 1789 [leo
464 1746 722 1803 operante
752 1737 1038 1802 persistere
1059 1775 1073 1799 ,
1105 1737 1154 1788 in
1179 1751 1280 1804 qua
1306 1738 1479 1788 omnis
1501 1736 1762 1789 Christia-

177 1843 366 1881 norum
394 1827 540 1883 salus
567 1828 683 1882 sine
710 1828 874 1881 dubio
904 1843 1024 1882 esse
1053 1829 1450 1896 comprobatur,
1479 1830 1625 1882 nullo
1643 1847 1755 1882 mo-

171 1919 241 1968 do
271 1933 358 1972 me
385 1929 570 1972 contra
602 1920 859 1971 unitatem
887 1921 1190 1972 communis
1217 1927 1273 1972 et
1314 1919 1630 1973 universalis
1660 1922 1756 1972 lic-

169 2008 354 2062 clesia:
397 2007 656 2063 sandeute
710 2008 958 2076 quopiam
1008 2010 1335 2073 consentire,
1371 2010 1490 2074 sed,
1524 2019 1584 2062 ut
1624 2011 1754 2074 dixi,

173 2100 335 2150 tidem
377 2107 429 2150 et
459 2098 740 2166 puritatem
774 2112 949 2151 meam
983 2109 1141 2167 atque
1171 2113 1488 2152 concursum
1540 2101 1630 2154 tibi
1663 2141 1676 2163 ,
1705 2111 1758 2155 et

173 2192 490 2244 utilitatibus
521 2192 772 2244 Ecclesia:
799 2202 919 2255 tute,
946 2193 1030 2244 cui
1057 2208 1083 2243 a
1112 2193 1336 2245 Domino
1371 2193 1479 2246 Deo
1513 2203 1753 2262 potestas

171 2281 369 2349 ligandi
399 2281 748 2349 solvcntlique
772 2281 891 2334 data
915 2292 1016 2347 est,
1043 2292 1096 2336 et
1126 2285 1378 2350 prtedicto
1405 2287 1609 2338 vicario
1642 2295 1750 2350 tito,

167 2382 332 2440 atque
360 2375 765 2428 successoribus
793 2374 909 2442 ejus
944 2390 1037 2442 per
1059 2377 1236 2428 omnia
1270 2374 1545 2429 exhibere.
1571 2377 1676 2430 Sed
1705 2387 1755 2430 et

167 2469 210 2516 si
241 2481 547 2534 cognovero
576 2467 841 2520 antistites
869 2478 1054 2520 contra
1114 2467 1356 2520 instituta
1387 2469 1602 2536 antiqua
1631 2485 1757 2521 san-

166 2565 384 2608 ctorum
418 2555 635 2608 Patrum
666 2558 973 2608 conversari
1001 2597 1014 2618 ,
1048 2570 1170 2609 cum
1212 2557 1289 2609 cis
1319 2557 1518 2609 nullam
1555 2558 1757 2612 habere

168 2648 602 2700 eoinmuniouem
632 2656 722 2702 aut
750 2647 1180 2718 cuujunctionem
1206 2667 1218 2713 ;
1244 2652 1336 2703 sed
1371 2651 1560 2719 magis,
1593 2651 1634 2706 si
1669 2666 1756 2704 va-

244 2839 267 2865 ο
297 2829 481 2882 Leonis
533 2844 667 2882 anno
694 2826 747 2881 6.
781 2825 853 2880 Ita
903 2827 956 2880 in
1009 2826 1206 2880 Codice
1240 2827 1530 2882 Rhcmeusi
1581 2843 1631 2885 et
1692 2833 1742 2884 in

170 2898 819 2970 l’itbteano,maleautem
846 2899 898 2950 in
928 2899 1152 2970 vulgatis
1178 2913 1324 2970 anno
1340 2899 1391 2951 7.
1414 2901 1524 2970 Leo
1550 2904 1747 2970 quippe

173 2973 391 3023 lsaurus
423 2970 702 3036 imperium
725 2969 841 3021 iniit
864 2983 960 3022 VIII
988 2969 1577 3041 KalendasApriles,et
1597 2969 1744 3041 mox,

168 3041 560 3102 tttconjectut-a
609 3048 706 3101 est,
737 3041 1076 3091 consulatum
1124 3040 1381 3100 proximis
1437 3040 1739 3104 Kalendis,

166 3127 318 3163 anno
350 3110 546 3164 Christi
598 3111 724 3174 717,
771 3109 1057 3162 indictione
1110 3109 1194 3160 i5.
1241 3109 1539 3161 Bonifacius
1592 3127 1750 3177 porro

165 3182 478 3247 cpiscopus,
530 3190 585 3232 ut
613 3181 728 3242 ejus
773 3181 894 3231 vitae
927 3178 1147 3232 historia
1180 3183 1354 3241 docet,
1405 3192 1751 3235 consecratus

165 3260 254 3303 est
285 3251 454 3317 pridie
479 3249 746 3303 Kalendas
779 3249 1097 3303 Decembres
1124 3289 1139 3312 ,
1174 3247 1464 3303 indictione
1485 3251 1537 3304 b'.
1574 3254 1750 3315 Quare

161 3335 343 3374 annus
373 3322 417 3374 is
446 3329 562 3373 erat
618 3318 824 3385 imperii
876 3327 929 3372 et
957 3319 1267 3372 consulatus
1305 3319 1504 3372 Leonis
1533 3331 1745 3384 sextus,

163 3406 278 3443 non
304 3393 588 3458 septimus,
615 3388 916 3455 Christique
963 3404 1134 3442 annus
1160 3387 1264 3439 7‘22
1299 3431 1312 3451 ,
1344 3405 1446 3442 non
1481 3429 1496 3452 ,
1530 3402 1586 3442 ut
1629 3393 1749 3443 aliis

169 3463 374 3524 placet,
404 3463 536 3517 7:25;
565 3471 674 3512 tum
704 3461 845 3511 enim
872 3475 1059 3513 mense
1076 3459 1360 3512 Novembri
1379 3472 1602 3527 septmta
1622 3461 1750 3514 luis-

156 3541 247 3584 set
278 3533 520 3583 indicno.
552 3533 806 3584 Smnouo.

239 3601 265 3637 ¹>
297 3601 555 3667 Epistula.
584 3602 806 3652 Carolus
832 3598 1276 3653 Francorumdux
1311 3597 1461 3652 initio
1491 3615 1548 3653 se
1573 3599 1747 3656 minus

155 3670 435 3724 :ilTahilcm
487 3669 713 3739 prmbuit
761 3667 1077 3729 Bonifacio,
1131 3681 1188 3721 ut
1233 3671 1477 3739 insinuat
1531 3682 1746 3723 sanctus

162 3743 451 3803 Imilgerus
491 3738 552 3794 in
605 3741 718 3792 Vita
750 3741 918 3792 sancti
949 3739 1193 3806 Gregorii
1230 3738 1560 3805 Ultrajectiui
1608 3742 1745 3807 apud

154 3813 474 3872 Serarium;
499 3811 592 3864 sed
637 3826 756 3862 rum
790 3810 950 3862 hasce
982 3808 1294 3877 poutilicias.
1340 3811 1543 3863 litteras
1585 3812 1744 3877 legis-

158 3891 275 3940 set,
307 3887 588 3945 ipsumque
620 3879 785 3932 lloma
832 3880 1078 3933 reducent
1113 3880 1439 3933 Bonifacium
1488 3880 1542 3933 in
1595 3897 1746 3934 suam

152 3967 218 4002 se
254 3951 447 4013 (idem,
481 3950 812 4003 dominatum
859 3964 919 4002 ac
952 3956 1165 4002 tuteiatn
1197 3952 1616 4002 committentem
1665 3953 1745 4004 vi-

147 4022 360 4085 disset,
393 4022 533 4073 illico
575 4035 695 4073 eum
727 4018 1059 4088 perhumane
1089 4020 1316 4086 accepit,
1348 4029 1400 4071 et
1429 4019 1481 4072 in
1524 4018 1750 4073 Germa-

151 4092 268 4143 nia:
296 4093 566 4158 tmiusque
603 4089 839 4143 Francici
867 4091 1012 4157 regni
1045 4091 1282 4151 partibus
1305 4091 1574 4151 omnibus,
1611 4091 1748 4157 ipsa-

153 4177 282 4214 rtttn
317 4175 538 4214 suarum
572 4159 866 4213 litterarqu
897 4169 1237 4222 auctarttate,
1283 4167 1488 4211 sartum
1519 4171 1744 4212 tectum-

146 4246 266 4297 que
297 4246 418 4284 esse
459 4231 630 4282 voluit
665 4246 676 4281 :
713 4246 832 4297 qua:
862 4231 1053 4282 littera:
1085 4231 1134 4281 in
1172 4228 1522 4281 V’irdunensis
1555 4230 1742 4282 Eccle-

142 4303 249 4352 siae
306 4301 504 4354 Codice
561 4315 588 4352 a
644 4301 941 4354 reteri-udo
1000 4299 1156 4352 Patre
1224 4299 1494 4351 Frontone
1547 4299 1737 4351 Ducam

145 4372 414 4432 inventae,
431 4371 794 4434 exstautapud
821 4370 1103 4422 Bai-mnium
1127 4385 1264 4422 anno
1282 4370 1408 4434 724,
1439 4384 1663 4423 numero
1686 4370 1742 4433 '2,

139 4443 340 4494 Serar.
371 4442 567 4492 llistor.
588 4441 819 4505 Mugunt.
857 4451 1022 4492 notat.
1052 4441 1139 4493 '18.

228 4521 253 4548 ο
291 4511 480 4565 Carolo
506 4513 644 4563 duci.
678 4512 766 4564 Sic
793 4510 1028 4577 appellat
1049 4509 1294 4563 Caroltnn
1321 4509 1637 4576 Martellum,
1657 4511 1744 4578 qui

140 4592 264 4634 tum
296 4581 686 4650 majorrdomus
712 4579 1158 4650 eratTheodorici
1189 4581 1224 4632 ll
1258 4581 1416 4650 regis.
1452 4582 1634 4633 Exstat
1667 4585 1744 4633 in-

1789 1929 1836 1953 ἝἸ

1869 651 2048 703 statim
2078 652 2276 705 dontno
2323 665 2445 705 meo
2483 651 2775 718 apostolico
2831 651 3170 706 renuntiabo.
3201 652 3458 722 Quodsi,

1868 741 2006 809 quod
2049 741 2226 807 absit,
2261 751 2443 796 contra
2485 741 2642 810 hujus
2697 742 3065 808 promissionis
3091 757 3229 798 meae
3260 745 3452 800 seriem

1866 831 2065 902 aliquid
2110 832 2287 886 facere
2315 833 2553 902 quolibet
2588 832 2750 887 modo
2770 875 2783 897 ,
2818 849 2913 888 seu
2942 835 3157 905 ingenio
3181 835 3265 890 vel
3295 852 3455 891 occa-

1866 924 2014 976 sione
2042 932 2336 987 tentavero,
2357 939 2481 979 reus
2500 925 2744 979 inveniar
2775 925 2827 977 in
2843 927 3276 996 aternojudicio;
3297 929 3455 982 ultio-

1867 1029 1988 1066 nem
2013 1015 2232 1070 Ananiae
2252 1024 2306 1070 et
2321 1015 2595 1084 Sapphira:
2613 1018 2907 1082 incurram,
2930 1018 3020 1086 qui
3046 1019 3195 1073 vobis
3209 1021 3370 1074 etiam
3384 1021 3453 1076 tle

1867 1106 2025 1159 rebus
2057 1108 2282 1176 propriis
2301 1105 2546 1161 fraudem
2562 1107 2758 1174 facere,
2786 1108 2868 1163 vel
2893 1107 3085 1162 falsum
3110 1108 3290 1166 dicere
3309 1127 3450 1180 pra:-

1865 1185 2229 1267 Sumpserunt.
2260 1199 2411 1255 llunc
2440 1209 2623 1254 autem
2654 1198 2942 1254 indiculum
2999 1201 3322 1254 sacramenti
3353 1216 3451 1272 ego

1869 1292 2169 1347 Bonifacius
2191 1295 2415 1361 exiguus
2446 1293 2732 1361 episcopus
2780 1306 2938 1346 manu
2987 1291 3204 1362 propria
3236 1293 3449 1357 scripsi,

1865 1399 2025 1458 atque
2051 1403 2257 1459 ponens
2278 1402 2434 1456 supra
2480 1388 2906 1445 sacratissimum
2947 1401 3144 1457 corpus
3172 1387 3316 1441 beati
3352 1385 3451 1439 Pr-

1869 1487 1954 1546 tri,
1979 1482 2071 1548 ita,
2099 1493 2155 1537 ut
2187 1482 2557 1552 praescriptum
2583 1491 2685 1548 est,
2718 1481 2826 1536 Deo
2854 1488 2989 1535 teste
3019 1491 3071 1536 et
3084 1479 3289 1549 judice,
3319 1494 3453 1550 prcc-

1867 1576 1978 1628 stiti
2018 1585 2437 1641 sacramentum,
2466 1573 2608 1642 quod
2631 1584 2685 1627 et
2713 1587 2939 1628 servare
2965 1571 3239 1642 promitto.

2412 1725 2440 1762 δ
2471 1724 2807 1780 EPISTOLA
2837 1723 2899 1777 Il.

1868 1877 2108 1918 GREGOBII
2151 1877 2296 1917 PAP£
2326 1876 2362 1916 ll
2393 1878 2460 1916 ΔΙ)
2483 1875 2728 1916 ολιιοιυιι
2762 1875 2962 1924 ουοειι,
3003 1872 3251 1914 ιιΑιοιιῑιι
3283 1872 3456 1914 υοιιυς

2389 1947 2563 1986 REGIE
2594 1947 2927 1986 FRANCORUI.
3308 1956 3315 1962 '

1935 2041 2269 2095 Commendat
2301 2040 2648 2124 Bonifacium,
2681 2041 2853 2122 ut'illi
2883 2045 3049 2109 faveat
3070 2041 3124 2094 in
3149 2051 3385 2111 suscepto

2509 2121 2810 2164 ministerio.

1926 2202 2147 2254 Domino
2162 2201 2399 2268 glorioso
2425 2199 2535 2254 lilio
2560 2211 2581 2238 ε
2606 2200 2803 2254 Carolo
2821 2199 2942 2253 duci
2968 2199 3262 2270 Gregorius
3290 2213 3447 2267 papa.

1931 2290 2333 2360 Comperientes
2364 2299 2435 2354 te,
2470 2292 2520 2345 in
2543 2290 2755 2345 Christo
2783 2291 3151 2357 dilectissime,
3186 2291 3452 2359 religiosa:

1864 2387 2056 2436 metuis
2099 2382 2345 2435 allectum
2373 2397 2561 2449 gerere
2615 2383 2667 2436 in
2721 2382 2901 2436 multis
2940 2383 3450 2450 opportunitatibus,

1863 2471 2040 2525 debito
2068 2471 2254 2526 salutis
2278 2471 2552 2539 praemisso
2576 2512 2592 2537 ,
2623 2481 2811 2524 notum
2834 2471 3061 2526 iacimus
3115 2471 3224 2527 Deo
3245 2471 3453 2526 dilecta:

1864 2576 1965 2617 tua:
2000 2562 2244 2631 dignitati
2279 2605 2293 2629 ,
2328 2571 2648 2630 praesentem
2677 2562 2896 2616 fratrem
2929 2561 3260 2616 Bonifacium
3295 2603 3311 2627 ,
3345 2560 3449 2615 lide

1862 2665 1916 2710 ct
1946 2653 2181 2708 moribus
2204 2653 2554 2722 approbatum
2583 2667 2611 2706 a
2639 2653 2792 2707 nobis
2823 2651 3132 2723 episcopum
3164 2665 3446 2707 consecra-

1857 2833 1956 2886 bus
2025 2829 2347 2885 Sirmondus
2415 2842 2535 2880 mox
2609 2826 2893 2888 laudatus,
2942 2835 2998 2880 et
3051 2835 3172 2893 post
3209 2841 3332 2880 eum
3384 2828 3444 2880 lt.

1859 2903 1918 2956 Ρ.
1971 2901 2254 2970 Dionyius
2315 2897 2584 2959 Petavius,
2619 2898 2756 2970 libro
2822 2898 3104 2970 vntnpartis
3133 2895 3317 2970 primae
3348 2895 3450 2970 lia-

1861 2973 2076 3025 tiouarii
2110 2967 2432 3038 temporum
2459 3010 2475 3034 ,
2532 2968 2803 3023 Aubertus
2878 2967 3090 3020 Miratus
3147 2968 3228 3038 in_
3256 2968 3446 3038 notitia

1867 3041 2229 3096 Ecelesiarum
2249 3036 2424 3101 'Belaii
2453 3048 2504 3092 et
2528 3039 2581 3091 in
2612 3038 2907 3098 Chronico.
2934 3037 3175 3091 Andreas
3203 3036 3448 3091 Duches-

1860 3116 1983 3166 nius
2031 3113 2082 3165 in
2133 3113 2540 3176 Programmate
2569 3109 2917 3176 genealogico
2942 3121 3129 3174 regum
3178 3105 3441 3170 Francia,

1858 3183 2076 3250 aliique,
2104 3183 2194 3233 sed
2225 3182 2276 3233 in
2305 3179 3018 3250 eoaveritalisaberrarunt
3042 3177 3280 3250 tramite,
3305 3179 3447 3244 quod

1860 3247 2199 3305 Tlie'odorico
2232 3251 2269 3303 ll
2298 3263 2469 3302 annos
2500 3251 2634 3302 duos
2656 3249 3012 3313 detraxerint,
3044 3247 3270 3314 ejusque
3299 3263 3447 3302 mor-

1860 3333 1968 3376 tem
2000 3321 2270 3386 alligariut
2301 3333 2442 3371 anno
2477 3334 2597 3370 itu-:9.
2629 3317 2824 3372 Christi
2854 3318 2959 3372 755
2985 3359 3002 3382 ,
3035 3326 3092 3371 et
3146 3317 3443 3386 interregni

1857 3395 1990 3445 lines
2017 3409 2122 3442 non
2148 3392 2284 3442 ultra
2315 3389 2487 3440 Caroli
2531 3389 2756 3441 Martelli
2805 3400 3035 3441 mortem
3070 3389 3440 3453 produxerim.

1856 3465 1961 3515 Nos
1996 3472 2050 3514 ut
2081 3461 2279 3512 labanti
2314 3473 2496 3525 regum
2541 3459 2868 3512 Francorum
2895 3458 3257 3525 chronologiae
3279 3473 3444 3526 opem

1855 3534 2142 3593 ferremus,
2189 3529 2300 3597 jatn
2325 3531 2392 3580 ab
2421 3529 2625 3593 aliquot
2671 3530 2849 3592 anuis,
2911 3528 3105 3597 partim
3143 3525 3196 3579 in
3226 3525 3440 3596 elogiis,

1854 3604 2050 3668 partim
2085 3605 2138 3652 in
2167 3596 2524 3652 miscellaneis
2549 3598 2757 3668 nostris
2772 3596 3039 3652 historicis
3073 3605 3178 3668 ,et
3208 3606 3439 3664 utroque

1852 3667 2143 3735 Chronico,
2169 3670 2416 3736 quietiam
2459 3667 2795 3735 antiquitatis
2834 3667 3159 3721 venerandae
3207 3668 3442 3735 κειμήλια

1855 3745 1906 3795 in
1942 3743 2176 3794 medium
2213 3737 2553 3806 protulimus,
2583 3753 2702 3803 quae
2733 3751 2878 3790 nunc
2910 3752 3016 3791 non
3047 3738 3250 3804 exiguo
3273 3739 3440 3791 lecto-

1851 3829 1969 3864 rum
2006 3808 2356 3863 abstrusioris
2383 3808 2748 3875 chronologia:
2776 3807 3184 3860 candidatorum
3218 3809 3438 3860 etuolu-

1852 3893 2054 3946 tuento,
2085 3881 2186 3934 sub
2219 3893 2383 3933 unum
2416 3888 2694 3946 aspectum
2726 3887 3116 3946 repraesentare
3141 3879 3440 3945 aggredie-

1851 3969 1991 4004 1;ιιιι·.

1925 4026 2061 4076 Aule
2082 4019 2259 4074 omnia
2289 4019 2622 4086 probandum
2647 4016 2903 4072 incumbit
2951 4015 3345 4071 Theodericum
3372 4018 3434 4080 ll,

1851 4093 2131 4146 Calensem
2161 4092 2318 4159 vulgo
2345 4091 2569 4153 dictum,
2596 4106 2704 4142 non
2734 4100 3080 4159 anteannum
3103 4087 3302 4141 Christi
3331 4088 3430 4141 757

1851 4164 2012 4215 vitam
2038 4157 2436 4225 liniisseIQuod
2463 4161 2634 4227 primo
2659 4157 2982 4225 persuadent
3009 4166 3218 4212 veteres
3249 4173 3432 4226 regmn

1855 4232 2180 4284 Francorum
2211 4233 2560 4299 genealogite,
2585 4244 2717 4296 quas
2746 4228 3080 4299 Ducitesuius
3106 4227 3303 4299 pagina
3329 4229 3426 4278 7M

1852 4303 1981 4356 tomi
2000 4302 2154 4370 primi
2171 4296 2543 4352 historicorum
2569 4298 2972 4351 coretaue'orum
3005 4296 3435 4370 ltistortarFran-

1850 4387 1970 4434 cun,
1996 4367 2217 4440 aliique,
2247 4372 2445 4440 publici
2475 4370 2611 4437 juris
2644 4371 2900 4430 iecerunt,
2932 4381 3159 4440 qumque
3188 4367 3361 4440 adhuc
3379 4368 3435 4421 in.

1851 4444 2084 4496 tenebris
2112 4437 2264 4493 Vmss.
2295 4439 2552 4494 Codicum
2582 4439 2922 4492 delitescunt.
2976 4437 3031 4490 In
3057 4440 3124 4490 iis
3148 4437 3292 4489 enim
3325 4454 3431 4493 non

1858 4529 1922 4565 sv
1954 4512 2211 4565 duntaxat
2242 4514 2365 4563 anni
2385 4549 2401 4574 ,
2429 4509 2524 4563 sed
2547 4511 2770 4561 omnino
2801 4505 3288 4572 xvu,Theoderico
3305 4507 3430 4562 huic

1851 4583 2160 4636 tribuuntur
2192 4619 2206 4643 ,
2235 4589 2364 4646 quot
2393 4589 2746 4633 numerantur
2777 4579 2846 4631 ab
2877 4592 3016 4630 anno
3045 4577 3148 4630 720
3175 4588 3428 4640 exeunte,

140 4665 231 4704 ινι-
265 4647 436 4703 sancti
468 4649 602 4703 Galli
624 4662 828 4703 veteres
845 4649 1370 4716 chartusltujusmodi
1395 4651 1737 4716 subscriptio:
1777 4647 1826 4704 D
1851 4664 1942 4705 aut
1965 4652 2063 4704 721
2097 4653 2333 4715 ineunte,
2368 4653 2434 4701 ad
2457 4664 2657 4702 annum
2686 4648 2810 4700 757.
2855 4647 3057 4702 Deinde
3089 4649 3227 4700 idern
3272 4647 3431 4714 plane

138 4721 284 4774 Feci
308 4738 480 4775 mense
496 4721 680 4785 Jauio,
703 4721 880 4787 quinto
911 4719 1175 4772 Kalendas
1195 4718 1390 4785 Julius,
1414 4723 1462 4771 in
1497 4738 1630 4773 anno
1648 4723 1739 4775 de-

132 4795 286 4844 cimo
317 4793 513 4860 quinto,
540 4801 784 4862 regnante
821 4791 1025 4862 domino
1067 4801 1236 4862 nostro
1257 4788 1572 4862 Theoderico
1625 4807 1741 4860 rege

133 4879 313 4929 supra
330 4859 580 4915 Carolum
600 4859 846 4932 majorem
863 4861 1064 4913 domus.
1102 4861 1228 4913 Post
1255 4859 1574 4914 Theudorici
1606 4877 1738 4915 vero

139 4935 300 5002 regis
330 4933 558 4996 obitum,
583 4931 724 4997 quod
751 4931 1098 4984 memorabile
1131 4940 1228 4988 est,
1264 4946 1362 4984 nec
1389 4947 1416 4983 a
1459 4933 1742 5002 scriptori-

141 5001 258 5056 tius
323 5015 522 5056 nostris
572 5004 936 5068 observatum,
981 5003 1126 5055 solus
1156 5002 1272 5055 sine
1300 5015 1423 5067 rege
1461 5001 1741 5070 imperavit

139 5074 389 5127 Carolus
422 5075 561 5127 idem
582 5088 770 5135 annos,
795 5086 848 5125 ut
877 5074 929 5125 in
949 5072 1144 5126 Codice
1173 5072 1381 5125 'l‘tliano
1415 5075 1608 5137 reperi,
1644 5090 1736 5126 no-

141 5153 381 5207 vetn,ut
412 5146 462 5197 in
492 5147 596 5197 alio
611 5143 918 5204 libente-tsi,
947 5144 1305 5209 septem.Quo
1330 5153 1587 5206 tempore,
1616 5147 1735 5209 quia

141 5232 249 5266 rex
287 5216 466 5267 nullus
490 5225 624 5275 erat,
651 5217 700 5266 in
729 5217 863 5270 actis
905 5215 1130 5280 publicis
1159 5227 1326 5265 anno.-
1356 5228 1385 5264 a
1418 5214 1735 5268 Theoderici

139 5287 306 5352 regis
336 5299 558 5338 excessu
588 5285 763 5350 lapsos
793 5284 1081 5337 annotabat
1104 5324 1117 5345 ,
1148 5293 1201 5336 ιιι
1226 5286 1276 5335 itt
1299 5283 1737 5355 Saudiouysianis

133 5355 334 5416 Cur-udi
367 5356 534 5425 ipsius
560 5356 752 5409 tabulis
780 5355 962 5408 videre
976 5365 1074 5416 est,
1103 5355 1291 5422 quibus
1319 5352 1610 5425 Clipiaciim
1641 5357 1737 5408 vil-

139 5431 259 5480 lam
289 5423 738 5480 dat'mOuasterio
768 5427 936 5480 sancti
976 5425 1211 5495 Dionysni
1247 5442 1258 5475 :
1295 5428 1472 5476 Actum
1497 5423 1735 5478 Cat-ecia-

132 5514 200 5548 σο
224 5496 358 5550 villa
388 5499 439 5550 in
461 5497 674 5566 palatio,
701 5498 886 5549 mensis
917 5496 1227 5562 Septembris
1257 5495 1339 5547 de
1366 5496 1559 5548 decimo
1581 5497 1737 5564 septi-

131 5585 256 5630 mo,
286 5583 423 5620 anno
452 5570 627 5634 quinto
655 5577 766 5636 post
799 5567 1091 5633 defunctam
1143 5567 1514 5619 Theodericum
1541 5583 1730 5635 regem.

134 5641 381 5705 Signum
405 5639 622 5691 illustris
652 5641 744 5690 viri
774 5637 944 5691 Caroli
1000 5639 1208 5707 majoris
1235 5638 1434 5698 domus,
1489 5639 1573 5705 qui
1603 5654 1733 5690 nunc

128 5711 422 5779 epistolam
452 5710 742 5761 donationis
767 5710 878 5776 ﬁeri
899 5708 1113 5777 rogavit.
1150 5711 1409 5761 Smnosu.

215 5781 522 5848 lnterregni
556 5781 716 5845 illius,
739 5781 876 5847 quod
908 5784 972 5831 ad
992 5779 1241 5831 nostratis
1273 5778 1508 5831 historia!
1537 5778 1733 5834 intelli-

126 5852 383 5923 gentiam
416 5853 658 5918 apprime
685 5851 1045 5923 necessarium
1079 5850 1309 5923 videtur,
1341 5851 1729 5923 primumquod

128 5920 414 5981 ᾖδεν-ηυξ
439 5925 685 5990 viderim,
711 5920 1111 5987 t'esctverimve,
1138 5921 1372 5975 meminit
1408 5921 1466 5973 it.
1493 5922 1545 5974 ιι,
1568 5922 1724 5978 Jaco-

1845 4723 2048 4776 evincit
2075 4733 2262 4773 auctor
2305 4727 2640 4786 Auouymus,
2672 4717 2826 4785 cujus
2857 4725 3141 4772 tractatum
3164 4717 3232 4770 de
3260 4717 3430 4770 Com-

1850 4802 1976 4859 puto
2002 4791 2367 4845 ecclesiastico
2397 4789 2654 4842 habemus
2682 4789 2735 4841 in
2760 4787 3297 4859 metuhranisjam‘ab
3321 4789 3426 4840 ali-

1846 4855 1972 4932 quot
2001 4863 2211 4917 smculis
2240 4869 2515 4913 exaratum
2548 4878 2561 4912 :
2596 4861 2636 4911 A
2662 4859 2921 4932 nativitate
2949 4857 3156 4932 Qomini
3183 4855 3390 4932 ,_iuqttit
3411 4899 3427 4922 ,

1846 4927 2088 5001 usquead
2111 4941 2413 5001 praisentem
2451 4945 2665 4992 annum,
2720 4931 2902 5001 inquo
2954 4927 3429 5001 Tlteutlericus‘rea;

1845 4997 2168 5056 It‘raucoru'm
2198 5001 2467 5069 defunctus
2493 5011 2565 5054 est
2587 5039 2603 5062 ,
2628 5001 2753 5065 757,
2778 4999 2832 5052 in
2858 5014 2959 5063 quo
2985 5014 3122 5052 anno
3144 4997 3426 5069 indictione

1844 5076 2042 5142 quinta,
2076 5067 2268 5141 epacta'
2290 5073 2376 5135 15,
2417 5087 2651 5142 Concurr.
2683 5074 2733 5134 l,
2783 5071 2918 5142 lunt:
2937 5067 3297 5142 circulanti?»
3331 5069 3423 5142 if,

1845 5137 1916 5197 sit
1943 5137 2205 5196 lia’eitles
2230 5143 2436 5211 Aprilis,
2471 5140 2672 5194 Pascha
2703 5155 2757 5193 Ix
2787 5137 2909 5211 Kal.
2939 5138 3153 5205 Aprilis,
3178 5138 3310 5211 luna
3323 5138 3422 5211 ⁸17,

1843 5218 1932 5278 :‘lt,
1967 5217 2030 5267 de
2053 5207 2302 5265 annorum
2334 5227 2532 5272 oxxxtt.
2557 5213 2832 5264 secundum
2852 5208 3080 5274 ercos,
3106 5209 3270 5278 cyclo.
3299 5207 3423 5262 llasc

1843 5287 1932 5339 ibi.
1961 5285 2181 5338 Accedit
2205 5284 2324 5336 huic
2350 5285 2704 5349 Fredegarius
2750 5280 3101 5334 scholasticus
3135 5318 3150 5342 ,
3178 5293 3279 5349 seu
3303 5280 3422 5344 quis

1841 5360 1975 5409 alius
1997 5366 2184 5407 auctor
2208 5347 2604 5422 appendicis'ad
2623 5352 2860 5422 Gregorii
2882 5349 3214 5404 Turonensis
3241 5347 3421 5422 Histo-

1843 5430 1975 5478 riam
2005 5418 2489 5491 adjectaiiquicum
2512 5423 2687 5489 capite
2716 5436 2807 5473 seu
2839 5418 3424 5490 §centesimuseptitno

1841 5498 2001 5550 dixit:
2031 5498 2142 5560 Quo
2169 5505 2369 5547 mortuo
2390 5493 2758 5546 'I‘heodoricuut
2785 5507 2953 5557 regem
2968 5498 3254 5544 statuerunt
3277 5491 3329 5541 in
3341 5504 3423 5560 ss-

1841 5571 1953 5621 dem
1967 5559 2110 5636 regni
2127 5567 2214 5633 qui
2229 5582 2362 5618 nunc
2380 5566 2544 5636 locum
2558 5563 2872 5636 soliiregalis
2888 5562 3121 5636 obtinuit,
3142 5560 3290 5636 annis
3309 5559 3424 5636 viae

1837 5637 1988 5693 simul
2015 5630 2336 5703 pra’stolatis,
2365 5635 2442 5688 vel
2465 5630 2914 5702 quemadmodum
2927 5631 3297 5703 corrigendum
3324 5630 3422 5680 ad-

1839 5701 2043 5773 tuonui,
2060 5708 2340 5775 protelans,
2367 5705 2629 5774 ejusutodi
2654 5703 2897 5775 formulis
2921 5713 3002 5756 sat
3021 5701 3417 5775 tlilucidetnen-

1839 5791 1945 5834 tem
1963 5770 2118 5831 suam
2140 5770 2425 5845 expressit,
2451 5779 2663 5845 quando
2688 5776 2844 5828 linem
2859 5773 3124 5845 Chronico
3138 5786 3240 5826 suo
3265 5770 3418 5845 initio

1838 5851 1960 5904 anni
1991 5849 2095 5902 736
2125 5839 2291 5917 prima
2323 5839 2439 5900 vice
2468 5839 2772 5914 imponebat
2800 5885 2813 5908 ,
2847 5844 3188 5917 superstitem
3241 5839 3420 5917 adhuc

1839 5913 2710 5975 institisse"l'hcodoticumillum
2753 5930 2953 5985 regem.
3008 5913 3158 5980 Quod
3190 5927 3318 5968 vero
3355 5913 3420 5962 de
