4168 6528
158 436 247 491 50!

1364 436 1713 491 I'LPlS'I‘ULxlS
1758 436 1841 491 ET
1883 435 2213 493 CANUM-IS.

3325 446 3429 501 50⁸2

155 549 388 602 cessarit:
418 550 710 604 destinare.
744 546 846 604 Pro
876 549 1066 618 quibus
1090 563 1211 602 eum
1230 550 1475 618 gloriosae
1500 549 1734 603 bettevo-
1767 550 1809 607 Α
1848 552 2116 616 ιιιεεςηιίιιιιι
2166 551 2354 605 salutis
2405 562 2674 607 annuente
2728 556 2833 609 Deo
2886 556 3215 625 perficiatur,
3270 569 3431 627 atquo

157 643 333 695 lentia:
380 653 482 696 tua:
528 642 839 696 omnimodo
886 642 1344 706 commendamus,
1407 653 1463 694 ut
1507 656 1627 695 eum
1687 643 1737 694 in

157 734 405 788 omnibus
432 735 839 789 necessitatibus
864 734 1155 803 adjuvetis,
1180 744 1232 786 et
1253 745 1435 787 contra
1462 734 1730 801 quoslibet

157 828 511 891 adversarios,
541 827 805 894 quibusin
842 826 1064 880 Domino
1098 828 1420 896 prtevaletis,
1458 827 1735 879 instantis-

159 920 294 973 sime
317 919 616 974 defendatis
642 937 655 985 ;
680 921 977 975 certissime
1006 921 1317 982 retinentes,
1347 920 1451 972 Deo
1468 934 1561 971 vos
1587 918 1740 973 exhi-

159 1011 286 1065 bere
316 1027 646 1082 qurecunque
681 1014 801 1067 huic
847 1011 1245 1080 promptissimo
1273 1010 1639 1081 impenderitis
1663 1010 1743 1063 fa—

158 1116 310 1167 vore,
360 1106 469 1170 qui,
502 1105 703 1157 sanctis
754 1104 1014 1173 apostolis
1044 1106 1154 1157 suis
1183 1103 1247 1155 ad
1282 1104 1451 1156 lucem
1502 1102 1740 1170 gentium

158 1195 461 1261 destinatis,
492 1210 521 1247 a
549 1196 960 1264 suscipientibus
988 1210 1080 1249 eos
1094 1209 1153 1248 se
1176 1194 1575 1260 suscipiendum
1601 1207 1740 1259 prae-

160 1288 320 1353 dixit,
353 1302 579 1355 quorum
600 1286 1019 1341 inStitutionibus
1036 1302 1130 1355 per
1158 1301 1255 1340 nos
1280 1287 1592 1340 informatus
1611 1298 1744 1354 prae-

160 1379 335 1431 dictus
358 1382 582 1433 antistes
615 1380 665 1432 in
696 1389 871 1432 sortes
901 1378 1296 1446 praedicationis
1326 1376 1586 1445 procedit.

722 1490 1047 1547 EPISTULA
1096 1493 1186 1549 Ill.

228 1600 474 1641 GREGORII
516 1602 663 1640 ΡΑΓᾹΞ
704 1603 738 1640 11
782 1604 848 1640 AD
880 1601 1156 1639 εριεροῐιθς
1189 1602 1252 1638 ΕΤ
1285 1598 1434 1638 Aulis
1472 1599 1672 1636 OMNIUM

408 1671 667 1721 οιιιιικυυ,
710 1673 817 1709 TC.“
850 1673 1124 1720 ειεῐιιεος,
1156 1672 1263 1709 τυιι
1295 1671 1495 1708 LAICOS.

160 1750 489 1803 (fommendat
511 1750 742 1801 eumdem
775 1748 1124 1813 Bonifacium,
1155 1759 1199 1800 et
1220 1764 1345 1815 quas
1372 1747 1439 1799 ad
1462 1762 1540 1799 res
1564 1748 1747 1799 missus

781 1820 844 1871 sit
890 1820 1118 1885 exponit.

1847 648 2065 709 praemia
2097 646 2298 699 laboris
2322 646 2599 712 percipere
2628 649 2965 713 mereamini,
2996 649 3171 715 deque
3201 664 3429 703 conver-

1844 740 1996 789 sione
2024 738 2312 790 errantium
2330 752 2540 790 merces
2567 740 2716 791 vobis
2742 742 3044 794 ascribatur
3076 742 3127 795 in
3161 741 3335 795 cmlis.

1842 828 2290 897 quisitaquehuie
2308 830 2396 882 Dei
2421 829 2711 891 fatnulo,ad
2729 830 3177 885 illuminationem
3191 830 3430 898 gentium

1844 919 1910 972 ab
1931 919 2031 972 hac
2053 918 2351 989 apostolica
2374 931 2429 973 et
2458 921 2720 973 catholica
2753 923 2842 975 Dei
2870 923 3110 977 Ecclesia
3138 924 3429 985 destinato,

1844 1024 2120 1065 assensum
2181 1012 2261 1065 vel
2318 1026 2639 1066 concursum
2704 1014 3031 1081 pra'buet'it,
3087 1012 3434 1067 uorantibus

1845 1104 2208 1172 apostolorum
2235 1103 2588 1172 principibus,
2617 1107 2888 1157 consortia
2916 1114 3183 1158 mereatur
3212 1115 3430 1158 sancto-

1848 1210 1964 1249 rum
1994 1206 2288 1265 martyrum
2318 1195 2516 1248 Christi
2548 1195 2691 1249 Jcsu.
2715 1196 2769 1249 Si
2802 1197 2920 1261 quis
2948 1210 3078 1249 vero
3105 1194 3242 1265 (luo,
3268 1214 3322 1266 ρ.
3353 1211 3430 1257 vt,

1847 1302 1893 1339 c.
1921 1285 2069 1355 118),
2099 1287 2239 1354 quod
2269 1301 2370 1339 non
2402 1296 2669 1355 Optamus,
2713 1287 2983 1339 adversari
3016 1286 3131 1353 ejus
3164 1286 3433 1339 laboribus

1847 1387 2071 1431 Conatus
2119 1375 2279 1430 fuerit
2326 1375 2670 1446 [aversando,
2715 1374 2834 1443 ejus
2863 1376 3161 1443 prtepedire
3207 1386 3433 1427 eouatus

1853 1468 2008 1521 fuerit
2043 1464 2329 1536 laborem],
2375 1477 2465 1518 aut
2493 1466 2797 1519 contrarius
2829 1465 3099 1519 exstiterit
3132 1464 3436 1519 ministerio

1852 1561 1925 1613 illi
1955 1561 2186 1623 credito,
2216 1573 2699 1627 successurumque
2737 1559 2855 1625 ejus
2888 1559 2938 1610 in
2989 1560 3237 1611 eumdem
3287 1556 3435 1610 labo-

1852 1667 1963 1704 rem
2013 1652 2324 1704 intrantium
2355 1693 2370 1715 ,
2424 1666 2489 1704 ex
2544 1652 2806 1703 sententia
2853 1651 3030 1704 ditina
3083 1652 3440 1705 anathemati:

1852 1748 2067 1801 vinculo
2121 1750 2463 1815 percellatur,
2489 1759 2541 1800 et
2592 1758 2861 1815 perpetuae
2904 1750 3269 1803 damnationis
3309 1752 3435 1802 sub-

1852 1844 2043 1905 jact-at.
2082 1841 2211 1894 Data
2257 1840 2511 1895 Kalendis
2574 1840 2903 1904 Decembris,
2947 1842 3242 1909 imperante
3268 1840 3439 1893 domi.

230 1908 523 1977 Gregorius
547 1912 829 1977 episcopus
852 1925 1039 1963 servus
1064 1924 1347 1963 servorum
1368 1909 1458 1962 Dei
1485 1907 1746 1960 universis

1855 1946 1921 1982 no
1953 1932 2193 1997 piissimo
2212 1933 2447 1999 Angusto
2471 1928 2670 1987 Leone.
2698 1929 2905 1994 imperii
2937 1930 3053 1995 ejus
3087 1945 3226 1983 anno
3254 1930 3309 1993 7,
3343 1930 3435 1983 sed

162 2002 617 2055 roverentissimis
644 2015 695 2054 et
720 2001 1077 2054 sanctissimis
1109 1999 1358 2052 fratribus
1390 1998 1746 2065 coepiscopis,

161 2094 427 2160 religiosis
463 2093 814 2161 presbyteris,
868 2108 965 2145 seti
1012 2090 1619 2158 diaconilitts,gloriosis
1649 2091 1750 2139 du-

160 2180 335 2244 ribus,
398 2182 694 2247 magnificis
746 2180 1021 2241 caSlaldis,
1078 2180 1366 2234 comitibus
1417 2179 1602 2237 etiam,
1664 2178 1749 2230 vel

162 2270 371 2325 cunctis
396 2271 715 2325 Cbri~tianis
744 2272 910 2325 Deum
944 2273 1283 2325 timentibus.

235 2360 673 2419 Sollicitudinem
706 2362 925 2415 nimiam
972 2372 1224 2430 gerentes
1252 2376 1351 2429 pro
1383 2359 1749 2428 speculatione

166 2455 321 2508 nobis
349 2455 575 2515 credita,
604 2453 727 2520 quia
778 2454 828 2507 in
878 2453 1066 2506 umbra
1110 2453 1296 2505 mortis
1326 2452 1534 2519 aliquas
1562 2462 1750 2519 gentes

167 2546 217 2597 iu
248 2542 553 2599 Germania:
582 2546 844 2613 partibus,
880 2544 959 2597 vel
990 2544 1141 2612 plaga
1171 2544 1414 2596 orientali
1444 2543 1613 2595 Rheni
1649 2545 1749 2594 llu-

166 2636 346 2699 minis,
394 2637 616 2702 antiquo
646 2636 799 2689 hoste
828 2634 1086 2688 suadente
1114 2650 1318 2701 errare,
1358 2644 1410 2687 et
1458 2635 1607 2701 quasi
1650 2634 1749 2686 sub

166 2727 425 2797 religione
447 2726 755 2781 Christiana
780 2728 1047 2779 idolorum
1074 2728 1296 2781 cultura:
1323 2727 1525 2781 servire
1552 2743 1748 2794 cogno-

166 2824 377 2885 vimus;
411 2822 623 2889 aliquos
654 2835 802 2882 vero,
841 2822 929 2888 qui
976 2834 1073 2873 nec
1127 2820 1216 2873 Dei
1266 2820 1622 2888 cognitionem
1657 2820 1750 2871 Ita-

166 2914 377 2975 bentes,
409 2928 506 2965 nec
557 2912 889 2979 baptismatis
934 2913 1071 2965 sacri
1118 2912 1255 2964 unda
1308 2920 1433 2965 sunt
1488 2910 1604 2973 loti,
1655 2911 1748 2964 sed

165 3004 567 3069 comparatione
601 3006 877 3056 brutorum
908 3004 1218 3056 animalium
1252 3004 1441 3071 pagani
1490 3003 1747 3058 factorem

164 3110 318 3146 stium
347 3110 449 3145 nou
484 3106 905 3162 recognoscant;
940 3095 1302 3148 necessarium
1340 3096 1609 3156 duximus.
1650 3112 1748 3163 pro

169 3199 517 3252 utrorumque
556 3186 970 3253 illuminationc,
1022 3187 1086 3240 ad
1138 3188 1534 3255 praedicandum
1581 3198 1745 3241 rectm

1853 2028 1903 2070 et
1955 2020 2289 2071 Constantini
2347 2019 2683 2086 imperatoris
2729 2020 2845 2086 ejus
2890 2019 2981 2071 lilii
3033 2033 3175 2072 anno
3210 2017 3263 2083 6,
3301 2018 3440 2073 indt-

1854 2113 2034 2163 ctionc
2063 2110 2116 2163 (3.

2412 2223 2743 2279 lil’lSTOl.A
2792 2224 2877 2277 IV.

1852 2330 2097 2369 CRFGOMI
2148 2330 2293 2369 P.\P£
2327 2331 2356 2367 ll
2390 2332 2455 2367 Δί)
2494 2330 2731 2379 ειιῖιιιὲιι,
2777 2331 3035 2380 οιιυιδεδι,
3088 2334 3154 2373 ET
3206 2335 3433 2383 PLEBRM,

1977 2402 2060 2438 ct't
2094 2402 2398 2437 ttoNtI-‘amljs
2428 2402 2723 2438 ottDthus
2754 2403 2963 2441 FUEMT
3007 2405 3304 2446 EPISCOPUS.

1855 2500 2134 2566 Gregorius
2158 2501 2422 2567 rpiswpus
2442 2517 2510 2553 set
2526 2518 2613 2553 μηδ
2634 2518 2894 2554 servorum
2924 2501 3039 2566 Dei,
3063 2506 3219 2565 clero.
3244 2508 3435 2564 ordini.

1923 2583 1967 2642 et
2008 2572 2138 2639 plebi
2175 2573 2469 2623 eottsisteuli
2520 2571 2789 2642 ΤΙιιινὲιιίιὶ³
2840 2574 3180 2628 άίΙω-ιίδδὶιιιίι
3233 2578 3354 2642 [iliis
3385 2584 3436 2629 iu

1925 2641 2147 2693 Domin
2174 2646 2413 2693 salutem.

1928 2739 1951 2764 ⁸
1981 2731 2348 2784 Ριίουευιιιυυε
2370 2732 2649 2786 desideriis
2675 2734 2801 2786 nihil
2838 2736 3095 2789 tarditatis
3128 2748 3442 2802 prazstautes

1854 2823 2068 2875 fratrem
2111 2824 2219 2889 jam
2272 2832 2326 2875 et
2376 2823 2752 2891 coepiscopum
2812 2837 3053 2880 nostrum
3110 2828 3437 2883 Bouilaciuui

1854 2914 2003 2965 Vobis
2029 2912 2393 2965 ordiuavimus
2419 2913 2778 2967 sacerdotem.
2805 2917 2901 2969 Cui
2929 2918 3173 2971 dedimus
3205 2920 3254 2970 iu
3289 2935 3442 2972 man-

1854 3002 2013 3064 datis,
2051 3018 2117 3056 ne
2166 3017 2399 3069 unquam
2450 3002 2815 3059 ordinationes
2872 3016 3160 3071 prmsumat
3206 3008 3441 3068 illicitas,

1856 3108 1921 3145 ne
1954 3092 2243 3163 lligamttm,
2272 3101 2363 3145 aut
2390 3094 2478 3160 qui
2522 3094 2779 3163 virginem
2814 3110 2917 3147 non
2942 3106 3024 3149 est
3055 3098 3279 3152 sortitus
3310 3113 3439 3151 uxo-

1856 3200 1991 3248 rem,
2042 3199 2214 3250 neque
2268 3184 2626 3249 illitteratum,
2662 3185 2747 3238 vel
2798 3186 2849 3238 in
2907 3186 3146 3255 qualibet
3198 3188 3442 3257 corporis

172 3277 293 3329 lidei
328 3277 569 3339 verbum,
610 3276 797 3329 harum
832 3275 1127 3329 litterarum
1176 3281 1490 3346 portitorem
1543 3278 1753 3332 Bonifa-
1780 3273 1826 3335 C
1860 3287 2007 3343 parte
2037 3276 2297 3338 vitiatum,
2324 3285 2413 3327 aut
2435 3290 2497 3328 ex
2534 3276 2846 3340 pontiteute,
2878 3277 2960 3330 vel
2992 3278 3175 3340 curiae,
3207 3288 3299 3332 aut
3326 3280 3439 3332 cui-

167 3372 334 3430 cium,
366 3368 877 3420 revereudissimum
912 3366 1133 3420 fratrem
1164 3378 1217 3421 et
1244 3369 1621 3436 coepiscopum
1658 3385 1753 3421 no-

169 3467 365 3520 strum,
393 3458 457 3509 ad
487 3458 704 3510 easdem
740 3468 917 3523 partes
948 3456 1201 3521 dirigere,
1248 3466 1304 3510 ut
1337 3467 1392 3510 et
1430 3458 1529 3511 illis
1557 3457 1752 3525 praedio

168 3554 343 3604 rando
372 3553 593 3605 verbum
624 3552 809 3603 salutis
838 3552 997 3603 vitam
1034 3550 1311 3614 provideat
1341 3552 1747 3618 sempiternam.

168 3652 224 3696 et
254 3644 297 3694 si
330 3658 467 3711 quos
504 3642 641 3695 forte
695 3643 991 3708 ubicunque
1034 3640 1203 3712 [Edit.
1238 3640 1491 3693 Ilom.'vel
1525 3640 1751 3694 ubicun-

166 3732 293 3805 que}
326 3748 356 3786 a
388 3745 551 3787 rectae
595 3732 715 3785 fidei
744 3733 958 3785 tramite
999 3731 1245 3785 deviasse
1276 3733 1609 3801 cognoverit,
1663 3739 1753 3785 aut

166 3827 367 3879 astutia
399 3839 586 3877 suasos
611 3824 870 3877 diabolica
903 3836 1161 3877 erroneos
1183 3822 1469 3891 repererit,
1499 3822 1753 3889 corrigat,

167 3926 330 3984 atque
382 3915 460 3967 sui
514 3914 829 3967 evocatione
872 3912 936 3965 ad
991 3923 1203 3981 portum
1246 3913 1493 3966 restituat
1536 3912 1751 3975 salutis,

166 4020 369 4073 erisque
401 4020 465 4057 ex
499 4002 809 4071 apostolicae
842 4004 985 4055 sedis
1010 4002 1167 4069 hujus
1196 4001 1439 4055 doctrina
1477 4001 1752 4066 informet,

166 4104 220 4147 et
253 4095 303 4147 iu
338 4094 525 4149 eadem
559 4094 819 4147 catholica
865 4093 970 4147 fide
1017 4108 1334 4160 permanere
1362 4094 1624 4146 instituat.
1655 4094 1753 4147 Cui

165 4190 333 4240 etiam
385 4187 690 4251 hortamur,
742 4186 813 4238 ob
852 4201 1089 4239 amorem
1140 4184 1353 4240 Domini
1413 4186 1579 4239 nostri
1628 4184 1755 4239 Jesu

167 4279 395 4340 Christi,
420 4287 475 4331 et
494 4280 861 4346 apostolorum
886 4277 1003 4347 ejus
1026 4278 1405 4341 reverentiam,
1432 4290 1487 4331 ut
1511 4280 1561 4332 in
1591 4281 1759 4334 omni-

170 4376 269 4427 bus
298 4375 492 4427 solatia
517 4374 821 4426 exhibeatis
850 4371 1116 4445 [solatiari
1163 4372 1373 4425 nisibus
1402 4372 1528 4425 totis
1558 4374 1753 4427 debea-

168 4465 278 4537 tis],
314 4480 547 4529 eumque
580 4466 631 4517 iu
685 4464 903 4519 nomine
957 4465 1082 4518 Jesu
1125 4462 1326 4517 Christi
1375 4465 1668 4533 recipiatis,
1702 4476 1756 4519 ut

166 4559 426 4624 scriptum
455 4566 540 4609 est
575 4557 640 4609 de
688 4558 798 4610 suis
830 4556 1110 4624 discipulis
1143 4573 1155 4609 :
1193 4557 1297 4622 Qui
1332 4572 1417 4609 vos
1448 4558 1628 4625 recipit
1680 4574 1758 4610 me

1860 3365 1987 3418 libet
2038 3365 2332 3419 conditioni
2378 3364 2695 3429 obnoxium,
2732 3376 3097 3436 notatumque,
3147 3369 3210 3422 ad
3259 3385 3442 3424 sacros

1856 3456 2073 3509 ordines
2103 3456 2376 3525 permittat
2417 3458 2713 3521 accedere;
2759 3459 2853 3512 sed
2886 3459 2931 3513 si
2966 3475 3107 3528 quos
3137 3462 3440 3527 bujusmodi

1856 3547 1991 3601 forte
2016 3550 2293 3614 repererit,
2327 3564 2431 3602 non
2462 3550 2656 3603 audeat
2683 3566 3018 3617 promovere.
3054 3553 3213 3607 Ali-os
3240 3554 3440 3619 passim

1856 3640 1920 3691 ad
1946 3640 2345 3693 ecclesiasticos
2370 3640 2588 3695 ordines
2618 3642 3017 3716 lprocedentes]
3052 3626 3446 3713 praetendentes

1860 3732 2001 3785 nulla
2035 3732 2240 3786 ratione
2280 3733 2558 3802 suscipiat,
2588 3736 2712 3803 quia
2737 3736 2898 3804 aliqui
2923 3752 3112 3791 eorum
3141 3738 3442 3799 hiauit-basi.

1858 3824 2021 3892 aliqui
2076 3824 2391 3891 rebaptizati
2443 3826 2637 3892 saepius
2685 3837 2811 3881 sunt
2863 3830 3094 3898 probati.
3150 3830 3441 3885 Ministeria

1858 3922 2017 3979 atque
2045 3926 2296 3967 ornatum
2332 3913 2695 3986 [ornamenta]
2740 3918 3010 3982 ecclesiae,
3057 3920 3141 3974 vel
3187 3921 3441 3991 quidquid

1861 4003 1989 4057 illud
2024 4013 2106 4057 est
2155 4003 2206 4057 in
2253 4004 2575 4073 patrimonio
2613 4006 2879 4075 ejusdem,
2913 4024 3018 4062 non
3050 4010 3291 4063 minuere
3332 4023 3447 4063 stu~

1860 4097 2002 4157 dett,
2030 4094 2123 4147 sed
2153 4110 2367 4163 angere.
2404 4095 2479 4150 De
2507 4096 2680 4150 reditu
2713 4113 2839 4151 vero
2873 4100 3150 4167 Ecclesiae,
3180 4102 3262 4155 vel
3299 4102 3446 4155 obla-

1861 4184 2005 4237 tione
2060 4184 2329 4250 ﬁdelium,
2379 4196 2608 4255 quatuor
2662 4188 2822 4243 faciat
2874 4191 3169 4259 portiones,
3219 4208 3444 4261 quarum

1862 4288 2023 4327 uuam
2054 4276 2154 4328 sibi
2185 4280 2296 4343 ipse
2327 4279 2577 4343 retineat,
2609 4278 2834 4333 alteram
2867 4281 3084 4336 clericis
3124 4298 3221 4352 pro
3245 4285 3450 4338 ofﬁcio-

1864 4381 1980 4418 rum
2011 4366 2295 4419 sedulitate
2317 4368 2630 4435 distribuat,
2664 4370 2874 4424 tertiam
2907 4374 3229 4440 pauperibus
3265 4385 3315 4428 et
3358 4390 3451 4443 pe-

1862 4460 2111 4529 regrinis,
2142 4470 2389 4528 quartam
2428 4463 2807 4517 ecclesiasticis
2839 4466 3054 4521 fabricis
3099 4469 3312 4522 noverit
3360 4485 3447 4522 re-

1864 4553 2205 4615 servandam,
2239 4555 2309 4607 de
2340 4554 2535 4622 quibus
2564 4555 2749 4609 divino
2778 4557 2883 4610 erit
2909 4556 3113 4625 judicio
3140 4560 3458 4613 redditurus.

164 4650 347 4718 recipit
394 4647 609 4719 (Matth.
665 4650 742 4716 x);
798 4648 1139 4715 providentes
1188 4648 1406 4717 insuper
1452 4624 1755 4704 necessaria
1783 4624 1836 4683 υ
1866 4645 2153 4698 rationem.
2207 4645 2595 4700 Ordinationes
2636 4663 2767 4701 vero
2814 4624 3287 4719 presbyterorum,
3336 4652 3451 4706 sivo

168 4742 383 4794 itineris
413 4738 551 4809 ejus,
584 4742 916 4808 comitesque
949 4740 1262 4806 tribuentes,
1293 4740 1469 4793 cibum
1501 4742 1661 4793 etiam
1695 4756 1757 4795 ac

168 4842 380 4901 potum,
412 4833 494 4885 vel
520 4834 561 4885 si
594 4832 717 4898 quid
750 4832 955 4901 eguerit
984 4832 1291 4900 largientes,
1326 4842 1383 4884 ιιι
1412 4846 1517 4884 uno
1572 4832 1758 4887 labore

168 4935 219 4978 et
261 4922 410 4979 socia
459 4922 755 4988 voluntate,
806 4938 938 4993 opus
988 4924 1087 4978 sibi
1134 4922 1401 4978 creditura
1452 4924 1664 4992 pietatis
1704 4936 1758 4980 et

168 5082 275 5136 745
308 5080 496 5150 (gratis
518 5079 675 5150 enim
692 5085 850 5147 atque
874 5091 936 5131 ex
965 5090 1109 5150 mera
1134 5076 1466 5150 conjectura,
1493 5077 1751 5150 collecto-

170 5168 257 5207 res
286 5147 637 5205 conciliorum
662 5148 981 5215 Leptinense
1012 5147 1129 5201 Kal.
1164 5148 1365 5201 Martiis
1393 5150 1514 5199 anui
1541 5149 1644 5203 745
1661 5164 1751 5200 ce-

170 5223 437 5277 lebratum
468 5228 723 5272 revocant
748 5220 812 5271 ad
843 5234 1039 5271 annum
1085 5216 1372 5272 Cbilderiei
1401 5218 1461 5270 ιιι
1498 5220 1749 5285 primum,

169 5308 292 5346 cum
322 5291 467 5344 nulla
489 5292 539 5343 ἰιι
554 5290 670 5356 ejus
689 5291 819 5342 actis
854 5290 995 5354 regis
1019 5290 1159 5341 illius
1184 5291 1479 5355 reperiatur
1501 5290 1746 5353 mentio),

171 5379 360 5417 verum
393 5371 504 5427 post
526 5359 791 5414 Kalendas
806 5359 1045 5425 ejusdem
1076 5360 1276 5412 mensis
1310 5362 1479 5427 primo
1502 5360 1752 5413 alterove

170 5434 259 5487 die
288 5442 534 5486 evectum
584 5431 746 5483 fuisse
776 5431 841 5481 ad
890 5430 1200 5495 dignitatem
1253 5431 1449 5499 regiam
1481 5429 1560 5482 Cll
1589 5428 1749 5482 ldt‘t‘i-

174 5519 297 5557 cum
332 5519 473 5554 anno
502 5500 627 5563 745,
659 5500 987 5568 proindeque
1011 5502 1287 5553 verissime
1309 5508 1566 5565 scriptum
1591 5501 1751 5553 fuisse

176 5576 243 5625 ab
269 5575 493 5635 antiquo
538 5573 801 5637 srripIoe
834 5586 845 5621 :
880 5570 1085 5623 Interea
1136 5581 1322 5635 septem
1375 5570 1527 5621 anuis
1579 5572 1757 5622 uultus

179 5647 277 5708 [uit
312 5646 363 5695 in
395 5641 569 5696 Gallia
599 5658 709 5703 rex,
757 5640 916 5694 modo
946 5641 1013 5695 de
1046 5641 1309 5695 inchoatis
1338 5640 1617 5703 duntaxat,
1654 5657 1757 5693 non

176 5718 243 5766 de
269 5715 530 5766 absolutis
561 5713 846 5779 intelligas.
882 5764 892 5775 ,

248 5786 518 5837 (Za'tet'ttm
556 5778 752 5835 remini
787 5780 1248 5849 prolixiorvidcri
1284 5778 1475 5846 poterit
1503 5788 1587 5830 aut
1620 5778 1759 5847 inju-

179 5856 352 5907 cunda
386 5866 569 5909 nostra
602 5854 715 5906 haec
743 5847 1020 5907 cunctatio
1048 5847 1113 5899 tle
1152 5862 1466 5921 argumento
1498 5851 1672 5919 magni
1708 5853 1757 5903 in

1867 4736 2240 4797 diaconorutn,
2305 4752 2409 4790 non
2468 4738 2566 4790 nisi
2620 4741 2816 4808 quarti,
2880 4742 3097 4809 septimi
3148 4752 3204 4797 et
3253 4742 3450 4798 decimi

1866 4828 2069 4881 mensis
2100 4826 2340 4896 jejuniis,
2371 4828 2463 4881 sed
2496 4838 2547 4882 et
2596 4830 2651 4882 in
2705 4832 2947 4899 ingressu
2978 4833 3449 4901 quadragesima“,

1867 4927 2024 4989 atque
2055 4920 2253 4983 medio,
2297 4934 2522 4989 vespere
2569 4921 2777 4975 sabbati
2820 4924 3030 4977 noverit
3077 4925 3450 4979 celebrandas.

1863 5076 2023 5130 rebus
2050 5076 2449 5142 cltronologicis
2495 5076 2773 5143 momenti,
2821 5093 2994 5146 neque
3047 5080 3305 5135 hactenus
3349 5099 3450 5146 qua

1858 5161 1993 5213 Opus
2022 5159 2137 5200 erat
2165 5149 2508 5200 aceuratione
2538 5157 2787 5210 tractato,
2825 5156 2912 5216 qui
2946 5152 3084 5217 apud
3110 5167 3169 5204 si:
3192 5154 3282 5207 diu
3308 5156 3448 5207 utul—

1858 5226 2092 5341 ξῧιιίιιιυιᾶ
2125 5219 2470 5286 perpendertt
2499 5232 2605 5271 non
2652 5218 2971 5289 inelegantis
3013 5229 3186 5289 poeta:
3228 5239 3449 5279 aureum

1920 5304 1947 5339 u
2019 5304 2047 5341 e
2090 5302 2234 5341 atum
2270 5306 2281 5341 :

1920 5302 1985 5339 uu
2019 5302 2234 5342 enatum
2270 5306 2281 5341 ξ

1922 5418 1934 5430 .
1954 5414 1967 5428 .
1985 5413 2025 5428 ..
2055 5378 2106 5428 Si
2130 5380 2245 5441 quid
2270 5380 2354 5428 tibi
2380 5378 2505 5428 forte
2528 5384 2782 5439 repertum

1860 5441 2089 5491 Pluribus
2114 5444 2303 5489 indiciis
2320 5442 2477 5490 solers
2501 5441 2670 5490 fulcire
2695 5448 2965 5492 momento.

1932 5532 1957 5559 ⁸
2002 5524 2365 5577 l’robabilibns
2390 5524 2681 5595 desideriis.
2730 5524 2981 5579 Forntula
3030 5534 3113 5579 est
3158 5528 3448 5595 generalis,

1864 5612 1983 5665 qua:
2014 5596 2175 5651 scribi
2209 5597 2417 5649 solebat
2446 5594 2649 5647 civitati
2682 5598 2765 5647 eui
2798 5600 3079 5648 ordinatus
3124 5597 3298 5650 fuerat
3334 5600 3452 5663 epi-

1862 5682 2076 5734 scopus.
2112 5666 2355 5719 ’l‘otidetu
2404 5667 2550 5736 enim
2585 5666 2764 5720 verbis
2808 5667 2998 5734 legitur
3028 5667 3168 5721 inter
3199 5668 3455 5736 antiquas

1864 5738 2120 5791 l'ortuulas
2150 5738 2291 5791 Ecclt
2312 5736 2405 5789 size
2427 5734 2700 5808 “ornabat,
2726 5748 2778 5789 et
2808 5737 3115 5792 inscribitur
3145 5757 3155 5790 :
3186 5734 3455 5808 Synoitute

1863 5808 1995 5876 quod
2023 5811 2207 5875 arripit
2235 5808 2521 5876 rpiswpns.
2551 5805 2813 5861 Sttmoxu.
