4168 6556
168 446 277 497 505

1366 435 1719 489 lil‘lS'l'ULAi
1764 435 1848 485 ι·;·ι’
1891 437 2223 493 (,‘ANUKI'IS.

3332 447 3427 501 506

168 568 336 606 noster
378 555 524 604 Cu‘lua
555 553 668 619 fecit
703 550 874 616 (Psal.
908 555 1047 614 xcv).
1104 549 1413 611 Quicunque
1459 552 1636 597 autem
1695 545 1744 594 iu
1779 549 1822 602 Α
1853 562 1955 614 que
1986 554 2261 604 ambulare
2317 552 2459 603 visus
2489 552 2667 614 t'uetit,
2717 567 2835 604 cum
2882 562 3068 607 nostro
3107 569 3312 620 amme,
3347 561 3428 611 vel

175 651 324 699 v'tiit‘s
364 655 717 710 susceperunt
775 642 1043 695 Christum
1093 639 1274 692 Jesuut
1322 639 1597 690 [totttinum
1655 651 1746 686 no-

168 747 371 798 strum,
405 738 452 788 iu
485 738 599 801 ipso
642 733 918 785 ambulent
946 731 1188 793 radicati,
1220 740 1272 780 et
1316 725 1746 790 supermdilicati,

166 837 228 880 et
255 828 552 881 confirmati
584 826 708 886 fide,
738 824 1074 877 abundantes
1105 824 1156 872 ιιι
1191 822 1480 889 gratiarum
1513 820 1746 870 actione.

172 911 364 970 Videte
400 933 457 969 ne
481 917 592 985 quis
633 931 717 967 vos
756 915 974 978 amplius
1019 913 1237 975 decipiat
1262 928 1349 976 per
1378 909 1751 978 philosOpltiam

173 1019 220 1061 et
246 1009 450 1061 inanem
479 1007 744 1074 fallaciam
770 1006 987 1076 (Cdloss.
1021 1005 1102 1072 ιι).
1137 1004 1432 1055 Astutiores
1464 1001 1606 1055 enim
1631 1009 1754 1052 sunt

171 1101 272 1152 tilii
314 1100 675 1161 tenebrarum,
709 1113 864 1165 quam
901 1094 990 1146 lilii
1024 1095 1174 1147 lucis.
1213 1094 1494 1156 Discedite,
1534 1090 1645 1152 lilii,
1687 1092 1754 1143 ab

167 1191 442 1243 idolorum
495 1189 738 1250 cultura;
793 1187 1030 1239 accedite
1089 1197 1141 1239 et
1196 1187 1416 1237 adorate
1472 1184 1751 1235 Dominum

171 1285 370 1349 Deum,
404 1282 491 1351 qui
538 1283 662 1335 fecit
705 1281 900 1334 caelum
933 1289 986 1331 et
1017 1289 1235 1339 terram,
1287 1291 1435 1329 mare
1482 1286 1534 1328 et
1577 1275 1754 1327 omnia

170 1393 301 1442 quae
347 1378 394 1427 in
427 1376 505 1427 eis
550 1386 705 1434 sunt;
752 1383 802 1424 et
836 1375 1008 1424 vultus
1051 1371 1209 1423 vestri
1260 1385 1366 1422 non
1410 1369 1752 1422 erubescent.

171 1465 324 1518 Unus
351 1463 490 1518 etiim
536 1463 789 1516 Dominus
841 1461 1134 1524 hominum,
1169 1463 1474 1523 volucrum,
1518 1461 1753 1528 quadru-

169 1559 395 1622 pedum,
450 1563 504 1606 et
554 1554 797 1620 piscium,
831 1553 919 1618 qui
968 1563 1052 1606 est
1094 1551 1405 1606 benedictus
1461 1553 1512 1604 in
1562 1551 1754 1604 saecula

169 1648 518 1698 su-culdrum.
558 1646 866 1710 lﬂxspoliate
898 1660 992 1697 vos
1023 1660 1149 1712 ergo
1189 1655 1423 1698 veterem
1459 1644 1751 1704 hominem,

167 1747 231 1788 et
263 1736 466 1788 induite
499 1735 769 1788 Christum
794 1747 1009 1796 novum,
1040 1735 1368 1800 deponentcs
1399 1751 1611 1788 onmem
1645 1749 1756 1786 ma-

172 1829 373 1891 litiam,
407 1829 560 1890 iram,
596 1828 1037 1895 indignationem,
1068 1827 1478 1893 blasphemiam.
1523 1827 1754 1892 'l‘urpem

170 1933 486 1973 sermonem
539 1921 704 1971 nolite
755 1919 822 1970 de
873 1934 967 1969 ore
1018 1928 1196 1970 vestro
1225 1919 1540 1984 producere.
1595 1929 1647 1970 et
1689 1917 1755 1968 ab
1793 1891 1837 1949 Β

173 2011 446 2065 idolorum
477 2011 685 2061 cultura
731 2009 984 2060 reccdtte.
1014 2007 1129 2060 Jam
1176 2007 1316 2060 enim
1352 2008 1760 2074 advesperascit

171 2104 298 2156 dies
350 2103 553 2158 saeculi,
608 2110 662 2153 et
710 2110 916 2166 tempus
961 2099 1300 2151 tenebrarum
1353 2103 1760 2165 appropinquat,

176 2195 413 2260 ideoque
466 2193 630 2245 nolite
689 2207 807 2244 esse
859 2192 1039 2252 otiosi,
1096 2191 1189 2243 sed
1242 2190 1413 2257 potius
1461 2189 1760 2256 operamini

176 2301 318 2354 opus
350 2287 567 2347 bonum,
604 2294 657 2336 ut
687 2282 927 2336 Christus
960 2281 1161 2333 habitet
1206 2282 1256 2333 iu
1291 2283 1460 2334 vobis.
1498 2281 1560 2333 fit
1592 2282 1758 2348 quod-

177 2393 378 2444 cunque
411 2377 654 2444 faritisin
678 2375 844 2436 verbo,
874 2383 962 2424 aut
991 2374 1042 2424 in
1065 2388 1237 2438 opere,
1271 2373 1440 2423 omnia
1475 2372 1526 2424 in
1560 2373 1764 2423 nomine

178 2468 395 2520 .I)omini
419 2467 576 2518 nostri
602 2464 726 2517 Jesu
757 2464 944 2515 Clu-isti
971 2463 1141 2530 facile,
1177 2472 1370 2532 gratias
1411 2472 1613 2529 agentes
1658 2460 1766 2512 Deo

176 2569 224 2609 et
258 2555 410 2608 Patri
441 2571 528 2623 per
552 2555 719 2622 ipsum
749 2552 964 2621 (Cotoss.
1001 2562 1110 2611 in),
1138 2562 1454 2617 reSpucotes
1496 2551 1766 2619 gentilita-

181 2650 250 2699 tis
283 2657 506 2709 sectam,
541 2647 772 2698 scientes
816 2658 911 2695 vos
945 2643 1224 2695 Dominum
1259 2642 1458 2695 habere
1491 2644 1540 2694 in
1587 2641 1763 2695 cmlis.

177 2737 427 2790 Orationi
461 2737 724 2789 instantes
771 2733 837 2786 ad
888 2734 1058 2801 ipsmn
1096 2735 1380 2786 Dominum
1427 2748 1522 2786 cor
1551 2734 1760 2800 erigite,

175 2831 428 2897 quoniam
451 2843 667 2895 magnus
697 2836 768 2876 est
803 2825 1052 2876 Dominus
1079 2824 1214 2876 Deus
1244 2833 1435 2888 noster,
1461 2835 1506 2877 et
1531 2825 1769 2876 laudabi-

176 2923 244 2972 lis
279 2919 447 2979 nimis,
494 2930 539 2970 et
567 2915 802 2969 terribilis
831 2931 984 2984 super
1018 2931 1189 2965 omnes
1218 2916 1336 2967 deos
1361 2913 1586 2979 (Psalm.
1619 2921 1765 2982 xcv),

176 3011 270 3078 qui
296 3007 399 3060 ruit
428 3023 600 3060 omnes
628 3008 856 3058 homines
878 3005 1043 3057 salvos
1090 3005 1221 3068 fieri,
1262 3015 1308 3057 et
1342 3007 1408 3056 ad
1455 3007 1766 3073 agnitionem

177 3102 411 3154 veritatis
434 3100 690 3168 pervenire
713 3098 760 3167 (Ι
791 3098 922 3149 Tim.
959 3100 1041 3164 ιι).
1069 3098 1178 3151 lloc
1217 3108 1394 3151 autem
1427 3114 1764 3163 commoneo,

179 3193 403 3255 fratres,
437 3200 493 3243 ut
517 3189 819 3258 quicunque
845 3189 1072 3242 voluerit
1101 3204 1167 3241 ex
1203 3189 1351 3241 vobis
1397 3190 1459 3242 ad
1491 3187 1759 3242 Christum

1851 640 1950 692 sub
2007 654 2190 694 noSIro
2229 641 2599 694 mundeburdo
2649 653 2700 696 et
2730 643 3063 708 defensione,
3097 647 3307 712 quietus
3347 649 3428 699 vel

1851 742 2197 783 conservatus
2245 748 2364 785 esse
2407 732 2640 794 debeat;
2692 749 2751 786 ea
2805 734 3033 797 ratione,
3091 746 3145 787 ut
3175 737 3431 802 justitiam

1855 820 2062 884 reddat,
2108 820 2450 890 et-justitiam
2504 823 2660 876 faciat
2689 832 2742 874 et
2787 825 3035 891 accipiat.
3083 825 3145 876 Et
3183 827 3226 879 si
3258 827 3433 895 aliqua

1856 915 2094 968 causatio
2116 917 2194 968 Vel
2239 921 2532 970 necessitas
2573 919 2622 970 ei
2656 918 2960 985 advenerit,
2989 934 3108 986 qua:
3143 934 3236 987 per
3260 922 3432 989 legem

1860 1006 2071 1060 deﬁniri
2097 1025 2199 1061 non
2228 1010 2487 1076 potuerit,
2513 1025 2680 1078 usque
2709 1022 2833 1063 ante
2863 1026 2960 1062 nos
2986 1013 3196 1076 quietus
3223 1020 3276 1063 et
3306 1027 3436 1065 con-

1856 1107 2101 1151 servatus
2156 1115 2277 1155 esse
2331 1103 2565 1166 debeat,
2619 1113 2721 1155 tam
2776 1103 2929 1170 ipse,
2985 1117 3139 1169 quam
3192 1103 3282 1169 qui
3344 1118 3437 1170 per

1859 1191 2028 1255 ipsum
2066 1193 2358 1247 reclamare
2389 1210 2446 1248 se
2475 1205 2527 1248 et
2554 1208 2768 1262 sperare
2801 1195 3073 1250 videntur.
3101 1195 3170 1250 Ut
3195 1197 3242 1248 ei
3277 1211 3436 1250 nemo

1859 1279 2084 1344 aliquam
2134 1285 2568 1338 contrarietatem
2611 1284 2691 1335 .vel
2738 1283 3132 1338 damnationem
3176 1284 3439 1338 adversus

1859 1384 1976 1419 eum
2013 1371 2187 1422 facere
2238 1385 2544 1437 pnesumat,
2594 1373 2690 1426 sed
2739 1373 2884 1424 ontni
2927 1385 3165 1441 tempore
3213 1373 3314 1427 sub
3347 1390 3440 1426 no-

1859 1471 1971 1510 stro
2005 1461 2376 1515 muudeburtlo
2406 1465 2485 1514 vel
2519 1465 2830 1517 defensione
2856 1461 3066 1530 quietus
3101 1465 3185 1517 vel
3215 1481 3439 1519 conscr~

1863 1560 2022 1603 vatus
2047 1554 2284 1606 residere
2313 1556 2528 1608 debeat.
2566 1550 2630 1607 Et
2658 1564 2715 1608 ut
2743 1556 2942 1609 certius
2974 1555 3244 1619 credatur,
3279 1572 3442 1608 manu

1863 1644 2076 1709 propria
2119 1645 2302 1698 subter
2358 1647 2692 1700 ﬁrmavimus
2724 1659 2775 1700 et
2822 1649 2890 1702 de
2931 1649 3129 1702 annulo
3159 1658 3342 1701 nostro
3371 1651 3444 1702 si-

1862 1733 2184 1800 gdlavimus.

2423 1826 2754 1881 EPISTULA
2797 1827 2890 1882 IX.

2007 1929 2253 1967 CREGOMI
2289 1932 2433 1967 ΡΛΡᾸΞ
2467 1931 2501 1968 II
2549 1927 2614 1969 K0
2645 1933 2959 1971 BONIFACIUH
2991 1932 3303 1972 EPISCOPUII.

1866 2003 2174 2077 Gratulatur
2201 2007 2263 2056 de
2303 2008 2591 2072 inﬁdelium
2642 2011 2987 2072 conversione,
3030 2012 3363 2077 hortaturque
3393 2021 3449 2062 ut

2009 2076 2060 2126 in
2093 2088 2250 2144 cmpto
2281 2077 2410 2127 verbi
2452 2081 2727 2131 ministerio
2768 2091 3058 2132 constanter
3082 2076 3300 2132 insistat.

1943 2187 2400 2241 Reverentissimo
2462 2199 2514 2241 et
2571 2189 2913 2243 sanctissimo
2967 2191 3111 2243 fratri
3177 2191 3449 2244 Uonil'acio

1867 2279 2188 2346 coepiscopo
2221 2278 2516 2347 Gregorius
2549 2269 2749 2332 servus
2770 2295 3049 2333 servorum
3087 2283 3198 2334 Dei.

1938 2370 2168 2421 Credita:
2197 2354 2580 2434 speculationis
2612 2372 2975 2424 Sollicitudine
3007 2377 3254 2439 permoti,
3286 2389 3448 2426 evan-

1870 2458 2034 2523 gelica
2069 2473 2282 2525 quoque
2317 2459 2679 2521 institutione,
2713 2476 2813 2526 qua
2846 2462 3090 2513 Christus
3143 2463 3251 2514 ait:
3290 2461 3449 2514 Obse-

1870 2559 2006 2599 cmte
2037 2547 2313 2599 Dominum
2341 2550 2515 2601 messis
2555 2560 2607 2600 ut
2644 2550 2842 2619 iujiciat
2875 2553 3132 2617 aperarios
3160 2553 3213 2604 in
3240 2569 3452 2605 messem

1868 2656 2010 2691 suam
2041 2637 2254 2706 (Matth.
2289 2639 2386 2704 ιιι),
2433 2649 2575 2692 tuam
2609 2641 2834 2706 proinde
2876 2642 3222 2695 reverendam
3259 2643 3454 2696 frater-

1873 2734 2095 2786 nitatem
2149 2734 2214 2785 ad
2273 2734 2627 2788 imitationem
2673 2738 3038 2802 apostolorum
3087 2737 3170 2806 (ut
3225 2735 3453 2788 Domino

1869 2826 2086 2893 jubente
2124 2825 2373 2891 prmcepti
2407 2834 2554 2887 sunt,
2587 2822 2780 2877 Euntes
2828 2825 3106 2888 pra’dicate
3137 2827 3456 2891 evangelium

1872 2916 2016 2985 regni
2037 2914 2229 2985 [Μιινο.
2261 2912 2372 2983 xvi]
2393 2932 2405 2978 ;
2425 2912 2597 2967 Gratis
2620 2916 2907 2984 accepistis,
2924 2916 3082 2984 gratis
3105 2917 3220 2967 date
3239 2914 3452 2985 [Matt/i.

1877 3007 1932 3078 ιι]
1956 3004 1978 3070 )”
2005 3008 2057 3060 in
2093 3006 2331 3074 partibus
2367 3005 2742 3073 liesperiarum
2777 3004 3113 3077 [llessorum]
3158 3005 3223 3058 ad
3259 3005 3456 3058 illumi-

1875 3100 2148 3151 nationem
2179 3097 2513 3150 Germanica:
2535 3098 2712 3165 gentis
2744 3098 2795 3148 in
2825 3096 3008 3148 umbra
3044 3097 3232 3150 mortis
3261 3097 3457 3150 seden-

1876 3189 1942 3242 tis
1972 3188 2203 3254 dirigere
2243 3187 2610 3255 prmvidimus,
2645 3188 2853 3240 lucrum
2905 3197 2960 3239 ut
2993 3187 3116 3241 inde
3163 3199 3451 3254 apportare

175 3281 448 3344 converti,
482 3280 629 3333 nullo
655 3279 815 3332 modo
841 3293 961 3332 eum
990 3277 1343 3346 prohibeatis,
1377 3295 1548 3348 neque
1578 3281 1682 3332 vim
1715 3283 1761 3334 ei
1791 3246 1833 3308 C
1873 3281 2125 3342 deberes,
2159 3281 2309 3347 quasi
2341 3294 2528 3332 servus
2567 3280 2656 3333 ille
2687 3279 2755 3332 de
2803 3280 3018 3347 negotio
3060 3279 3267 3342 talenti,
3313 3279 3455 3332 sicut

179 3371 393 3425 faciatis
433 3368 698 3436 seulptilia
744 3369 993 3433 adorare,
1035 3369 1159 3435 quia
1205 3369 1319 3435 ipse
1367 3369 1610 3423 Christus
1659 3371 1766 3422 Do-

180 3463 368 3517 minus
395 3460 528 3514 vivit
554 3474 674 3514 cum
731 3458 838 3512 Deo
868 3459 1028 3511 Patre
1058 3460 1429 3526 omnipotente
1475 3462 1527 3514 in
1563 3460 1770 3512 unitate

183 3551 424 3620 Spiritus
453 3551 620 3603 sancti
654 3563 748 3616 per
777 3547 962 3600 omnia
984 3547 1178 3600 saecula
1205 3548 1544 3601 smculorum.
1573 3550 1764 3600 Amen.

183 3642 523 3701 Cttarissimi,
557 3639 731 3691 ﬁdelis
760 3645 843 3691 est
877 3637 1141 3703 minister,
1187 3647 1241 3690 et
1262 3652 1553 3691 conservus
1585 3639 1634 3690 in
1664 3637 1770 3690 Do-

177 3734 356 3794 mino,
389 3731 550 3784 frater
572 3743 636 3782 ac
663 3728 1017 3796 coepiscopus
1047 3739 1229 3782 noster
1263 3729 1582 3793 Bonifacius,
1606 3745 1766 3796 qtmn

179 3826 312 3878 misi
339 3823 490 3876 vobis
520 3822 585 3874 ad
621 3821 722 3872 hoc
752 3820 948 3886 ipsum,
983 3829 1041 3872 ut
1067 3817 1330 3889 [Fidelem
1364 3820 1688 3880 ministrum,
1718 3829 1768 3873 ct

178 3930 502 3971 conservum
532 3912 648 3964 misi
670 3911 739 3964 ad
764 3925 857 3965 vos
883 3911 1211 3965 Bonifacium
1243 3911 1482 3971 fratrem,
1510 3922 1560 3964 et
1588 3913 1770 3976 coepi-

174 4021 407 4072 scopum
457 4019 629 4058 meum
685 4001 750 4054 ad
803 4004 904 4055 hoc
955 4004 1146 4067 ipsum,
1198 3998 1276 4069 ut]
1326 4011 1612 4070 cognoscat
1650 4017 1767 4069 qua:

176 4100 330 4150 circa
389 4110 481 4148 vos
532 4103 676 4158 sunt,
730 4102 783 4146 et
837 4092 1150 4145 coosoletur
1200 4092 1361 4145 corda
1417 4101 1593 4146 vestra
1645 4107 1766 4145 cum

183 4187 586 4242 exhortationis
613 4184 776 4237 verbo
807 4183 861 4236 in
893 4182 1105 4236 Christo
1135 4182 1257 4235 Jesu
1289 4183 1516 4235 Domino
1560 4193 1765 4244 nostro,

175 4292 243 4334 ut
272 4297 298 4332 a
338 4280 596 4332 diabolica
630 4276 838 4330 liberati
877 4274 1063 4329 fraude
1111 4274 1418 4328 utereamini
1464 4275 1765 4341 adoptionis

178 4372 311 4428 tiliis
345 4371 641 4439 aggregari,
674 4378 729 4422 et
760 4379 812 4421 ut
842 4370 908 4419 ab
948 4377 1144 4420 aeterna
1178 4367 1521 4420 damnatione
1554 4367 1766 4421 liberati

173 4470 350 4516 vitam
385 4463 626 4516 habeatis
656 4471 932 4513 a'ternam.

720 4570 1048 4624 EPlSTtiLA
1094 4570 1225 4622 Vlll.

343 4678 533 4718 CAN)”
568 4677 781 4715 MAJORIS
814 4676 984 4716 DOMUS
1013 4676 1264 4715 EPISTOLA
1296 4676 1606 4716 GENI’ZRALIS.

260 4760 333 4811 De
359 4766 591 4824 suscepto
621 4757 670 4807 in
699 4755 1050 4891 tuitiogernrac
1078 4752 1426 4819 defensionem
1458 4753 1696 4820 episeopo

879 4840 963 4876 om
993 4839 1130 4875 aeto.

879 4839 1130 4876 οηιιαειο.

253 4920 497 4974 Dominis
527 4918 727 4973 sanctis
757 4927 811 4971 et
835 4915 1146 4984 apostolicis
1177 4916 1227 4968 in
1269 4915 1485 4969 Christo
1525 4915 1765 4982 patribus

173 5014 476 5080 episcopis,
508 5011 758 5069 ducibus,
792 5008 1100 5069 comitibus,
1147 5007 1385 5068 vicariis,
1430 5004 1763 5068 domeSIicis,

175 5122 268 5159 ~eu
305 5102 560 5157 omnibus
587 5101 867 5170 agentibus
903 5098 1208 5166 junioribus
1239 5099 1460 5162 nostris,
1493 5113 1587 5152 seu
1637 5100 1767 5150 mis-

169 5201 250 5248 sis
281 5193 718 5255 decurrentibus,
742 5200 799 5244 et
825 5190 1011 5243 amicis
1040 5189 1266 5251 nostris,
1295 5189 1515 5242 illustris
1548 5190 1627 5240 vir
1661 5188 1762 5242 tia-

169 5288 330 5341 rolus
361 5284 528 5351 major
553 5283 744 5335 domus
771 5282 908 5336 bene
932 5281 1153 5348 cupiens
1181 5293 1375 5334 vester.

251 5373 604 5444 Cognoscatis
650 5372 877 5440 qualiter
924 5372 1260 5441 apostolicus
1310 5373 1412 5431 vir.
1450 5372 1501 5425 in
1547 5373 1764 5427 Christo

171 5480 334 5537 pater
367 5465 672 5519 Bonifacius
721 5464 1004 5532 episcopus
1046 5466 1112 5518 ad
1165 5481 1261 5518 nos
1303 5465 1447 5520 venit
1497 5476 1552 5519 et
1607 5467 1763 5521 nobis

169 5562 451 5629 suggessit
479 5558 618 5626 quod
661 5557 760 5610 sub
804 5567 991 5611 nostro
1041 5558 1413 5611 mundeburdo
1445 5558 1528 5610 vel
1570 5559 1762 5611 defen-

165 5657 331 5707 sione
379 5664 496 5703 eum
548 5651 787 5718 recipere
833 5650 1172 5704 deberemus.
1222 5651 1373 5715 Quod
1423 5650 1492 5702 ita
1535 5653 1762 5718 gratanti

167 5749 362 5799 animo
389 5757 488 5797 nos
518 5739 712 5796 fecisse
735 5744 1064 5809 cognoscite.
1099 5741 1329 5796 Proinde
1359 5757 1485 5810 ergo
1517 5743 1691 5796 taliter
1713 5744 1760 5797 ei

169 5856 339 5894 manu
373 5848 554 5890 nostra
591 5836 895 5890 roboratam
922 5837 1047 5892 dare
1079 5837 1172 5892 visi
1203 5852 1406 5900 smnus,
1444 5848 1500 5890 ut
1531 5835 1758 5889 nbit-uu-

1875 3374 2130 3440 scriptum
2173 3382 2278 3434 est,
2311 3372 2444 3424 tidus
2486 3374 2536 3423 iu
2574 3373 2752 3424 futuro
2778 3371 2984 3424 auctori
3017 3373 3212 3424 asserit
3245 3371 3351 3422 lieo
3381 3370 3457 3423 fe-

1879 3465 2016 3516 cisse
2061 3461 2272 3531 (Nattlt.
2322 3477 2464 3524 xxv;
2510 3461 2636 3515 Luc.
2668 3461 2802 3531 XIX).
2839 3460 2992 3526 Quod
3039 3463 3162 3529 quia
3211 3475 3277 3513 cx
3323 3463 3454 3513 obe-

1877 3555 2085 3608 dientia:
2114 3567 2337 3606 munere
2365 3551 2720 3604 ministerium
2747 3552 2892 3606 verbi
2919 3555 3189 3604 cei-nimus
3212 3552 3455 3613 adolere,

1877 3656 1928 3700 et.
1978 3645 2376 3712 praedicationis
2430 3646 2702 3708 praeconio
2749 3644 3003 3712 populum
3057 3643 3354 3706 infidelem,
3399 3655 3456 3697 ut

1876 3737 2180 3799 iunotuisti,
2233 3736 2534 3789 audivimus
2590 3736 2878 3800 converti,
2935 3735 3138 3788 Domini
3199 3735 3453 3802 potentiae

1872 3830 2069 3897 gratias
2101 3827 2415 3891 referentes,
2449 3836 2504 3880 ut
2552 3828 2685 3893 ipse,
2719 3843 2747 3878 a
2781 3842 2884 3894 quo
2935 3827 3131 3879 bonum
3185 3825 3452 3894 procedit,

1874 3935 1929 3976 et
1957 3922 2021 3974 ad
2068 3923 2392 3989 agnitionem
2438 3920 2554 3973 vult
2608 3934 2793 3973 omnes
2829 3920 3014 3972 venire
3060 3919 3324 3982 veritatis,
3362 3917 3456 3972 tibi

1874 4023 2120 4080 optamus
2147 4021 2204 4064 ut
2243 4019 2581 4077 cooperetur,
2615 4021 2670 4063 et
2717 4024 2744 4061 a
2793 4010 3026 4062 tenebris
3067 4009 3132 4062 ad
3159 4010 3328 4062 lucem
3356 4024 3454 4074 po-

1878 4103 2052 4169 pulum
2112 4103 2258 4152 illum
2321 4116 2432 4153 sua:
2492 4100 2744 4167 potentia:
2800 4099 3154 4166 inspiratione
3209 4098 3448 4152 reducat.

1877 4193 2007 4246 llioc
2038 4193 2179 4244 enim
2215 4192 2366 4244 vobis
2399 4205 2606 4244 merces
2652 4190 2865 4256 cepiosa
2913 4189 3186 4243 credimus
3218 4190 3357 4258 quod
3386 4189 3455 4242 ab

1873 4286 2244 4350 mnnipotente
2291 4284 2401 4336 Deo
2433 4283 2737 4335 ascribatur
2789 4283 2838 4334 in
2871 4281 3045 4334 cmlis.
3078 4279 3280 4332 Bonum
3322 4284 3454 4332 enim

1871 4384 2143 4435 certamen,
2197 4373 2237 4425 si
2291 4372 2744 4440 perseveraveris,
2796 4373 2968 4438 possis
3018 4385 3136 4424 cum
3187 4371 3449 4437 Apostolo

1869 4467 2088 4517 dicere:
2118 4464 2338 4524 Certavi,
2381 4479 2587 4516 cursum
2647 4465 3015 4529 consummavi,
3057 4465 3212 4524 ﬁdem
3257 4464 3451 4516 servavi

1797 4592 1841 4650 Β
1873 4555 1958 4623 (ll
1986 4554 2120 4606 Tim.
2156 4557 2256 4620 tv).
2291 4556 2396 4611 Sed
2433 4565 2486 4606 ut
2530 4569 2784 4607 coronam
2831 4555 3093 4621 percipias
3126 4556 3324 4609 lab0ris
3365 4557 3449 4608 iu-

1869 4650 2033 4710 sisle;
2068 4648 2350 4714 pollicetur
2384 4646 2522 4699 enim
2561 4645 2700 4699 Deus
2723 4647 3188 4712 perseverantibus
3214 4650 3262 4699 in
3290 4647 3448 4700 ﬁnem

1870 4738 2118 4791 salutem.
2152 4738 2336 4791 Necte
2371 4738 2532 4790 mina:
2577 4746 2834 4798 terreant,
2868 4753 2966 4791 nec
2995 4739 3251 4804 dejieiant
3279 4747 3452 4792 terro-

1870 4844 1976 4893 res,
2003 4828 2095 4880 sed
2124 4826 2282 4879 ﬁxam
2320 4828 2370 4879 in
2403 4827 2509 4878 Deo
2542 4836 2730 4879 tenens
2761 4827 3009 4880 fiduciam
3045 4829 3286 4881 veritatis
3331 4845 3449 4881 ver-

1870 4922 1992 4974 bum
2026 4921 2301 4974 denuntia.
2344 4920 2454 4971 Erit
2480 4919 2623 4971 enim
2655 4933 2720 4971 ex
2752 4918 3023 4986 adjutorio
3054 4919 3238 4972 divino
3272 4930 3450 4986 prote-

1876 5013 1972 5064 ctio
2005 5009 2177 5080 jErlit.
2206 5010 2382 5072 Itam.,
2436 5005 2742 5078 perfectio],
2777 5017 2983 5061 tantum
3029 5010 3102 5062 sit
3151 5011 3344 5063 bonum
3395 5013 3447 5064 in

1870 5107 2140 5156 voluntate
2170 5118 2324 5168 opus.
2363 5103 2525 5170 Igitur
2575 5112 2805 5168 quantos
2851 5101 2919 5153 ab
2947 5115 3133 5155 errore
3162 5115 3446 5155 converte-

1867 5197 1962 5258 ris,
1995 5195 2327 5263 syllabarum
2362 5201 2573 5245 tuarum
2607 5192 2872 5245 recensito
2905 5203 3049 5245 textu
3078 5195 3444 5259 cognovimus,

1869 5286 1974 5341 lzcti
2005 5286 2198 5339 uberes
2229 5286 2334 5338 Deo
2366 5285 2565 5351 gratias
2606 5292 2826 5351 agentes
2856 5284 2923 5337 de
2956 5284 3104 5336 lucro
3145 5285 3443 5337 animarum

1868 5376 2218 5430 essultamus.
2258 5372 2426 5426 Porro
2453 5389 2548 5441 pro
2574 5374 2828 5438 episcopo
2860 5372 2952 5424 illo
2984 5373 3070 5439 qui
3106 5387 3245 5425 nunc
3279 5388 3447 5438 usque

1866 5465 2067 5519 desidia
2099 5463 2325 5532 quadam
2379 5463 2432 5515 in
2463 5462 2649 5515 eadem
2694 5473 2855 5529 gente
2897 5461 3292 5529 przedicationis
3325 5477 3446 5515 ver—

1868 5561 1990 5614 bum
2040 5557 2395 5610 disseminare
2441 5556 2768 5621 neglexerat,
2820 5565 2874 5608 et
2906 5569 3048 5608 nunc
3097 5556 3196 5607 sibi
3245 5565 3444 5622 partem

1868 5649 2019 5718 quasi
2049 5650 2100 5702 in
2126 5648 2432 5715 parochiam
2464 5647 2727 5711 defendit,
2763 5646 2957 5700 Carolo
2986 5646 3446 5701 excellentissimo

1867 5743 1976 5795 tilio
2005 5750 2187 5794 nostro
2217 5738 2440 5805 patricio
2471 5740 2649 5808 [Deest
2685 5736 2952 5808 patricio],
2986 5746 3038 5791 ut
3065 5753 3184 5792 eum
3227 5755 3444 5803 compe-

1865 5843 1977 5888 st'at
2024 5831 2333 5890 suzuleutes,
2367 5829 2602 5895 paternis
2633 5828 2826 5882 litteris
2858 5829 3190 5896 scripsimus,
3237 5839 3289 5882 ct.
3328 5843 3442 5882 cre-
