4168 6548
709 427 811 481 507

1967 421 2023 476 S.
2067 416 2397 474 GREGORH
2440 415 2640 471 ΡΛΡᾹΞ
2682 416 2723 470 ll

3880 425 3980 481 508

707 545 884 597 dimus
911 543 1049 610 quod
1087 541 1184 595 hoc
1224 541 1377 594 vitari
1412 536 1628 611 [vetari]
1675 537 1974 607 praecipiat,
2010 537 2128 601 ipse
2159 551 2287 588 vero
2313 539 2364 594 Λ
2393 531 2572 585 robore
2605 529 2671 599 (Ι
2704 530 2831 598 Iteg.
2861 532 2975 598 tt);
3010 545 3104 598 pro
3132 547 3196 582 eo
3236 532 3377 599 quod
3421 532 3563 585 nulla
3606 544 3686 586 est
3726 535 3793 586 ad
3834 538 3975 590 intir~

711 647 1034 702 Opportnne,
1083 633 1408 699 importune,
1447 628 1740 698 praedicare
1778 643 1896 692 qua:
1945 636 2073 679 sunt
2104 626 2290 679 salutis

708 726 1069 778 nondesinas.
1105 721 1272 790 Igitur
1303 723 1590 790 'l‘bnriugis
1639 729 1693 774 et
1741 718 2044 773 Germania:
2095 721 2291 786 populo

707 832 768 873 na
815 832 931 881 qnze
971 817 1036 868 ad
1070 817 1263 868 anima:
1309 815 1602 880 respiciunt
1651 812 1936 865 utilitatem
1969 821 2025 866 et
2064 813 2287 864 salutem

712 908 952 961 scribere
995 923 1096 960 non
1152 906 1454 970 omisimus,
1499 905 1851 958 admonentes
1901 906 2041 957 inter
2071 905 2195 969 alia,
2232 910 2290 955 ut

704 1005 1020 1050 construant
1043 998 1314 1064 episcoliia
1347 1005 1402 1050 et
1425 997 1703 1050 ecclesias.
1730 996 1847 1064 Ipse
1874 995 2038 1057 enim,
2064 994 2156 1061 qui
2184 1009 2287 1045 non

715 1089 831 1140 vult
854 1097 1082 1140 mortem
1115 1087 1433 1153 peccatoris,
1463 1087 1557 1139 sed
1583 1087 1752 1153 magis
1780 1096 1834 1136 tit
1865 1094 2210 1136 convertatur
2235 1092 2289 1134 et

705 1185 854 1233 vivat
878 1180 1094 1250 (Ezech.
1126 1183 1304 1246 xvm),
1331 1179 1435 1232 erit
1461 1180 1710 1232 omnilms
1736 1179 1955 1230 daturus
1989 1178 2288 1230 incremen-

707 1284 842 1328 tttttt.
877 1274 1014 1327 Deus
1057 1282 1109 1326 te
1155 1273 1462 1326 incolnmen
1496 1273 1782 1326 custodiat.
1827 1272 1954 1324 Data
1987 1271 2156 1338 pridie
2184 1271 2288 1322 No-

707 1379 806 1417 nas
841 1363 1172 1427 Decembris,
1216 1363 1512 1431 imperante
1538 1364 1758 1416 domino
1781 1364 2020 1430 piissimo
2047 1364 2288 1429 Angusto

708 1459 910 1518 Leone,
943 1472 970 1509 a
1006 1457 1117 1511 Deo
1149 1467 1428 1520 coronato,
1462 1471 1655 1524 magno
1688 1457 2032 1518 imperatore,
2056 1468 2198 1506 anno
2230 1455 2283 1518 8,

706 1561 828 1620 post
872 1552 1214 1606 consulatum
1260 1551 1376 1621 ejus
1424 1568 1566 1606 anno
1598 1551 1652 1614 8,
1703 1550 1792 1603 sed
1841 1560 1894 1601 et
1934 1547 2288 1602 Constantino

707 1657 902 1711 magno
933 1643 1232 1710 imperante
1262 1647 1379 1709 ejus
1413 1643 1547 1704 lilio,
1579 1655 1718 1694 anno
1749 1638 1802 1703 5,
1837 1637 2129 1693 indictione
2162 1639 2214 1692 8.

1275 1776 1598 1829 EPISTULA
1645 1775 1709 1828 Χ.

701 1881 946 1919 GItFGDRII
990 1883 1310 1920 SANCTISSHII
1355 1883 1501 1920 PAPJ‘I
1546 1884 1737 1920 “(IMM‘U
1789 1883 1855 1918 ΑΙ)
1905 1877 2284 1917 μλλετιςςικυιι
2320 1888 2368 1947 Β

776 1952 1056 1988 αεηδηκωι
1083 1978 1095 1997 ,
1136 1953 1222 1997 QUI
1265 1953 1474 1990 FUEBAT
1517 1952 1846 1991 PATRIAIICIIA
1891 1949 2283 1988 CONSTANTINU-

779 2021 995 2058 POLEOS.

777 2095 963 2160 Qualis
991 2104 1046 2146 et
1074 2112 1188 2161 qua:
1220 2097 1503 2148 delectatio
1536 2113 1708 2149 meam
1741 2097 1816 2149 sic
1860 2096 2134 2150 lzctilicare
2177 2097 2293 2150 ani-

708 2201 854 2236 Inatn
889 2186 1034 2236 limit
1061 2228 1074 2251 ,
1115 2185 1256 2238 sicut
1295 2185 1568 2252 gratificns
1616 2188 1832 2238 nuntius
1871 2202 2034 2252 super
2076 2197 2166 2238 tuo
2199 2203 2292 2239 no-

706 2277 852 2329 mine
873 2317 886 2338 ,
921 2279 1061 2341 quod
1096 2278 1450 2331 reverendam
1482 2293 1670 2331 revera
1701 2278 1833 2331 mihi
1862 2288 1916 2330 et
1946 2279 2295 2346 magniﬁcan-

707 2371 833 2420 dunt
869 2369 1122 2422 decenter
1163 2378 1281 2432 est,
1312 2385 1345 2421 ο
1380 2368 1710 2422 sanctificate
1749 2378 1803 2422 et
1843 2369 2097 2422 divinitus
2132 2371 2295 2424 acte?

712 2462 826 2514 lloc
857 2461 998 2513 enim
1030 2471 1081 2513 ct
1110 2476 1248 2512 nunc
1278 2475 1377 2528 ego
1409 2477 1501 2526 per
1542 2459 1885 2513 honorabiles
1929 2461 2135 2512 litteras
2179 2469 2297 2515 tuas

717 2551 1113 2620 evangelizatus
1144 2548 1374 2601 exultavi
1395 2587 1410 2610 ,
1442 2559 1493 2600 et
1523 2562 1634 2616 prze
1661 2547 1825 2599 nimio
1852 2549 2072 2615 gaudio,
2106 2547 2297 2615 spiritu

710 2639 1011 2690 Lctilicatus
1054 2652 1194 2689 sum.
1244 2639 1440 2691 Deinde
1484 2639 1534 2691 in
1581 2638 1774 2691 coelum
1820 2638 2116 2691 extendens
2164 2655 2296 2693 ocu-

714 2728 846 2795 lum,
881 2727 1170 2796 gratiarum
1199 2728 1522 2782 dominatori
1549 2730 1786 2781 omnium
1818 2729 1927 2782 Deo
1957 2731 2108 2783 retuli
2136 2730 2302 2785 actio-

715 2835 851 2884 nes,
901 2818 990 2886 qui
1037 2818 1214 2873 taliter
1256 2821 1418 2873 etiam
1465 2819 1624 2872 modo
1667 2820 1868 2886 voluit,
1903 2829 1956 2874 et
2000 2822 2104 2876 fine
2147 2832 2302 2876 tenus

717 2913 869 2965 vobis
899 2922 1238 2980 cooperatur,
1273 2923 1326 2964 et
1359 2913 1538 2964 omnia
1571 2922 1749 2965 vestra
1798 2912 1849 2964 in
1883 2913 2055 2965 lucem
2099 2912 2300 2967 educit.

716 3004 833 3059 Hoc
864 3006 1007 3060 enim
1039 3013 1092 3057 et
1123 3005 1386 3058 orandum
1422 3005 1550 3057 mihi
1581 3015 1665 3057 est
1697 3013 1856 3058 noctu
1886 3014 1939 3058 et
1966 3005 2220 3071 interdiu,
2251 3018 2308 3060 et

715 3114 989 3166 nunquam
1049 3097 1338 3164 aliquando
1398 3097 1498 3150 hoc
1556 3096 1883 3149 desiderium
1940 3097 2306 3150 deserendum

715 3201 837 3240 esse
871 3189 921 3238 in
951 3186 1166 3239 Christo
1198 3186 1475 3239 conlidens
1507 3185 1884 3253 pronuntiabo.
1917 3184 2303 3239 Testimonium

719 3289 898 3332 autem
935 3277 1179 3344 perhibet
1211 3279 1446 3329 sermoni
1485 3293 1622 3339 meo,
1656 3293 1688 3330 ο
1717 3277 2160 3344 superlaudabilis
2190 3287 2245 3332 et
2271 3293 2301 3332 a

723 3370 835 3421 Deo
865 3367 1096 3433 dilecte,
1129 3366 1290 3420 etiam
1325 3379 1428 3420 tua:
1460 3383 1553 3435 per
1584 3382 1799 3421 omnem
1835 3367 2020 3421 horam
2068 3370 2305 3423 benevo-

723 3464 900 3515 lentia:
955 3461 1302 3514 recordatio:
1357 3475 1514 3528 qnam
1570 3460 1938 3513 babitatricetn
1996 3460 2199 3514 habens
2251 3460 2303 3514 in

723 3549 910 3613 labiis,
945 3558 999 3603 et
1030 3549 1270 3602 dolorem
1304 3551 1450 3601 verbi
1495 3546 1638 3602 ferre
1670 3563 1776 3600 non
1809 3548 2027 3611 valens,
2062 3549 2208 3602 illico
2239 3550 2304 3604 ad

717 3640 936 3694 all'atum
989 3653 1083 3706 per
1136 3639 1341 3690 litteras
1389 3636 1689 3705 preperavi.
1742 3637 1834 3690 Est
1880 3638 2022 3690 enim
2070 3639 2304 3693 debitum

721 3733 850 3786 mibi
874 3772 889 3794 ,
921 3741 976 3786 et
1001 3731 1197 3785 debitis
1223 3731 1430 3784 cunctis
1463 3730 1755 3798 insignius,
1787 3739 1841 3782 te
1869 3730 2088 3783 fratrem
2129 3746 2306 3784 meum

725 3832 780 3875 et
829 3829 1277 3889 propugnatorem
1310 3819 1565 3872 Ecclesiae
1603 3819 1841 3872 salutare
1887 3833 1947 3872 ae
1989 3819 2224 3887 alloqui,
2257 3829 2310 3874 et

726 3914 1080 3966 lnctamimnn
1139 3922 1354 3964 tuorum
1408 3911 1716 3964 collaudare
1764 3911 2034 3965 materias.
2088 3912 2307 3966 Etiamsi

720 4007 842 4073 quis
887 4006 1028 4059 dicat
1071 4014 1124 4058 et
1168 4004 1324 4057 valde
1363 4003 1751 4057 convenit-nter
1789 4003 1985 4056 clamet
2025 4005 2206 4071 potius
2247 4020 2308 4058 ea

732 4097 1023 4161 impietatis
1073 4109 1398 4162 prsecnrsor,
1450 4095 1539 4162 qui
1594 4109 1735 4148 nunc
1781 4109 1968 4160 passus
2010 4103 2126 4159 est,
2171 4097 2308 4150 bona

727 4187 945 4240 actione
979 4185 1171 4238 malam
1203 4185 1468 4238 actionem
1502 4184 1606 4236 tuis
1637 4192 2057 4237 commutaturus
2085 4184 2311 4239 felicita-

725 4279 888 4330 tibus.
922 4276 1052 4328 Nam
1084 4273 1446 4328 arbitrabatur
1471 4273 1761 4327 secundum
1803 4273 1957 4327 illum
1991 4274 2079 4342 qui
2119 4274 2310 4328 desur-

723 4380 842 4419 sum
893 4364 1087 4418 cecidit
1137 4362 1368 4416 fremere
1413 4362 1573 4415 simul
1618 4372 1672 4416 et
1711 4363 2006 4431 praevalere
2046 4364 2308 4419 adversus

729 4457 1024 4522 pietatem,
1061 4455 1155 4506 sed
1201 4453 1492 4520 impeditur
1515 4452 1730 4507 caelitus
1771 4467 1865 4520 spe
1903 4454 2214 4519 fraudatus;
2256 4465 2312 4508 et

728 4547 982 4600 audiebat
1009 4545 1219 4614 quidem
1250 4545 1319 4598 ab
1350 4543 1585 4597 Ecclesia
1615 4559 1676 4598 ea
1707 4559 1827 4612 qnt'e
1853 4551 1909 4597 et
1932 4542 2138 4598 Pharao
2168 4545 2312 4612 prius

735 4637 1024 4707 Aigyptius
1065 4646 1354 4704 tyrannus,
1397 4636 1579 4705 Moyse
1624 4637 1691 4689 de
1735 4635 1824 4689 illo
1865 4646 2132 4689 canente:
2167 4635 2311 4688 Dixit

729 4728 996 4790 inimicus,
1015 4724 1333 4794 Perseqttens
1360 4724 1788 4790 comprehendam
1806 4763 1819 4787 ,
1868 4725 2094 4786 partibor
2119 4726 2312 4794 spolia,

731 4817 940 4884 replebo
966 4816 1194 4868 animam
1221 4831 1383 4868 meam
1413 4816 1430 4883 (
1456 4813 1628 4867 Exod.
1662 4829 1734 4868 xv
1760 4816 1799 4883 ).
1832 4815 1934 4868 Sed
1976 4824 2032 4867 et
2069 4816 2320 4868 audiebat

729 4925 849 4978 quae
873 4916 929 4961 et
955 4908 1070 4976 ipse
1098 4907 1365 4971 diabolus,
1391 4919 1442 4960 et
1472 4921 1590 4959 eunt
1622 4910 1929 4973 prophetica
1963 4908 2036 4960 illi
2069 4923 2316 4975 praenun-

735 5001 961 5053 tiaretur
1005 4999 1310 5053 maledictio
1345 5017 1357 5050 :
1406 4997 1685 5064 PrOpterea
1725 4999 1946 5051 destruet
1990 5007 2037 5050 te
2081 4997 2223 5051 Deus
2263 5000 2316 5048 in

737 5091 890 5158 ﬁnem
913 5131 928 5154 ,
960 5091 1134 5143 evellet
1167 5100 1214 5143 te
1233 5130 1248 5154 ,
1282 5100 1328 5142 et
1357 5090 1628 5159 emigrabit
1659 5101 1706 5141 te
1735 5092 1798 5142 de
1828 5089 2153 5142 tabernaculo
2185 5102 2312 5158 tuo;

736 5189 783 5232 et
813 5181 1038 5231 radicem
1065 5188 1203 5231 tuam
1229 5179 1291 5231 de
1319 5189 1452 5232 terra
1480 5179 1748 5232 viventium
1780 5177 2000 5248 (Psolm.
2034 5180 2132 5241 1,1).
2167 5181 2234 5230 Ita
2264 5189 2318 5233 et

741 5269 835 5321 ille
866 5277 1059 5335 prmter
1099 5284 1248 5335 spem
1279 5271 1556 5320 conatibus
1589 5268 1679 5336 qui
1711 5270 1761 5321 in
1789 5285 1883 5334 spe
1910 5281 2060 5322 erant
2095 5269 2317 5323 frustra-

739 5370 825 5412 tus
858 5360 1043 5425 periit,
1075 5373 1307 5425 superno
1336 5373 1507 5425 agone
1537 5373 1712 5412 vestro
1743 5369 1796 5413 et
1836 5361 2031 5414 robore
2060 5371 2316 5428 apostata:

739 5461 992 5503 enervata
1047 5452 1444 5517 impugnatione
1499 5451 1757 5505 adversus
1807 5452 2015 5517 Deum,
2064 5454 2314 5507 deorsum

736 5539 972 5603 effecta,
1027 5549 1080 5593 et
1128 5540 1193 5592 ad
1248 5544 1594 5596 novissimum
1653 5546 2038 5611 propemodum
2092 5548 2314 5612 expulsa

741 5630 963 5681 exitium
994 5627 1264 5683 Christum
1300 5633 1658 5702 impugnantis
1691 5634 1965 5689 ferocitate
1991 5676 2004 5697 .
2038 5636 2107 5688 ita
2141 5645 2196 5687 ut
2225 5651 2318 5688 su-

740 5733 833 5786 per
879 5733 944 5771 eo
989 5719 1268 5788 Scriptura
1323 5725 1585 5776 veraciter
1633 5725 1936 5792 impleatur,
1985 5741 2104 5794 qua:
2148 5728 2315 5780 dicit:

740 5811 898 5864 .trcus
936 5812 1140 5879 [artium
1179 5824 1447 5883 superatus
1489 5826 1590 5877 est,
1634 5825 1680 5868 ct
1725 5817 1914 5881 iit/irini
1953 5817 2168 5870 ncrincti
2200 5827 2316 5872 sunt

2397 642 2543 679 mum
2586 626 2679 678 Dei
2731 626 2958 679 lirmitas
2997 625 3408 681 abominationis
3447 646 3633 682 eorum
3677 634 3766 699 qui
3810 633 3973 688 Deum

2396 722 2743 788 impugnant,
2794 730 2846 772 et
2899 733 3136 786 pugnare
3183 735 3282 788 pro
3331 720 3439 774 Deo
3485 723 3744 776 mundum
3794 736 3974 780 contra

2396 817 2700 867 insensatos
2750 813 2944 866 asserit
2994 812 3291 883 [scriptum
3321 812 3466 884 est].
3517 815 3801 881 Quomodo
3848 833 3976 886 ergo

2399 921 2504 960 non
2537 922 2657 959 cum
2695 907 2802 959 Deo
2835 920 3106 972 pugnans,
3139 902 3255 957 o'tu
3300 907 3672 970 sanctissime,
3715 906 3974 962 adversus

2391 1013 2487 1052 eos
2515 999 2604 1066 qui
2640 1000 2754 1050 sine
2787 996 2897 1049 Deo
2939 1007 2993 1049 et
3033 1006 3218 1049 contra
3267 996 3432 1050 Deum
3475 1007 3628 1062 sunt,
3675 1013 3976 1050 commove-

2392 1091 2507 1144 ris?
2558 1091 2656 1155 Qui
2712 1089 2960 1144 videlicet
3003 1088 3281 1142 inveniunt
3325 1104 3447 1141 cum
3492 1088 3582 1154 qui
3635 1089 3976 1144 invisibiliter

2391 1193 2748 1252 oppugnatur,
2783 1183 2890 1234 imo
2918 1193 2972 1232 ut
3003 1186 3181 1235 verius
3224 1183 3497 1246 dicamus,
3543 1183 3700 1236 simul
3749 1195 3974 1253 pugnat,

2392 1287 2447 1326 et
2483 1275 2661 1327 hostes
2694 1274 2743 1325 in
2780 1272 2955 1341 fugam
2991 1274 3148 1323 vertit
3176 1270 3340 1340 (Sep.
3370 1273 3460 1340 v),
3495 1287 3556 1324 ac
3587 1273 3671 1323 ubi
3705 1275 3783 1326 sic
3811 1276 3976 1341 empi-

2388 1365 2456 1418 sti
2488 1365 2729 1432 praalium
2752 1403 2767 1428 ,
2800 1373 2858 1415 ut
2890 1363 3028 1416 Dens
3072 1363 3184 1429 ipse
3229 1363 3319 1414 tibi
3352 1363 3714 1416 monstravit?
3747 1380 3976 1431 periisse

2391 1454 2706 1522 praecipiens
2738 1456 2789 1506 in
2820 1455 3010 1507 Castris
3041 1453 3184 1519 regni
3215 1452 3409 1505 Christi
3439 1454 3723 1520 gloriosum
3762 1470 3888 1507 vere
3917 1471 3976 1506 ac

2391 1549 2596 1617 insigne
2623 1548 2859 1601 labarum
2879 1587 2896 1610 ,
2929 1547 2976 1598 id
3007 1556 3118 1608 est,
3153 1547 3409 1598 vivitiram
3440 1562 3650 1599 crucem
3673 1588 3685 1604 .
3719 1562 3967 1612 maguum

2390 1651 2574 1696 centra
2610 1649 2834 1690 mortem
2869 1635 3248 1704 magnitudinis
3278 1651 3388 1690 suae
3419 1638 3708 1702 lmplncnm
3729 1680 3743 1700 ,
3780 1639 3828 1688 in
3861 1655 3964 1703 quo

2388 1726 2573 1779 mundi
2622 1725 2947 1795 quadrifarie
2992 1727 3248 1779 terminos
3292 1727 3749 1791 circumscripsit,
3796 1728 3965 1778 linea-

2395 1819 2588 1871 mentis
2635 1818 2993 1884 distinguens.
3045 1816 3244 1868 Deinde
3291 1825 3343 1868 ct
3391 1829 3629 1868 sanctam
3682 1817 3968 1884 imaginem

2397 1909 2635 1960 nomium
2667 1909 2899 1961 dominre
2931 1923 2995 1960 ac
3022 1923 3162 1961 verte
3195 1907 3285 1959 Dei
3321 1908 3534 1970 matris,
3580 1908 3730 1976 cujus
3775 1909 3975 1960 vultum

2392 2000 2585 2053 divites
2638 2000 2808 2067 plebis
2857 1999 3310 2067 deprecabuntur.
3369 2001 3573 2053 Etenim
3620 2010 3800 2052 sancta
3852 2009 3973 2062 est.

2395 2097 2842 2164 quemadmodum
2875 2095 3123 2148 Patribus
3151 2095 3379 2158 videtur,
3407 2111 3525 2162 qnze
3559 2095 3736 2147 taliter
3769 2110 3797 2146 a
3830 2096 3980 2146 τυὺξς

2401 2192 2484 2258 pie
2539 2193 2798 2241 honorata
2851 2188 3037 2240 tribuit
3085 2187 3496 2240 vicissitudines.
3548 2187 3675 2240 Nam
3732 2188 3976 2244 imaginis

2399 2282 2568 2332 honor
2607 2281 2670 2333 ad
2713 2281 3060 2348 principalem
3117 2277 3348 2344 transit,
3391 2279 3677 2332 secundum
3723 2280 3977 2331 Basilinm

2399 2389 2670 2440 maguum.
2708 2372 2773 2425 Et
2804 2373 3002 2438 pietate
3034 2380 3113 2423 est
3155 2371 3310 2436 plena
3361 2370 3742 2422 venerabilium
3792 2370 3980 2438 imagi-

2409 2479 2530 2515 num
2565 2476 2724 2513 causa
2747 2503 2760 2523 ,
2794 2460 2930 2512 sicut
2958 2459 3086 2513 dicit
3122 2459 3566 2527 Chrysostomns:
3612 2459 3721 2525 Ego
3762 2469 3810 2511 et
3856 2476 3977 2511 cera

2402 2553 2666 2618 perfusam
2690 2551 2863 2602 amavi
2889 2551 3148 2617 picturam
3175 2551 3367 2615 pietate
3393 2551 3641 2602 refertam
3665 2567 3677 2612 ;
3707 2550 3813 2602 vidi
3840 2554 3982 2603 enim

2403 2647 2455 2698 111
2495 2644 2731 2711 imagine
2769 2645 3017 2709 angelum
3049 2656 3250 2694 cuneos
3280 2643 3624 2694 barbarorum
3659 2656 3985 2710 persequen-

2405 2746 2543 2800 tem,
2577 2745 2630 2787 et
2663 2733 2832 2787 David
2865 2732 3146 2785 veritatem
3176 2731 3439 2786 dicentem
3469 2748 3481 2784 :
3517 2731 3774 2795 Domine,
3823 2734 3876 2785 in
3905 2736 3980 2786 ci-

2407 2828 2572 2879 vitate
2631 2834 2716 2876 tua
2780 2824 3064 2890 imaginem
3119 2837 3304 2876 eorum
3361 2822 3425 2875 ad
3486 2822 3704 2875 nihilum
3766 2825 3979 2891 religes

2409 2916 2651 2985 (Psalm.
2683 2913 2906 2980 Lxxn).
2959 2913 3022 2966 Et
3072 2927 3402 2981 nequaquam
3456 2915 3690 2967 Ecclesia
3741 2918 3976 2977 erravit,

2410 3009 2535 3061 licet
2584 3006 2652 3059 ita
2703 3005 2861 3057 fuerit
2889 3005 3231 3057 testimatum.
3260 3001 3536 3070 Indulgeit
3578 3007 3745 3065 Deus,
3789 3017 3843 3057 et
3886 3023 3979 3056 ne.

2411 3115 2516 3166 qtte
2547 3097 2840 3152 secundum
2873 3097 3126 3166 gentilcm
3167 3097 3605 3162 consequentiam
3649 3107 3731 3148 est
3773 3097 3988 3149 traditio

2415 3189 2596 3258 (absit
2623 3188 2640 3251 )
2679 3198 2730 3240 et
2775 3187 2998 3239 intentio
3043 3185 3118 3238 rei
3150 3186 3442 3238 secundmn
3475 3185 3595 3253 quid
3630 3189 3904 3252 probatur,
3934 3195 3988 3238 et

2411 3292 2743 3346 nequaquam
2797 3275 3207 3329 considerantur
3255 3289 3374 3343 qute
3428 3275 3796 3340 perficiuntur.
3852 3276 3978 3328 Nam

2410 3387 2580 3438 neque
2607 3372 2658 3425 in
2688 3370 2930 3423 Paneade
2949 3368 3160 3422 civitate
3189 3368 3618 3421 lmmorrboissa:
3643 3368 3726 3434 pie
3751 3379 3908 3421 mota:
3930 3371 3982 3421 in

2414 3460 2840 3516 recordationem
2893 3459 3013 3510 laeti
3070 3457 3121 3510 in
3173 3470 3231 3509 se
3287 3457 3525 3510 miraculi
3581 3457 3980 3523 repudiabatur,

2410 3566 2530 3605 cum
2562 3561 2678 3604 orta
2711 3558 2853 3604 esset
2886 3549 3048 3601 herba
3080 3548 3218 3600 circa
3253 3548 3416 3614 pedes
3445 3556 3651 3608 statuae,
3681 3564 3796 3614 qua:
3829 3551 3897 3600 ab
3923 3563 3982 3599 ea

2413 3644 2464 3695 in
2499 3642 2715 3695 nomine
2745 3640 2951 3694 Domini
2983 3640 3108 3694 Jesn
3138 3637 3339 3691 Christi
3369 3649 3544 3691 erecta
3577 3647 3656 3690 est
3682 3655 3694 3701 ;
3729 3651 3783 3691 et
3807 3649 3985 3691 extra-

2414 3748 2512 3787 nea
2552 3740 2707 3795 erat,
2748 3730 3124 3797 incognitaqne
3161 3727 3374 3794 specie,
3420 3727 3694 3795 positaque
3739 3729 3984 3778 omnibus

2415 3824 2467 3876 in
2516 3823 2784 3874 variorum
2833 3821 3147 3888 languorum
3197 3819 3489 3871 remedium
3535 3817 3984 3872 condescensione

2411 3921 2468 3967 et
2515 3914 2752 3966 bonitate
2801 3911 2890 3965 Dei
2941 3909 3312 3965 ctSalvatoris
3363 3911 3550 3962 nostri.
3595 3909 3703 3962 11ηο
3750 3909 3977 3978 legalis,

2414 4017 2465 4058 ut
2496 4004 2603 4072 jam
2634 4001 2755 4078 [ita]
2787 4003 3028 4057 diCamus
3049 4042 3063 4065 ,
3097 4000 3400 4067 huiusmodi
3433 4013 3511 4053 est
3545 4002 3594 4053 in
3629 4001 3738 4054 Deo
3765 4003 3983 4062 erectio,

2416 4095 2540 4147 licet
2569 4094 2749 4162 ﬁguris
2780 4095 2948 4163 magis
2978 4091 3233 4161 signanda
3267 4088 3414 4161 [Cr.,
3440 4090 3616 4156 ﬁguris
3638 4091 3981 4158 expressior],

2414 4195 2468 4240 et
2518 4185 2721 4238 umbra:
2769 4183 3099 4252 prmiercnda
3145 4184 3212 4236 sit
3259 4182 3425 4250 gratia
3469 4190 3523 4234 et
3567 4180 3781 4233 veritas.
3838 4181 3983 4235 Unde

2415 4278 2700 4332 maximam
2720 4277 2908 4330 salutis
2925 4291 3137 4330 causam
3157 4285 3456 4328 sanctorum
3474 4283 3641 4327 canus
3657 4272 3745 4326 Dei
3763 4274 3981 4326 consilio

2418 4370 2518 4423 hoc
2547 4369 2841 4437 capitulum
2875 4365 3090 4420 tradidit
3117 4363 3266 4435 [Gr.,
3298 4363 3352 4418 h.
3383 4378 3500 4432 cap.
3535 4362 3782 4416 Ecclesiae
3809 4355 3977 4423 trad.]

2418 4460 2468 4514 io
2499 4461 2870 4513 universorum
2905 4457 3163 4520 vultibus,
3215 4465 3268 4510 et
3313 4457 3549 4510 colorum
3589 4455 3982 4522 operationibus

2425 4547 2786 4602 venerabilem
2821 4556 2877 4600 et
2905 4554 3146 4600 sanctum
3179 4545 3539 4600 characterem
3569 4544 3860 4598 secundum
3893 4545 3985 4596 bu-

2422 4637 2732 4690 tnanitatem
2767 4636 2883 4704 ejus
2905 4675 2922 4698 ,
2951 4637 3040 4700 qui
3075 4635 3213 4688 tollit
3253 4645 3520 4703 peccatum
3565 4633 3779 4697 mundi,
3819 4636 3986 4699 eriga-

2419 4743 2574 4792 mus,
2630 4743 2722 4795 per
2770 4742 2892 4780 eum
2940 4727 3252 4780 humilitatis
3296 4725 3670 4778 celsitudinem
3702 4725 3792 4777 Dei
3833 4724 3979 4778 \‘erbt

2419 4818 2862 4881 considerantes,
2910 4825 2963 4868 et
3003 4816 3068 4870 ad
3117 4819 3428 4869 memoriam
3471 4814 3892 4869 conversatiOnis
3933 4814 3981 4866 iu

2421 4923 2582 4963 carne
2628 4908 2818 4972 factm,
2867 4919 2971 4961 tam
3013 4907 3260 4961 videlicet
3303 4908 3567 4976 passiOnis
3608 4907 3724 4972 ejus
3766 4918 3818 4961 et
3849 4909 3982 4958 salu-

2425 5002 2552 5052 laris
2585 5001 2806 5066 tnortis,
2839 5015 2998 5066 quant
3029 4998 3446 5064 redemptionis,
3487 5012 3605 5067 qua:
3635 4997 3757 5051 hinc
3795 5002 3983 5050 mundo

2421 5087 2606 5142 effecta
2640 5099 2756 5151 est,
2791 5104 2948 5140 manu
2975 5086 3368 5156 quodammodo
3407 5087 3584 5152 ducti,
3628 5095 3679 5140 et
3723 5087 3866 5140 nulla
3905 5095 3984 5140 cst

2424 5179 2544 5232 hinc
2575 5195 2604 5232 a
2635 5180 2831 5232 divinis
2859 5178 3212 5233 dissonantia.
3247 5177 3302 5233 Si
3330 5177 3471 5230 enim
3504 5178 3826 5244 prophetica:
3861 5191 3985 5242 prte-

2422 5269 2721 5325 locutiones
2753 5270 3034 5324 terminum
3077 5270 3302 5323 minime
3346 5277 3723 5336 perceperunt,
3757 5281 3824 5320 ne
3862 5267 3985 5320 scri-

2427 5363 2616 5415 bantur
2651 5375 2736 5414 res
2765 5361 2829 5412 ad
2861 5359 3224 5413 ostensionem
3263 5373 3446 5412 eorum
3489 5373 3606 5422 quas
3646 5360 3819 5410 adhuc
3859 5359 3983 5410 facta

2427 5467 2533 5504 non
2565 5459 2723 5515 sunt,
2757 5451 2808 5503 id
2853 5460 2962 5514 est,
3005 5449 3049 5503 si
3095 5465 3199 5502 non
3239 5459 3320 5502 est
3360 5451 3663 5502 incarnatus
3705 5448 3980 5506 Dominus.

2429 5557 2534 5595 non
2573 5543 2833 5594 formetur
2861 5552 3044 5595 sancta
3079 5541 3252 5606 imago
3281 5540 3397 5607 ejus
3425 5537 3716 5591 secundum
3757 5552 3980 5592 carnem.

2426 5632 2482 5687 Si
2515 5647 2618 5685 non
2649 5643 2730 5684 est
2761 5645 2916 5684 natus
2949 5636 2998 5682 in
3035 5631 3345 5684 liethlebcm
3390 5630 3407 5697 (
3435 5629 3619 5682 Matth.
3654 5632 3732 5698 11)
3775 5645 3836 5683 ex
3878 5631 3982 5692 clo-

2427 5724 2567 5776 riosa
2601 5724 2808 5791 virgine
2842 5722 2935 5776 Dei
2962 5721 3250 5790 genitrice,
3284 5735 3454 5788 neque
3482 5722 3617 5788 magi
3650 5735 3868 5774 munera
3892 5721 3979 5773 ob-

2429 5816 2703 5881 tulerunt,
2759 5831 2934 5884 neque
2986 5815 3285 5883 pastoribus
3333 5830 3493 5880 supra
3541 5813 3687 5868 stetit
3735 5815 3981 5882 angelus,
