4168 6542
188 419 291 475 509

1389 413 1744 472 lCPlSTUL/‘n‘l
1786 413 1871 467 ΕΤ
1914 413 2252 471 CANONES.

3343 418 3447 472 5l0

188 550 364 601 neque
414 530 698 584 inultitudo
744 528 979 584 (celestis
1027 531 1291 581 exoreitns
1343 537 1465 578 nato
1515 526 1844 594 hymnith
1874 525 2187 582 idololatria:
2237 528 2546 582 manifestus
2597 539 2702 584 est.
2754 529 3071 587 Christianis
3117 541 3298 588 autem
3352 537 3443 590 Dei

186 624 382 676 obtulit
413 622 563 686 (lucc.
598 620 741 689 tt),si
775 635 878 671 non
910 619 961 671 in
1005 618 1142 670 ulnis
1183 615 1454 684 genitricis
1497 626 1550 667 ιιι
1593 615 1767 667 infan-

189 718 330 764 ιιιιιις
366 714 654 774 ferebatur,
685 726 771 776 qui
806 717 983 776 portat
1013 709 1256 759 universa
1281 747 1294 766 ,
1323 717 1376 760 et
1408 707 1555 758 lactis
1586 705 1771 756 alimo-

189 808 332 855 niam
369 803 617 870 pertulit,
651 802 738 869 qui
773 802 858 852 dat
905 813 1082 851 escam
1123 798 1266 848 onini
1311 797 1487 858 carni,
1532 810 1631 846 nec
1673 796 1770 848 hoc

189 899 472 961 ligni-stur.
522 893 578 945 Si
634 907 738 944 non
787 906 817 942 a
867 906 996 942 sene
1046 887 1458 954 suSpiciehatur,
1510 886 1598 953 qui
1653 888 1768 937 vita:

186 996 335 1037 tenet
380 985 733 1050 principatum
779 992 834 1035 et
879 973 1103 1044 mortis,
1154 991 1207 1032 et
1247 981 1481 1033 oomium
1514 978 1768 1030 Dominus

192 1092 289 1140 rer
320 1091 439 1127 eum
469 1075 679 1143 agnitus
710 1073 868 1126 simul
899 1081 955 1125 et
995 1070 1346 1137 praedicatus,
1394 1081 1446 1123 et
1489 1078 1544 1120 nt
1585 1068 1770 1119 «limis.

185 1171 398 1218 sionem
431 1165 752 1218 concederet
786 1162 1118 1230 postulatus,
1162 1161 1204 1212 si
1247 1175 1350 1212 non
1395 1161 1445 1211 in
1478 1158 1769 1228 {Egyptum

185 1272 347 1310 causa
389 1254 801 1323 dispensationis
848 1253 1100 1322 pergebat
1138 1266 1298 1319 super
1341 1249 1532 1301 nubem
1563 1248 1768 1310 levem,

186 1350 336 1403 onmi
384 1350 588 1401 scilicet
629 1347 830 1401 lumine
870 1346 1190 1399 illustratum
1229 1351 1450 1394 matrem
1481 1355 1543 1392 ac
1570 1338 1768 1392 saneti-

190 1451 300 1493 tate
332 1438 600 1492 robustam
621 1479 634 1501 ,
667 1438 754 1506 qu’i
786 1439 836 1488 in
866 1435 1076 1490 excelso
1109 1433 1295 1497 sedet,
1325 1443 1377 1484 et
1407 1431 1542 1484 redit
1582 1447 1645 1482 ex
1680 1429 1771 1483 A3-

188 1543 354 1603 gypt'o
379 1574 394 1596 ,
422 1542 474 1586 et
504 1531 704 1584 habitat
733 1529 989 1583 Nazareth
1013 1567 1028 1592 ,
1059 1543 1124 1581 ne
1155 1525 1446 1594 figurentur
1474 1524 1767 1577 coloribus.

188 1629 249 1678 Si
284 1642 385 1679 non
418 1637 658 1679 mortuos
685 1623 996 1687 suscitavit,
1026 1632 1080 1675 et
1118 1621 1290 1674 erexit
1330 1615 1675 1685 paralyticos,
1722 1625 1775 1667 et

189 1721 416 1785 leprosis
449 1719 671 1786 praebuit
700 1717 1064 1785 purgationem
1085 1756 1099 1778 ,
1131 1723 1185 1767 et
1212 1727 1381 1766 czecos
1415 1711 1769 1775 illuminavit,

1873 619 2169 672 cultoribus
2201 620 2440 672 omnium
2471 619 2776 673 dominator
2805 631 2886 674 est
2917 623 3242 676 adorandus.
3281 625 3446 678 Porro

1874 709 1916 762 si
1947 711 2097 776 quis.
2128 709 2355 763 Iudaico
2383 724 2534 762 more
2563 710 2628 762 ad
2659 713 3050 764 accusationem
3085 727 3262 766 motus
3283 755 3297 778 ,
3327 731 3448 782 qua:

1872 800 1998 850 olim
2043 810 2228 852 contra
2261 801 2521 853 idolorum
2556 801 2787 852 cultores
2819 804 2958 854 dicta
2990 814 3113 856 sunt
3140 805 3441 856 diﬂ'amave-

1872 894 1970 952 rit,
2005 905 2060 947 et
2099 893 2454 945 idololatriam
2499 893 2757 946 Ecclesia:
2801 905 2996 947 nostra:
3038 896 3350 962 ascripserit
3379 912 3442 946 ex

1873 985 2255 1037 venerabilium
2302 983 2588 1050 imaginum
2631 985 2824 1037 deiliCo
2870 993 2924 1036 et
2962 985 3191 1036 mirabili
3224 985 3288 1036 ad
3333 1001 3447 1038 me-

1874 1075 2004 1127 liora
2034 1073 2257 1137 ducatu,
2293 1073 2422 1126 nihil
2455 1073 2597 1125 aliud
2625 1075 2972 1135 arbitremur,
3014 1089 3168 1138 quam
3204 1084 3259 1126 ut
3299 1076 3446 1126 canis

1873 1165 2058 1226 latret,
2107 1172 2160 1216 et
2200 1162 2251 1215 in
2298 1163 2458 1216 funda
2509 1164 2691 1230 procul
2736 1166 2973 1230 abjectus
3017 1164 3161 1215 audit
3190 1165 3325 1216 sicut
3354 1164 3438 1218 Ju-

1871 1258 2021 1312 dznus
2048 1273 2062 1310 :
2099 1255 2312 1311 Utinam
2344 1265 2397 1308 et
2429 1256 2586 1309 Israel
2622 1271 2714 1322 per
2745 1256 2967 1310 visibilia
3001 1256 3145 1309 visus
3171 1269 3310 1310 esset
3342 1258 3448 1310 Deo

1873 1351 2242 1405 adorationem
2298 1346 2512 1410 offerre,
2564 1357 2619 1402 et
2670 1363 2764 1416 per
2819 1347 2989 1417 typica
3048 1363 3256 1401 memor
3306 1357 3450 1400 esset

1873 1443 2108 1497 creantis
2127 1484 2140 1506 ,
2190 1454 2245 1495 et
2294 1456 2401 1493 non
2430 1440 2654 1492 vitulum
2684 1443 2944 1492 retineret
2965 1454 3026 1493 ac
3049 1454 3260 1493 muscas
3285 1453 3449 1505 super

1874 1539 2079 1590 tabulas
2125 1536 2475 1588 testamenti!
2526 1533 2742 1587 Utinam
2783 1544 3024 1586 sanctum
3069 1533 3237 1584 altare
3281 1528 3450 1597 magis

1874 1628 2260 1689 desiderasset,
2286 1636 2338 1680 et
2367 1641 2469 1678 non
2501 1624 2691 1678 vitulus
2718 1623 3008 1677 Samariart
3040 1622 3250 1676 Utinam
3281 1631 3451 1672 atten-

1873 1720 2040 1772 disset
2094 1720 2272 1771 Aaron
2331 1718 2565 1782 virgam,
2624 1725 2677 1767 et
2726 1731 2829 1768 non
2879 1715 3182 1767 Astartemt
3242 1713 3446 1764 Bonum

189 1813 391 1867 de'inde
439 1820 492 1866 et
542 1823 852 1878 expressam
904 1807 1030 1860 fecit
1079 1808 1309 1872 linguam
1359 1816 1665 1866 mutorum,
1718 1812 1772 1854 et

1884 1811 2071 1878 quippe
2102 1807 2257 1861 simul
2285 1818 2336 1860 et
2359 1805 2560 1873 justum
2589 1813 2731 1858 esset
2757 1805 2804 1856 ei
2836 1815 3038 1871 petram
3071 1805 3304 1856 salutare
3333 1818 3453 1870 qua:

191 1905 351 1955 bases
383 1903 691 1956 claudorum
728 1899 962 1952 firmavit
987 1940 1000 1961 ,
1034 1907 1087 1951 et
1116 1896 1319 1959 expulit
1346 1894 1648 1957 demones,
1676 1893 1774 1946 nisi

1884 1906 2078 1956 imbres
2110 1902 2365 1954 divinitus
2394 1899 2569 1960 dedit,
2601 1905 2655 1951 et
2689 1913 2791 1949 non
2824 1897 2966 1948 Baal.
3004 1895 3213 1948 Utinam
3243 1893 3306 1947 ad
3340 1867 3452 1945 vir-

197 1995 408 2061 aperuit
439 2008 595 2045 aures
622 1992 935 2052 surdornm,
970 1999 1025 2042 et
1057 1987 1233 2040 omnia
1269 1995 1522 2052 operatus
1552 1993 1633 2035 est
1663 1984 1777 2050 glo-

192 2087 368 2139 riosa.
411 2091 468 2136 et
517 2084 569 2135 in
625 2085 730 2134 lteo
770 2081 919 2147 signa
967 2077 1222 2147 perfecit,
1267 2091 1334 2128 ne
1379 2073 1696 2143 pingantur;
1725 2081 1782 2125 et

192 2174 295 2224 nisi
325 2173 629 2238 passionem
658 2171 959 2223 voluntarie
986 2168 1252 2233 suscepit,
1283 2175 1335 2220 et
1362 2164 1628 2218 infermun
1657 2177 1781 2229 spo-

193 2263 377 2324 liavit,
410 2271 463 2313 et
494 2274 719 2328 surgens
749 2261 800 2312 in
833 2259 1028 2312 cmlum
1071 2257 1350 2320 ascendit,
1393 2256 1479 2323 qni
1524 2265 1780 2308 venturus

188 2363 277 2408 est
303 2354 546 2422 judicare
576 2355 727 2406 vivos
760 2359 814 2405 et
843 2359 1118 2412 mortuos,
1161 2364 1333 2414 neque
1375 2347 1602 2414 ligurent
1633 2345 1780 2398 Scri-

192 2457 367 2510 ptura:
413 2446 495 2499 vel
546 2445 823 2509 historia),
875 2457 997 2510 qua:
1044 2442 1140 2495 ista
1189 2449 1480 2502 enarrant,
1535 2445 1640 2490 tam
1690 2450 1783 2504 per

193 2538 405 2590 litteras
434 2550 594 2604 quam
631 2550 725 2603 per
753 2535 961 2586 colores
995 2529 1134 2602 [σι’.
1155 2571 1168 2594 ,
1203 2545 1302 2584 nec
1333 2529 1652 2591 scribantur,
1685 2539 1783 2579 nec

192 2626 534 2696 figurentur].
569 2629 634 2678 At
662 2624 707 2678 si
740 2626 854 2677 hare
883 2621 1062 2675 omnia
1098 2619 1232 2672 facta
1266 2628 1386 2672 sunt
1410 2659 1424 2680 ,
1449 2626 1500 2671 et
1533 2630 1781 2683 magnum

193 2729 276 2773 est
325 2719 538 2784 pietatis
582 2717 934 2786 mysterium,
986 2715 1189 2767 utinam
1241 2721 1383 2766 esset
1433 2709 1683 2777 possibile
1727 2718 1785 2760 ut

191 2810 388 2862 trmlum
422 2815 476 2860 et
505 2816 642 2859 terra
675 2813 728 2857 et
757 2817 935 2865 mare,
968 2800 1256 2854 animantia
1286 2813 1495 2866 quoque
1523 2797 1699 2850 omnia
1732 2805 1785 2848 ct

191 2900 455 2967 virgulta,
491 2907 538 2950 et
576 2894 833 2966 quidquid
861 2892 1002 2946 aliud
1035 2901 1145 2954 est,
1179 2897 1431 2944 enarrent
1463 2889 1547 2940 illa
1598 2895 1647 2939 et
1694 2888 1817 2967 per:

1793 2940 1812 3000 ἶ

191 3005 354 3043 voces
383 2998 438 3044 et
469 3004 564 3056 per
598 2989 806 3041 litteras
827 3025 841 3050 ,
876 2992 931 3038 et
960 2998 1056 3052 per
1105 2982 1357 3049 picturas.
1404 2978 1600 3032 Eorum
1644 2976 1811 3048 enim;

193 3099 320 3150 qua:
365 3099 470 3136 non
515 3091 642 3134 sunt
687 3077 939 3133 formatio
982 3074 1170 3128 idolica
1215 3073 1419 3140 pictura
1461 3053 1814 3136 nominatum}

1881 2011 1998 2064 gain
2034 1994 2202 2062 Moysi
2236 1995 2409 2060 magis
2438 1991 2658 2043 intuitus
2687 2000 2864 2052 esset,
2890 1998 2941 2042 et
2973 2004 3159 2040 urnam
3193 2000 3407 2038 auream
3435 2025 3453 2049 ,

1882 2101 2060 2139 arcam
2085 2125 2098 2148 ,
2133 2081 2562 2151 propitiatorium
2584 2120 2600 2142 ,
2633 2080 2865 2146 petalum
2887 2117 2902 2141 ,
2932 2077 3106 2144 epliod
3127 2117 3142 2142 ,
3176 2091 3418 2128 mensam
3439 2118 3453 2139 ,

1883 2178 2277 2231 tabernaculum
2305 2172 2525 2227 interius
2547 2181 2600 2224 et
2627 2171 2886 2229 exterius,
2912 2182 3033 2235 quae
3054 2169 3232 2220 omnia
3263 2171 3312 2219 in
3343 2169 3457 2234 glo-

1881 2270 2014 2322 riam
2048 2267 2139 2320 Dei
2176 2275 2415 2334 patrata,
2460 2262 2585 2316 licet
2629 2265 2786 2313 manu
2836 2259 3003 2324 facta,
3053 2268 3234 2310 sancta
3282 2267 3456 2309 tamen

1882 2359 2292 2427 appellabantur
2320 2364 2630 2406 sanctorum
2654 2391 2669 2413 ,
2703 2350 2897 2402 deinde
2925 2359 2978 2400 et
3009 2347 3287 2400 cherubim
3319 2346 3458 2398 scul—

1886 2450 2039 2514 ptiles
2067 2488 2080 2510 ,
2133 2461 2357 2513 quorum
2416 2441 2729 2494 memoriam
2785 2438 2984 2491 faciens
3013 2440 3297 2504 Apostolus
3340 2434 3454 2488 ait:

1884 2539 2154 2593 Cherubim
2185 2536 2363 2605 gloria:
2404 2531 2769 2585 adumbrantia
2801 2528 3211 2598 propitiatorium
3249 2527 3266 2592 (
3293 2523 3455 2577 Hebr.

1884 2631 1992 2699 ν),
2024 2630 2218 2698 quibus
2252 2637 2306 2680 et
2334 2626 2568 2678 divinam
2599 2622 2722 2676 vehi
2754 2622 2977 2689 gloriam
3006 2635 3032 2670 a
3066 2617 3336 2685 Scriptura
3365 2618 3462 2669 do-

1883 2723 2107 2778 cemur!
2143 2722 2197 2775 Si
2233 2721 2315 2773 bis
2357 2718 2718 2778 intendisset,
2766 2729 2871 2767 non
2915 2713 3097 2779 utique
3138 2711 3294 2764 idolis
3336 2725 3460 2774 pro-

1884 2813 2125 2867 cidisset.
2170 2811 2341 2864 Omne
2380 2822 2607 2876 namque
2653 2821 2785 2874 opus
2828 2805 2968 2874 quod
3012 2806 3061 2858 in
3108 2804 3322 2857 nomine
3364 2803 3464 2854 Do-

1889 2905 2016 2958 mini
2048 2905 2138 2965 lit,
2171 2904 2462 2970 pretiosum
2493 2911 2545 2952 ct
2575 2910 2818 2952 sanctum
2850 2907 2950 2952 est.
2984 2895 3046 2948 Et
3075 2896 3198 2964 quid
3225 2910 3356 2962 opus
3382 2902 3465 2946 est

1886 2995 2165 3065 epistulam
2203 2995 2254 3047 in
2287 2993 2503 3060 longum
2536 2991 2874 3044 extendere?
2913 2999 2965 3043 et
3006 2989 3234 3040 maxime
3277 2985 3341 3037 ad
3383 2985 3463 3037 vi-

1862 3097 2003 3148 arum
2036 3086 2143 3139 Deo
2177 3085 2424 3153 placitum
2452 3122 2466 3144 ,
2515 3088 2568 3133 et
2618 3094 2709 3132 vas
2737 3080 2966 3132 electutn
3001 3093 3028 3130 a
3061 3078 3203 3140 Deo,
3237 3078 3462 3143 gratiam

191 3188 317 3242 quae
364 3183 418 3226 et
463 3186 681 3240 pagana:
727 3165 1074 3221 fabulationis
1122 3176 1310 3233 poema
1360 3159 1551 3221 finxit,
1599 3172 1782 3211 eorum

1890 3177 2139 3245 adeptum
2193 3176 2443 3244 spiritus,
2493 3183 2546 3226 et
2596 3171 2647 3225 in
2702 3171 2960 3238 profunda
3014 3171 3319 3222 divinorum
3369 3168 3466 3219 d0-

195 3281 322 3330 quae
351 3278 624 3331 nunquam
657 3261 872 3313 fuerunt
903 3272 995 3325 per
1024 3253 1312 3308 essentiam
1349 3249 1604 3302 facturam
1643 3247 1810 3300 desi--

207 3359 416 3422 pienter
444 3367 786 3408 asseverans.
831 3349 897 3402 Et
927 3359 1074 3401 certe
1114 3345 1257 3397 nulla
1289 3354 1371 3396 est
1399 3341 1787 3395 condescensio

200 3447 462 3501 Ecclesia:
494 3444 692 3498 Christi
723 3457 844 3496 cum
876 3438 1034 3493 idolis
1063 3455 1075 3491 :
1108 3438 1268 3490 absit.
1298 3433 1478 3501 Neque
1519 3420 1660 3485 enim
1702 3431 1784 3484 vi-

195 3536 338 3591 tulas
366 3534 723 3593 adoravimus,
752 3545 922 3596 neque
952 3527 1173 3578 vitulum
1207 3526 1257 3576 in
1287 3522 1497 3576 Cboreb
1527 3520 1781 3584 fudimus,

194 3644 374 3699 neque
403 3644 430 3681 a
464 3626 618 3680 nobis
647 3635 893 3699 creatura
920 3620 1061 3674 Deus
1111 3617 1370 3672 :estimata
1400 3623 1514 3679 est,
1545 3612 1639 3666 sed
1688 3626 1784 3665 ne-

193 3736 306 3789 que
346 3732 533 3772 rursus
572 3713 804 3779 sculptili
846 3709 1199 3779 procidimus,
1230 3715 1286 3760 et
1319 3705 1650 3771 Beelphegor
1680 3700 1786 3752 ini-

195 3811 320 3865 tiati
356 3823 577 3871 sumus,
611 3821 784 3874 neque
820 3813 1064 3855 natorum
1097 3799 1367 3854 occisores
1395 3806 1482 3848 aut
1513 3793 1786 3848 sacrifica-

194 3913 349 3956 tores
379 3899 613 3958 fuimus,
664 3905 753 3947 aut
796 3891 1004 3946 occulta
1055 3885 1306 3957 mysteria
1356 3883 1784 3945 celebravimus,

197 4005 387 4056 neque
432 3987 570 4040 ﬁlios
616 3993 830 4039 nostros
873 3991 926 4035 et
957 3981 1090 4032 filias
1119 3974 1512 4032 immolavimus
1557 3987 1786 4042 unquam

197 4076 575 4137 «immunibus,
611 4084 666 4127 ιιι
693 4073 745 4126 in
778 4085 874 4124 nos
902 4083 962 4123 ea
993 4082 1110 4136 quae
1139 4081 1168 4120 a
1200 4064 1491 4120 Salomone
1523 4062 1786 4117 idolorum

199 4169 509 4224 rnltoribus
540 4167 681 4219 dicta
713 4171 839 4217 sunt
866 4170 1226 4216 assumantur.
1275 4154 1518 4222 Nunquid
1561 4168 1588 4205 a
1635 4154 1788 4207 nobis

205 4263 410 4315 infecta
463 4267 545 4310 est
595 4265 737 4310 terra
785 4255 835 4307 in
883 4249 1231 4318 sanguinibns
1279 4248 1360 4301 vel
1410 4247 1691 4311 imaginem
1736 4247 1787 4297 in

195 4352 412 4418 templo
443 4349 694 4408 fecimus,
735 4343 1099 4413 qmdriforme
1142 4340 1425 4391 habentem
1467 4336 1667 4390 idolum
1691 4380 1704 4401 ,
1737 4345 1789 4389 et

200 4448 348 4496 hanc
379 4440 722 4493 adoravimus
753 4432 872 4506 (11]
913 4432 1038 4502 Reg.
1070 4429 1197 4498 xi)?
1226 4427 1468 4500 Nunquid
1511 4425 1787 4480 abomina-

199 4542 412 4588 tionem
447 4529 753 4596 repentium
787 4535 840 4579 et
870 4537 1122 4592 pecorum
1154 4535 1313 4588 supra
1357 4533 1562 4572 Inttrnm
1607 4516 1782 4584 templi

201 4621 587 4694 depinximus?
618 4622 724 4676 Aut
750 4620 941 4673 iterum
976 4631 1072 4670 nos
1106 4612 1348 4667 Ezechiel
1377 4611 1510 4665 vidit
1539 4611 1790 4680 plangen-

202 4730 292 4773 tes
326 4713 624 4769 Adonidem
646 4751 661 4775 ,
703 4719 755 4764 et
786 4712 1063 4762 incensum
1094 4705 1204 4760 Soli
1235 4703 1521 4757 offerentes
1555 4705 1573 4769 (
1602 4701 1790 4754 Ezcclt.

205 4822 310 4860 \‘Ill
330 4807 370 4871 ),
401 4805 468 4858 de
497 4803 687 4871 quibus
712 4801 841 4853 dicit
872 4798 1158 4865 Apostolus
1183 4813 1195 4848 :
1229 4795 1523 4850 Serviernnt
1550 4803 1794 4844 creatum

200 4901 385 4968 potius
414 4913 567 4963 quam
599 4893 830 4948 Creatori
861 4891 880 4960 (
912 4891 1062 4943 flant.
1092 4905 1106 4941 ι
1135 4889 1175 4955 ).
1228 4888 1458 4942 Putasne
1508 4886 1794 4938 statuimus

206 5003 479 5056 nnagmes
528 4986 755 5038 duarum
799 4981 1203 5036 fornicariarum
1251 4978 1303 5030 in
1344 4976 1579 5046 Egypto
1607 5015 1621 5039 ,
1661 4976 1793 5028 Oula

203 5081 425 5137 scilicet
453 5090 502 5133 et
535 5077 741 5138 Uoliab,
764 5086 816 5128 ct
839 5090 928 5127 cas
953 5073 1294 5126 adoravimus
1320 5069 1531 5137 (Ezeclt.
1563 5067 1796 5133 xxxiii)?

207 5183 297 5227 An
331 5183 515 5224 rursus
545 5185 568 5220 a
604 5168 758 5220 nobis
790 5164 1055 5218 sacrificia
1093 5161 1180 5216 Bel
1213 5163 1263 5214 in
1300 5159 1566 5229 Babylone
1607 5159 1626 5231 (
1656 5157 1794 5210 Dan.

208 5263 356 5326 xiv),
385 5269 441 5315 et
469 5260 644 5328 Dagon
678 5260 728 5311 in
764 5256 1042 5310 Palestina
1070 5255 1244 5307 oblata
1276 5262 1399 5306 sunt
1427 5250 1625 5320 (Judic.
1659 5251 1798 5316 xvi)?

206 5360 300 5411 vel
334 5358 452 5411 aliis
483 5356 589 5410 diis
629 5353 867 5422 gentium
909 5349 1280 5418 procidimus?
1323 5347 1434 5400 Non
1479 5355 1603 5399 sunt
1647 5345 1795 5408 haec,

210 5467 324 5507 non
375 5456 543 5512 sunt;
592 5444 950 5499 calumnietur
995 5443 1211 5501 nullus,
1264 5439 1513 5508 quoniam
1562 5437 1613 5489 in
1655 5436 1800 5488 nullo

214 5558 404 5599 eorum
437 5553 558 5606 qua
584 5541 886 5591 consistunt
934 5543 987 5588 et
1030 5531 1167 5587 facta
1215 5539 1376 5591 sunt,
1420 5541 1614 5581 nomen
1660 5524 1799 5594 quod

216 5647 299 5693 est
327 5650 495 5703 super
521 5646 682 5686 omne
713 5644 905 5684 nomen
936 5628 1162 5696 populus
1187 5622 1385 5678 Christi
1414 5635 1583 5688 usque
1621 5619 1799 5679 hodie,

213 5740 413 5796 praeter
457 5732 699 5779 sanctam
750 5721 1012 5775 vivilicam
1059 5716 1418 5778 Trinitatem,
1467 5713 1670 5774 coluit,
1717 5710 1801 5763 vel

216 5821 436 5877 servivit
489 5818 498 5885 [
531 5815 624 5869 (ἲν.
662 5815 811 5868 latria
846 5809 1126 5878 adoravit]
1163 5829 1169 5857 :
1221 5809 1376 5861 absit.
1429 5806 1556 5859 Nam
1610 5801 1798 5856 modo:

1891 3279 2128 3338 gmatnm
2175 3269 2438 3321 valentem
2491 3265 2832 3330 prospicere,
2887 3271 3044 3328 atque
3093 3260 3201 3313 Deo
3246 3261 3466 3311 ductore

1891 3361 2236 3414 considerare
2281 3371 2542 3410 summam
2587 3353 2826 3407 scientia:
2868 3351 3221 3404 altitudinem.
3270 3348 3463 3400 Verum

1895 3453 2020 3506 hinc
2049 3449 2114 3503 ad
2148 3448 2480 3516 propositum
2511 3445 2828 3507 redeamus,
2874 3440 3296 3512 propugnatricis
3324 3450 3460 3502 tuae,

1891 3559 1924 3596 ο
1969 3541 2310 3596 sanctissime
2353 3547 2409 3592 et
2453 3536 2691 3591 omnium
2739 3535 3164 3587 Christianorum
3211 3528 3461 3590 domine,

1893 3629 2386 3700 rnaguilicationes,
2438 3635 2492 3679 et
2541 3625 2711 3693 qualis
2760 3625 2872 3690 ipse
2921 3634 3169 3674 ostensus
3211 3617 3371 3671 fueris
3412 3617 3464 3670 in

1892 3722 2101 3776 cunctis
2133 3721 2200 3772 ab
2229 3719 2316 3771 illa
2347 3717 2581 3770 directus
2613 3723 2666 3768 et
2694 3716 2956 3774 salvatus,
2995 3723 3046 3765 et
3073 3721 3260 3764 contra
3293 3707 3468 3759 inimi-

1891 3831 1985 3869 cos
2019 3813 2380 3874 confortatus,
2416 3809 2768 3862 admirantes.
2814 3806 2890 3858 llli
2923 3818 3051 3858 vero
3083 3803 3173 3872 qui
3204 3817 3266 3855 ex
3303 3799 3467 3851 multo

1888 3907 1998 3974 jam
2032 3916 2272 3970 tempore
2299 3911 2483 3955 contra
2517 3916 2631 3952 eam
2663 3897 2973 3952 debacchati
3003 3905 3124 3948 sunt
3151 3939 3165 3961 ,
3201 3901 3349 3945 tanto
3380 3891 3464 3943 in-

1891 4005 2155 4052 venerunt
2194 3995 2565 4055 resistentem,
2606 4001 2801 4058 quanto
2846 3990 3160 4041 invenerunt
3199 3984 3296 4036 sibi
3339 3997 3468 4035 eon-

1893 4090 2262 4142 tradiceutem.
2308 4085 2376 4138 Et
2426 4084 2526 4136 hoc
2575 4083 2767 4134 mirum
2815 4095 2918 4132 non
2961 4089 3062 4132 est.
3099 4077 3155 4132 Si
3189 4077 3329 4128 enim
3365 4076 3465 4126 lle-

1893 4181 2018 4233 tulia
2047 4193 2142 4246 per
2183 4190 2396 4229 manum
2440 4172 2619 4226 Judith
2665 4171 2901 4222 mulieris
2947 4165 3252 4221 Israelitidis
3291 4164 3470 4216 salva-

1897 4272 2064 4334 hatur,
2095 4268 2246 4335 cuius
2280 4280 2414 4333 opus
2448 4261 2748 4315 llolofernis
2780 4257 3072 4327 peremptio
3104 4257 3201 4309 fuit
3242 4252 3467 4321 (.lnditlt

1897 4378 1994 4415 χιιι
2018 4369 2034 4426 )
2061 4401 2075 4424 ,
2109 4370 2159 4413 et
2193 4358 2327 4410 hanc
2357 4354 2692 4408 salvatricem
2729 4351 2884 4403 lsrael
2919 4352 3004 4412 qui
3039 4363 3133 4414 per
3163 4347 3299 4400 idem
3331 4357 3468 4397 tem-

1898 4471 1992 4521 pus
2025 4453 2235 4505 fuerunt
2266 4449 2687 4515 prmdicaverunt
2714 4485 2728 4510 ,
2759 4441 3025 4509 quomodo
3058 4453 3162 4490 non
3193 4445 3469 4505 oporteret

1814 4541 1862 4598 D
1891 4543 2122 4611 amplius
2142 4551 2282 4594 tuam
2307 4534 2687 4604 amplissimam
2708 4529 3152 4595 sanrtitatem;tali
3174 4543 3472 4596 propugna-

1897 4637 2026 4688 trice
2059 4647 2204 4686 usam
2236 4629 2450 4697 aggredi
2484 4625 2603 4680 fidei
2639 4625 2820 4678 hostes
2849 4632 2904 4677 et
2947 4623 3164 4673 victoria
3211 4632 3472 4670 coronare

1896 4720 2208 4790 subjectos?
2239 4717 2343 4772 Sed
2375 4715 2614 4785 ejusdem
2643 4711 3120 4779 supplicationibus
3149 4720 3202 4761 et
3231 4706 3464 4759 omniuut

1895 4825 2202 4870 sanctorum
2250 4819 2437 4877 potens
2480 4808 2530 4858 in
2575 4805 2759 4875 prailio
2808 4803 2947 4856 Deus
2990 4813 3190 4862 noster,
3235 4798 3388 4852 fortis
3420 4807 3473 4848 et

1885 4906 2227 4968 longanimus
2251 4942 2265 4966 ,
2295 4900 2381 4968 qui
2415 4897 2634 4951 deduxit
2666 4907 2715 4949 te
2747 4909 2906 4962 super
2946 4892 3141 4958 .loseplt
3174 4899 3236 4944 ut
3274 4903 3427 4942 ovem
3454 4926 3471 4950 ,

1897 4995 2157 5052 custodiat
2190 5003 2242 5048 te
2269 4989 2606 5044 sanctissime
2639 4986 2687 5038 in
2721 4998 2890 5037 annos
2923 4983 3175 5047 prolixos,
3208 4982 3475 5034 universa:

1900 5089 2214 5145 Christianze
2256 5085 2394 5137 bene
2423 5089 2738 5149 operantem
2767 5069 3160 5129 conversatiooi
3187 5110 3202 5134 ,
3231 5079 3288 5124 et
3317 5082 3474 5121 sacro

1899 5182 2090 5236 eanoni
2136 5181 2509 5246 obtemperare
2552 5181 2774 5227 cunctos
2817 5170 3099 5223 docentem
3147 5176 3200 5219 et
3245 5165 3474 5217 incitau-

1903 5289 2005 5331 tem
2035 5319 2050 5342 ,
2085 5283 2139 5329 et
2165 5270 2441 5326 custodire
2471 5266 2772 5334 depositum
2803 5261 2944 5330 quod
2971 5278 2998 5312 a
3027 5258 3265 5325 patrihus
3292 5270 3476 5308 susce-

1903 5371 2112 5438 pimus;
2143 5368 2550 5418 convertentem
2582 5371 2675 5410 eos
2704 5355 2790 5420 qui
2815 5353 2879 5406 ad
2913 5349 3182 5404 modicum
3213 5345 3334 5415 quid
3368 5360 3474 5398 non

1903 5461 2280 5517 intellexerunt
2301 5491 2315 5515 ,
2349 5468 2381 5503 o
2407 5451 2533 5518 jnge
2562 5445 2812 5516 gaudium
2845 5452 3084 5495 uestrum
3107 5477 3124 5503 ,
3153 5446 3206 5489 et
3233 5451 3476 5490 commu-

1905 5553 1987 5606 nis
2020 5549 2223 5600 utilitas
2253 5553 2308 5598 et
2338 5540 2580 5602 refectio,
2607 5533 2942 5590 sanctissime
2972 5541 3024 5586 et
3053 5527 3299 5583 omnibus
3320 5523 3477 5579 Chri-

1904 5642 2092 5698 stianis
2122 5634 2386 5690 amabilis.

1971 5730 2224 5787 Tarasius
2274 5720 2643 5778 sanctissimus
2685 5711 2988 5785 patriarcha
3033 5709 3216 5766 dixit:
3259 5705 3475 5760 Petrum
