4168 6530
221 394 316 446 513

1413 395 1760 450 111⁵18101ηῆ
1806 397 1891 452 ΕΤ
1929 399 2255 456 (ΖΑΧΟΧΙιζδ.

3356 420 3451 469 5M

225 505 274 554 in
309 512 473 565 terra,
521 511 569 552 et
617 500 921 554 demonstra
972 502 1096 552 mihi
1146 503 1263 570 quis
1313 503 1586 557 tradiderit
1622 520 1779 558 rene-
1814 511 1853 565 Α
1885 509 1950 560 de
1996 511 2148 577 lignis
2201 514 2628 580 imputiihilihus,
2674 530 2724 571 et
2776 521 2986 587 impone
3018 529 3313 580 testimonia
3365 540 3454 582 tua

223 591 381 642 ranila
413 601 464 642 et
494 590 760 642 adoramla
791 604 908 643 esse
935 591 1254 652 inannfacta,
1284 601 1391 643 tnui
1419 609 1517 659 ego
1545 594 1635 648 Dei
1666 610 1785 648 esse

230 681 534 733 mandatum
575 679 799 733 fatebor.
831 681 1004 745 Quare
1033 695 1178 745 vero,
1211 692 1457 748 tauquam
1491 684 1782 750 imperator

222 778 272 822 et
309 778 467 840 caput
496 769 935 829 Christianorum,
990 771 1256 836 sapientes
1297 787 1399 823 non
1444 784 1782 838 percontatus

217 876 293 921 es,
327 861 414 926 qui
457 861 786 925 experientia
829 860 1030 927 pollent.
1069 871 1122 913 et
1162 862 1230 912 ab
1271 862 1398 927 ipsis
1438 862 1649 913 eiicieii
1688 879 1782 927 po-

218 951 408 1003 tuisses
457 958 671 1016 pr0pter
719 966 836 1016 qmc
886 951 1185 1002 mannfacta
1229 950 1366 1002 Dens
1414 952 1526 1004 lia-c
1565 952 1778 1015 dixerit,

218 1042 517 1107 priusquam
568 1039 923 1092 confunderes
953 1050 1006 1092 et
1035 1041 1411 1094 commisceres
1441 1042 1664 1093 humiles
1692 1058 1782 1107 po-

219 1130 367 1196 pulos
411 1139 566 1198 atque
614 1129 1005 1182 conturbares?
1039 1129 1412 1183 Verumtamen
1461 1141 1514 1182 tu
1567 1141 1780 1182 Sani-tos

216 1223 399 1272 l'atres
443 1228 653 1272 nostros
701 1233 764 1271 ac
811 1218 1061 1272 doctores
1109 1218 1343 1288 rejecisti
1377 1236 1436 1271 ac
1467 1220 1775 1286 repmliasti,

214 1319 269 1362 rt
302 1308 441 1360 foras
470 1309 784 1373 amamlasti,
820 1310 1006 1377 quibus
1039 1324 1194 1362 manu
1225 1310 1433 1377 propria
1463 1309 1780 1377 sciiptisque

215 1398 320 1450 tuis
385 1409 434 1450 te
499 1400 789 1464 pariturum
850 1413 1048 1466 eosque
1113 1411 1418 1452 secuturum
1468 1401 1775 1466 promisis'i.

220 1491 496 1557 Scriptura
531 1502 728 1552 nostra,
759 1491 845 1544 lux
893 1501 947 1543 et
975 1491 1118 1543 salus
1149 1502 1347 1557 nostra,
1384 1494 1551 1545 Sancti
1583 1509 1642 1546 ac
1673 1493 1779 1546 Deo

216 1583 363 1649 pleni
404 1582 584 1632 l'atres
623 1591 674 1634 et
713 1580 960 1635 doctores
1001 1584 1166 1634 nostri
1210 1594 1363 1645 sunt,
1391 1593 1439 1636 et
1477 1584 1573 1636 hoc
1603 1600 1692 1636 sex
1727 1584 1776 1635 in

210 1673 424 1723 tLhrislo
454 1671 638 1740 synodi
671 1672 819 1723 nobis
859 1672 1207 1736 tradiderttnt,
1246 1684 1298 1727 et
1330 1685 1384 1726 ιιι
1414 1689 1596 1727 eorum
1632 1676 1779 1726 testi-

179 1739 386 1814 ..‘nonia
422 1776 525 1814 non
557 1762 771 1829 accipis.
812 1762 1044 1816 Necesse
1082 1765 1336 1818 habemus
1375 1781 1556 1819 crassa
1603 1765 1694 1818 tibi
1726 1776 1778 1819 et

1889 601 1937 651 iu
1988 615 2162 653 aream
2222 604 2273 654 in
2321 608 2628 661 memoriale
2675 615 3074 677 generationum
3150 631 3443 670 vestrarum

1888 687 2080 750 (Exod.
2140 685 2303 753 xxv),
2357 693 2456 746 hoc
2508 707 2616 759 est,
2679 699 2903 760 tabulas.
2960 720 3166 768 urnam,
3228 712 3450 776 virgam,

1885 789 2097 828 manna.
2136 780 2339 832 Suntne
2372 783 2483 836 lizec
2510 787 2685 852 figura:
2715 805 2776 842 ac
2806 792 3086 849 simulacra
3126 801 3447 861 manufacta,

1884 879 1948 916 an
2000 870 2144 918 non?
2193 883 2555 927 verumtamen
2617 879 2680 929 ad
2727 881 2949 946 gloriam
2999 896 3052 938 et
3101 888 3447 943 ministerium

1885 955 1997 1009 Dei.
2027 958 2232 1027 Moyses
2271 963 2357 1016 ille
2388 981 2610 1034 magnus
2645 969 2834 1024 timore
2863 988 3142 1042 correptus
3168 993 3284 1031 cum
3317 981 3448 1048 ligu-

1885 1062 1996 1098 ram
2031 1051 2188 1104 veilct
2228 1060 2282 1104 et
2320 1053 2660 1110 simulacrum
2705 1061 2919 1125 intueri,
2951 1081 3015 1117 ne
3065 1066 3198 1120 forte
3227 1082 3446 1133 eriaiet,

1882 1139 2066 1188 orabat
2098 1138 2259 1192 Deum
2291 1142 2473 1196 dicens
2517 1161 2528 1194 :
2574 1148 2806 1203 Ostende
2834 1153 2962 1204 mihi
2995 1157 3220 1220 teipsum
3275 1163 3446 1210 mani-

1885 1225 2054 1287 festo,
2110 1237 2165 1278 ιιι
2211 1230 2419 1284 videam
2476 1245 2526 1287 te
2574 1233 2768 1302 (Exod.
2815 1244 3024 1309 xxx”);
3077 1257 3131 1296 et
3180 1250 3449 1312 respond:t

1884 1313 2022 1368 Dens
2062 1333 2073 1367 :
2105 1316 2158 1370 Si
2189 1319 2382 1374 videris
2425 1340 2529 1386 me,
2556 1329 2831 1391 morieris;
2863 1334 2955 1383 sed
2987 1337 3218 1389 ascende
3247 1354 3338 1401 per
3375 1343 3449 1390 lo.

1884 1424 2065 1462 ramen
2101 1421 2286 1476 petrte.
2315 1423 2366 1465 et
2389 1417 2590 1470 videbis
2619 1425 2910 1486 posteriora
2959 1441 3096 1478 mea.
3124 1429 3369 1482 Ostendit
3401 1432 3447 1482 vi

1883 1498 2020 1552 Dens
2049 1501 2098 1552 in
2133 1503 2333 1556 visione
2363 1508 2671 1574 mysterium
2705 1526 2733 1562 a
2761 1514 2970 1566 saeculis
2998 1515 3363 1571 absconditum
3397 1533 3450 1573 et

1881 1605 1910 1642 a
1951 1595 2405 1660 generationibus.
2453 1597 2649 1652 Verum
2705 1614 3003 1657 nostrarum
3052 1610 3448 1675 gener-alienum

1883 1693 2040 1737 aetate
2069 1688 2120 1737 in
2155 1688 2457 1741 novissimis
2490 1691 2816 1757 temporibus
2849 1695 3182 1749 manifestum
3214 1701 3447 1765 seipsum

1883 1782 1935 1825 et
1985 1778 2278 1840 posteriora
2332 1779 2488 1831 simul
2561 1789 2615 1832 et
2663 1783 2928 1836 anteriora
3001 1787 3232 1851 perfecte
3300 1791 3450 1841 nobis

210 1854 420 1909 inuncta
465 1853 719 1913 scribere,
754 1862 810 1904 ut
840 1853 1082 1907 indoctus
1110 1871 1168 1908 es
1207 1867 1258 1908 et
1296 1871 1525 1917 crassus,
1560 1859 1651 1911 sed
1694 1874 1776 1911 re-
1813 1844 1856 1902 Β
1885 1864 2134 1915 ostendit.
2179 1865 2310 1917 Cum
2353 1881 2479 1919 vero
2517 1882 2682 1935 genus
2712 1873 2982 1924 hominum
3036 1877 3085 1927 in
3135 1887 3446 1943 perpetuum

208 1957 332 1994 vera
385 1952 559 1996 tamen
606 1945 854 1995 virtutem
901 1959 963 1998 ac
991 1946 1269 2000 veritatem
1300 1947 1390 2000 Dei
1427 1949 1478 2000 in
1519 1963 1578 2002 se
1616 1952 1784 2002 conti-

211 2045 359 2087 nent.
392 2035 488 2087 l’er
517 2036 678 2088 Deum
712 2045 763 2089 te
791 2038 1122 2091 obtestamur
1149 2049 1204 2092 nt
1228 2043 1586 2108 arrogantiam
1619 2044 1782 2112 depo-

206 2139 307 2176 nas
350 2134 406 2177 et
443 2124 744 2191 superbiam
767 2166 782 2187 ,
817 2142 916 2193 qua
964 2127 1310 2189 circumfluis.
1346 2134 1614 2200 multaque
1661 2151 1780 2187 cum

207 2215 509 2267 humilitate
539 2215 747 2269 sincere
777 2218 931 2268 ttobis
960 2231 1119 2271 aures
1148 2221 1544 2275 accommodes.
1578 2222 1785 2277 Flectat

204 2307 443 2358 animum
471 2317 617 2358 tuum
649 2308 786 2360 08118
816 2307 881 2360 atl
915 2306 1192 2363 veritatem
1226 2325 1532 2366 δοτηιυιιιιιη
1563 2328 1778 2367 8110111111

203 2396 541 2450 ellieacitate.
592 2395 815 2464 Propter
866 2398 1172 2452 idololatras
1221 2405 1386 2464 enim,
1436 2405 1527 2470 qui
1583 2414 1776 2457 terrain

204 2487 574 2553 promissionis
626 2485 977 2554 occupabant,
1033 2489 1193 2542 verba
1245 2489 1497 2555 faciebat,
1530 2495 1617 2559 qui
1664 2494 1784 2544 ani-

205 2577 370 2628 malia
399 2591 580 2640 aurea,
609 2587 662 2628 et
687 2586 934 2643 argentea
968 2578 1267 2646 ligneaqne,
1298 2589 1351 2632 et
1380 2594 1592 2633 omnem
1626 2597 1779 2636 crea-

209 2679 386 2720 turam
425 2667 742 2731 adorabant,
783 2678 838 2722 et
868 2671 1107 2723 volantes
1150 2686 1275 2726 aves
1305 2687 1511 2738 omnes,
1544 2689 1605 2728 ac
1634 2675 1775 2729 diee-

213 2757 344 2808 I:aut
389 2773 400 2806 :
447 2755 534 2809 lsti
571 2766 696 2808 sunt
735 2757 805 2810 dii
837 2759 1022 2824 nostri,
1055 2768 1109 2813 et
1155 2759 1289 2815 alius
1333 2761 1472 2815 Deus
1521 2780 1622 2816 non
1671 2776 1770 2818 est.

204 2847 431 2916 Propter
461 2848 573 2901 lucc
614 2847 910 2902 nianul'act‘a
941 2851 1134 2903 diaboli
1182 2855 1338 2905 noxia
1387 2864 1440 2905 et
1471 2859 1771 2910 exercenda

203 2937 421 2992 dicebat
465 2937 628 3003 Deus,
683 2951 748 2991 ne
798 2953 857 2991 ca
901 2938 1264 2994 adoraremns.
1307 2942 1434 2995 Nam
1486 2947 1606 3010 quia
1652 2957 1775 3000 sunt

203 3027 506 3081 nianul'acta
549 3031 787 3095 quasdam
833 3028 898 3080 ad
938 3028 1285 3084 ministerium
1326 3042 1378 3085 et
1403 3033 1624 3102 gloriam
1657 3037 1769 3099 Dei,

204 3134 333 3172 cum
383 3119 702 3185 peculiarem
733 3120 986 3187 populum
1017 3135 1169 3174 sumn
1204 3123 1543 3177 llebrarorum
1573 3130 1770 3181 sancti-

1888 1955 2059 2019 perire
2104 1955 2318 2008 vidisset
2356 1957 2515 2021 Deus,
2551 1961 2784 2026 ligmenti
2829 1962 2908 2014 sui
2941 1964 3218 2028 misertus,
3257 1967 3445 2020 Filium

1884 2059 2036 2096 suum
2100 2056 2223 2100 ante
2283 2050 2475 2102 saecula
2532 2051 2766 2118 genitum
2827 2054 3009 2118 misit,
3078 2066 3130 2108 et
3183 2058 3248 2110 de
3295 2062 3448 2112 caelis

1884 2133 2250 2198 descendens,
2299 2136 2349 2188 in
2392 2146 2631 2191 ventrem
2679 2141 2894 2206 virginis
2949 2143 3121 2196 Mari-.13
3175 2146 3444 2211 ingressos

1883 2230 1984 2285 est,
2017 2235 2134 2273 cum
2166 2223 2216 2274 in
2265 2222 2380 2291 ejus
2425 2235 2572 2276 mero
2620 2239 2801 2279 verum
2850 2228 3024 2281 lumen
3071 2233 3359 2297 eluxisset;
3394 2247 3449 2288 ct

1882 2313 2102 2365 seminis
2131 2310 2249 2366 loco
2281 2314 2457 2366 lumen
2489 2313 2681 2367 factum
2713 2326 2793 2368 est
2822 2332 2975 2381 caro;
3003 2329 3054 2372 et
3083 2319 3313 2376 Jordaue
3342 2323 3444 2376 liii-

1883 2403 1964 2453 vio
1992 2403 2284 2468 baptizatus
2310 2414 2413 2468 est,
2443 2413 2498 2456 et
2523 2419 2618 2457 nos
2647 2422 2855 2474 quoque
2884 2409 3184 2474 baptizavit.
3220 2412 3447 2467 Indici..-

1883 2506 1999 2542 rum
2045 2491 2198 2544 nobis
2231 2492 2445 2560 pignora
2490 2493 2614 2546 dare
2644 2495 2804 2561 cwpit
2827 2511 2894 2548 ne
2939 2499 3208 2560 fallamur,
3239 2511 3292 2554 et
3325 2504 3447 2557 ll-Le-

1881 2579 2202 2649 rosolymam
2228 2581 2514 2650 ingressus,
2536 2583 2585 2636 iu
2609 2586 2881 2640 caenaculo
2903 2599 3099 2641 sancta:
3123 2602 3173 2644 et
3194 2592 3441 2658 glorias-.e

1879 2669 2004 2722 Sion
2039 2670 2088 2720 in
2128 2672 2348 2741 mystica
2388 2688 2539 2726 ctrna
2588 2689 2795 2729 sacrum
2851 2680 3003 2732 nobis
3047 2695 3239 2745 corpus
3287 2698 3440 2736 suum

1877 2761 2138 2829 apposuit,
2179 2771 2232 2814 et
2262 2765 2494 2829 pretioso
2523 2780 2618 2819 nos
2663 2769 2920 2835 sanguine
2947 2785 3046 2823 suo
3075 2775 3297 2841 potavit.
3333 2777 3443 2829 Illic

1875 2864 1928 2906 et
1958 2851 2116 2919 pedes
2147 2864 2351 2907 nOSIros
2379 2856 2523 2922 lavit,
2550 2864 2604 2909 et
2628 2871 2745 2910 cuni
2773 2861 2887 2926 ipso
2929 2862 3157 2915 bibimus
3183 2874 3237 2917 et
3266 2880 3440 2919 come-

1876 2939 2071 3004 dizuus,
2100 2949 2152 2994 et
2195 2940 2370 3007 ipsum
2411 2959 2596 2997 manus
2642 2955 2838 3000 nostra:
2879 2961 3363 3017 contrectaveruut,
3389 2965 3441 3008 et

1877 3029 2148 3083 familiaris
2192 3041 2372 3084 noster
2401 3042 2483 3085 est
2515 3033 2700 3098 factus,
2731 3045 2784 3088 et
2813 3039 3147 3093 manifestata
3179 3044 3329 3097 nobis
3361 3056 3442 3098 est

1874 3120 2105 3182 veritas,
2137 3128 2190 3172 et
2232 3137 2381 3174 error
2421 3132 2474 3174 et
2513 3123 2682 3190 caligo
2726 3141 2826 3193 qua
2878 3129 3180 3183 circumfusi
3227 3147 3440 3186 eramus

204 3209 422 3263 [iratum
473 3209 805 3262 introducere
856 3210 1036 3274 vellet,
1087 3223 1241 3278 prout
1286 3223 1408 3265 ante
1441 3214 1768 3268 Deusmim-
1800 3200 1844 3260 C
1876 3208 2106 3278 aufugit,
2141 3219 2251 3262 ete
2282 3211 2458 3264 medio
2507 3211 2712 3266 sublata
2761 3224 2873 3280 est;
2926 3227 3080 3284 atque
3130 3221 3180 3272 in
3230 3237 3440 3275 omnem

202 3302 352 3362 liam,
387 3301 530 3354 Isaac
584 3298 824 3361 et_.lacob
853 3303 1170 3367 promiserat
1207 3318 1265 3357 se
1297 3318 1487 3356 terram
1522 3308 1625 3360 illis
1653 3323 1772 3376 pro-

201 3392 480 3446 missionis
525 3394 793 3454 daturuni,
826 3404 879 3446 et
912 3406 1245 3460 possessores
1274 3411 1336 3448 ac
1367 3396 1602 3452 lneredes
1645 3414 1771 3466 pos-

197 3488 505 3539 sessionum
554 3485 950 3538 idololatrarum
1013 3486 1129 3539 illos
1179 3487 1487 3559 [Israelitas]
1533 3491 1771 3543 redditu-

199 3591 348 3638 rum,
379 3589 439 3627 ac
464 3584 645 3642 gentes
676 3575 793 3626 illas
828 3574 1190 3642 ctincisurum,
1224 3579 1533 3646 penitusque
1562 3579 1772 3633 deletu-

199 3680 349 3722 rum.
405 3666 524 3729 quia
576 3672 769 3717 terram
812 3673 863 3717 et
908 3680 1086 3718 aerem
1136 3665 1413 3734 iniquitate
1459 3684 1572 3729 sua,
1614 3685 1770 3734 quam

202 3762 668 3820 perpetraverant,
698 3753 1142 3816 contaminarant,
1177 3756 1491 3822 prmdicebat
1523 3759 1679 3820 Deus,
1709 3776 1773 3814 ac

198 3841 591 3909 praemuniebat
620 3843 868 3910 populum
897 3858 1072 3909 suum,
1107 3860 1172 3898 ne
1204 3845 1255 3898 in
1287 3861 1471 3900 eorum
1503 3850 1771 3904 adoratio-

198 3946 302 3986 nes
338 3931 758 3998 prolaberentur.
807 3931 863 3986 In
907 3933 1099 4002 populo
1146 3934 1435 3990 Israelitico
1464 3937 1606 3992 viros
1637 3939 1772 3993 duos

194 4021 400 4088 selegit
445 4021 603 4083 Deus,
645 4034 707 4075 ac
741 4021 1010 4075 benedixit
1050 4036 1143 4076 eos
1187 4034 1240 4077 et
1280 4026 1663 4092 sanctificavit,
1716 4039 1773 4081 ut

191 4125 370 4180 Opera
415 4110 708 4164 manufacta
757 4111 1162 4176 fabricarentnr,
1211 4130 1390 4168 verum
1440 4117 1504 4169 ad
1548 4119 1768 4184 gloriam

191 4211 250 4253 et
284 4200 644 4253 ministerium
678 4200 803 4264 Dei,
837 4200 887 4253 in
934 4214 1332 4256 monumentum
1363 4209 1765 4273 generationem

193 4293 443 4356 ipsorum
496 4288 689 4360 (Exod.
744 4301 919 4360 XXXI);
975 4292 1206 4347 Bezelcel
1257 4295 1470 4362 inquam
1522 4307 1573 4350 et
1621 4299 1770 4353 Eliab

192 4379 489 4452 [Onliab]'l
520 4395 583 4433 ex
632 4383 796 4448 prima
849 4383 983 4435 tribu
1029 4381 1158 4439 Dan.
1215 4383 1351 4438 Dixit
1399 4386 1563 4452 Moysi
1597 4389 1764 4442 Deus:

192 4469 442 4524 I’ra'cide
473 4469 672 4521 tubulas
695 4469 823 4522 duas
849 4471 1076 4533 lapideas
1105 4471 1297 4540 (Exod.
1330 4475 1530 4542 xxxii),
1560 4487 1611 4529 et
1640 4478 1769 4531 alfer

188 4557 366 4621 mihi;
418 4572 642 4623 cumque
689 4560 1032 4624 prmcidisset,
1086 4561 1321 4628 advexit,
1372 4574 1424 4618 et
1464 4565 1628 4634 digito
1675 4583 1772 4621 suo

190 4656 393 4702 decem
437 4659 484 4700 et
515 4650 714 4700 vi'i'iliea
749 4660 802 4702 et
833 4650 1150 4704 immortalia
1183 4655 1339 4706 verba
1369 4656 1578 4722 scripsit
1614 4658 1769 4712 Deus.

191 4737 432 4798 Deinde,
475 4734 556 4789 fac
587 4737 862 4790 cherubim
907 4748 957 4791 et
987 4741 1276 4808 seraphim,
1327 4745 1497 4810 inquit
1527 4743 1686 4809 Deus,
1720 4757 1774 4801 et

187 4831 278 4882 {ac
313 4841 576 4893 mensam,
609 4841 669 4880 ac
694 4828 947 4881 deaurato
977 4830 1116 4883 intus
1145 4839 1199 4884 et
1225 4831 1373 4896 foris,
1407 4842 1458 4886 et
1487 4849 1662 4887 arcam
1694 4838 1775 4891 fac

267 4945 295 4972 ⁸
336 4933 418 4987 Ea:
469 4935 633 5001 prima
677 4938 805 4987 tribu
856 4935 989 4989 Dan.
1018 4937 1114 4991 Hic
1142 4955 1292 4993 error
1311 4943 1514 5004 subest,
1539 4944 1609 4997 ita
1638 4945 1774 5001 forte

187 5005 493 5080 tollendus,
515 5013 608 5080 fr};
637 5008 841 5080 πρώτης
871 5008 1024 5076 φυλῆς
1055 5011 1133 5062 ναὶ
1158 5019 1245 5069 τῆς
1274 5019 1364 5065 τοῦ
1382 5019 1500 5074 Λᾶν,
1521 5030 1582 5065 ex
1607 5015 1772 5079 prima

187 5075 348 5128 tribu
405 5083 461 5126 et
514 5075 642 5124 Dan.
678 5075 938 5141 Legimus
982 5079 1122 5130 enim
1167 5082 1328 5132 lixodi
1366 5097 1492 5133 tum
1529 5075 1772 5139 Beselrel

188 5147 374 5198 fuisse
400 5143 466 5196 de
497 5142 634 5214 tribu
663 5142 819 5206 Juda,
851 5160 966 5210 quae
997 5157 1213 5213 promer
1243 5151 1518 5214 imperium
1551 5153 1599 5206 ei
1631 5155 1776 5207 dela-

187 5227 310 5267 tum
340 5214 507 5288 prima
537 5210 769 5288 hic_dici_
789 5224 963 5288 potest
990 5210 1180 5288 videri;
1207 5210 1483 5284 etOiiliab,
1515 5223 1602 5288 qui
1621 5223 1773 5276 Eliab

184 5281 555 5351 Septuaginta
604 5281 824 5347 Grmcis,
857 5283 925 5337 de
967 5285 1104 5337 tribu
1133 5285 1266 5339 Dan.
1297 5290 1419 5340 Loci
1451 5281 1609 5342 etiam
1634 5295 1777 5346 Scri-

188 5363 378 5421 ptura:
433 5351 521 5430 qui
576 5363 868 5420 sequuntur
915 5368 1019 5407 non
1062 5365 1166 5408 tum
1189 5357 1252 5410 ad
1280 5357 1498 5412 verbum
1526 5376 1685 5428 quam
1709 5365 1775 5416 ad

184 5435 425 5478 sensum
455 5429 702 5474 nitantur.

264 5491 295 5528 δ
333 5489 664 5567 Non_latriq,
691 5491 780 5544 sed
805 5491 1121 5567 habitudine.
1151 5495 1238 5567 Sic
1280 5497 1455 5553 locum
1488 5497 1771 5567 Nicephor.

185 5560 710 5627 Constantinopolit.
758 5577 820 5615 ex
841 5563 956 5629 ejus
999 5566 1297 5621 orthodoxo
1342 5571 1560 5622 citatum
1618 5560 1777 5624 vertit

192 5632 880 5708 'l‘i‘irrianusmnostrr,_li_b_.
918 5649 930 5686 ι
966 5639 1399 5708 βτομοςιηοιιιὺιιε
1429 5649 1624 5704 apost.,
1656 5656 1771 5708 cap.

187 5699 288 5753 “2‘5.
325 5703 462 5752 Cum
491 5698 731 5774 Christus
760 5702 908 5754 initio
936 5698 1248 5767 prredicatns
1271 5718 1370 5768 est,
1404 5698 1522 5760 cum
1550 5698 1622 5763 ea'
1647 5698 1778 5774 m3.

182 5771 472 5826 dicatione
494 5769 770 5839 conjuncta
803 5782 914 5826 erat
937 5785 1216 5843 σχετικῶς,
1243 5777 1290 5829 id
1315 5788 1415 5843 est,
1443 5769 1772 5847 habitudine,

1879 3310 2072 3352 terram
2099 3300 2260 3353 exii-it
2280 3315 2440 3354 sonus
2463 3302 2595 3370 ejus,
2618 3313 2672 3356 et
2695 3302 2745 3356 in
2769 3305 2898 3358 lines
2926 3307 3067 3360 orbis
3093 3318 3248 3362 terra:
3277 3311 3440 3364 verba

1874 3391 2006 3456 ejus.
2042 3391 2331 3457 Cceperuut
2365 3392 2431 3444 ab
2460 3392 2708 3446 universo
2743 3405 3005 3448 terrarum
3034 3400 3163 3453 orbe
3195 3400 3438 3456 homines

1876 3483 2014 3533 velut
2043 3483 2231 3546 aquila:
2257 3482 2564 3536 advolantes
2594 3484 3015 3555 Hierosolymam
3048 3490 3228 3544 venire
3249 3531 3262 3554 ,
3290 3505 3439 3559 prout

1876 3571 1926 3623 in
1963 3571 2259 3638 Evangeliis
2286 3574 2416 3626 dixit
2454 3574 2708 3629 Dominus
2733 3594 2745 3627 :
2775 3576 2869 3630 Ubi
2899 3581 3052 3646 fuerit
3083 3597 3268 3650 corpus
3291 3626 3304 3647 ,
3334 3587 3440 3637 illic

1874 3664 2313 3732 congregabantur
2357 3675 2402 3717 et
2449 3667 2634 3730 aquila:
2677 3665 2908 3735 (Matth.
2960 3686 3084 3723 xxiv
3108 3673 3151 3740 ).
3201 3673 3444 3730 Christus

1873 3762 2050 3806 autem
2080 3755 2307 3809 cadaver
2328 3796 2342 3819 ,
2377 3757 2569 3824 aquilae
2600 3759 2649 3810 in
2682 3759 2908 3814 Sublime
2937 3765 3174 3818 volantes
3209 3767 3441 3835 religiosi

1874 3852 1998 3896 sunt
2026 3845 2266 3900 homines
2291 3860 2342 3899 et
2364 3848 2560 3902 Christi
2590 3860 2848 3905 amantes.
2880 3853 2979 3919 Qui
3016 3854 3296 3910 Dominum
3321 3877 3440 3913 cum

1876 3931 2152 3996 vidissent,
2186 3945 2338 4003 prout
2367 3937 2631 4004 viderant,
2665 3943 3009 4006 spectandum
3045 3944 3214 4012 ipsum
3245 3964 3440 4016 propo-

1876 4034 2062 4077 nentes
2103 4024 2488 4092 depinxerunt;
2520 4043 2641 4082 enm
2684 4030 2940 4085 Jacobutu
2986 4034 3200 4088 fratrem
3233 4037 3443 4094 Domini

1874 4112 2146 4178 vidissent,
2183 4127 2337 4182 prout
2367 4118 2638 4183 viderant,
2670 4123 3013 4186 spectandum
3043 4125 3233 4192 ipsum.
3249 4146 3442 4198 propo-

1874 4213 2060 4257 nentes
2086 4204 2474 4271 depinxerunt;
2496 4223 2612 4261 cum
2638 4210 2968 4277 Stephanum
2994 4228 3438 4290 protomartyreui

1874 4295 2148 4357 vidissent,
2171 4307 2323 4363 prout
2355 4296 2612 4361 viderant,
2639 4303 2988 4363 Spectandum
3034 4305 3202 4372 ipsum
3249 4326 3442 4376 propu-

1876 4395 2059 4437 nentes
2100 4385 2490 4453 depinxerunt;
2524 4395 2577 4441 et
2626 4401 2680 4441 ut
2728 4405 2833 4442 uno
2878 4398 3042 4445 verbo
3089 4399 3287 4462 dicam,
3320 4414 3438 4452 eum

1878 4475 2036 4530 facies
2066 4489 2380 4548 martyrum,
2409 4481 2498 4546 qui
2545 4480 2855 4548 sanguinem
2899 4499 2993 4549 pro
3037 4485 3250 4542 Christo
3290 4491 3442 4544 fmie-

1879 4579 2014 4643 rant,
2057 4570 2332 4636 vidissent,
2359 4571 2740 4639 depinxerunt;
2771 4583 2822 4626 et
2850 4574 2929 4626 his
2957 4579 3257 4643 conSpectis
3289 4582 3440 4633 deiu-

1875 4642 2000 4724 ceps
2027 4655 2078 4710 iit
2123 4666 2233 4710 toto
2266 4669 2527 4712 terrarum
2555 4661 2683 4713 orbe
2716 4662 2960 4716 homines
2981 4705 2994 4727 ,
3028 4665 3223 4719 diaboli
3254 4672 3440 4722 adera-

1876 4748 2100 4801 tionibus
2128 4748 2396 4802 derelictis
2421 4792 2435 4817 ,
2466 4749 2560 4802 has
2584 4750 2937 4805 exhibuerunt
2960 4749 2985 4786 ιτ
3017 4769 3118 4806 non
3150 4755 3322 4822 latria,
3347 4762 3438 4812 sed

1877 4838 2200 4892 habitudine.
2233 4839 2364 4892 Num
2401 4841 2490 4894 tibi
2518 4840 2720 4909 justum
2752 4841 2978 4907 videtur,
3006 4844 3314 4911 imperator,
3343 4851 3437 4901 luis

1878 4951 2182 5018 prazdicaio
2237 4954 2350 5017 eius
2396 4953 2829 5020 imaginis;etut
2858 4969 2960 5007 non
2993 4955 3242 5009 adorator
3267 4959 3441 5024 imago

1879 5031 2089 5092 prOpter
2145 5037 2224 5082 se.
2264 5025 2353 5074 sed
2387 5032 2602 5090 propter
2632 5033 2988 5092 prototypum,
3020 5029 3095 5078 sic
3123 5043 3225 5079 non
3258 5039 3337 5080 est
3361 5032 3436 5080 ili-

1875 5091 2099 5142 cendum
2149 5094 2356 5145 adorari
2399 5107 2514 5146 eam
2541 5091 2912 5164 absolute,sed
2937 5103 3212 5164 σχιτικῶς,
3246 5098 3298 5149 id
3329 5112 3427 5159 est,

1877 5161 2044 5213 relate
2072 5176 2085 5222 ;
2117 5171 2173 5213 et
2194 5170 2251 5212 nt
2277 5176 2504 5228 purpura
2536 5171 2587 5214 et
2618 5163 2905 5227 imperator
2943 5161 3013 5216 ea
3037 5167 3248 5218 indutus
3273 5183 3434 5220 unum

1878 5230 2071 5301 faciunt
2124 5229 2343 5301 habitu,
2379 5233 2456 5284 sic
2483 5232 2654 5301 imago
2686 5242 2739 5284 et
2770 5239 3102 5301 prototypum
3130 5234 3246 5300 ejus
3279 5251 3436 5290 unum

1879 5297 2068 5350 faciunt
2097 5301 2304 5366 σχέσει,
2334 5300 2381 5352 id
2407 5311 2510 5365 eat,
2540 5300 2864 5353 habitudine.
2896 5297 2961 5353 1ιῖ
2981 5297 3256 5355 έθιιιθιιίἱὶε
3279 5310 3436 5362 etiam

1879 5367 1988 5443 fati
2007 5375 2188 5443 munde
2208 5371 2546 5443 imaginibus,
2569 5385 2700 5443 quas
2747 5369 2961 5443 Lutetiae
2990 5371 3154 5443 edidit
3182 5373 3243 5424 (ἓ.
3272 5375 3440 5428 Mnie-

1878 5437 1997 5502 lius,
2057 5436 2214 5500 1562,
2276 5452 2394 5514 pag.
2443 5438 2508 5492 10
2557 5457 2567 5491 :
2608 5436 3110 5514 'Erri_7ot-J_Xpia’roﬁ
3139 5442 3439 5514 λατρευτική

1877 5517 2238 5580 προσκύνησις,
2295 5511 2379 5561 καὶ
2439 5514 2656 5578 φυσικὴ,
2709 5510 2793 5560 ἐπὶ
2852 5507 2904 5561 δὲ
2966 5518 3055 5568 τῆς
3120 5510 3299 5571 εἰκόνος
3348 5523 3438 5568 τοῦ

1877 5584 2097 5647 Χριστοῦ
2145 5584 2366 5645 σχετιχή
2406 5581 2942 5655 ᾑπροσκύνηηςκκαὶ
2971 5580 3272 5655 ᾇμῳνυμική.
3311 5582 3440 5646 ριιιθ

1878 5648 1956 5696 sic
1981 5648 2289 5716 redduntur
2319 5650 2382 5697 ab
2411 5647 2697 5713 interprete
2741 5647 3003 5716 lﬁuthytnii
3039 5653 3319 5714 l'anophae,
3355 5663 3439 5706 tit.

1884 5714 1945 5766 l9
1974 5732 1982 5765 :
2018 5713 2083 5766 In
2113 5715 2227 5784 ipso
2259 5715 2456 5767 Christo
2476 5717 2795 5769 cstadorutio
2822 5713 2986 5768 (atrii:
3009 5729 3052 5769 et
3080 5713 3361 5782 naturalis;
3389 5726 3438 5774 in

1879 5785 2101 5852 imagine
2155 5802 2266 5838 νει-ο
2311 5784 2496 5839 Christi
2550 5798 2619 5840 est
2660 5789 2866 5838 relatira
2920 5797 2961 5840 ει
3004 5790 3274 5858 (ιίιιιιιυοω.
3321 5791 3436 5846 Vul-
