4168 6600
745 451 845 504 51.”:

1985 445 2038 493 Β.
2085 441 2305 493 ιςξίιᾳιάι

2448 441 2524 490 ΡΛ
2539 437 2644 490 Ρ.ἆῇ
2689 437 2723 489 ll
3884 433 3962 486 516

747 561 1005 628 imagines
1037 559 1297 618 \‘rucrari,
1329 572 1394 606 an
1425 556 1622 606 erroris
1653 553 1863 603 iliaholii
1885 551 1931 602 ιτ
1959 553 2093 602 Cum
2127 550 2310 601 llieru-
2337 550 2390 608 Α
2415 550 2500 615 qui
2535 563 2718 613 paSs‘us
2747 556 2823 598 est
2859 547 3189 616 urzrtytiztm,
3219 548 3283 597 itt
3319 543 3562 606 dicimus,
3594 550 3731 599 tales
3756 563 3844 611 per
3871 549 3963 598 iiTizs

743 651 969 718 solymis
995 657 1174 716 ageret
1203 644 1470 706 Christus,
1503 645 1766 711 Aegirus,
1791 641 1877 707 qui
1913 651 2019 692 tum
2056 639 2311 704 temporis

741 740 1113 792 dominabatur
1159 745 1210 787 et
1252 748 1344 787 rex
1394 742 1509 786 erat
1559 732 1702 784 urbis
1743 731 2156 791 Eilesseuorum,
2189 744 2311 780 eum

739 829 936 883 Christi
984 826 1236 880 miracula
1285 823 1630 888 inaudiisset,
1661 821 1939 886 epistolam
1986 821 2200 886 scripsit
2245 818 2309 868 ad

741 924 1047 984 Christum;
1077 921 1165 988 qui
1197 935 1355 971 manu
1387 932 1479 969 sua
1512 930 1821 983 responsoin
1855 923 1905 965 et
1945 928 2154 965 sacram
2200 911 2313 977 glo-

746 1010 1254 1075 riosamquc'faciem
1279 1023 1428 1059 suam
1455 1007 1516 1059 ad
1539 1021 1656 1058 eum
1682 1003 1842 1056 misit.
1871 1005 2046 1071 Itaque
2074 1001 2137 1052 ad
2165 1001 2310 1052 illam

745 1117 848 1155 non
873 1101 1220 1154 manula'ctam
1257 1098 1535 1166 imaginem
1575 1095 1725 1148 mitte
1749 1109 1808 1146 ac.
1832 1095 2312 1158 viilezcougregan-

743 1204 828 1246 tor
868 1192 974 1245 illic
1005 1189 1234 1244 Orientis
1265 1188 1443 1241 turba:
1463 1187 1776 1261 populorum
1802 1197 1853 1236 et
1880 1193 2070 1245 orant;
2101 1192 2156 1235 et
2195 1181 2310 1233 alia:

743 1284 924 1338 multa:
953 1291 1078 1336 sunt
1108 1283 1237 1334 tales
1269 1279 1584 1333 manufacta:
1611 1320 1624 1339 ,
1652 1293 1783 1344 quas
1823 1274 2021 1328 Christi
2069 1283 2310 1327 amantes

740 1371 1186 1443 peregrinantium
1215 1380 1390 1425 ctetus
1428 1379 1768 1432 conserVanI,
1799 1369 1887 1434 qui
1916 1367 1979 1419 ad
2005 1367 2308 1433 spectacola

736 1463 998 1534 ejusmodi
1047 1462 1342 1523 conﬂuunt,
1375 1474 1493 1528 quae
1537 1459 1774 1526 quotidie
1817 1457 2090 1510 veneraris
2118 1465 2172 1507 et
2199 1456 2308 1506 cir-

735 1555 1023 1618 cumspicis
1045 1553 1136 1626 [ἔτ’.
1164 1550 1502 1605 venerabaris
1525 1560 1577 1604 et
1600 1548 1930 1602 contemnis?
1957 1563 2019 1600 ex
2046 1545 2181 1614 Graj.
2205 1546 2312 1599 Cur

737 1648 951 1701 tandem
979 1647 1187 1700 Patrem
1235 1643 1442 1696 Domini
1471 1641 1594 1696 Jesu
1625 1641 1822 1694 Christi
1850 1657 1954 1692 non
1987 1641 2156 1692 oculis
2187 1641 2310 1690 sub-

730 1737 942 1806 jirimus
972 1751 1036 1790 ac
1067 1735 1373 1805 pingimus?
1419 1733 1667 1798 quoniam
1716 1733 1835 1798 quis
1883 1732 1954 1782 sit
2005 1747 2108 1782 non
2159 1731 2308 1781 novi-

739 1845 878 1890 mus,
911 1827 1106 1895 Deique
1131 1835 1314 1878 natura
1346 1823 1631 1890 spectanda
1663 1823 1885 1890 proponi
1915 1837 2017 1874 non
2047 1831 2222 1888 potest
2248 1839 2306 1873 ac

2418 652 2601 703 preci-5
2643 635 2946 698 olisrimus;
2983 651 3079 687 nec
3129 639 3196 688 ita
3241 645 3321 688 est
3366 638 3438 687 uti
3484 636 3639 701 dicis,
3673 637 3960 700 imperatur,

2415 725 2562 791 quasi
2595 725 2722 778 deos
2751 735 3013 794 martyres
3037 725 3386 792 appellemus.
3412 726 3606 778 Averle
3634 729 3780 789 cogit
3815 728 3959 778 tinan

2415 825 2529 866 tuas
2562 816 2748 879 malas,
2779 825 2829 869 te
2871 817 3141 878 obtestor;
3186 825 3240 867 et
3286 816 3449 868 libera
3501 817 3738 868 animant
3787 826 3912 868 tuam
3938 834 3958 865 a

2413 906 2679 959 seandalis
2733 915 2786 958 et
2839 908 3291 959 exsecraIiOnihus
3345 908 3538 972 quibus
3601 908 3670 960 ab
3737 910 3960 963 universo

2414 998 2612 1048 mundo
2642 997 2948 1060 iucesseris,
2974 997 3402 1064 quandoquidem
3429 999 3507 1050 vel
3540 1013 3566 1050 a
3601 999 3836 1064 puerulis
3865 1014 3961 1063 par-

2413 1085 2492 1137 \‘is
2525 1087 2784 1140 illnderis.
2810 1088 2968 1140 Obi'o
3007 1087 3216 1140 scholas
3249 1101 3434 1139 eorum
3462 1087 3550 1152 qui
3579 1088 3862 1141 elementis
3882 1088 3962 1138 im-

2413 1177 2686 1242 huuutur,
2718 1188 2772 1230 et
2820 1176 3082 1245 diczﬁgo
3132 1192 3248 1228 stitit
3305 1191 3521 1229 eversor
3567 1188 3621 1230 et
3669 1190 3963 1245 perscrutor

2413 1267 2717 1332 imaginum,
2743 1277 2798 1321 et
2826 1267 3106 1321 confestim
3156 1267 3374 1320 tabellas
3402 1282 3528 1320 suas
3558 1268 3610 1320 in
3638 1275 3800 1334 caput
3832 1281 3957 1319 tuum

2413 1358 2691 1426 projicient
2720 1398 2734 1422 ,
2785 1358 3032 1425 quodque
3072 1372 3102 1410 a
3149 1358 3477 1425 sapientibus
3529 1358 3751 1411 minime
3799 1360 3960 1410 doct-ri

2413 1449 2667 1516 potuisti,
2715 1449 2781 1501 ab
2833 1448 3200 1516 insipientibus
3247 1449 3562 1502 edocebere.
3627 1448 3720 1501 Sic
3765 1450 3828 1500 ad
3881 1466 3961 1502 nus

2412 1540 2666 1606 scripsisti
2694 1558 2706 1593 :
2731 1543 2886 1595 Ozias
2917 1559 3010 1596 rex
3037 1543 3341 1595 .ludaeomm
3368 1551 3487 1609 post
3517 1557 3680 1596 annos
3705 1545 3963 1609 octingen-

2413 1639 2494 1681 tos
2512 1645 2814 1698 serpentem
2843 1648 3048 1684 atticum
3075 1649 3103 1685 e
3122 1633 3317 1697 templo
3347 1632 3502 1698 ejecit
3523 1631 3572 1698 (1
3592 1632 3766 1701 VReg.
3791 1647 3960 1697 xvml;

2414 1720 2436 1754 ι’
2473 1738 2572 1789 ego
2604 1738 2728 1775 vero
2763 1732 2878 1788 post
2919 1737 3086 1774 annos
3111 1722 3444 1788 octingentos
3471 1723 3606 1774 idola
3644 1738 3708 1775 ex
3741 1726 3851 1777 eccl
3889 1730 3964 1776 stis

2420 1814 2570 1876 e§eci.
2613 1814 2742 1866 Vere
2767 1824 2819 1867 et
2845 1813 3002 1866 Ozias
3032 1811 3196 1865 frater
3224 1822 3336 1865 erat
3381 1823 3497 1865 tuus
3523 1857 3536 1876 ,
3568 1824 3622 1868 et
3649 1816 3836 1869 eadem
3865 1829 3966 1870 erat

737 1918 899 1984 pingi.
934 1915 1083 1982 Quod
1111 1916 1156 1967 si
1205 1929 1326 1966 eum
1372 1914 1542 1966 intuiti
1582 1927 1829 1966 essemus
1865 1927 1927 1964 ac
1976 1913 2310 1963 novissemus
2346 1895 2388 1951 B
2419 1917 2517 1967 qua
2545 1912 2596 1954 tu
2628 1903 2917 1966 pertinacia
2949 1905 3219 1971 proditus,
3247 1905 3492 1970 illiusque
3525 1907 3779 1970 temporis
3805 1923 3965 1959 sacer-

733 2019 890 2079 prout
919 2009 1106 2064 Filium
1137 2008 1278 2076 ejus,
1309 2007 1458 2059 illum
1491 2021 1699 2072 quoquc
1743 2005 2087 2070 Spectandum
2121 2018 2310 2069 propo-

737 2117 865 2153 nere
910 2099 1263 2168 potuisscnms
1290 2110 1353 2147 ac
1391 2096 1606 2162 pingere
1630 2134 1643 2156 ,
1677 2103 1812 2146 utet
1846 2093 1985 2145 illius
2026 2094 2309 2158 imaginem

733 2193 932 2244 idolum
959 2190 1273 2256 appellares.
1305 2187 1649 2240 Obtestamur
1677 2196 1725 2238 te
1754 2194 2003 2253 tanquam
2033 2184 2226 2236 fratres
2257 2187 2306 2234 in

735 2281 970 2344 Christo,
1007 2278 1280 2343 ingredere
1322 2291 1530 2328 rursmn
1569 2277 1632 2326 ad
1667 2277 1979 2337 veritatem,
2011 2275 2148 2326 unde
2192 2273 2306 2325 exi-

732 2371 1108 2432 \-i5ii;excute
1156 2367 1374 2434 spiritus
1423 2368 1620 2427 elatos,
1663 2373 1718 2418 et
1763 2363 2105 2429 pertinaciam
2159 2364 2303 2424 tolle,

731 2471 892 2528 atque
916 2459 980 2512 ad
1009 2472 1194 2511 omnes
1220 2459 1393 2511 scribe
1414 2470 1865 2524 quoquoverSum,
1885 2468 2082 2520 eosque
2110 2453 2305 2520 quibus

732 2548 1054 2602 olfeudiculo
1083 2547 1228 2600 luisti
1258 2547 1423 2614 erige,
1455 2560 1730 2613 quousque
1753 2543 2056 2604 excazcasti,
2092 2543 2302 2594 tametsi

736 2655 842 2706 pra:
886 2639 1046 2692 nimia
1095 2647 1181 2690 tua
1230 2637 1536 2703 stupiditate
1591 2635 1718 2688 illud
1773 2650 1868 2697 pro
1903 2634 2073 2686 nihilo
2117 2633 2301 2684 habes.

733 2733 889 2786 [Vovit
919 2731 1149 2784 charitas
1171 2729 1390 2790 Christi,
1420 2727 1633 2795 quando
1675 2727 1933 2792 templum
1965 2723 2133 2775 sancti
2164 2721 2308 2787 prin-

731 2821 864 2889 cipis
889 2821 1253 2882 apostolorum
1283 2819 1422 2872 Petri
1452 2816 1799 2885 ingredimur,
1829 2825 1881 2868 et
1911 2815 2080 2866 sancti
2115 2812 2305 2880 pictam

732 2912 1017 2976 imaginem
1040 2909 1482 2977 contemplamur,
1501 2909 1910 2974 compunctione
1936 2905 2303 2972 percellimur,

729 3012 784 3056 et
813 3005 980 3056 instar
1010 3002 1196 3055 imbris
1229 3003 1442 3068 pluente
1481 3001 1618 3054 coelo
1663 3001 1910 3066 lacrymze
1961 3008 2157 3050 ttOSlt'tD
2187 2996 2306 3050 futt-

730 3096 946 3148 iluntnr.
1002 3094 1246 3146 Christus
1295 3094 1467 3144 visunt
1515 3091 1672 3146 czccis
1717 3090 1981 3150 restituit;
2017 3101 2070 3140 tu
2096 3103 2192 3141 eos
2218 3090 2304 3156 qui

732 3196 880 3241 recte
930 3187 1178 3239 videbant
1225 3184 1540 3246 excaecasti,
1569 3191 1622 3236 et
1650 3184 1927 3235 obstaculo
1980 3181 2084 3234 illis
2135 3180 2300 3238 fuisti.

2411 1993 2622 2045 tiotilttts
2655 1994 2758 2045 vim
2791 1996 3076 2058 all'erebat,
3118 2001 3174 2045 ut
3220 2003 3273 2045 tu
3320 1997 3469 2047 t'acis.
3522 1995 3670 2048 lllutn
3719 1999 3963 2064 siquidem

2410 2093 2714 2149 serpentem
2758 2083 3117 2136 sanctiﬁcatus
3152 2085 3311 2136 llax'id
3344 2101 3444 2138 una
3485 2103 3603 2138 tum
3649 2105 3769 2140 arca
3799 2104 3966 2143 surpta

2413 2174 2462 2223 in
2494 2173 2752 2239 templum
2784 2175 2980 2226 invexit
3010 2172 3095 2241 (Il
3128 2172 3359 2240 Puro/5p.
3389 2190 3506 2226 nrt
3528 2214 3541 2235 ,
3577 2178 3780 2244 lli-lx).
3829 2183 3967 2243 Quod

2411 2263 2552 2314 enim
2586 2264 2712 2315 illud
2737 2273 2870 2324 erat,
2903 2264 3002 2316 nisi
3026 2276 3391 2316 consecratum
3415 2282 3442 2314 a
3473 2267 3578 2318 Deo
3607 2281 3966 2330 temulentum,

2411 2363 2626 2420 prepter
2650 2369 2744 2407 eos
2767 2355 2855 2421 qui
2885 2367 2992 2407 tum
3019 2355 3144 2422 :egri
3165 2366 3313 2406 ciant
3340 2367 3395 2408 et
3415 2374 3440 2406 a
3466 2360 3802 2422 serpentibus
3835 2360 3968 2412 la-si.’

2409 2458 2465 2501 ιιι
2497 2451 2704 2517 ίιοιιυιὶε
2736 2451 3194 2504 demonstrari-tur
3222 2452 3266 2503 is
3309 2451 3394 2518 qui
3451 2455 3620 2515 primo
3664 2454 3914 2517 ligmunto
3941 2472 3966 2505 a

2413 2541 2520 2594 Deo
2550 2539 2780 2593 formato
2814 2544 3019 2595 Adamo
3046 2553 3098 2594 ct
3131 2543 3251 2594 Eva:
3299 2553 3570 2608 peccatum
3615 2557 3966 2610 suggesserat,

2408 2631 2581 2694 ipsum
2636 2632 2685 2681 in
2735 2632 2997 2684 medelam
3050 2629 3388 2698 peccatorum
3438 2634 3731 2686 constituit.
3781 2637 3843 2686 At
3898 2647 3964 2696 tu,

2409 2735 2561 2788 prout
2593 2723 2858 2790 gloriaris,
2893 2732 3014 2789 post
3059 2739 3226 2777 annos
3271 2723 3484 2778 demum
3515 2728 3848 2793 octingentos
3881 2733 3969 2779 hc-

2416 2816 2770 2868 neiliCtionem
2801 2832 2867 2869 ex
2899 2817 3140 2870 ecclesiis
3165 2815 3394 2882 eiecisti,
3432 2831 3495 2870 ac
3537 2827 3826 2885 martyrum
3858 2835 3968 2871 sane

2407 2906 2824 2972 ctil‘teatiunem;
2871 2918 2926 2960 et
2973 2909 3126 2960 sicuti
3177 2918 3319 2961 recte
3381 2907 3530 2960 initio
3575 2908 3851 2962 confessus
3895 2926 3968 2974 es,

2407 2999 2532 3050 data
2563 3014 2745 3064 opera,
2778 3014 2881 3051 non
2913 3014 2976 3052 ex
3005 3000 3178 3068 aliqua
3207 3001 3554 3064 necessitate;
3585 3009 3854 3065 postremo
3887 3021 3968 3052 att-

2408 3099 2512 3141 tem
2537 3103 2692 3140 manu
2717 3091 2924 3156 propria
2943 3089 3306 3153 subscribens,
3322 3090 3372 3141 in
3395 3098 3550 3158 caput
3570 3102 3714 3142 tuum
3736 3091 3966 3158 ipsorum

2406 3181 2829 3231 exsecrationem
2877 3177 3170 3232 iletorsiSti.
3221 3177 3491 3230 Voluimus
3536 3189 3589 3230 et
3640 3195 3760 3243 nos,
3792 3193 3970 3246 ΙΙΙν-ιιιδ

730 3276 944 3330 tametsi
992 3290 1086 3341 pro
1115 3274 1280 3328 nihilo
1311 3274 1447 3327 istud
1479 3275 1673 3338 habes;
1707 3288 1758 3326 et
1810 3273 2084 3340 imperitos
2125 3271 2299 3324 reddi-
2331 3242 2375 3304 Ο
2409 3269 2497 3336 qui
2549 3267 2854 3321 facultatem
2887 3278 2939 3322 et
2983 3277 3295 3337 potestatem
3343 3281 3500 3336 atque
3547 3281 3915 3322 auctoritatem
3945 3293 3969 3320 ιι

731 3367 878 3423 disti,
911 3376 1217 3430 reetumque
1266 3363 1537 3415 hominum
1585 3377 1801 3416 cursum
1853 3361 2303 3429 interrupisti,ac

738 3456 984 3523 precibus
1018 3457 1161 3521 ipsos
1188 3453 1420 3521 prirasti,
1447 3464 1499 3505 et
1521 3454 1813 3520 vigiliarum
1844 3455 1958 3504 luco
1985 3464 2144 3519 atque
2170 3453 2301 3503 assi-

731 3547 952 3598 iluitatis
977 3555 1030 3596 et
1051 3545 1210 3596 studii
1241 3559 1366 3610 erga
1391 3541 1582 3605 Deum,
1607 3543 1658 3594 in
1693 3558 1938 3594 somnum
1969 3551 2022 3593 et
2050 3542 2301 3593 dormita-

731 3635 932 3686 tiouem
972 3645 1023 3685 et
1074 3633 1332 3686 incuriam
1377 3633 1602 3686 humiles
1645 3632 1869 3700 populos
1917 3631 2195 3683 clet'olvisti
2242 3647 2301 3683 ac

731 3724 1030 3791 praecipites
1069 3723 1222 3790 επιειιί
1251 3721 1338 3794 [et
1369 3723 1544 3787 capite
1585 3717 1896 3789 ttuucasti].
1942 3719 2004 3770 Et
2033 3719 2167 3771 dicis
2206 3735 2302 3772 nos

730 3813 937 3881 lapides
967 3825 1017 3866 et
1050 3813 1276 3879 parietes
1305 3827 1369 3864 ac
1409 3811 1630 3864 tabellas
1673 3811 1918 3862 adorare.
1964 3808 2073 3861 Non
2103 3810 2170 3862 ita
2198 3819 2298 3874 est,

733 3913 790 3956 ut
819 3902 972 3965 ilicis,
996 3901 1308 3970 imperator,
1333 3901 1424 3955 sed
1452 3910 1509 3954 ut
1535 3899 1788 3953 memoria
1819 3909 1994 3952 nostra
2019 3901 2298 3966 excitetur,

731 4004 785 4046 et
813 4003 867 4045 ut
896 3991 1085 4044 Stoliila
1113 4008 1172 4045 es
1204 3991 1450 4057 imperita
1479 4004 1763 4057 crassaque
1789 4004 1941 4042 mens
1973 4001 2152 4044 nostra
2187 3995 2304 4044 eri-

731 4099 914 4154 gatur,
941 4093 998 4138 et
1026 4089 1076 4137 in
1103 4089 1266 4138 altum
1312 4087 1630 4151 provehatur
1677 4099 1770 4150 per
1799 4098 1892 4135 eos
1917 4099 2144 4149 quorum
2191 4084 2303 4138 haec

735 4182 982 4244 nomina,
1011 4189 1066 4230 et
1113 4193 1339 4244 quorum
1391 4177 1809 4246 appellationes.
1843 4189 1894 4231 et
1943 4195 2168 4244 quorum
2223 4180 2303 4232 hze

731 4276 854 4320 sunt
897 4266 1177 4335 imagines.
1211 4275 1267 4319 et
1312 4283 1414 4319 non
1462 4275 1711 4334 tauquam
1738 4271 1887 4332 deos,
1921 4278 2057 4322 uttn
2105 4269 2298 4338 inquis,

733 4357 891 4419 absit,
926 4371 1028 4409 neu
1057 4358 1199 4408 enim
1244 4371 1392 4422 Spem
1427 4357 1478 4407 in
1510 4356 1611 4408 illis
1642 4357 1915 4410 habemus.
1949 4367 1976 4393 ⁸ι
2008 4364 2081 4411 Ac
2111 4361 2151 4411 si
2183 4361 2304 4426 qui-

737 4449 860 4500 dem
887 4449 1059 4515 imago
1081 4449 1148 4500 sit
1174 4447 1400 4507 Domini,
1419 4446 1646 4498 dicimus
1669 4464 1678 4497 2
1703 4447 1922 4500 Domine
1945 4448 2068 4501 Jcsu
2095 4449 2304 4504 Christe

732 4539 830 4594 Fili
856 4538 946 4592 Dei
969 4552 1218 4591 succurre
1239 4549 1290 4590 et
1310 4537 1452 4590 salva
1481 4551 1611 4600 nos;
1650 4539 1729 4589 sin
1765 4549 1942 4591 antem
1968 4550 2164 4592 saucue
2193 4556 2303 4591 ma-

731 4629 827 4682 tris
843 4627 980 4698 ejus,
997 4628 1249 4680 dicimus:
1274 4627 1467 4680 Sancta
1488 4625 1577 4678 Dei
1608 4627 1857 4693 genitrix,
1886 4627 2089 4680 Domini
2109 4640 2299 4692 mater,

738 4723 1013 4776 intercede
1041 4722 1177 4786 apud
1205 4721 1393 4774 Filium
1432 4732 1578 4775 tuum
1602 4738 1784 4775 verum
1830 4722 1995 4776 Demn
2043 4734 2305 4788 nostrum,

737 4821 798 4865 ut
833 4816 1008 4864 salvas
1037 4809 1198 4864 faciat
1223 4812 1426 4864 animas
1463 4823 1705 4875 nostras;
1739 4813 1818 4866 sin
1849 4828 1976 4865 vero
2015 4816 2264 4884 martyris
2294 4835 2303 4866 2

734 4900 926 4955 Sancte
969 4901 1240 4968 Stephane
1263 4942 1280 4966 ,
1306 4900 1396 4969 qui
1430 4917 1524 4970 pro
1568 4901 1781 4955 Christo
1811 4904 2127 4971 sanguinem
2163 4914 2307 4958 tuutu

736 4991 938 5054 fudisti,
971 4993 1058 5057 qui
1112 5002 1167 5044 ut
1219 5003 1581 5060 protomartyr
1631 4994 1879 5062 loquendi
1929 4995 2304 5048 conﬁdentiam

738 5083 934 5147 babes,
966 5085 1236 5136 interceile
1283 5098 1381 5151 pro
1423 5083 1598 5137 nobis.
1637 5084 1700 5136 Et
1728 5085 1795 5137 de
1836 5085 2024 5151 quovis
2053 5095 2302 5156 martyre,

738 5215 929 5332 Ριτῖιοὶ
982 5213 1204 5277 Suarez,
1255 5213 1306 5266 in
1359 5229 1414 5266 ιιι
1456 5223 1592 5282 part.
1622 5214 1680 5269 S.
1709 5214 1953 5278 Thema},
1988 5213 2185 5282 diSput.
2212 5215 2304 5282 Μ,

738 5302 823 5332 801‘
854 5322 866 5332 .
933 5321 948 5332 .

736 5293 866 5338 sect.
896 5293 948 5335 4.

809 5362 832 5386 ιι
863 5357 931 5403 Ac
977 5351 1021 5402 si
1065 5351 1269 5417 quidem
1319 5352 1510 5420 imago.
1540 5352 1737 5405 llorum
1773 5352 1965 5404 similia
1997 5361 2120 5404 sunt
2147 5353 2229 5405 illa
2257 5354 2307 5407 in

737 5421 950 5494 eisdem,
973 5421 1246 5494 sententiis
1269 5422 1334 5472 de
1369 5423 1706 5489 imaginibus,
1739 5437 1853 5487 pag.
1885 5424 1950 5475 lli
1985 5440 1997 5474 :
2031 5426 2120 5475 Καὶ
2145 5426 2187 5476 εἰ
2217 5428 2308 5494 μέν

735 5492 872 5571 ἐςτιν
909 5492 1049 5542 εἰκὼ-δ
1085 5496 1175 5543 τοῦ
1223 5494 1418 5566 κυρίου,
1457 5493 1678 5562 λέγομεν,
1735 5494 1907 5550 Ἰησοῦ
1946 5497 2150 5571 Χρισῖέ,
2201 5492 2305 5546 etc.

742 5561 903 5611 l‘orro
931 5574 1048 5626 qua:
1089 5561 1378 5623 Sequuntur
1406 5561 1564 5614 verba
1588 5563 1800 5620 Leonis,
1830 5575 1948 5613 cum
1981 5561 2126 5614 inani
2153 5578 2308 5614 arro-

737 5630 909 5704 gantia
940 5629 1236 5704 conjectum
1257 5631 1449 5681 habent
1467 5630 1668 5696 insigne
1688 5633 1975 5700 μνημονικὸν
1997 5634 2294 5704 ἁμάρτηματ

739 5697 850 5766 Non
875 5697 1011 5748 enim
1041 5698 1194 5749 Ozias
1226 5713 1315 5751 rex
1345 5711 1644 5765 serpentem
1665 5697 1870 5754 aeneum
1902 5697 2180 5766 comi-egit,
2202 5697 2296 5753 sed

739 5765 852 5833 ejus
884 5779 1046 5832 nepos
1075 5768 1344 5830 Ezechias,
1374 5778 1429 5820 ut
1456 5780 1537 5822 est
1563 5770 1623 5822 IV
1654 5772 1777 5835 Iteg.
1810 5785 1954 5831 XVIII,
1980 5777 2010 5820 ι
2043 5765 2140 5822 nisi
2166 5772 2300 5822 forte

739 5835 952 5889 aliunde
981 5835 1232 5889 didicerat
1285 5839 1464 5892 Oziam
1513 5854 1543 5894 e
1569 5842 1767 5914 templo
1806 5842 2053 5893 eduxisse
2079 5854 2296 5906 serpet:-

2404 3371 2590 3413 sancto
2643 3361 2801 3413 I’etro
2853 3361 3090 3427 principe
3135 3359 3497 3428 apestolorum
3548 3361 3842 3420 habemus,
3886 3364 3970 3413 tibi

2407 3467 2614 3520 penam
2646 3453 2911 3519 irrogare;
2947 3451 3040 3507 sed
3080 3455 3329 3519 quoniam
3367 3451 3417 3503 itt
3459 3451 3680 3516 teipsum
3728 3467 3973 3504 εχει-(τεν

2407 3543 2604 3596 tionem
2637 3544 2934 3611 ingessisti,
2970 3543 3060 3594 tibi
3107 3541 3297 3594 habeto
3343 3541 3484 3592 illam
3513 3557 3630 3594 cum
3663 3544 3975 3594 ci-nsiliariis

2406 3635 2528 3695 tuis,
2557 3649 2689 3701 quos
2718 3634 3109 3702 complecteris.
3161 3633 3378 3700 Qualem
3398 3676 3410 3697 ,
3440 3648 3642 3700 qua-so,
3667 3635 3928 3685 :l‘tiiit‘ati~
3951 3663 3976 3673 -

2405 3741 2526 3778 nem
2561 3733 2615 3778 et
2645 3739 2864 3778 cursum
2898 3740 3086 3777 eorum
3119 3727 3204 3794 qui
3253 3737 3396 3776 recte
3436 3726 3715 3776 currebant
3746 3725 3972 3777 interru-

2405 3798 2526 3882 [iisti
2545 3821 2566 3865 ’ἔ
2598 3815 2751 3867 Novit
2781 3815 3015 3868 cbaritas
3043 3816 3257 3868 Christi.
3282 3816 3386 3867 Nos
3418 3814 3514 3882 ip~i
3543 3829 3662 3867 cum
3690 3817 3971 3869 ecclesiam

2407 3907 2774 3974 ingredimur.
2819 3915 2872 3960 et
2921 3906 3296 3959 miraculorum
3345 3905 3548 3958 Domini
3602 3905 3730 3959 Jesu
3777 3905 3973 3958 Christi

2404 4004 2639 4071 picturas
2669 4003 3090 4070 contemplamur
3112 4043 3125 4064 ,
3156 4009 3209 4054 et
3239 4010 3434 4053 sancta:
3480 4001 3658 4052 matris
3704 4001 3820 4065 ejus
3874 4001 3974 4052 Du-

2405 4093 2608 4144 miuutn
2645 4091 2918 4157 Deumque
2947 4100 3188 4144 nostrum
3221 4090 3499 4142 lactentem
3526 4089 3574 4141 itt
3607 4088 3745 4141 ulnis
3774 4089 3973 4142 haben-

2407 4184 2490 4242 tis,
2509 4183 2830 4248 angelusque
2847 4184 3251 4232 circumstantes
3269 4195 3331 4232 ac
3354 4189 3432 4232 ter
3452 4189 3690 4232 sanctum
3717 4179 3971 4248 hymnum

2404 4282 2800 4336 canentes,non
2824 4272 2939 4324 sine
2959 4272 3366 4339 compunctione
3396 4269 3749 4335 regredintur.
3783 4271 3976 4338 Ecquis

2405 4363 2545 4415 enim
2579 4376 2682 4413 non
2708 4361 3080 4428 compungitur
3110 4367 3164 4413 et
3195 4361 3336 4428 luget
3365 4358 3610 4412 similiter
3639 4361 3901 4427 (intuens)
3925 4373 3976 4414 ct

2406 4467 2527 4504 vasa
2562 4452 2755 4505 lavacri
2779 4491 2794 4513 ,
2822 4462 2875 4504 et
2903 4451 3209 4504 sacerdotes
3238 4450 3289 4502 in
3315 4451 3494 4503 orbem
3539 4449 3972 4510 circumstantes,

2409 4553 2462 4596 et
2493 4544 2771 4612 mysticam
2796 4556 3024 4607 caenam,
3057 4549 3109 4594 et
3138 4555 3401 4593 carcerum
3432 4539 3898 4603 illuminatiouem,
3926 4553 3976 4592 i-t

2411 4633 2596 4686 Lazari
2625 4631 3112 4693 exsuscitatiouetn,
3137 4639 3186 4682 et
3210 4631 3402 4699 leprosi
3431 4643 3491 4681 ac
3522 4630 3792 4698 paralytici
3822 4645 3979 4683 cura-

2412 4725 2642 4787 tionem,
2693 4724 2961 4777 recnbitus
3010 4722 3060 4775 in
3107 4722 3301 4780 herba.
3348 4719 3633 4789 cephinos,
3683 4731 3897 4786 sportas
3927 4733 3978 4773 ct

2412 4817 2681 4884 reliquias,
2712 4815 2907 4866 montis
2957 4814 3169 4866 'l‘habor
3219 4811 3756 4880 transtigurationem,
3797 4813 3975 4864 cruci-

2414 4908 2662 4960 lixmnem
2685 4904 2905 4971 Christi,
2930 4905 3252 4971 sepulturam
3282 4901 3396 4970 ejus
3423 4909 3478 4954 et
3499 4902 3976 4963 resurrectionem,

2411 5006 2648 5048 sanctam
2680 4994 3066 5058 ascensionem,
3091 5003 3145 5047 et
3174 4991 3400 5061 Spiritus
3427 4991 3591 5044 sancti
3619 4991 3974 5044 descenSnm?

2413 5088 2542 5153 Quis
2592 5089 2849 5155 picturam
2899 5087 3122 5140 Abrahae
3168 5097 3413 5149 cernens,
3443 5092 3498 5137 et
3540 5081 3772 5150 gladium
3825 5084 3972 5151 pueri

2415 5228 2519 5272 tem
2548 5235 2776 5282 aureum,
2807 5217 3085 5273 Ezechiam
3110 5213 3452 5282 confregisse.
3476 5213 3633 5281 quale
3659 5224 3712 5268 et
3744 5216 3870 5268 illud
3895 5229 3974 5270 est

2411 5291 2550 5355 quod
2600 5289 2811 5356 subjicit
2859 5289 2926 5340 de
2955 5287 3152 5340 Davide
3174 5287 3222 5337 in
3246 5287 3496 5350 templum
3524 5282 3636 5356 sive
3660 5285 3975 5356 tabernacu-

2414 5353 2518 5410 lnm
2550 5353 3098 5411 illom'iutroducente
3128 5356 3434 5416 Gregorius,
3465 5353 3627 5420 quod,
3662 5355 3877 5417 Opinor,
3909 5371 3970 5407 ex

2413 5432 2578 5480 sacris
2607 5429 2823 5481 Litteris
2867 5444 2967 5479 non
2991 5433 3220 5479 constat.
3246 5422 3505 5476 Pro-terea
3532 5423 3766 5476 nondum
3797 5426 3964 5489 elapsi

2411 5509 2562 5551 erant
2609 5497 2731 5550 anui
2779 5496 3068 5563 octingenti
3114 5498 3180 5548 ab
3221 5493 3593 5559 exordiolcgis
3614 5497 3969 5562 evangelicze;

2413 5583 2533 5620 nam
2579 5578 2634 5619 ut
2685 5574 2830 5619 nutat
2880 5567 3167 5625 Cedrenus,
3207 5563 3422 5617 Graecus
3449 5563 3753 5624 historicus,
3785 5566 3974 5616 Leonis

2413 5638 2555 5690 ﬁlius
2584 5639 2962 5690 Constantinus
2986 5648 3244 5699 imperare
3266 5635 3576 5700 ccepitatmo
3597 5634 3780 5684 mundi
3805 5632 3967 5696 (3:256,

2407 5709 2473 5758 ab
2502 5707 2863 5760 lncarnattoue
2893 5704 3099 5758 Domini
3130 5704 3231 5774 739
3253 5702 3382 5774 [imo
3410 5717 3495 5756 an.
3528 5701 3652 5774 Chr.
3683 5701 3711 5753 7
3733 5701 3832 5773 il].

2483 5775 2509 5814 ιι
2542 5778 2632 5828 llic
2663 5779 2866 5829 videtur
2890 5791 3038 5829 error
3066 5790 3129 5826 ex
3167 5772 3313 5840 lapsu
3347 5772 3633 5825 lthlttOtitB.
