4168 6536
700 416 798 469 ωε

1972 415 2023 464 ξς.
2074 414 2392 466 t;l1l~;t.tilill
2442 414 2634 466 ΜΙκὶ
2681 415 2715 463 il

3854 415 3955 465 52ft

694 545 751 582 ct
799 527 1241 598 conlringcndtun
1290 528 1650 589 Salvaturcnt,
1684 528 1771 593 qui
1828 543 1943 592 appr
1968 528 2122 578 llalur
2170 530 2281 577 Att-
2314 532 2360 587 Λ
2394 527 2567 590 lignus
2617 526 2701 578 illi:
2746 524 3126 576 (intisnttttinus
3155 521 3538 594 [Constantina
3570 522 3855 587 tlttttszans}
3889 525 3954 576 de

701 618 1035 686 tipltunetze,
1092 618 1178 671 ubi
1230 628 1284 668 et
1323 615 1581 667 miracula
1628 616 1791 666 multa
1842 615 1975 665 fiunt
2002 655 2015 676 ,
2051 617 2274 667 inventa:

694 717 819 761 sunt
850 709 957 763 illic
983 709 1234 761 mulieres
1264 708 1383 759 zelo
1428 720 1723 771 succensm,
1753 715 1805 756 et
1831 705 2042 757 illarum
2072 707 2274 758 tinnula:

692 811 814 861 qua:
882 810 1148 865 unguenta
1224 795 1505 857 ferebant,
1566 809 1681 860 qu;e
1762 793 2271 859 Spatltarocandida-

697 898 803 938 t-un
834 894 1051 939 orarunt
1084 903 1096 937 :
1130 884 1206 939 Ne
1233 925 1247 947 ,
1280 886 1664 947 obsecramus,
1699 899 1762 934 ne
1804 882 1903 935 ltoc
1947 884 2138 943 facias,
2169 885 2275 936 aie-

694 976 841 1030 bant.
891 977 984 1031 Ille
1014 991 1139 1031 vero
1193 991 1378 1046 prcccs
1408 990 1590 1028 carum
1623 991 1726 1027 non
1757 976 2065 1037 admittens,
2097 989 2272 1030 t-reeta

691 1072 835 1123 scala
866 1072 1209 1134 conscendit;
1243 1082 1468 1136 cumque
1491 1078 1571 1121 ter
1600 1070 1771 1121 securi
1809 1069 1995 1121 faciem
2029 1070 2273 1136 imaginis

692 1165 986 1216 aalvatoris
1035 1160 1427 1230 percussisset,
1458 1161 1558 1213 Itoc
1610 1160 1852 1213 videntes
1904 1161 2188 1225 mulieres,
2219 1171 2272 1213 ct

694 1253 932 1317 iniquum
982 1252 1109 1306 illud
1156 1250 1361 1305 facinus
1411 1266 1514 1303 non
1566 1250 1833 1314 ferentes,
1875 1261 2096 1305 attracta
2128 1252 2271 1307 scala

694 1343 923 1397 fustibus
949 1343 1220 1397 concisum
1266 1342 1373 1395 illic
1402 1350 1677 1395 necarunt.
1705 1342 1839 1395 'l'tnn
1874 1356 1925 1395 tu
1955 1346 2079 1396 mili
2110 1361 2273 1397 temu-

693 1437 851 1498 Iator,
886 1437 1062 1489 missis
1107 1434 1459 1497 satellitibus,
1504 1434 1755 1488 mulieres
1804 1435 1982 1487 trnscio
2011 1444 2139 1502 quot
2168 1436 2274 1489 illic

692 1526 956 1590 occidisti,
1006 1526 1301 1579 astantibus
1356 1522 1572 1576 utilibus
1620 1524 1745 1578 viris
1790 1525 2073 1587 “uinariis,
2108 1535 2161 1579 et
2206 1542 2273 1580 ex

695 1615 938 1678 Francia,
970 1629 1036 1668 ex
1067 1612 1341 1677 Vandalis,
1372 1629 1435 1666 ex
1468 1614 1778 1666 Mauritania
1800 1653 1815 1676 ,
1839 1629 1905 1667 ex
1930 1615 2167 1680 Gottltia,
2196 1624 2271 1679 et,

691 1717 750 1760 ttt
780 1706 1073 1775 generatim
1097 1705 1290 1767 dicam,
1312 1720 1375 1757 ex
1402 1712 1511 1757 toto
1540 1705 1778 1757 interiori
1803 1704 2112 1759 Occidente.
2140 1707 2271 1760 Cum

692 1807 870 1850 autem
904 1794 1284 1857 advenissent,
1317 1804 1368 1845 et
1399 1793 1452 1846 itt
1482 1796 1596 1847 suis
1644 1795 1949 1863 regionibus
1979 1798 2167 1864 singuli
2190 1800 2274 1866 ja-

2383 617 2485 667 lide
2529 627 2727 667 sancta:
2772 613 3051 667 Trinitatis
3103 614 3239 667 male
3284 616 3540 676 Sentium,
3586 625 3639 668 et
3673 617 3943 667 lt:et'ette.s

2380 706 2712 771 pontiﬁcibus
2763 703 3077 773 proscriptis
3130 705 3443 772 astipttlans,
3494 705 3677 773 Sergio
3706 714 3759 758 et
3790 706 3952 758 Paulo

2378 808 2429 851 et
2463 798 2688 868 lyrrlto,
2722 798 2900 850 missis
2923 795 3237 851 satellitibus
3266 795 3433 863 rapuit
3465 796 3630 859 illum,
3662 810 3712 851 tot
3747 798 3952 866 Byzan-

2377 893 2505 940 tium
2562 887 2831 956 tyrannica
2893 889 3148 941 violentia
3198 889 3441 949 abduxit,
3492 888 3949 957 tnnltisqttetnalis

2376 979 2651 1031 obsessum
2678 978 2728 1030 iit
2758 978 3008 1031 exsilium
3034 978 3359 1031 amandavit.
3392 979 3703 1045 Quinetiam
3728 981 3953 1033 Maximo

2378 1071 2637 1125 ιιισιηίιειιο
2684 1080 2735 1122 ct
2780 1069 2937 1139 hujus
2983 1071 3245 1140 discipulo
3290 1071 3573 1128 Anastasio
3615 1074 3751 1126 mala
3785 1075 3949 1126 multa

2376 1163 2641 1223 exhibuit,
2702 1171 2755 1215 ct
2783 1162 3026 1218 Lazicam
3055 1162 3107 1216 itt
3137 1165 3383 1219 exsilium
3416 1166 3578 1219 misit.
3604 1169 3669 1218 At
3696 1169 3954 1219 Constan-

2379 1256 2519 1307 tinus
2551 1255 2939 1325 [Constantius]
2971 1257 3057 1325 qui
3090 1270 3181 1310 nos
3210 1259 3494 1327 relcgarat,
3528 1258 3861 1317 interl’ccnts,
3896 1269 3951 1310 et

2376 1349 2429 1400 in
2466 1356 2683 1410 peccato
2713 1362 2811 1398 suo
2836 1358 3076 1401 mortuus
3098 1358 3196 1401 cst.
3232 1348 3529 1404 Nezeuxius
3556 1353 3695 1403 enim
3726 1351 3813 1418 qui
3841 1361 3949 1402 tum

2375 1453 2559 1491 omnes
2604 1438 2841 1506 obsequii
2890 1438 3005 1505 ejus
3049 1450 3184 1503 erat,
3214 1441 3282 1493 ab
3302 1440 3572 1508 episcopis
3602 1441 3804 1495 Sicilia:
3829 1456 3949 1495 cer-

2377 1532 2478 1582 tior
2510 1528 2677 1582 factus
2702 1530 3007 1583 ltatrelicuat
3039 1546 3158 1582 eum
3185 1546 3328 1596 esse,
3359 1531 3530 1597 ipsum
3566 1528 3706 1583 intus
3731 1532 3780 1582 in
3809 1543 3943 1583 tem-

2380 1624 2464 1686 νει»
2517 1620 2817 1680 trucidavit,
2868 1632 2921 1672 ct
2975 1618 3025 1671 in
3074 1629 3292 1686 peccato
3346 1634 3443 1673 suo
3467 1619 3691 1672 ittteriil.
3724 1619 3943 1672 lleatum

2380 1725 2505 1762 \cro
2552 1724 2671 1763 esse
2720 1712 3005 1763 Mattinunt
3057 1717 3284 1762 testatur
3335 1708 3523 1763 civitas
3564 1708 3870 1766 Cltersouis,
3902 1710 3951 1760 itt

2377 1817 2533 1869 quam
2562 1802 2826 1868 relegatus
2848 1808 2949 1864 est,
2982 1812 3035 1852 ct
3073 1800 3336 1868 Uospltori
3370 1808 3617 1866 totusque
3649 1800 3954 1867 Scptentrio

695 1888 884 1941 venilia
932 1897 1018 1938 tua
1068 1884 1399 1954 pueriliaque
1448 1884 1582 1938 facta
1636 1897 1963 1952 narrassent,
1996 1897 2119 1939 tunc
2150 1904 2270 1955 pro-

2381 1906 2430 1947 ct
2475 1894 2659 1947 incola:
2704 1894 3118 1961 Septentrionis,
3169 1895 3257 1962 qui
3288 1894 3353 1947 ad
3400 1904 3804 1948 monumentum
3834 1898 3951 1961 rjns

689 1981 829 2047 jecta
861 1980 1059 2031 laurata
1091 1986 1177 2030 tua
1207 1976 1609 2042 concuti-arum,
1641 1986 1695 2027 ct
1749 1977 1937 2029 faciem
1972 1989 2113 2030 tuam
2143 1994 2271 2030 con-

696 2071 981 2132 ciderunt,
1038 2082 1102 2120 ac
1151 2066 1364 2120 delectu
1426 2066 1604 2119 ltabito
1658 2069 1993 2136 Longobardi
2038 2078 2093 2121 et
2146 2071 2272 2123 Sar-

704 2168 892 2223 matae,
926 2157 1211 2224 czcteriqtte
1252 2157 1339 2224 qui
1394 2157 1459 2209 ad
1513 2158 1942 2224 Septentrionem
1993 2160 2268 2225 habitant,

702 2252 949 2303 miserant
1034 2248 1337 2313 llecapolim
1421 2248 1815 2301 incursionibus
1894 2250 2269 2316 infestarunt,

697 2341 974 2407 ipsamque
1041 2336 1374 2404 metropolim
1443 2334 1750 2389 Ravennam
1803 2349 2168 2405 occuparunt,
2220 2350 2271 2393 et

707 2429 897 2497 ejectis
971 2428 1368 2497 magistratibus
1436 2426 1542 2479 tuis
1575 2465 1589 2490 ,
1650 2426 1895 2494 proprios
1947 2430 2272 2483 constituere

699 2527 1074 2593 magistratus;
1107 2532 1161 2575 et
1187 2522 1390 2574 vicinas
1420 2520 1572 2574 nobis
1594 2521 1751 2574 sedes
1779 2523 1972 2590 regias,
2000 2522 2274 2591 ipsamque

698 2617 920 2669 llomatn
969 2613 1048 2668 sic
1098 2620 1328 2666 tractare
1372 2621 1693 2676 statuerunt,
1728 2626 1849 2664 cum
1881 2621 2055 2665 tnnos
2083 2614 2271 2667 defen-

695 2710 826 2762 dere
871 2705 1092 2760 minime
1143 2705 1337 2772 possis.
1394 2701 1460 2755 Et
1505 2702 1620 2754 lucc
1664 2701 1734 2755 ob
1762 2702 2176 2770 imprudentiam
2206 2718 2271 2758 ac

696 2796 975 2852 stultitiam
1030 2794 1351 2850 sustinuisti.
1400 2794 1471 2847 At
1538 2793 1680 2847 enim
1739 2808 1831 2848 eos
1878 2794 2269 2863 pcrterrefacis,

704 2893 888 2957 aisque
930 2906 945 2942 :
1000 2888 1222 2942 Romam
1278 2886 1515 2948 mittam,
1548 2894 1599 2938 et
1621 2884 1900 2953 imaginem
1932 2888 2101 2941 sancti
2134 2888 2273 2942 Pezri

691 2985 1051 3051 confringant;
1084 2979 1180 3034 sed
1218 2988 1274 3033 et
1301 2977 1618 3047 Gregorium
1653 2979 1800 3030 illinc
1824 2980 2131 3046 pontificem
2158 2981 2274 3032 vitt-

695 3087 839 3128 «tum
865 3072 1055 3127 adduci
1090 3070 1306 3135 curabo,
1342 3078 1366 3104 ει
1408 3071 1547 3122 sicut
1587 3067 1867 3123 Martinum
1895 3069 2275 3123 Constattzittns

694 3163 1079 3232 |Cnustantiu8,
1133 3157 1424 3227 Constans]
1466 3159 1659 3211 adduci
1703 3159 1881 3226 jussit.
1912 3160 2064 3214 Scire
2093 3175 2273 3213 autem

692 3255 859 3307 debes
901 3268 964 3305 ac
1004 3266 1102 3320 pro
1150 3258 1298 3303 certo
1339 3248 1562 3310 habere,
1590 3248 1867 3314 pontifices
1898 3250 1985 3317 qui
2015 3264 2111 3316 pro
2140 3258 2276 3301 teut~
2305 3226 2350 3286 (ἶ

698 3360 826 3412 pore
871 3343 1052 3397 ltoma:
1099 3341 1430 3405 exstiterint,
1474 3340 1820 3392 concilianda:
1844 3342 1989 3407 pacis
2010 3355 2165 3393 causa
2192 3357 2276 3392 se-

703 3438 834 3490 dere
865 3443 1121 3502 tanquam
1177 3432 1435 3498 parietem
1488 3430 1917 3497 integerrimutn,
1958 3441 2275 3498 septuinque

697 3527 1004 3582 medianum
1025 3524 1258 3578 Orientis
1281 3531 1335 3576 et
1356 3519 1677 3584 Occidentis,
1705 3536 1765 3574 ac
1793 3522 1940 3587 pacis
1970 3522 2199 3574 arbitros
2220 3531 2275 3574 et

697 3618 1061 3672 moderatores
1107 3629 1248 3676 esse,
1299 3612 1498 3682 quique
1525 3623 1649 3665 ante
1678 3616 1892 3665 fuerunt
1923 3613 2273 3679 imperatores

698 3708 875 3762 inltoc
932 3703 1319 3772 componendae
1377 3703 1527 3772 pacis
1578 3704 1870 3758 certamine
1920 3704 2269 3757 desudartmt.

696 3796 850 3861 Quod
880 3797 924 3849 si
948 3797 1105 3851 nobis
1139 3794 1433 3848 insolenter
1464 3793 1708 3856 insultes,
1737 3804 1792 3848 et
1819 3796 1992 3848 minas
2021 3796 2270 3857 intentcs,

696 3902 801 3941 non
853 3902 938 3941 es.
986 3886 1139 3940 nobis
1193 3899 1418 3939 necesse
1448 3893 1624 3939 tecum
1650 3885 1703 3938 itt
1737 3897 2011 3940 certamen
2042 3887 2275 3940 descen-

694 3981 824 4033 dere
855 3996 869 4030 :
900 3978 966 4031 ad
992 3986 1221 4047 quatuor
1257 3985 1313 4030 ct
1342 3975 1534 4044 viginti
1564 3977 1732 4030 stadia
1768 3976 1984 4031 secedet
2008 3978 2059 4031 itt
2094 3981 2273 4046 regio-

697 4083 819 4125 nem
860 4069 1168 4137 Campania:
1216 4070 1491 4123 Romanus
1536 4069 1808 4136 pontifex:
1861 4080 1969 4123 tum
2012 4079 2065 4122 ttt
2115 4072 2271 4136 vade,

703 4159 728 4195 ι»
764 4170 953 4215 ventos
1007 4174 1346 4229 persequere.
1395 4159 1769 4213 Przedecessor
1819 4173 1999 4214 noster
2023 4161 2275 4213 Martinus

707 4252 946 4318 pontifex
995 4252 1061 4305 ad
1108 4266 1294 4319 pacem
1337 4253 1629 4303 coltortans
1658 4250 1915 4315 sedebat;
1949 4251 2145 4304 idcirco
2170 4266 2283 4304 ma-

709 4367 863 4418 doch
885 4380 939 4431 p.
970 4362 1071 4417 159
1100 4379 1113 4414 :
1139 4363 1415 4435 Σπαθάριος
1439 4358 1464 4414 ὁ
1496 4361 1889 4435 σωματοφύλαξ.
1908 4360 2113 4435 elapntl
2139 4376 2286 4435 cunt-

704 4440 827 4488 dettl
850 4430 1337 4509 apwroarraOépwc'.
1362 4430 1762 4509 Bpatbartntuin
1793 4430 2042 4509 princeps
2069 4432 2284 4493 Sergius

704 4521 847 4558 anno
876 4501 903 4557 ἱ
939 4507 1133 4557 Leonis
1166 4501 1483 4568 appellanti",
1515 4511 1569 4552 et
1611 4516 1639 4550 a
1671 4502 1988 4567 tlurupaiate
2020 4502 2156 4551 inter
2182 4518 2285 4550 tna-

706 4576 961 4642 gistratns
990 4573 1350 4637 imperatoriae
1374 4570 1510 4621 aulze
1540 4584 1863 4629 numeratur,
1909 4571 1997 4637 qui
2026 4581 2078 4622 et
2122 4570 2281 4642 itnpe.

710 4640 902 4697 ratoris
943 4648 1031 4699 τὴν
1075 4642 1298 4703 σπὰοαν,
1334 4643 1382 4692 id
1435 4647 1535 4699 est,
1567 4656 1773 4701 enscnt,
1815 4654 2051 4706 gesmssc
2085 4640 2279 4704 princi-

712 4729 831 4780 pem
863 4726 1061 4781 genere
1090 4711 1387 4781 proxitnuut
1441 4710 1647 4760 scribit.
1712 4710 1951 4781 Meminit
1993 4719 2047 4760 et
2091 4710 2281 4781 Paulus

712 4778 966 4837 diaconus
1019 4797 1114 4848 pro
1161 4778 1489 4845 'l'ltenpltane
1522 4780 1830 4846 inscriptus,
1876 4780 1965 4830 lib,
2001 4792 2108 4831 χχιι
2140 4780 2281 4830 impr

714 4855 927 4907 nomina
985 4851 1390 4917 magistrattnnn
1443 4854 1835 4913 quoruunlatu,
1891 4848 2279 4914 'l‘lteopliylarli

724 4923 1015 4983 cantltdati,
1046 4936 1132 4972 an.
1158 4923 1228 4972 ‘25
1257 4920 1587 4972 Constanttni
1629 4920 1969 4985 tlupionyntt.
2004 4918 2281 4985 Luitpran-

718 4992 817 5044 dus
844 4990 1164 5053 Ticinensis,
1198 4990 1289 5040 lib.
1323 5002 1395 5047 τι.
1422 5002 1468 5040 c.
1491 4986 1541 5039 5.
1562 4987 1736 5038 'i'ttrlta
1766 4999 1875 5053 post
1906 4989 2002 5039 ltos
2025 4990 2280 5041 immensa

719 5072 937 5114 vocatur
964 5058 1531 5125 protospatltztrint-unt,
1568 5062 1980 5120 spatltariorum,
2037 5058 2279 5109 candida-

725 5144 918 5191 tul-nni,
946 5141 998 5185 ct
1030 5130 1079 5181 id
1102 5144 1267 5196 genus
1295 5128 1567 5196 clientum.
1598 5127 1671 5179 Ex
1698 5137 1927 5196 utroque
1952 5142 2145 5193 genere
2176 5143 2278 5179 tua.

714 5203 966 5268 gistratus
998 5195 1648 5268 ltoc'spatltarocandidati
1685 5195 1820 5268 forte
1852 5197 2063 5268 coaluit.

786 5277 810 5305 ⁸
846 5271 987 5321 Sicut
1036 5268 1319 5321 Martinam
1373 5267 1753 5318 Constnntmus.
1804 5266 1992 5318 Paulus
2023 5266 2278 5317 diaconus

711 5340 1057 5391 Coostatttem
1087 5337 1293 5397 scribit,
1327 5337 1397 5387 lib
1446 5350 1594 5397 xvnt,
1622 5346 1867 5400 nepotem
1924 5335 2169 5397 lleraclt;,
2204 5336 2283 5385 in-

713 5411 842 5462 tlict.
877 5410 931 5470 8,
959 5423 1097 5458 anno
1124 5408 1328 5475 imperii
1357 5405 1439 5456 sui
1464 5420 1604 5459 nono
1644 5416 1887 5457 sanctum
1917 5404 2198 5457 Martinam
2228 5415 2280 5455 et

717 5480 1000 5531 Maximum
1032 5476 1170 5540 apud
1194 5476 1599 5529 tthersonumet
1630 5475 1727 5527 alia
1754 5476 1963 5529 climata
1992 5479 2278 5541 relegasse,

715 5548 856 5611 quod
889 5547 1358 5601 Monetbelitarunt
1406 5546 1674 5598 erroribus
1700 5561 1804 5597 non
1846 5548 2104 5597 laterent.
2140 5545 2279 5596 Idem

714 5620 991 5671 tledrenus
1019 5630 1160 5668 anno
1182 5615 1295 5681 ejus
1338 5612 1404 5667 16
1429 5616 1682 5667 accidisse
1713 5619 1841 5666 vult.
1887 5616 1990 5666 Sed
2023 5618 2282 5665 tlottstan.

724 5689 892 5739 tinum
925 5686 1009 5739 hic
1038 5687 1270 5753 appellat
1296 5684 1586 5753 Gtcgorins
1613 5686 2056 5750 qumoadrnodunt
2085 5695 2136 5737 et
2164 5685 2281 5735 Ado

721 5758 1032 5808 \iennensis
1062 5757 1111 5807 itt
1138 5754 1317 5807 Cbron
1341 5772 1422 5815 cu,
1448 5772 1534 5806 an.
1573 5758 1695 5810 «πάι,
1726 5769 1775 5807 et
1809 5758 2079 5815 ratalogus
2114 5756 2281 5819 impe-

713 5838 951 5881 ratorum
998 5828 1232 5879 Orientis
1285 5825 1519 5887 Graccus,
1583 5843 1734 5889 quem
1793 5829 1877 5877 alit
1936 5826 2278 5877 Constantem

2310 4545 2361 4603 Ι)

2377 1995 2681 2049 accurrunt,
2729 1994 2784 2037 et
2839 1983 3142 2038 curatiOues
3188 1985 3475 2053 accipiunt.
3531 1989 3703 2052 Atque
3747 1988 3949 2038 utinam

2377 2073 2467 2125 Dei
2505 2088 2723 2125 munere
2754 2074 2907 2127 nobis
2934 2076 3230 2142 contingat,
3257 2087 3311 2128 ιιι
3346 2091 3437 2142 per
3470 2075 3677 2129 Martini
3703 2077 3838 2129 viam
3868 2077 3951 2128 in-

2376 2165 2648 2228 Ct‘tlillllus,
2681 2163 2894 2217 tametsi
2918 2162 2987 2217 ob
3010 2165 3177 2232 plebis
3206 2166 3484 2219 utilitatem
3510 2166 3688 2221 vivere
3712 2169 3955 2221 volumus

2376 2262 2429 2306 et
2475 2252 2845 2321 supervivere,
2896 2254 3323 2323 quandoquidem
3370 2257 3630 2309 Occidens
3674 2257 3955 2311 universus

2373 2342 2439 2393 ad
2491 2343 2842 2396 humilitatem
2897 2354 3132 2397 nostram
3184 2345 3446 2400 convertit
3494 2347 3697 2410 oculos,
3729 2362 3791 2400 ac
3830 2348 3958 2400 licet

2379 2434 2509 2485 tales
2564 2448 2666 2485 non
2726 2434 2893 2487 simus
2946 2450 3067 2499 nos,
3110 2435 3185 2488 illi
3241 2445 3416 2489 tamen
3447 2440 3957 2505 magnOperenoltis

2376 2524 2669 2584 confidunt,
2713 2535 2766 2577 et
2815 2525 2867 2578 iu
2919 2539 3065 2589 eum,
3107 2524 3263 2595 Cujus
3291 2526 3567 2581 denuntias
3593 2535 3646 2581 te
3674 2512 3954 2596 imaginem

2376 2628 2684 2664 ever-nium
2727 2624 2887 2682 atque
2940 2615 3265 2679 deleturutn,
3325 2617 3493 2670 sancti
3548 2617 3751 2670 scilicet
3790 2618 3955 2679 l‘etri.

2377 2718 2537 2771 quem
2569 2706 2745 2757 omnia
2778 2706 3086 2760 Occidentis
3115 2724 3274 2777 regna
3300 2710 3442 2761 velut
3467 2709 3623 2761 deum
3649 2718 3954 2763 terrestrem

2379 2794 2592 2849 habent.
2626 2797 2775 2862 Quod
2806 2798 2848 2851 si
2882 2798 2983 2851 Itoc
3013 2799 3146 2853 velis
3174 2799 3423 2867 experiri,
3457 2801 3612 2867 plane
3640 2801 3955 2866 paratisunt

2377 2887 2748 2942 Occidentales
2796 2889 2975 2941 ιιΙεὶεεί
3022 2890 3179 2942 etiam
3228 2889 3548 2954 Orientales,
3576 2905 3711 2959 quos
3739 2890 3954 2959 injuriis

2379 2977 2622 3030 aliecisti.
2662 2977 3039 3030 Verumtamen
3074 2994 3168 3046 per
3195 2976 3476 3031 Dominum
3502 2986 3555 3032 te
3580 2979 3950 3046 obsecrannts,

2378 3088 2406 3125 a
2450 3072 2775 3142 juvenilibus
2812 3088 2873 3126 ac
2896 3072 3190 3142 puerilibus
3212 3072 3368 3127 factis
3395 3085 3663 3127 avertere.
3696 3073 3815 3128 Seis
3842 3075 3952 3127 lto-

2384 3179 2522 3217 tnam
2574 3165 2755 3218 ulcisci
2799 3164 3084 3232 imperium
3135 3173 3283 3217 tuum
3341 3178 3445 3217 non
3478 3178 3653 3233 posse,
3686 3166 3785 3217 nisi
3819 3165 3956 3218 forte

2383 3258 2549 3308 Solam
2585 3256 2771 3309 urbem
2805 3266 3027 3325 propter
3054 3255 3304 3325 adjacens
3338 3256 3408 3308 illi
3441 3270 3587 3309 mare
3616 3270 3677 3306 ac
3706 3257 3952 3323 navigia;

2384 3356 2440 3398 ut
2468 3346 2609 3400 enim
2640 3356 2763 3400 ante
2792 3346 3044 3411 diximus,
3078 3348 3122 3398 si
3150 3347 3213 3400 ad
3251 3356 3478 3415 quatuor
3496 3357 3548 3400 et
3573 3346 3752 3413 viginti
3781 3347 3953 3399 stadia

2381 3434 2544 3488 lloma
2575 3434 2731 3489 fuerit
2757 3451 3006 3506 egressus
3036 3451 3193 3504 papa,
3222 3436 3356 3489 nihil
3391 3446 3509 3489 tuas
3532 3436 3701 3490 ntiuas
3730 3438 3954 3491 estinte-

2381 3528 2501 3582 scit.
2544 3528 2720 3583 Unutn
2772 3539 2855 3581 est
2901 3529 3039 3597 quod
3064 3544 3161 3582 nos
3183 3528 3319 3581 male
3350 3527 3528 3595 liabet,
3558 3528 3694 3596 quod
3718 3540 3957 3595 agrestes

2382 3630 2434 3672 ct
2463 3619 2675 3673 barbari
2728 3621 2990 3673 mansueti
3043 3622 3191 3683 fiant,
3236 3629 3291 3673 ct
3341 3629 3394 3672 tu
3436 3630 3741 3673 mansuetus
3768 3631 3954 3673 cortra

2379 3710 2605 3777 agrestis
2656 3719 2710 3764 et
2766 3710 2929 3764 ferus.
2993 3711 3160 3765 Totus
3214 3710 3477 3766 Occidens
3513 3720 3698 3765 sancto
3725 3711 3951 3779 princi.i

2380 3803 2747 3868 apostolorum
2796 3802 2898 3856 llde
2946 3802 3145 3856 fructus
3186 3801 3365 3857 offert.
3416 3801 3572 3870 Quod
3601 3818 3643 3856 Si
3676 3800 3953 3872 quospiam

2384 3891 2448 3944 ad
2473 3891 2814 3945 evertendam
2862 3892 3145 3962 imaginem
3175 3891 3385 3947 miseris
3414 3893 3581 3947 sancti
3613 3890 3777 3956 Petri,
3802 3894 3943 3959 vide,

2385 3991 2740 4048 protestantur
2768 3983 2883 4046 tibi,
2918 3983 3228 4036 innocentes
3255 3998 3438 4036 smnus
3462 3997 3490 4034 a
3512 3986 3766 4051 sanguine
3791 3998 3950 4050 qurnt

2384 4071 2553 4125 fusuri
2584 4079 2741 4135 sunt;
2775 4085 2960 4125 verum
2991 4072 3043 4125 in
3071 4072 3314 4126 cervices
3338 4084 3457 4126 tuas
3482 4080 3536 4126 et
3564 4074 3616 4125 in
3633 4082 3955 4139 caputtunm

2385 4163 2484 4214 ista
2517 4162 2778 4215 recident.
2811 4160 2990 4229 Nuper
3019 4162 3279 4231 siquidem
3311 4163 3379 4216 ab
3402 4162 3640 4217 interiori
3669 4164 3958 4219 Occidente

2391 4267 2580 4321 preces
2637 4254 2778 4307 illius
2818 4269 2975 4321 quem
3026 4254 3301 4323 Septetum
3332 4256 3600 4325 appellant
3624 4257 3953 4324 accepimus.

2396 4363 2594 4417 dicunt.
2631 4362 2848 4435 Variant
2876 4364 3034 4416 etiam
3060 4372 3304 4419 auctores
3334 4365 3386 4417 in
3419 4366 3628 4419 nomine
3654 4369 3961 4435 exprimen-

2392 4437 2461 4486 tlo
2520 4434 2848 4500 percussoris
2904 4436 3043 4500 ejus,
3094 4452 3250 4501 (ltlt’lll
3308 4435 3541 4490 Zonaras
3590 4447 3642 4490 et
3688 4438 3959 4493 Cedreuns

2390 4510 2609 4568 Μιζὲζιον
2650 4503 2933 4575 Ἄρμένιᾳν.
2998 4504 3253 4555 Mizizium
3299 4506 3623 4570 Armenium,
3675 4509 3960 4560 translator

2391 4576 2419 4626 Ἰ
2440 4574 2758 4641 lteopltattis,
2792 4574 2877 4635 qui
2905 4578 3165 4626 asset‘itttr
3195 4576 3384 4627 Paulus
3413 4575 3685 4634 diaconus.
3716 4575 3954 4641 Mttitmt;

2387 4645 2773 4697 Constantinus
2804 4644 3094 4707 Manusses,
3128 4644 3179 4696 itt
3206 4646 3424 4697 historia
3451 4660 3565 4708 sua,
3586 4646 3813 4708 politicis
3835 4663 3955 4700 ver-

2382 4715 2528 4765 sibus
2554 4716 2775 4789 Scripta,
2811 4716 3098 4789 Mixizitn‘u,
3125 4718 3210 4768 καὶ
3250 4722 3488 4789 τυραννεῖ
3509 4719 3725 4779 Μιξίζιος
3747 4719 3870 4787 ἀνήρ
3898 4721 3955 4772 ἐκ

2383 4785 2619 4843 Σικελίας.
2655 4783 2943 4850 Gregorius
2990 4784 3075 4836 ltic
3121 4783 3443 4838 Nezeuiium
3490 4786 3636 4838 dictt.
3684 4783 3957 4839 Librariu-

2384 4870 2499 4908 runt
2531 4855 2685 4918 culpa
2718 4854 2941 4905 fortasse
2969 4867 3161 4906 nomen
3183 4854 3465 4907 barbarum
3494 4855 3825 4908 immutatum
3848 4869 3953 4916 est,

2384 4924 2466 4977 vel
2500 4924 2802 4990 interpretis
2832 4924 3023 4983 tit'mci,
3077 4924 3163 4991 qui
3196 4936 3247 4977 et
3278 4924 3360 4976 ltic
3389 4925 3523 4977 forte
3555 4939 3650 4993 pro
3680 4925 3867 4980 balneo
3896 4931 3957 4982 τὸ

2383 4995 2514 5065 ἱερὸν
2540 4995 2786 5065 scripsit;
2816 5008 2933 5044 nam
2956 4993 3043 5044 alii
3067 5008 3255 5046 omnes
3279 4994 3329 5045 itt
3362 4994 3573 5057 balneo,
3608 5010 3711 5046 non
3735 4995 3956 5065 intent-

2387 5062 2492 5130 pio,
2525 5062 2870 5116 Constantem
2899 5075 3145 5116 necatutn
3174 5074 3440 5128 asserunt,
3466 5073 3557 5117 aut
3598 5066 3752 5118 aliter
3792 5063 3958 5119 fando

2384 5129 2623 5185 audtttm
2651 5134 2828 5183 llonue
2860 5129 2976 5185 fuit.

2457 5201 2482 5238 ⁵³
2525 5202 2710 5255 Ventos
2744 5218 3059 5269 persequere.
3090 5200 3292 5255 Allttdit
3333 5201 3397 5253 ad
3435 5201 3559 5253 illud
3594 5202 3956 5256 Et‘clesiastiri

2384 5288 2566 5333 XXXIV,
2590 5278 2772 5332 2:11;
2813 5272 3111 5345 δραξὸμενος
3159 5279 3328 5334 σκιᾶς,
3363 5276 3439 5325 καὶ
3483 5271 3673 5326 διώκων
3718 5275 3905 5326 lusum
3942 5313 3957 5332 ν

2389 5345 2546 5401 ωτι(ιεὶ
2569 5344 2652 5410 qui
2693 5341 3027 5409 apprenettdil
3052 5341 3300 5404 umbram,
3336 5354 3382 5394 et
3412 5344 3725 5410 persequitur
3754 5357 3895 5391 t'r’IUt'
3940 5384 3957 5406 ,

2385 5415 2455 5463 sic
2483 5416 2566 5479 qui
2600 5413 2813 5464 intrauit
2846 5413 3130 5465 insomniis.
3174 5412 3361 5465 Simile
3410 5412 3533 5465 llltltl
3583 5426 3645 5462 ex
3700 5411 3959 5476 profanis,

2386 5483 2614 5557 'Itvéaou;
2642 5489 2909 5557 γεωργεῖς,
2932 5492 3106 5535 ventos
3130 5482 3274 5544 colis,
3303 5484 3352 5533 in
3376 5481 3588 5557 eusﬂqni
3608 5494 3638 5533 e
3667 5482 3931 5557 stliS‘lnln.

2390 5550 2535 5604 ribus
2568 5550 2695 5605 niliil
2727 5550 2930 5604 fructus
2963 5563 3253 5619 reportant.
3288 5562 3340 5604 et
3366 5566 3429 5605 ex
3462 5551 3748 5604 Cll-montis
3780 5550 3794 5601 Ι
3822 5562 3965 5601 stt-u-

2388 5632 2529 5674 male
2561 5624 2846 5689 profertur.
2877 5624 3015 5689 quod
3047 5632 3130 5676 est
3165 5623 3317 5675 l’rov.
3369 5636 3474 5679 avt,
3529 5619 3555 5671 4
3590 5637 3601 5672 ;
3636 5619 3735 5685 Qui
3777 5620 3963 5670 nisinu-

2388 5694 2684 5756 mendaciis,
2710 5695 2787 5745 hic.
2819 5694 2979 5761 pascit
3002 5706 3194 5758 ventos,
3228 5693 3358 5744 idem
3399 5701 3565 5743 uttfrm
3592 5689 3818 5757 sequitur
3844 5705 3963 5741 ares

2387 5767 2533 5813 t‘m'lm
2542 5773 2610 5813 Io’s
2620 5802 2631 5813 .
