4168 6544
200 462 293 515 sat

1403 449 1757 508 ειηδτοιηνε
1802 450 1886 503 ET
1926 450 1963 503 C
1976 454 2008 503 ,Χ
2021 450 2241 505 ΝΟΝΕ5

3375 459 3476 513 ωε

188 579 277 645 qui
324 573 526 626 vultum
552 569 757 639 expetit
790 578 1031 621 nostrum
1058 565 1152 620 1)ιὶ
1177 565 1365 633 gratia,
1398 575 1455 618 ut
1482 564 1547 618 ad
1578 566 1778 630 impar-

1905 581 1929 611 τι
1954 578 1978 614 s
2008 564 2296 625 aediﬁcant,
2330 575 2622 632 eorumque
2654 573 2860 619 mentes
2889 576 2941 620 et
2974 564 3134 620 corda
3164 581 3373 623 sursum
3406 574 3473 625 ait

190 666 428 721 tiendum
476 664 525 717 ei
576 670 819 716 sanetum
871 658 1135 725 baptisma
1167 656 1295 711 illuc
1330 655 1777 721 proficiscamur;

188 774 249 812 ac
306 772 372 810 ne
425 756 685 811 socordia:
734 752 1183 823 negligentimque
1230 758 1427 803 nostrae
1459 748 1592 801 ratio
1628 746 1781 800 nobis

188 851 464 907 reddenda
518 849 607 911 sit,
659 846 728 902 ad
772 847 873 900 iter
922 859 1021 898 nos
1047 844 1399 911 aceingimus.
1431 841 1572 895 Deus
1602 850 1779 893 autem

189 947 439 999 timorem
493 957 647 996 suum
691 943 743 994 in
768 954 861 994 cor
884 950 1031 992 tuum
1064 937 1338 999 immittat,
1372 945 1425 989 et
1458 946 1508 989 te
1538 934 1605 987 ad
1640 934 1780 987 veri-

188 1046 355 1089 tatem
408 1040 689 1087 convertat
740 1032 807 1084 ab
861 1030 923 1083 iis
969 1044 1087 1097 qua:
1132 1030 1185 1081 in
1216 1027 1473 1080 mundum
1503 1041 1781 1095 perperam

191 1127 472 1194 invexisti,
527 1136 754 1195 tuasque
805 1123 1010 1177 litteras
1054 1122 1448 1191 quamprimum
1495 1120 1780 1188 accipiam,

188 1236 309 1287 qua:
346 1218 501 1273 nobis
532 1227 676 1270 tuam
706 1216 1024 1269 annnntient
1054 1215 1487 1268 conversionem.
1518 1214 1588 1267 At
1622 1214 1664 1267 is
1693 1212 1784 1282 qui

189 1314 259 1366 de
283 1311 435 1365 roslis
463 1309 742 1364 descendit
765 1308 927 1373 Deus,
964 1316 1017 1362 et
1048 1308 1100 1362 in
1128 1318 1338 1361 uterum
1370 1321 1538 1361 sacra:
1566 1306 1786 1375 virginis

194 1405 287 1458 Dei
345 1402 621 1471 genitricis
653 1411 871 1470 propter
901 1410 1140 1454 nostram
1172 1400 1397 1453 salutem
1422 1402 1662 1463 intravit,
1698 1402 1781 1454 in-

195 1494 398 1548 habitet
450 1495 499 1546 in
522 1493 686 1547 cotde
718 1503 829 1557 tuo,
863 1494 1075 1559 citoque
1100 1492 1278 1562 abigat
1301 1508 1393 1547 eos
1424 1495 1514 1561 qui
1552 1504 1602 1546 te
1636 1492 1786 1545 inha-

198 1588 389 1647 imam,
434 1597 487 1640 et
532 1587 783 1639 scandala
816 1586 1106 1651 invehunt;
1143 1602 1436 1655 pacemque
1466 1597 1785 1641 cunctorum

195 1681 623 1731 (.lll‘lsllllltorum
670 1678 922 1731 lice'esiis
954 1678 1209 1748 largiatur
1242 1679 1294 1732 in
1328 1680 1521 1733 smeula
1559 1681 1785 1733 sti-culo-

199 1788 341 1826 tam.
376 1772 566 1825 Amen.

741 1842 1071 1897 EPISTULA
1118 1843 1251 1897 ΜΗ.

1894 653 2057 706 Deum
2089 653 2321 721 erigunt.
2356 653 2423 706 At
2454 661 2508 707 tu
2531 655 2596 708 ab
2622 654 2704 709 his
2733 654 3006 711 abstinere
3034 658 3216 727 jussus
3246 658 3472 714 humiles

1890 744 2112 811 populos
2180 746 2230 799 in
2283 745 2472 799 otiosis
2534 746 2909 814 sermonibus,
2966 750 3161 818 nugis,
3218 751 3475 813 citharis.

1887 839 2227 907 crepitaculis
2250 880 2265 903 ,
2297 839 2440 893 tibiis
2469 846 2523 893 et
2552 840 2697 894 tricis
2730 842 3006 909 occupasti
3029 884 3042 905 ,
3068 851 3123 896 et
3148 857 3242 911 pro
3269 845 3469 912 gratia-

1887 948 2004 985 rnnt
2050 933 2261 986 actione
2307 947 2370 986 ac
2421 932 2786 987 celebratione
2830 934 2897 988 ad
2947 933 3155 988 fabulas
3204 935 3325 991 illos
3362 946 3477 988 tra-

1887 1025 2123 1088 duxisti;
2160 1024 2525 1079 haereditatcm
2574 1039 2697 1080 cum
2743 1024 2851 1079 illis
2899 1024 3131 1091 habeto,
3176 1034 3229 1079 et
3257 1041 3380 1081 enm
3411 1027 3478 1080 iis

1887 1118 1976 1186 qui
2011 1118 2211 1171 inutilia
2264 1117 2589 1185 fabulantur,
2634 1127 2690 1173 et
2722 1117 2962 1171 inscitius
3010 1118 3293 1174 blaterant.
3332 1119 3472 1175 Audi

1891 1213 2249 1266 humilitatem
2282 1220 2538 1276 nostram,
2582 1213 2907 1281 imperator;
2933 1227 3084 1266 cessa
3106 1253 3120 1278 ,
3153 1221 3206 1266 et
3235 1224 3473 1269 sanctam

1890 1306 2182 1360 Ecclesium
2216 1319 2474 1373 sequere,
2507 1315 2665 1373 prout
2696 1304 2947 1360 invenisti
2988 1314 3148 1374 atque
3188 1306 3481 1374 accepisti;

1889 1414 1992 1451 ltott
2043 1408 2165 1451 sunt
2218 1399 2601 1465 imperatorum
2653 1397 2940 1465 dogmata,
2994 1398 3088 1452 sed
3139 1398 3476 1468 pontiﬁcum,

1889 1494 2139 1561 quoniam
2171 1491 2367 1543 Christi
2401 1506 2617 1543 sensum
2668 1504 2764 1543 nos
2808 1488 3067 1543 habemus
3116 1488 3200 1560 (ll
3241 1489 3362 1544 Cor.
3394 1491 3481 1560 tt).

1890 1588 2005 1640 Alia
2039 1596 2119 1639 est
2150 1586 2639 1639 cetrlesiastiCarotn
2682 1583 3131 1638 constitutionem
3171 1583 3477 1647 institutio,

1891 1688 1943 1731 et
1984 1680 2117 1731 alius
2163 1694 2356 1732 sensus
2398 1677 2783 1732 saecularium:
2821 1677 2872 1731 in
2918 1677 3479 1732 administrationibus

1892 1768 2073 1820 S'.l’.('ttll
2109 1769 2395 1821 militarent
2424 1784 2485 1821 ae
2512 1770 2750 1836 ineptum
2783 1785 2938 1837 quem
2974 1769 3138 1823 habes
3174 1783 3390 1823 sensum
3422 1779 3479 1823 et

1894 1878 2132 1916 «rassutn
2167 1864 2216 1916 iit
2254 1863 2627 1932 spiritualibus
2664 1864 2974 1932 dogmatum
3006 1862 3483 1919 administrationi-

198 1950 447 1989 ὓῖιῗῦοῐὶιι
485 1950 631 1987 PARS
672 1950 706 1985 ιι
750 1951 815 1987 Αἰ)
856 1951 1063 1988 ιηοκειι
1109 1950 1341 1989 ΙΞᾹΕΠΕἉΙ
1386 1953 1783 1993 lill‘illikTOILESI.

1900 1962 1993 2011 lnzs
2026 1959 2220 2011 habere
2264 1974 2368 2011 non
2416 1970 2589 2025 p0tes.
2618 1959 2678 2011 Et
2713 1974 2837 2013 ecce
2874 1959 2967 2013 tibi
3018 1960 3195 2028 palatii
3228 1970 3282 2014 et
3309 1961 3485 2014 eccle-

522 2024 768 2077 Sccunda
801 2034 822 2059 η
858 2025 921 2077 de
949 2027 1106 2078 sacris
1136 2026 1465 2097 imaginibus.

273 2144 593 2208 Accepitnns
640 2143 800 2195 vestri
847 2159 872 2193 a
906 2142 1014 2195 Deo
1038 2144 1338 2197 conservati
1386 2144 1594 2209 imperii
1629 2155 1793 2211 atque

199 2234 250 2284 in
282 2234 499 2284 Christo
532 2231 883 2285 fraternitatis
917 2233 1120 2286 litteras
1153 2248 1246 2301 per
1272 2234 1523 2287 [inlinunt
1558 2236 1789 2305 legatum

200 2336 439 2378 vcstrnnt
471 2325 712 2390 delatas;
750 2341 937 2393 meque
967 2340 1187 2395 prorsus
1219 2326 1342 2380 vita:
1387 2343 1521 2380 mea:
1564 2330 1749 2380 ttcduit
1774 2371 1787 2393 ,

198 2417 341 2483 ιιιωι]
391 2419 711 2470 sententiam
765 2432 869 2471 non
919 2418 1170 2481 mutaris,
1202 2418 1297 2471 sed
1323 2419 1373 2470 in
1406 2420 1611 2470 eisdem
1639 2419 1791 2471 malis

202 2523 537 2574 perseveres,
564 2525 661 2560 nec.
683 2524 742 2560 ea
766 2524 887 2575 qua:
909 2506 1109 2561 Christi
1132 2519 1254 2562 sunt
1277 2509 1477 2577 sapias,
1499 2520 1556 2562 ut
1578 2520 1793 2565 sanctos

198 2614 261 2653 ac
292 2600 536 2654 celebres
562 2601 947 2654 miraculorum
972 2602 1255 2657 eﬂectores
1284 2602 1469 2657 Patres
1494 2614 1706 2659 nostros
1734 2620 1795 2659 ac

198 2696 452 2748 doct-ures
482 2696 709 2749 secteris
750 2706 805 2749 et
854 2696 1101 2751 imiteris.
1146 2697 1328 2767 Neque
1372 2714 1501 2755 vero
1530 2701 1791 2769 simplici-

202 2797 283 2841 ter
325 2788 575 2841 doetores
618 2790 926 2857 peregrinos
968 2789 1204 2859 profero,
1230 2793 1325 2847 sed
1354 2808 1448 2846 eos
1476 2805 1677 2849 tantum
1703 2796 1794 2864 qui

200 2893 266 2930 ex
305 2878 439 2931 urbe
465 2894 527 2932 ac
550 2881 768 2946 regione
793 2890 879 2932 tua
915 2883 1248 2946 prodierunt.
1271 2884 1404 2938 Num
1434 2887 1794 2951 sapientiores

199 2980 325 3024 sunt
354 2969 613 3039 Gregorio
645 2973 1024 3027 miraculorum
1058 2974 1309 3030 elTectore
1329 3019 1342 3041 ,
1371 2978 1631 3047 Gregorio
1659 2978 1797 3050 Nys-

198 3078 333 3118 scno
362 3110 375 3131 ,
422 3064 684 3134 Gregorio
728 3066 1008 3135 theol0go,
1046 3068 1244 3122 Basilio
1296 3070 1689 3139 Cappadocia,
1742 3082 1797 3127 et

201 3157 414 3211 Joanne
460 3158 884 3226 Chrysostotno?
914 3174 981 3213 ne
1024 3160 1231 3213 inlinita
1267 3161 1430 3214 millia
1479 3173 1795 3220 sanctorum

206 3254 311 3306 illis
342 3253 601 3306 similium
628 3268 691 3306 ac
717 3252 824 3306 Deo
854 3254 1130 3319 plenorum
1165 3255 1379 3309 Patrum
1402 3255 1797 3330 doctorumque

204 3354 511 3397 nostrorum
535 3358 976 3399 commemorem.
1001 3344 1105 3399 Sed
1130 3346 1417 3401 obsecutus
1441 3363 1500 3403 es
1523 3349 1796 3419 pervicaci

203 3436 387 3489 animo
420 3444 509 3488 tuo
540 3450 603 3490 ac
630 3435 942 3489 domesticis
990 3437 1487 3504 perturbationibus
1510 3480 1525 3504 ,
1570 3451 1622 3495 et
1662 3443 1797 3496 scri-

205 3526 355 3594 psisti
380 3544 399 3578 ς
438 3544 457 3575 ι
486 3524 779 3593 Imperator
809 3542 927 3579 sum
960 3536 1014 3581 et
1042 3529 1348 3583 sacerdos.»
1397 3531 1684 3587 Enimvero
1708 3534 1796 3602 qui

204 3630 330 3674 ante
362 3628 414 3673 te
444 3619 661 3673 luerunt
712 3620 1070 3689 imperatores
1119 3623 1219 3675 hoc
1262 3639 1427 3692 Opere
1457 3640 1518 3678 ac
1548 3641 1797 3682 sermone

205 3714 677 3776 detnmistrarunt,
699 3714 787 3783 qui
817 3713 1175 3768 condiderunt
1196 3726 1253 3769 et
1277 3730 1460 3770 curam
1510 3729 1797 3785 ge.serunt

203 3802 590 3867 ceclesiarum,
624 3819 728 3857 una
773 3820 892 3858 cum
925 3806 1275 3874 pontilicibus
1308 3808 1601 3874 cupiditate
1644 3812 1793 3865 zelo-

202 3909 310 3961 que
335 3894 565 3960 incensi,
596 3904 869 3964 rectieque
891 3894 1017 3951 fidei
1044 3897 1322 3952 veritatem
1349 3902 1793 3970 pet-vestigantes,

201 3986 594 4040 Constantinus
626 4001 873 4056 magnus,
906 3988 1240 4045 Theodosius
1273 4006 1516 4060 magnus,
1551 3994 1797 4051 Valenti-

203 4075 397 4135 niantts
420 4091 663 4151 magnus,
690 4090 744 4138 et
767 4078 1150 4140 Constantinus
1170 4082 1457 4139 Iustiniani
1490 4096 1659 4155 pater,
1706 4089 1795 4162 qui

202 4186 376 4230 sexta:
421 4176 631 4246 synodo
680 4177 966 4233 interluit:
1013 4179 1369 4250 imperatores
1412 4182 1495 4238 isti
1551 4184 1797 4254 religiose

201 4268 567 4336 imperarunt,
595 4254 791 4323 etcum
819 4270 1160 4337 pontiﬁcibus
1190 4288 1295 4326 uno
1322 4274 1555 4329 consilio
1584 4291 1648 4330 ac
1671 4291 1797 4331 sen-

204 4360 376 4413 tentia
404 4358 638 4427 synodos
664 4372 1072 4430 congregantes,
1092 4373 1251 4429 atque
1276 4364 1555 4417 veritatem
1579 4366 1799 4433 dogma-

206 4460 322 4502 tuin
348 4449 753 4518 perquirentes,
783 4460 1000 4505 sanctas
1041 4455 1293 4508 ecclesias
1325 4457 1719 4511 constituetunt
1747 4471 1801 4512 et

205 4551 494 4597 ornarent.
524 4540 588 4595 Hi
619 4552 746 4598 sunt
775 4546 1087 4600 sacerdotes
1139 4555 1195 4601 et
1225 4548 1596 4617 imperatores,
1628 4552 1714 4619 qui
1748 4552 1797 4605 id

204 4650 375 4703 opere
398 4636 864 4701 demonstrarunt;
901 4647 956 4691 tu
988 4654 1114 4693 vero
1143 4655 1209 4695 ex
1238 4657 1343 4709 quo
1387 4642 1671 4710 imperium
1702 4659 1792 4699 oc-

204 4729 450 4797 cupasti,
500 4728 842 4785 definitiones
892 4732 1111 4788 Patrum
1166 4745 1427 4803 perpetuo
1459 4751 1564 4791 non
1607 4748 1794 4793 casto-

202 4826 364 4888 dis-ti;
415 4827 511 4879 sed
559 4841 679 4880 eum
730 4838 941 4881 sanctas
991 4829 1249 4884 ecclesias
1293 4831 1580 4886 ﬁmbriatis
1619 4834 1798 4888 aureis

205 4918 448 4970 vestibus
490 4921 819 4974 convestitas
867 4930 921 4973 et
964 4923 1265 4991 variegatas
1315 4925 1609 4980 invenisses
1638 4967 1653 4993 ,
1706 4942 1799 4982 eas

205 5022 400 5065 ornatu
454 5010 674 5078 privasti
726 5025 886 5080 atque
935 5014 1177 5068 vastaszi.
1215 5014 1354 5080 Quid
1408 5018 1549 5069 enim
1600 5029 1800 5073 nostra:

207 5115 332 5157 sunt
366 5103 647 5157 CCCltfsluz?
674 5118 850 5157 nonne
881 5120 969 5157 res
999 5106 1343 5173 nianut'actze,
1375 5108 1602 5177 lapides,
1630 5110 1795 5179 ligna,

209 5196 395 5263 palem,
433 5195 602 5247 lutum
639 5203 693 5249 et
720 5195 879 5249 calx?
926 5212 1111 5251 verum
1158 5199 1379 5265 picturis
1407 5243 1419 5262 ,
1457 5200 1799 5271 historiisth

205 5286 590 5342 miraculorum
622 5304 649 5340 a
677 5288 878 5344 sanctis
903 5289 1206 5356 editorum,
1250 5302 1306 5346 et
1339 5292 1534 5347 Christi
1585 5298 1799 5363 passio-

209 5397 359 5445 num,
392 5394 456 5433 ac
483 5391 685 5433 Sancta:
714 5384 963 5451 gloriosae
994 5385 1179 5440 Matris
1222 5385 1421 5453 ipsius,
1457 5398 1801 5442 sanctorum-

207 5490 309 5539 que
336 5475 707 5542 apostolorum
749 5487 1023 5531 exornata:
1070 5488 1231 5541 sunt,
1264 5488 1318 5532 et
1348 5477 1403 5533 iit
1445 5478 1702 5535 liistnrias
1735 5498 1799 5537 ac

211 5565 442 5632 picturas
472 5564 718 5619 homines
740 5563 1021 5621 facultates
1049 5584 1172 5622 Suus
1199 5572 1510 5634 insumunt;
1536 5580 1589 5624 et
1614 5572 1711 5625 viri
1738 5588 1801 5626 ac.

209 5656 463 5710 mulieres
498 5670 691 5724 pueros
733 5656 986 5725 parvulos
1034 5675 1201 5727 nuper
1242 5660 1538 5728 baptizatos
1572 5661 1625 5715 in
1658 5664 1798 5718 ulnis

211 5753 317 5807 suis
350 5762 622 5817 tenentes,
650 5750 884 5819 itemque
915 5752 1166 5809 ﬂorentes
1197 5763 1355 5810 relate
1390 5756 1619 5825 juvenes
1650 5770 1701 5812 et
1732 5777 1797 5814 ex

212 5845 459 5915 gentibus
482 5842 712 5899 diverSts
738 5841 1005 5914 profectos
1023 5886 1039 5912 ,
1076 5846 1324 5903 indicatis
1351 5848 1521 5920 digito
1551 5850 1791 5908 historiis

1830 4684 1878 4742 Β

1894 2050 2094 2101 siarum
2114 2046 2294 2101 scribo
2317 2046 2630 2108 discrinteu,
2650 2048 3033 2116 imperatorum
3058 2060 3111 2103 et
3135 2050 3480 2118 pontiﬁcum:

1894 2154 2126 2209 agnosce
2158 2137 2321 2202 illud,
2347 2147 2400 2193 et
2431 2138 2640 2194 salvare
2662 2181 2676 2204 ,
2710 2156 2811 2195 nec
2854 2142 3222 2196 contentiosus
3264 2154 3399 2198 esto.
3428 2144 3486 2199 Si

1893 2238 2010 2299 quis
2040 2248 2066 2284 a
2104 2244 2153 2285 te
2187 2233 2330 2300 regia
2361 2232 2695 2293 indumenta,
2726 2248 3040 2301 purpuram,
3067 2235 3317 2291 diadema
3339 2238 3486 2305 Capi-

1897 2327 1981 2388 tis,
2018 2326 2251 2380 traheam
2282 2325 2582 2386 abstulerit,
2612 2335 2666 2379 et
2693 2327 2936 2395 obsequii
2965 2327 3204 2391 ordines,
3239 2327 3477 2381 futurum

1893 2433 1975 2475 est
2000 2431 2058 2474 ut
2081 2422 2146 2473 ab
2174 2420 2484 2474 hominibus
2514 2419 2704 2487 turpis,
2735 2418 2995 2474 deformis
3015 2429 3071 2473 et
3094 2421 3333 2488 abiectus
3377 2421 3440 2473 ha
3466 2451 3481 2459 -

1897 2516 2105 2578 bnaris,
2140 2532 2295 2585 quem
2346 2516 2396 2567 in
2450 2524 2644 2567 statum
2696 2514 2955 2568 CCCiCSlaS
3000 2515 3292 2581 redegisti;
3342 2514 3485 2584 quod

1895 2609 2036 2663 enim
2072 2608 2187 2675 ipse
2220 2623 2324 2660 non
2363 2606 2529 2661 habes
2556 2616 2773 2660 sanctas
2830 2607 3090 2660 ecclesias
3136 2616 3354 2659 ornatus
3385 2607 3490 2673 pri-

1896 2704 2057 2767 vasti,
2091 2702 2479 2770 delorniesque
2515 2699 2817 2754 reddidisti.
2854 2698 2987 2751 Nam
3032 2698 3489 2768 quemadmodum

1903 2794 2145 2862 pontifex
2184 2791 2590 2860 introspiciendi
2638 2792 2692 2845 in
2745 2792 2999 2859 palatium
3033 2800 3351 2861 potestatem
3382 2806 3489 2846 non

1908 2889 2087 2950 habet,
2122 2900 2183 2939 ac
2207 2884 2496 2953 dignitates
2527 2882 2703 2952 regias
2734 2881 3027 2949 deferendi,
3073 2883 3151 2937 sic
3180 2898 3355 2954 neque
3384 2884 3488 2938 im-

1907 2988 2123 3045 perator
2155 2978 2205 3030 in
2255 2977 2511 3030 ecclesias
2556 2973 2983 3042 intrOSpiciendi,
3037 2983 3089 3029 et
3115 2976 3407 3032 electiones
3436 2978 3490 3031 in

1900 3074 2046 3123 clero
2104 3068 2412 3136 peragendi,
2468 3082 2642 3136 neque
2689 3065 3069 3131 consecrandi,
3115 3067 3198 3123 vel
3244 3068 3491 3138 symbols

1899 3171 2207 3216 sanctorum
2234 3169 2695 3213 sacramentorum
2722 3157 3364 3231 [llard.,mysteriorutn]
3393 3160 3488 3214 ad-

1905 3252 2273 3315 ministrandi,
2324 3251 2417 3305 sed
2470 3264 2643 3319 neque
2672 3250 3025 3319 partieipandi
3070 3251 3278 3320 absque
3326 3267 3486 3321 Opera

1905 3346 2229 3409 sacerdotis;
2261 3343 2355 3397 sed
2388 3344 2755 3412 unusquisque
2806 3352 3048 3397 nostrum
3101 3342 3152 3396 in
3196 3358 3301 3411 qua
3331 3359 3491 3398 voca—

1904 3441 2045 3494 tione
2096 3449 2314 3492 vocatus
2361 3446 2450 3492 est
2474 3452 2503 3491 a
2538 3439 2667 3502 Deo,
2700 3436 2843 3491 inea
2875 3446 3089 3491 maneat
3134 3436 3183 3507 (Ι
3218 3437 3341 3492 Cor.
3368 3438 3491 3508 vn).

1907 3533 2085 3594 Vides,
2114 3531 2430 3598 imperator,
2463 3530 2775 3600 pootilicutn
2806 3540 2862 3586 et
2888 3532 3270 3598 imperatorum
3295 3531 3489 3586 discri-

1904 3626 2069 3678 men?
2123 3624 2178 3679 Si
2209 3623 2474 3693 quispiam
2504 3634 2554 3676 te
2583 3622 2889 3687 oll‘enderit,
2918 3623 3136 3676 domum
3171 3623 3294 3693 ejus
3323 3625 3492 3693 publi-

1908 3735 1999 3773 cas
2031 3729 2084 3772 et
2114 3719 2334 3785 spolias,
2363 3717 2530 3770 solam
2563 3716 2636 3770 illi
2667 3716 2827 3769 vitam
2873 3716 3206 3785 relinquens,
3254 3716 3495 3771 tandem-

1902 3825 2007 3879 que
2058 3810 2209 3863 illum
2241 3810 2401 3863 etiam
2456 3809 2536 3863 \el
2587 3810 2883 3878 suspendio
2941 3824 3122 3874 necas,
3180 3810 3263 3865 vel
3320 3813 3495 3880 capite

1904 3909 2137 3964 truncas,
2190 3898 2275 3953 vel
2326 3899 2561 3969 relegas,
2614 3914 2847 3969 eumque
2878 3901 3034 3970 longe
3061 3915 3090 3954 a
3130 3900 3314 3957 liberis
3343 3911 3397 3961 ct
3425 3905 3496 3961 ab

1903 3991 2151 4047 omnibus
2177 3993 2422 4061 cognatis
2452 4002 2506 4047 et
2534 3993 2719 4047 amicis
2751 3994 2865 4050 suis
2892 3994 3169 4055 amandas.
3200 3996 3491 4056 Pontiﬁces

1905 4100 2010 4143 non
2044 4086 2144 4151 ita;
2175 4084 2270 4142 sed
2303 4084 2390 4142 ubi
2427 4088 2658 4155 peccarit
2687 4089 2827 4157 quis,
2884 4098 2939 4144 et
2989 4090 3267 4147 confessus
3311 4092 3493 4154 fuerit.

1903 4179 2177 4249 suspendii
2233 4179 2313 4232 vel
2365 4179 2746 4247 amputationis
2778 4181 2971 4249 capitis
3010 4181 3128 4237 loco
3155 4183 3493 4252 evangelium

1905 4282 1959 4325 et
2004 4286 2220 4324 crucem
2271 4269 2389 4339 ejus
2443 4270 2749 4324 cervicibus
2802 4272 3495 4343 circumponunt,eumque

1906 4372 2157 4431 tanquam
2213 4363 2263 4415 in
2314 4377 2588 4415 carcerem
2644 4363 2695 4415 in
2747 4365 3057 4430 secretaria,
3114 4381 3500 4439 sacrorumque

1905 4471 2154 4509 vasorum
2186 4456 2372 4508 {craria
2422 4455 2736 4523 conjiciunt,
2790 4458 2844 4509 in
2889 4459 3132 4513 ecclesia:
3161 4459 3404 4515 diaconia
3439 4473 3496 4516 et

1907 4549 1959 4602 in
1994 4548 2387 4603 catechutnena
2437 4548 2711 4614 ablegant,
2764 4564 2831 4603 ac
2885 4551 3181 4606 visceribus
3211 4553 3326 4621 ejus
3353 4554 3497 4624 jeju-

1910 4642 2080 4703 nium,
2127 4641 2403 4708 oculisque
2462 4640 2691 4710 vigilias,
2749 4654 2804 4695 et
2851 4641 3009 4697 lauda
3038 4644 3215 4698 ionem
3245 4648 3328 4701 ori
3381 4648 3499 4717 ejus

1908 4732 2427 4802 indieunt.Cumqt:e
2450 4734 2615 4801 probe
2648 4732 2867 4805 illum,
2898 4736 3131 4807 egregie]
3161 4740 3496 4808 castigarint,

1911 4826 2188 4895 probeque
2215 4827 2351 4879 l'ame
2376 4824 2685 4890 afﬂixerint,
2717 4834 2825 4879 tum
2862 4829 3155 4895 pretiosum
3180 4830 3252 4883 illi
3283 4831 3497 4888 Domini

1905 4936 2099 4988 corpus
2130 4920 2464 4985 inniartiunt,
2493 4926 2546 4972 et
2577 4930 2763 4973 sancto
2796 4920 2942 4973 il‘um
2986 4923 3246 4993 sanguine
3271 4932 3492 4992 petant;

1903 5025 1952 5064 et
1983 5026 2100 5064 eum
2128 5010 2276 5064 illum
2318 5024 2409 5061 vas
2432 5009 2706 5063 electionis
2732 5011 3081 5069 restituerint.
3106 5027 3169 5066 ac
3196 5013 3489 5069 immanem

1912 5120 2134 5174 pecea:.,
2164 5104 2240 5156 sic
2269 5102 2333 5156 ad
2368 5102 2651 5156 Dominum
2702 5118 2892 5170 purum
2920 5104 3296 5173 insontemque
3324 5114 3495 5159 trans-

1911 5200 2147 5250 mittunt.
2178 5194 2353 5257 Vides,
2389 5195 2697 5261 imperator,
2728 5192 3087 5247 ECCit'Slarlllll
3115 5195 3496 5262 imperiorum-

1910 5308 2013 5360 que
2043 5289 2369 5345 dzscrimen?
2419 5287 2776 5355 Imperatores
2825 5288 2910 5353 qui
2960 5286 3042 5355 pie
3090 5296 3143 5341 et
3184 5286 3242 5340 in
3285 5285 3499 5341 Christo

1910 5386 2182 5445 vixerunt,
2219 5380 2581 5433 lleclesiarum
2638 5379 2980 5447 pontiﬁcibus
3020 5377 3239 5432 obedire
3272 5379 3495 5435 minime

1913 5482 2247 5535 recusarunt,
2286 5486 2385 5526 nec
2411 5485 2505 5526 eos
2536 5480 2827 5535 vexarunt;
2876 5480 2930 5523 tu
2984 5483 3134 5533 vero,
3184 5469 3500 5537 imperator,

1910 5581 2032 5622 cum
2074 5575 2439 5633 transgressus
2491 5562 2676 5623 fueris,
2719 5575 2782 5615 ac
2833 5576 3117 5631 perversos
3146 5562 3402 5626 evaseris,
3444 5572 3503 5618 et

1912 5673 2069 5714 manu
2099 5656 2309 5727 propria
2350 5655 2754 5722 subscripseris,
2811 5653 3040 5723 teipsum
3096 5653 3413 5723 subiiciens,
3445 5663 3502 5709 et

1911 5750 2190 5808 confessus
2208 5749 2371 5804 lueris
2388 5764 2510 5802 eum
2535 5748 2621 5816 qui
2651 5747 2908 5803 terminos
2931 5747 3150 5802 Patrum
3178 5748 3317 5803 tollit
3338 5762 3497 5802 exse-

1912 5846 2164 5902 crabilem
2196 5859 2339 5909 esse,
2370 5844 2421 5899 in
2456 5842 2558 5897 hoc
2600 5844 2817 5913 proprio
2856 5840 3061 5911 judicio
3111 5841 3500 5900 condemnatus

278 5973 302 5997 ἰ
337 5960 414 6017 Es
449 5958 644 6014 eodem
676 5956 772 6011 Ms.
808 5957 859 6010 in
890 5957 1062 6012 lucem
1098 5960 1237 6012 edita
1263 5977 1289 6014 a
1325 5962 1379 6016 P.
1422 5963 1693 6023 Frontone
1726 5965 1949 6031 Ducmo,
1981 5971 2031 6018 et
2056 5973 2084 6015 a
2115 5961 2259 6015 cmi.
2300 5957 2525 6011 Baronio
2553 5955 2616 6011 ad
2647 5972 2734 6010 an.
2770 5954 2894 6013 5:26.
2928 5954 3099 6010 "\ltn.

490 6050 759 6111 FA'rnat.
818 6051 1171 6115 LXXXIX.

2948 6049 3019 6104 17
