4168 6530
743 424 840 456 ι’πτ

747 450 845 479 3'...)

1976 411 2031 462 5.
2076 403 2406 461 GllEGOitll
2453 405 2650 460 l'APAi
2694 409 2731 460 ll

3884 415 3986 473 524

749 551 826 595 es,
859 549 915 585 ac
945 531 1199 598 Spiritum
1230 537 1475 582 sanctum
1529 544 1553 578 a
1590 535 1639 577 te
1672 522 1938 576 alienasti.
1974 515 2317 588 Persequeris
2343 519 2390 574 Α
2424 517 2490 570 ab
2522 518 2620 572 hac
2650 534 2778 575 cura
2824 522 3061 590 quietum
3107 523 3480 592 pra-stabimus
3512 545 3522 579 :
3557 540 3724 596 neque
3753 527 3987 595 voluisti,

747 643 864 689 nos,
897 641 958 679 at:
1015 623 1286 694 tyrannice
1330 635 1489 674 vexas
1539 617 1755 672 militari
1800 613 2105 682 carnali-que
2130 626 2313 666 manu.

748 721 853 771 Nos
882 719 1113 769 inermes
1135 729 1197 767 ac
1231 712 1378 774 uttdi,
1407 711 1493 780 qui
1525 718 1763 764 terrenos
1790 716 1844 761 et
1889 707 2132 760 carnales
2162 720 2314 759 exer-

748 813 882 864 ritus
906 827 1008 863 non
1033 808 1312 868 habemus,
1357 805 1667 858 invocamus
1715 802 2008 872 principem
2052 803 2314 855 exercitus

730 891 921 955 ~omnis
971 910 1226 954 creaturae
1277 897 1551 951 sedentem
1596 896 1648 949 in
1704 896 1875 959 cmlis,
1909 893 2313 961 Christum,qtti

745 1006 823 1046 t-st
847 1008 1008 1061 super
1036 1006 1226 1044 omnes
1255 990 1524 1044 exercitus
1554 1002 1905 1057 supernarum
1946 984 2226 1046 virtutum,
2259 994 2316 1037 ut

744 1087 992 1138 immittat
1021 1084 1112 1138 tibi
1162 1083 1484 1148 dauuonem,
1529 1081 1667 1135 sicut
1713 1083 1785 1135 ait
1827 1078 2103 1147 apostolus
2138 1077 2310 1131 :Tra-

742 1178 1173 1249 derehujusmodi
1201 1176 1413 1231 Salaria:
1433 1176 1484 1229 in
1509 1176 1769 1230 interitum
1798 1173 1987 1239 carnis,
2020 1182 2076 1226 ut
2103 1172 2313 1241 spiritus

743 1272 908 1323 mltum
938 1271 1000 1322 sit
1033 1266 1084 1339 (1
1114 1267 1233 1321 Cor.
1263 1270 1340 1337 v).
1397 1267 1583 1331 \‘ides,
1637 1267 1948 1336 imperator,
1999 1281 2106 1336 quo
2136 1267 2311 1334 impu-

745 1362 936 1415 denum
961 1368 1120 1428 atque
1147 1356 1547 1411 inhumanitatis
1574 1355 1798 1425 teipsum
1841 1356 2178 1424 provexeris?
2199 1356 2311 1410 ani-

746 1466 888 1503 tuam
914 1459 1058 1503 tuam
1091 1451 1142 1503 in
1177 1450 1422 1503 barathra
1468 1458 1519 1502 et
1549 1457 1811 1517 prmrupta
1839 1447 1952 1501 loca
1983 1448 2310 1516 praecipitem

745 1543 922 1612 egi~ti,
948 1542 1084 1609 quod
1137 1541 1402 1593 burniliari
1432 1540 1684 1603 nolueris,
1716 1539 2008 1607 duramque
2045 1540 2310 1595 cervicem

751 1649 890 1688 tuam
935 1637 1269 1690 submittere.
1306 1634 1433 1687 Nam
1467 1633 1578 1698 ubi,
1612 1633 1866 1701 prteclara
1897 1635 2312 1689 commonitione

746 1731 977 1785 adhibita
1005 1740 1057 1784 et
1087 1729 1351 1794 doctrina,
1385 1729 1664 1798 pontifices
1715 1728 1826 1781 Deo
1853 1725 2188 1782 exliibuerint
2215 1729 2310 1781 int-

749 1831 1022 1891 peratores
1043 1820 1536 1892 irreprehensibiles
1587 1826 1640 1872 et
1677 1818 1905 1871 mundos
1927 1833 1956 1870 a
1986 1819 2217 1886 peccatis
2248 1832 2309 1872 ac

2422 625 2596 679 neque
2623 611 2730 675 vis;
2765 627 2886 679 nos,
2919 621 2974 667 ut
3021 615 3281 670 rationem
3321 615 3536 672 Christo
3562 616 3787 674 Domino
3814 619 3987 674 reddi-

2421 705 2546 768 turi,
2573 704 2772 758 monita
2805 717 2968 774 atque
2990 706 3312 763 documenta
3335 709 3426 764 tibi
3453 710 3808 777 adhibuimus,
3837 721 3986 780 prout

2418 811 2445 847 a
2483 797 2710 852 Domino
2736 798 2910 853 edocti
2958 815 3175 862 sumus;
3227 811 3282 856 at
3315 813 3368 856 tu
3399 804 3655 874 refugisti,
3679 814 3834 874 atque
3859 805 3990 860 obe-

2416 889 2532 942 d.re
2557 891 2713 944 nobis
2762 891 3054 947 humilibus
3087 896 3375 961 recusasti,
3415 896 3678 966 simulque
3724 897 3984 954 Germano

2418 984 2652 1047 pra-stili,
2688 992 2744 1037 et
2774 985 2972 1038 sanctis
3002 994 3160 1055 atque
3188 987 3436 1055 gloriosis
3466 989 3834 1044 miraculorum
3856 989 3984 1044 effe-

2414 1075 2650 1129 ctoribus
2679 1085 2731 1128 et
2762 1076 3074 1134 doctoribus
3100 1077 3347 1134 Patribus
3371 1080 3587 1148 nostris,
3613 1089 3666 1135 et
3692 1091 3902 1136 secutus
3927 1099 3983 1136 σε

2416 1180 2698 1234 perversos
2729 1181 3035 1237 pravosque
3064 1169 3371 1239 dogmatum
3399 1172 3700 1241 magistros,
3732 1175 3819 1243 qui
3845 1188 3874 1226 a
3897 1189 3984 1227 vc-

2367 1305 2372 1308 .
2416 1259 2575 1314 ritate
2605 1260 2874 1315 aberrant.
2910 1260 3117 1317 llabeto
3143 1274 3348 1332 partem
3379 1279 3501 1320 cum
3525 1266 3629 1320 illis
3655 1284 3668 1318 :
3696 1281 3812 1332 nos,
3833 1278 3984 1336 prout

2412 1361 2536 1406 ante
2570 1353 2886 1422 scripsimus
2918 1355 3037 1421 tibi,
3071 1357 3212 1411 viam
3261 1359 3589 1427 ingredimur
3619 1358 3710 1414 Dei
3743 1361 3979 1430 benigni-

2417 1453 2526 1498 tate
2553 1445 2604 1498 in
2631 1453 2902 1500 extremas
2930 1447 3241 1503 Occidentis
3275 1450 3518 1517 regiones
3540 1463 3724 1504 versus
3751 1451 3869 1505 illos
3895 1453 3980 1515 qui

2413 1546 2659 1592 sanctqu
2708 1539 2968 1608 baptisma
3020 1539 3335 1609 efﬂagitant.
3369 1541 3500 1595 Cum
3545 1542 3684 1596 enim
3716 1542 3841 1597 illuc
3865 1543 3974 1611 cpi-

2413 1643 2603 1694 scotros
2630 1630 2921 1695 misissem,
2941 1639 3209 1685 etsanctze
3239 1631 3492 1687 Ecclesia:
3519 1643 3713 1687 nostra:
3734 1633 3978 1691 clericos.

2411 1721 2648 1776 nondum
2681 1723 2896 1777 adducti
2940 1733 3068 1778 sunt
3111 1734 3169 1779 ut
3204 1727 3380 1794 capita
3431 1740 3524 1780 sua
3571 1728 3883 1782 inclinarent
3928 1739 3983 1781 et

2413 1813 2810 1881 baptizarcntur
2833 1828 3018 1868 eorum
3067 1815 3355 1884 principes,
3409 1815 3549 1883 quod
3603 1825 3871 1885 emptcnt,
3927 1829 3984 1870 ut

751 1886 976 1982 aeneus,
1006 1886 1251 1984 lnagn-axn
1279 1914 1414 1984 apud
1445 1927 1568 1967 cum
1595 1911 1806 1966 Iaudcn]
1836 1922 1890 1967 et
1918 1913 2141 1981 glorialn
2163 1913 2299 1965 obli-
2341 1886 2389 1945 B
2416 1920 2598 1956 CUI'UU)
2633 1905 2732 1957 Si"!
2763 1914 3066 1972 susceptor.
3101 1905 3211 1960 [lac
3234 1905 3300 1960 de
3325 1920 3485 1960 causa
3517 1921 3612 1960 liOS
3641 1906 3702 1960 ad
3729 1908 3862 1960 νῐςιιη
3889 1906 3928 1958 D
3950 1923 3980 1957 ’ἓ

752 2018 872 2061 ncnt
895 2007 946 2060 in
976 2016 1212 2059 sanctam
1243 2002 1694 2058 resurrectionem
1746 2018 2014 2071 magnam,
2047 2018 2150 2073 quo
2176 2011 2308 2056 tem-

750 2116 881 2168 pore
911 2115 994 2154 res
1027 2109 1235 2154 nostras
1257 2098 1517 2163 occultas,
1543 2111 1703 2166 opera
1729 2107 1903 2151 nostra
1929 2098 1978 2150 in
2001 2098 2172 2153 lucem
2195 2114 2313 2166 pro-

753 2197 952 2246 laturus
979 2205 1056 2246 cat
1087 2194 1138 2246 in
1173 2192 1544 2244 confusionem
1591 2199 1828 2244 nostram
1877 2205 2058 2244 coram
2108 2193 2313 2258 angelis

747 2286 876 2338 suis.
902 2285 1033 2338 Tum
1054 2297 1185 2337 vero
1215 2282 1448 2336 futurum
1479 2291 1561 2336 est
1589 2290 1645 2336 ut
1666 2297 1761 2337 nos
1785 2282 2010 2337 humiles
2031 2282 2312 2337 erubesce-

753 2390 893 2439 mus,
917 2373 1057 2444 quod
1089 2384 1140 2427 te
1162 2382 1381 2444 propter
1400 2372 1812 2428 inobedientiam
1835 2383 1975 2427 tuam
2002 2373 2190 2428 lucrati
2209 2390 2311 2428 non

757 2469 1032 2531 fuerimus,
1059 2481 1178 2519 eum
1209 2465 1282 2518 illi
1305 2465 1393 2533 qui
1423 2473 1548 2517 ante
1575 2478 1671 2518 nos
1697 2464 1909 2519 fuerunt
1930 2467 2204 2534 pontilices
2221 2481 2316 2521 eos

750 2560 837 2627 qui
891 2559 1002 2612 suis
1059 2556 1388 2624 temporibus
1437 2557 1768 2626 imperarunt
1818 2558 1928 2612 Deo
1975 2559 2310 2614 obtulerint:

744 2657 884 2724 quod
916 2655 1068 2708 nobis
1093 2653 1376 2708 humilibus
1406 2650 1660 2721 pudorem
1710 2650 1950 2717 incutiet,
1977 2652 2063 2718 qui
2097 2661 2308 2721 tempo-

745 2765 859 2801 rum
889 2757 1191 2799 nostrorum
1225 2745 1603 2812 imperatorem
1653 2757 1762 2796 non
1807 2741 2092 2797 offeramus
2116 2743 2315 2812 glorio-

744 2857 858 2892 sum
887 2851 938 2892 et
961 2838 1253 2902 celebrem,
1281 2834 1375 2890 sed
1416 2833 1826 2903 ignominiosum
1875 2842 1930 2889 et
1957 2833 2314 2889 adulterinum

745 2934 969 3000 l!:'urd.,
1024 2929 1242 2984 infamia
1299 2925 1580 2997 notatum].
1625 2927 1764 2982 Ecce
1815 2942 1958 2982 nunc
2008 2943 2219 2998 quoque
2260 2936 2316 2984 te

751 3030 1049 3090 hortamur,
1084 3021 1449 3092 penitentiam
1477 3035 1595 3090 age,
1621 3027 1676 3074 et
1698 3028 2032 3086 convertere,
2061 3028 2218 3088 atque
2243 3019 2312 3076 ad

750 3127 1025 3170 veritatem
1080 3115 1394 3183 ingredere;
1442 3113 1584 3167 sicut
1627 3112 1876 3168 invenisti
1925 3123 1980 3168 et
2031 3113 2310 3182 accepisti,

745 3208 971 3260 custodi.
1006 3204 1218 3260 llouorc
1258 3203 1414 3259 affice
1442 3211 1497 3258 et
1522 3203 1766 3273 glorifica
1796 3215 2009 3260 sanctos
2038 3215 2091 3260 et
2118 3204 2312 3275 glorio-

742 3315 830 3351 sos
864 3299 1042 3351 l’atrcs
1068 3307 1277 3351 nostros
1305 3311 1368 3350 ac
1389 3294 1657 3361 doctores,
1707 3295 1795 3365 qui
1826 3299 2117 3351 cmcitatent
2139 3311 2170 3350 a
2190 3311 2310 3352 cor-
2338 3271 2384 3332 Ο

746 3388 901 3440 dibus
924 3387 1197 3455 oculisque
1221 3384 1419 3440 nostris
1449 3383 1739 3440 secundum
1772 3385 1933 3440 Deum
1955 3385 2308 3454 dispulerunt.

748 3483 918 3547 iisque
947 3479 1117 3531 visum
1151 3477 1519 3531 restituerunt.
1558 3475 1630 3529 At
1667 3475 1813 3530 enim
1839 3476 2098 3543 εςῑὶιτδὶείὶ
2135 3495 2147 3529 ;
2182 3478 2310 3544 «Qui

751 3575 807 3624 ht
839 3580 895 3626 ut
915 3570 968 3625 iu
1001 3585 1091 3625 ses
1111 3567 1350 3624 conciliis
1372 3567 1438 3624 de
1453 3568 1772 3637 imaginibus
1799 3569 1927 3622 nihil
1947 3569 2014 3622 sit
2035 3569 2233 3624 dictum
2254 3571 2305 3623 '3;

751 3663 1057 3725 Enimvero,
1117 3661 1428 3729 imperator,
1476 3674 1542 3712 ne
1569 3659 1636 3713 de
1679 3674 1814 3727 pane
1862 3659 2071 3727 quidem
2099 3669 2152 3715 et
2180 3675 2311 3730 aqua

756 3756 954 3808 dictum
986 3761 1068 3806 est
1096 3752 1406 3821 quidquam,
1462 3753 1598 3806 sitne
1646 3753 2050 3818 comedendum,
2093 3771 2158 3808 an
2206 3769 2312 3809 non

746 3843 1156 3908 comedendum,
1191 3843 1504 3909 bibendum,
1533 3858 1598 3897 an
1625 3859 1726 3899 non
1749 3844 2056 3910 bibendum,
2076 3846 2314 3915 quando-

757 3934 974 4001 quidem
1009 3933 1123 3986 haec
1153 3933 1446 4002 antiquitus
1473 3942 1525 3988 et
1556 3948 1583 3986 a
1617 3934 1870 4003 principio
1896 3935 1962 3988 ad
1988 3935 2312 3990 vitmlruma-

751 4040 833 4078 use
852 4023 1311 4078 conservationem
1333 4023 1496 4077 habes
1515 4023 1706 4077 tradita
1737 4043 1748 4076 ε
1776 4025 1848 4079 sic
1870 4026 2028 4081 etiam
2054 4027 2308 4096 imagines

756 4115 962 4168 traditae
992 4114 1222 4180 fuerant,
1254 4114 1460 4183 ipsique
1482 4114 1755 4183 pontilices
1785 4115 2040 4186 imagines
2069 4119 2134 4173 ad
2178 4135 2309 4175 con-

748 4206 868 4258 cilia
895 4204 1234 4270 deferebant;
1269 4220 1366 4260 nec
1410 4205 1547 4260 ullus
1605 4221 1671 4260 ex
1697 4205 1892 4262 Chrisri
1927 4211 2224 4267 amantibus
2250 4228 2310 4265 ac

750 4295 1008 4364 religiosis
1042 4293 1343 4348 hominibus
1369 4296 1471 4349 iter
1513 4312 1788 4364 peragens,
1823 4297 2019 4368 absque
2065 4300 2308 4370 imagini-

751 4388 846 4439 bus
886 4385 1340 4455 peregrinationeq.
1384 4387 1581 4451 obibat,
1626 4397 1809 4457 utpote
1835 4393 1922 4457 qui
1956 4395 2145 4446 virtute
2175 4408 2309 4461 prte-

747 4480 839 4531 tliti
874 4489 1030 4548 atque
1059 4478 1197 4546 apud
1229 4478 1389 4532 Deum
1419 4479 1565 4548 probi
1600 4491 1800 4533 essent.
1834 4481 2114 4536 Hortamur
2145 4493 2213 4546 te,
2255 4495 2310 4536 ut

753 4572 828 4623 sis
854 4571 1089 4638 pontifex
1120 4581 1173 4623 et
1204 4572 1512 4638 imperator,
1537 4583 1690 4640 prout
1711 4586 1834 4629 ante
1862 4577 2139 4642 Scripsisti.
2160 4576 2308 4644 Quod

752 4663 794 4712 si
823 4669 871 4712 te
896 4659 1090 4729 pudeat
1119 4659 1218 4713 hoc
1274 4660 1368 4713 tibi
1415 4663 1513 4729 ipsi
1571 4672 1817 4730 tanquam
1866 4665 2174 4734 imperatori
2224 4667 2318 4720 tri-

757 4751 942 4814 buere,
988 4749 1053 4803 ad
1105 4750 1348 4818 regiones
1379 4768 1564 4806 omnes
1621 4754 1812 4821 quibus
1863 4758 2113 4811 seandalo
2171 4758 2316 4814 fuisti

757 4841 954 4903 scribe,
992 4840 1302 4909 Gregorium
1339 4856 1523 4910 papatn
1549 4843 1844 4898 Romanum
1877 4848 2012 4900 circa
2062 4850 2316 4918 imagines

753 4945 954 4999 errare,
1005 4931 1237 5000 itemque
1293 4930 1615 4986 Germanum
1667 4935 2314 5007 ConstantEnOpolitanum

759 5024 1134 5090 patriarchatn,
1161 5033 1213 5076 et
1238 5041 1334 5078 nos
1355 5025 1560 5094 culpant
1588 5029 1786 5096 peceati
1812 5033 2114 5100 recipimus,
2139 5046 2317 5102 utpote

754 5115 842 5182 qui
877 5124 1194 5183 potestatein
1223 5132 1252 5169 a
1291 5118 1511 5172 Domino
1552 5124 1915 5184 acceperimus
1959 5135 2013 5179 et
2039 5130 2320 5181 auctorita-

760 5219 863 5262 tem
897 5216 1108 5263 terrena
1132 5210 1478 5280 caelestiaque
1507 5215 1747 5269 solvendi
1807 5233 1867 5272 ac
1913 5219 2136 5288 ligandi;
2169 5231 2319 5291 teque

829 5371 853 5398 ι
897 5361 1294 5438 Desiderabilem
1329 5369 1472 5438 nti/ti.
1519 5368 1662 5422 Haut-
1714 5376 1987 5438 tptstolani
2038 5376 2319 5436 Gratianus

755 5433 1025 5510 Gregorio
1046 5438 1200 5487 tertio
1231 5437 1489 5510 attribuit,
1521 5433 1934 5510 quotiescunque
1986 5448 2121 5503 illius
2168 5433 2318 5504 testi;

759 5508 932 5588 .l‘IOIIi‘O
955 5505 1140 5568 utitur,
1158 5507 1491 5586 ntiqua-st.
1518 5510 1570 5588 ξ,
1598 5505 1906 5582 I’rwsbyter;
1931 5516 2019 5580 5:2,
2043 5533 2228 5588 quiest.
2267 5524 2319 5584 7,

758 5575 904 5654 Quod
939 5645 947 5654 λ
984 5578 1323 5654 proposuisti,
1393 5584 1458 5654 de
1513 5575 1803 5654 Consectf,
1865 5575 2200 5646 distiticiione
2266 5575 2318 5654 4,

762 5645 1125 5730 r’urettlos,_et
1174 5648 1512 5730 distinctione
1557 5649 1609 5715 5,
1667 5653 1740 5708 De
1792 5645 2012 5712 tto/nius.
2073 5645 2319 5730 idemque

756 5713 1262 5798 ῖςιιὶὶωῌγωυιιῑυρ·
1337 5713 1683 5785 llincntat'us,
1739 5729 1957 5793 epistola

872 5800 924 5836 et
961 5786 1071 5864 ﬁci,
1128 5798 1177 5864 et
1219 5789 1344 5865 Ilvo,
1379 5802 1560 5865 __parte
1597 5809 1688 5865 _vtt
1715 5837 1726 5859 ,
1775 5785 1970 5865 'capite
2034 5785 2317 5864 78.1%.";

753 5858 1008 5922 Gregorio
1036 5858 1228 5922 juniut'i
1250 5861 1539 5916 ascribunt.
1596 5858 1722 5918 lloe
1753 5858 1892 5921 enim
1940 5858 2153 5928 nomine
2190 5876 2315 5928 (ne-

2421 1995 2744 2064 benignitate
2771 1996 3121 2064 accingimus,
3156 2011 3226 2050 ne
3259 1999 3395 2050 forte
3418 1997 3768 2050 damnationis
3811 2010 3862 2051 et
3903 1998 3985 2050 iu-

2417 2102 2501 2140 ctu
2519 2087 2581 2139 lae
2612 2095 2807 2140 nostra:
2834 2087 3101 2141 rationem
3128 2088 3439 2142 reddamus.
3461 2087 3556 2142 Det
3585 2087 3676 2142 tibi
3703 2088 3840 2142 Deus
3862 2105 3986 2156 pru-

2417 2178 2654 2231 dentiam
2684 2192 2745 2232 ac
2778 2178 3172 2246 pmnitentiam,
3199 2185 3258 2232 ut
3305 2180 3371 2233 ad
3402 2181 3673 2235 veritatem
3714 2193 3990 2232 conversa-

2418 2269 2512 2335 ris,
2539 2285 2566 2322 a
2598 2285 2701 2336 qua
2733 2269 3040 2334 descivisti;
3073 2284 3370 2339 rursusque
3408 2271 3656 2325 restituat
3703 2271 3990 2324 humilibus

2421 2364 2628 2431 pepulis
2682 2362 2733 2416 in
2779 2377 2943 2417 unum
3000 2371 3270 2432 pastorem
3308 2363 3597 2430 Christum,
3627 2373 3680 2419 et
3721 2365 3772 2418 in
3824 2379 3987 2417 unum

2418 2458 2556 2511 ovile
2614 2456 3041 2510 orthodoxarum
3093 2457 3454 2511 Ecclesiarum
3510 2473 3573 2514 ac
3601 2459 3904 2528 prazsulum,
3935 2469 3990 2512 et

2419 2563 2603 2615 pacem
2633 2546 2889 2602 Dominus
2922 2548 3058 2603 Deus
3089 2557 3274 2602 noster
3328 2549 3567 2619 prmbeat
3604 2552 3854 2604 universo
3883 2559 3990 2604 ter-

2418 2653 2594 2692 rarum
2626 2639 2742 2695 orbi
2769 2656 2913 2697 nunc
2941 2651 2996 2698 et
3025 2656 3244 2713 semper
3265 2645 3393 2698 etin
3423 2643 3617 2699 saecula
3646 2642 3984 2700 surculorum.

2418 2733 2607 2790 Amen.

2948 2824 3277 2883 EPISTULA
3309 2827 3447 2883 XIV.

2558 2930 2802 2971 GREGORII
2828 2932 2975 2971 ΡΑΡΕ
3021 2933 3057 2970 ll
3095 2934 3160 2972 ΑΒ
3189 2933 3506 2974 BONIFACiCll
3537 2935 3838 2976 Bt‘lSCJPl'Il.

2425 3004 2705 3074 Respondet
2733 3009 2800 3061 ad
2839 3009 3002 3062 varias
3045 3011 3159 3080 ejus
3197 3010 3617 3078 interrogationes
3661 3022 3708 3064 et
3733 3010 3986 3065 consulta.

2489 3098 2944 3156 lteverentissimo
2999 3115 3062 3157 ac
3108 3098 3452 3157 sanctissimo
3511 3106 3656 3157 fratri
3718 3105 3990 3158 Bonit‘aeio

2417 3194 2733 3262 coepiscopo
2755 3193 3047 3263 Gregorius
3072 3210 3267 3252 servus
3302 3210 3577 3251 servorum
3626 3197 3738 3252 Dei.

2491 3293 2518 3322 ι
2548 3284 2963 3340 ltesiderabilem
3008 3286 3139 3342 mihi
3167 3295 3273 3343 ate
3304 3289 3499 3343 missus
3540 3288 3737 3343 Denval
3778 3289 3987 3358 religio-

2417 3390 2506 3428 sus
2539 3377 2821 3447 presbyter
2849 3377 3026 3431 attulit
3048 3379 3318 3446 nuntium,
3340 3395 3460 3435 cum
3489 3391 3541 3436 te
3578 3381 3828 3450 sospitem
3862 3399 3983 3436 ηειν-

2417 3468 2552 3522 ravit
2581 3509 2596 3533 ,
2655 3479 2708 3522 et
2754 3469 2804 3522 in
2865 3468 3199 3536 ministerio,
3257 3487 3352 3540 pro
3405 3487 3510 3542 quo
3555 3474 3745 3528 missus
3788 3487 3868 3536 es,
3911 3471 3988 3526 fa-

2419 3569 2572 3614 vente
2624 3559 2760 3628 Deo,
2818 3564 3078 3630 prolicere
3140 3563 3429 3618 nuueiavit.
3490 3563 3682 3620 Detulit
3738 3566 3893 3620 etiam
3959 3581 3988 3619 a

2419 3662 2471 3706 te
2525 3655 2714 3708 missas
2763 3653 3002 3720 litteras,
3049 3654 3139 3710 ubi
3190 3656 3431 3712 indicasti
3462 3697 3478 3722 ,
3535 3655 3673 3728 quod
3711 3672 3838 3726 ager
3880 3657 3982 3710 do-

2417 3743 2679 3809 minicus,
2728 3743 2815 3813 qui
2855 3744 3084 3800 incultus
3133 3744 3385 3814 iacebat,
3438 3757 3492 3802 et
3541 3746 3808 3818 spinarum
3853 3763 3984 3802 acu-

2417 3836 2512 3891 leis
2560 3852 2629 3892 ex
2679 3836 2988 3894 infidelitate
3040 3840 3299 3908 riguerat,
3330 3854 3543 3895 vomere
3582 3849 3683 3895 tuae
3729 3841 3984 3896 doctrina:

2415 3943 2692 3998 exarante,
2717 3947 2898 3988 semen
2932 3935 3080 3990 verbi
3123 3939 3374 4004 suscepit,
3406 3946 3461 3992 et
3489 3938 3714 3994 fertilem
3750 3955 3980 3996 messem

2415 4027 2633 4093 protulit
2661 4027 2951 4082 fidelitatis.
2983 4028 3038 4082 ltt
3071 4029 3256 4084 iisdem
3290 4032 3480 4086 litteris
3515 4033 3757 4102 quazdatn
3788 4035 3986 4089 subne-

2416 4117 2575 4172 xuisti
2601 4119 2852 4186 capitula,
2873 4121 3200 4175 sciscitando
3222 4124 3447 4191 qualiter
3479 4134 3653 4178 teneat
3680 4125 3765 4180 vel
3795 4126 3983 4180 doceat

2416 4209 2531 4262 haec
2576 4219 2756 4264 sancta
2798 4211 3089 4278 apostolica
3115 4210 3352 4266 Romana
3379 4213 3630 4268 Ecclesia.
3667 4213 3808 4270 Bene
3849 4217 3981 4270 satis

2416 4299 2543 4371 [Εά.
2575 4299 2753 4367 ltom.,
2786 4302 2923 4356 nosti
2950 4299 3266 4372 satis},quia
3292 4305 3476 4358 beatus
3503 4303 3686 4360 Petrus
3710 4307 3981 4375 apostolus

2414 4405 2466 4447 et
2497 4394 2825 4460 apostolatus
2869 4393 3047 4468 [Rom
3081 4410 3184 4448 om.
3216 4405 3272 4448 et
3320 4394 3516 4467 apost.)
3573 4407 3620 4452 et
3653 4399 3988 4466 episcopatus

2421 4483 2736 4553 principium
2766 4487 2994 4550 exstitit,
3027 4496 3081 4542 et
3119 4487 3418 4542 consulenti
3471 4485 3565 4540 tibi
3614 4487 3681 4542 de
3721 4497 3858 4540 statu
3891 4490 3985 4541 Ec-

2420 4576 2620 4641 clesim,
2653 4591 2759 4630 non
2791 4591 2855 4632 ex
2886 4577 3038 4632 nobis
3063 4579 3213 4646 quasi
3242 4593 3310 4634 ex
3340 4577 3512 4642 nobis,
3543 4577 3636 4632 sed
3662 4579 3775 4646 ejus
3793 4582 3984 4648 gratia,

2424 4669 2512 4738 qui
2558 4670 2728 4738 aperit
2767 4686 2827 4726 os
2879 4681 3180 4737 mutorum,
3209 4681 3262 4729 et
3293 4673 3498 4740 linguas
3547 4673 3825 4728 infantium
3866 4675 3986 4728 facit

2421 4766 2670 4830 disertus,
2712 4765 2941 4836 qualiter
2999 4776 3181 4824 tenere
3228 4766 3424 4824 debeas
3469 4767 3745 4836 apostolici
3791 4768 3988 4837 vigoris

2419 4861 2714 4916 doctrinam
2736 4861 2981 4916 dicimus.

2490 4955 2529 5008 Ι.
2559 4954 2722 5024 Igitur
2741 4955 2793 5009 in
2820 4955 3002 5024 primis
3035 4956 3305 5026 legebatur
3328 4956 3384 5012 in
3405 4965 3567 5024 quota
3594 4969 3839 5025 progenie
3866 4971 3990 5023 pro-

2423 5046 2736 5115 pinquorum
2767 5047 3167 5101 matrimonium
3219 5048 3515 5116 copulatur.
3568 5047 3797 5101 Dicimus
3845 5048 3987 5116 quod

2420 5149 2727 5208 oportuerat
2751 5139 2986 5209 quidem,
3017 5140 3250 5207 quandiu
3286 5154 3345 5194 se
3389 5148 3681 5210 agnoscunt
3730 5138 3989 5193 affinitate

2422 5232 2767 5299 propinquos,
2783 5231 2848 5285 ad
2871 5231 3027 5300 hujus
3039 5231 3241 5302 copulae
3256 5246 3364 5287 non
3381 5231 3639 5287 accedere
3658 5232 3986 5285 societatem.

2423 5391 2622 5455 gorium
2680 5391 2891 5446 tertium
2948 5392 3246 5461 intelligere
3301 5391 3567 5447 solebant.
3608 5389 3720 5458 .Sed

2424 5476 2520 5513 nus
2562 5461 2682 5515 huic
2726 5464 2883 5517 tribui
2919 5465 3104 5530 possit.
3140 5463 3429 5517 reclamant
3476 5465 3525 5515 in
3581 5461 3817 5526 epismla:
3861 5464 3980 5513 sub.

2423 5534 2711 5597 scriptione
2732 5548 2902 5586 annus
2928 5536 3168 5587 decimus
3197 5534 3387 5588 Leonis
3416 5543 3471 5586 et
3501 5533 3716 5586 indictio
3745 5531 3833 5594 10,
3865 5547 3986 5598 ψιεγ

2423 5613 2721 5666 congruunt
2750 5619 2889 5658 anno
2918 5604 3113 5657 Christi
3147 5604 3271 5666 720',
3306 5618 3410 5672 quo
3436 5617 3575 5656 anno
3605 5602 3838 5672 pontifex
3872 5614 3981 5654 ιιι-ιιι

2424 5674 2706 5740 Gregorius
2736 5674 2796 5738 ll,
2830 5685 2881 5726 et
2911 5691 3013 5728 non
3041 5675 3122 5736 Ill,
3159 5671 3392 5743 quiante
3416 5689 3610 5727 annum
3654 5671 3750 5727 73.!
3804 5676 3988 5727 sedem

2423 5759 2526 5794 non
2552 5744 2795 5801 obtinuit.
2824 5747 2997 5812 Quare
3023 5744 3278 5815 Gregorio
3305 5744 3345 5800 ll
3378 5747 3662 5801 asserenda
3705 5753 3807 5799 est.
3861 5744 3980 5800 Stu-

2426 5830 2582 5870 ἑξυδυ.

3776 5392 3979 5460 quond-
