4168 6536
164 486 265 537 52ἴᾷ

1394 470 1747 527 ΕΡΙΞΤΟΙηιίἰ
1791 472 1875 526 ET
1914 474 2140 530 CANON
2154 474 2250 531 ES.

3333 479 3438 535 επ

164 598 265 650 Sed
291 596 417 666 quia
469 595 824 665 temperantia
882 593 1069 659 magis,
1104 600 1156 642 ct
1202 588 1497 655 ρτιυερτιίιιι
1541 590 1592 643 in
1636 600 1743 643 tam
1774 594 1825 649 Α
1927 591 1996 648 Χ.
2028 592 2506 664 Leprosisautem,
2547 594 2591 647 si
2645 591 2829 647 fideles
2872 592 3161 649 Christiani
3217 594 3435 662 fuerint,

167 688 391 739 barbara
422 695 594 751 gente,
634 684 750 753 plus
785 684 958 751 placet
980 694 1138 749 quam
1178 678 1443 733 districuo
1482 694 1743 746 censurte,

163 779 569 831 concedendum
599 786 683 830 cst
709 784 761 828 ut
788 783 907 843 post
929 782 1173 843 quartam
1197 773 1597 841 generationem
1624 774 1747 842 jun-

162 883 377 939 galtltlt‘.

238 965 297 1016 ll.
330 963 461 1016 Nam
495 962 634 1031 quod
662 959 1207 1031 proposuistillionn,
1236 958 1504 1029 posuisti],
1531 958 1671 1027 quod
1704 960 1748 1012 si

167 1058 358 1111 mulier
381 1055 695 1109 infirmitate
718 1063 963 1120 correpta
988 1067 1093 1107 non
1120 1052 1345 1106 valuerit
1367 1051 1609 1105 debitum
1638 1052 1753 1103 viro

168 1148 417 1211 te‘ldere,
449 1146 571 1215 quid
602 1146 721 1213 ejus
751 1144 907 1198 faciat
934 1143 1161 1212 jugalis?
1194 1144 1394 1197 Bonum
1425 1152 1566 1197 esset
1604 1143 1646 1196 si
1675 1145 1753 1197 sic

168 1246 530 1308 pertttancret,
562 1247 617 1290 ut
648 1235 991 1290 abstinentia:
1034 1243 1264 1289 vacaret.
1317 1234 1423 1290 Sed
1478 1234 1600 1302 quia
1652 1234 1754 1289 hoc

172 1346 486 1399 magnorum
522 1337 624 1393 est,
671 1329 757 1382 ille
788 1327 875 1396 qui
930 1340 991 1380 se
1050 1342 1153 1379 non
1203 1326 1403 1394 poterit
1455 1324 1751 1388 Continere,

170 1428 332 1476 nubat
364 1423 561 1490 magis;
590 1436 691 1473 non
727 1432 901 1473 tamen
935 1418 1156 1472 subsidii
1189 1432 1343 1483 Opem
1374 1416 1659 1469 subtrahat
1690 1417 1755 1468 ab

172 1516 260 1567 illa
304 1532 466 1583 quam
500 1512 786 1565 infirmitas
845 1508 1137 1578 pra’pedit,
1174 1518 1225 1561 et
1274 1523 1377 1561 non
1427 1506 1757 1561 detestabilis

169 1608 321 1673 culpa
357 1606 612 1658 excludit.
646 1601 770 1666 ('59.,
801 1618 851 1671 (ι.
884 1604 916 1652 :2
939 1644 951 1663 ,
987 1602 1134 1665 Quod
1170 1600 1543 1668 proposuisti.)

246 1699 329 1750 lll.
394 1698 464 1748 lle
514 1696 830 1763 pre>iiytcro
878 1707 1026 1755 vero,
1061 1692 1104 1744 si
1158 1692 1383 1759 qullibet
1430 1691 1681 1745 sacerdos
1730 1705 1759 1744 a

174 1791 371 1859 populo
404 1792 566 1843 fuerit
594 1796 898 1847 accusatus,
927 1785 969 1837 si
1009 1783 1139 1837 certi
1196 1798 1298 1835 non
1349 1782 1546 1835 fuerint
1597 1792 1760 1837 testes

170 1884 258 1949 qui
292 1881 533 1935 criminis
564 1878 695 1931 illati
721 1879 1020 1946 approbent
1060 1877 1360 1936 veritatem,
1383 1875 1757 1944 jusjurandum

1855 685 2106 741 dominici
2129 688 2368 757 corporis
2398 696 2453 741 et
2482 686 2756 756 sanguinis
2774 684 3111 756 partieipatio
3135 685 3432 752 tribuatur;

1855 792 1973 831 cum
2018 779 2161 832 sanis
2207 789 2383 833 autem
2433 778 2675 832 convivia
2731 776 3003 832 celebrare
3051 776 3436 848 prohibeantur

1857 868 2058 940 [Ιίοηιη
2090 868 2394 941 negentur].

1931 962 2017 1015 Χι.
2051 963 2308 1029 Adjecisti
2342 963 2502 1015 etiam
2543 960 2683 1031 quod
2729 961 2773 1014 si
2822 958 3041 1028 pestifer
3088 962 3305 1015 morbus
3348 969 3442 1016 aut

1857 1054 2155 1106 mortalitas
2187 1054 2237 1105 in
2272 1052 2497 1107 ecclesia
2530 1053 2612 1107 vel
2663 1048 3004 1105 monasteriis
3044 1051 3352 1120 irrepserit,
3384 1051 3441 1107 lti

1858 1159 1995 1209 quos
2032 1146 2266 1199 nondum
2302 1145 2475 1213 tetigit
2498 1158 2563 1197 an
2593 1144 2819 1197 debeant
2846 1157 2876 1197 a
2920 1142 3037 1198 loco
3078 1142 3291 1211 fugere,
3322 1145 3437 1201 evi-

1860 1247 2032 1293 tantes
2060 1235 2375 1305 periculum.
2422 1238 2573 1304 Quod
2617 1236 2768 1291 valde
2807 1237 3006 1291 fatuum
3055 1236 3296 1304 videtur;
3332 1254 3437 1297 non

1858 1331 1999 1382 enim
2033 1330 2171 1381 valet
2201 1329 2480 1395 quisquam
2508 1327 2599 1382 Dei
2626 1327 2865 1397 effugere
2889 1344 3095 1384 manus.

1929 1417 2041 1473 XII.
2068 1418 2122 1472 ltt
2151 1419 2256 1473 fine
2284 1420 2511 1488 epistola
2541 1419 2873 1484 continebat,
2900 1421 3040 1487 quod
3070 1429 3193 1475 sunt
3224 1420 3439 1490 quidam

1862 1512 2181 1581 presbyteri,
2215 1525 2311 1565 seu
2354 1511 2628 1579 episcopi,
2663 1511 2845 1564 multis
2881 1511 3023 1565 vitiis
3068 1513 3275 1578 irretiti,
3309 1530 3443 1582 quo-

1862 1619 1975 1655 rum
2005 1606 2110 1656 vita
2140 1604 2189 1656 in
2217 1604 2408 1670 seipsis
2438 1602 2801 1657 sacerdotium
2832 1604 3087 1669 maculat,
3111 1605 3157 1659 si
3187 1607 3282 1660 tibi
3315 1608 3445 1661 lice-

1864 1702 1943 1745 ret
1966 1708 2085 1745 cum
2121 1694 2199 1745 eis
2238 1694 2399 1747 edere
2433 1701 2525 1745 aut
2575 1695 2751 1762 loqui,
2802 1694 2904 1747 nisi
2951 1694 3171 1749 coerciti
3222 1694 3441 1751 fuerint.

1865 1783 2100 1837 Dicimus
2124 1793 2179 1837 ut
2206 1783 2301 1835 hos
2329 1798 2393 1837 ex
2413 1783 2703 1851 apostolica
2730 1784 3049 1839 auctoritate
3074 1785 3444 1855 redarguendo

1863 1874 2178 1939 admoneas,
2214 1884 2266 1928 et
2298 1875 2363 1927 ad
2393 1873 2709 1927 munditiam
2737 1874 3115 1930 ecclesiastica:
3150 1876 3446 1945 disciplina:

168 1974 268 2026 erit
304 1978 355 2026 in
384 1974 581 2035 int-dio,
606 1982 656 2024 ct
687 1971 834 2021 illum
865 1979 1053 2022 tes'cm
1079 1968 1316 2037 proierat
1344 1968 1409 2021 de
1442 1968 1758 2021 innocentia:
1794 1952 1833 2007 Β
1865 1964 2107 2017 reducas.
2140 1965 2206 2016 Et
2241 1965 2285 2016 si
2316 1964 2530 2032 quidem
2558 1964 2887 2029 obedierint,
2921 1966 3207 2019 salvabunt
3235 1968 3445 2019 animas

172 2078 282 2122 sua;
322 2064 571 2129 puritate,
604 2065 686 2114 cui
720 2060 857 2113 nuda
890 2071 941 2113 et
972 2071 1153 2129 aperta
1180 2068 1305 2113 sunt
1332 2059 1542 2122 omnia;
1578 2062 1759 2127 sicque

174 2165 386 2206 itane-at
434 2154 485 2206 in
535 2154 750 2220 proprio
796 2152 983 2220 gradu.
1045 2150 1140 2219 (2,
1173 2167 1227 2219 ιι.
1258 2153 1310 2216 5,
1365 2150 1637 2219 Presbyter
1687 2150 1760 2203 t'el

172 2249 413 2307 quifiuet;
441 2247 652 2301 liincm.
680 2247 836 2299 ilum.
871 2247 1035 2312 episc.
1071 2259 1157 2311 cp.
1194 2243 1245 2296 7.
1276 2244 1293 2313 )

255 2339 343 2392 l\".
380 2340 509 2392 Nam
563 2339 629 2390 de
669 2337 883 2389 homine
913 2337 999 2402 qui
1043 2349 1070 2386 a
1120 2336 1373 2405 pontifice
1418 2336 1761 2389 confirmatus

180 2438 363 2495 fuerit,
406 2434 582 2483 denuo
612 2431 683 2483 illi
712 2428 829 2480 talis
864 2429 1134 2479 t'citcratio
1164 2428 1492 2493 prohibenda
1520 2438 1619 2482 est.
1654 2426 1765 2496 (Dc

173 2532 435 2580 (lousorr.
470 2524 595 2576 dist.
620 2524 672 2584 ὃ,
712 2522 785 2573 De
818 2522 1016 2573 frontiue
1038 2521 1186 2589 qui.)

254 2620 314 2671 κ’.
348 2620 400 2671 lo
429 2618 714 2669 missarum
748 2614 1022 2665 solemniis
1050 2612 1177 2665 illud
1211 2611 1605 2666 observandum
1642 2620 1759 2675 est,

175 2712 315 2775 quod
374 2708 633 2760 Dominus
686 2712 868 2757 noster
916 2702 1074 2757 .lesus
1105 2701 1353 2757 Christus
1401 2702 1601 2755 sanctis
1655 2703 1766 2754 suis

181 2801 358 2851 tziloiit
408 2794 706 2861 discipulis.
771 2793 995 2858 Aerepit
1040 2808 1270 2860 namque
1312 2792 1533 2846 calicem
1583 2792 1765 2845 dicens

186 2900 197 2963 ξ
215 2894 391 2954 ἕλω,
412 2901 456 2943 ci
476 2891 623 2941 dedit
640 2889 720 2941 eis
739 2883 867 2955 dic.]
897 2902 909 2936 :
938 2885 1035 2937 llic
1055 2885 1279 2939 cstcalix
1304 2884 1439 2937 Novi
1458 2883 1766 2936 Testamenti

179 2992 229 3039 ie
259 3002 369 3039 meo
398 2984 644 3051 sanguine
682 2982 835 3050 (Luc.
864 2979 1024 3047 ut),
1077 2979 1171 3032 hoc
1198 2980 1347 3047 facile
1378 2980 1770 3047 quotiescunque

181 3081 393 3131 smn-etis
426 3077 623 3146 “imm,
650 3072 881 3141 sumitis}
910 3070 969 3139 (1
1004 3072 1122 3124 Cor.
1148 3086 1200 3125 χι
1220 3072 1260 3135 ).
1290 3070 1441 3124 Unde
1473 3084 1765 3138 congruum

186 3191 287 3224 non
314 3182 396 3224 est
425 3172 557 3220 duos
594 3167 676 3219 \el
720 3175 829 3218 tres
857 3165 1051 3217 calices
1076 3162 1127 3216 in
1171 3163 1358 3217 altario
1405 3176 1603 3231 ponere
1647 3176 1766 3213 cum

186 3267 470 3315 missarum
503 3256 761 3311 solemnia
789 3254 1151 3308 celebrantur.

263 3354 347 3408 \‘l.
388 3354 461 3405 De
494 3348 847 3404 itmnolatttiis
888 3357 1066 3401 autem
1105 3346 1243 3400 escis
1286 3344 1621 3409 consuluisti,
1653 3344 1698 3398 si
1738 3358 1770 3399 a

192 3445 433 3498 ιιιιι-ειὶηιε
465 3442 847 3509 superductutn
889 3440 1049 3495 fuerit
1074 3440 1297 3494 viviftcze
1338 3440 1513 3493 crucis
1535 3440 1767 3507 signum,

188 3542 269 3589 edi
304 3539 512 3599 liceret,
545 3550 767 3587 annon.
826 3533 956 3585 illud
1006 3532 1204 3586 sufficit
1248 3534 1577 3599 respondere
1628 3529 1770 3597 quod

188 3634 375 3684 beatos
404 3628 597 3681 l’aulus
619 3626 892 3694 apostolus
918 3626 1084 3680 dicit:
1113 3627 1173 3680 Si
1197 3626 1307 3693 quis
1336 3626 1519 3678 dixerit
1535 3628 1653 3690 quia
1677 3626 1769 3677 lioc

186 3725 568 3778 immolandum
593 3731 691 3786 cst,
724 3720 878 3773 nolite
906 3722 1053 3773 edere
1086 3728 1290 3787 prapter
1316 3733 1431 3772 eum
1457 3719 1544 3787 qui
1573 3718 1773 3770 indica-

186 3826 275 3882 εἱε,
309 3836 353 3873 ιιι
382 3829 587 3886 propter
616 3816 974 3869 conscientiam
1005 3812 1054 3883 (ι
1098 3810 1217 3866 Cor.
1243 3810 1320 3881 χ).

269 3914 377 3967 ‘Sll.
412 3910 677 3967 Addidisti
702 3910 874 3962 adhuc
896 3906 1034 3974 quod
1063 3906 1105 3959 si
1132 3913 1279 3973 pater
1306 3903 1387 3956 vel
1416 3912 1583 3957 mater
1607 3902 1767 3955 filium

188 4009 266 4060 vel
301 4009 464 4060 filiam
500 4006 637 4058 intra
686 4010 832 4068 septa
880 3995 1188 4052 monasterii
1231 3995 1282 4047 in
1337 3993 1573 4047 infantiae
1622 3994 1772 4047 annis

186 4102 284 4151 sub
316 4096 548 4166 regulari
576 4091 893 4148 tradiderint
921 4087 1227 4155 disciplina,
1259 4094 1435 4139 utrum
1466 4084 1620 4138 liccat
1673 4087 1770 4148 eis,

188 4198 474 4256 postquam
518 4182 812 4253 pubertatis
860 4178 1204 4247 impleverint
1248 4190 1442 4238 annos,
1473 4175 1677 4245 egredi,
1725 4187 1776 4230 et

190 4278 535 4331 matrimonio
567 4274 827 4343 copulari.
877 4271 987 4324 iioc
1033 4269 1251 4323 omnino
1301 4267 1621 4331 devitatnus,
1654 4270 1772 4334 quia

189 4370 337 4422 nefas
364 4377 449 4421 est
487 4374 541 4417 ut
576 4365 770 4418 oblatis
801 4376 830 4415 a
856 4360 1160 4429 parentibus
1187 4357 1296 4411 Deo
1328 4358 1447 4412 filiis
1493 4360 1776 4426 voluptatis

187 4464 336 4511 lrena
366 4457 629 4508 laxentur.
664 4452 779 4522 (ἐο,
802 4466 855 4520 q.
884 4452 937 4514 1,
966 4448 1294 4517 Addidistis.)

263 4548 399 4601 ‘Jlll.
459 4548 744 4601 En‘tm'ero
793 4541 1053 4612 quosdam
1110 4541 1309 4608 absque
1360 4539 1775 4609 interrugatione

1862 2068 2005 2117 suas,
2036 2064 2091 2109 et
2144 2055 2257 2123 ipse
2306 2055 2610 2110 mercedem
2665 2057 2900 2111 lucratus
2941 2072 3022 2111 es.
3066 2058 3445 2113 Verumtamen

1864 2146 2273 2199 collocationem
2305 2154 2358 2199 et
2389 2159 2629 2199 mensam
2661 2161 2998 2201 communem
3024 2162 3147 2203 cum
3185 2148 3263 2203 eis
3289 2164 3449 2219 agere

1865 2253 1971 2290 non
2000 2251 2233 2290 recuses.
2262 2236 2580 2304 Plerumque
2609 2236 2751 2291 enim
2780 2238 3043 2307 contingit
3073 2247 3131 2292 ut
3159 2254 3294 2307 quos
3322 2254 3447 2293 cor-

1864 2328 2032 2383 rectio
2062 2328 2353 2395 disciplina?
2386 2327 2565 2380 tardos
2595 2327 2717 2381 facit
2756 2328 2822 2381 ad
2868 2329 3268 2397 percipiendam
3312 2332 3449 2385 vrri-

1867 2418 1991 2471 tatis
2023 2433 2266 2471 normam
2290 2458 2303 2481 ,
2336 2420 2706 2471 conviviorum
2752 2418 3012 2473 sedulitas
3058 2429 3113 2474 et
3155 2422 3451 2475 admonitio

1867 2509 2056 2564 blanda
2082 2510 2148 2564 ad
2181 2510 2318 2563 viam
2352 2511 2607 2579 perducat
2632 2512 2874 2579 justitiat.
2924 2513 3155 2580 ldipsum
3195 2528 3373 2569 autem
3398 2524 3451 2569 ct

1870 2603 1919 2656 in
1952 2602 2054 2656 illis
2088 2604 2399 2670 proceribus
2425 2603 2515 2671 qui
2548 2604 2639 2657 tibi
2684 2605 3006 2671 adjutorium
3052 2617 3313 2673 praestant
3350 2608 3451 2663 ob-

1868 2708 2085 2748 servare
2133 2693 2373 2747 debebis.
2428 2693 2552 2749 Hatc
2608 2710 2756 2761 ergo,
2791 2694 2953 2750 frater
3008 2696 3341 2764 charissime,
3387 2714 3452 2752 ex

1869 2785 2177 2852 apostolica:
2206 2785 2349 2839 sedis
2379 2787 2562 2853 vigore
2594 2786 2788 2855 scripta
2815 2787 3101 2842 sufficiant.
3130 2789 3202 2843 De
3226 2788 3452 2858 reliquo,

1870 2876 1965 2931 Dei
1997 2876 2348 2941 imploramus
2371 2876 2732 2939 clementiam,
2764 2887 2820 2931 ut
2846 2880 2935 2947 qui
2966 2888 3016 2932 te
3046 2880 3153 2933 illis
3194 2881 3245 2933 in
3280 2882 3453 2949 regio-

1873 2970 2029 3025 nibus
2062 2971 2173 3024 vice
2204 2980 2387 3024 nostra
2420 2985 2485 3024 ex
2530 2971 2825 3038 apostolica
2872 2973 3191 3027 auctoritate
3232 2988 3453 3042 pergere

1873 3063 2072 3135 [flom.,
2107 3061 2380 3131 peragere]
2414 3062 2571 3128 fecit,
2602 3074 2653 3117 et
2685 3063 2738 3117 in
2769 3079 2992 3131 opacam
3046 3066 3234 3119 silvam
3258 3067 3455 3120 Iuntina

1872 3154 2112 3207 veritatis
2142 3167 2236 3221 per
2263 3168 2323 3206 os
2353 3162 2500 3206 tuum
2534 3154 2733 3208 micare
2763 3156 3187 3223 praadestinavit,
3218 3158 3454 3224 apitula-

1876 3243 2169 3297 tionis'suze
2208 3244 2767 3298 misericordissintum
2814 3245 3013 3299 tribuat
3039 3246 3453 3314 incrementum,

1877 3344 2137 3403 quatenus
2167 3335 2233 3389 de
2260 3335 2431 3388 fructu
2460 3336 2640 3403 operis
2664 3346 2715 3389 et
2746 3336 2859 3404 ipse
2882 3338 3059 3391 valeas
3090 3337 3303 3406 prannia
3335 3353 3456 3408 per-

1878 3427 2074 3493 cipere,
2110 3438 2161 3479 et
2193 3428 2400 3479 veniam
2435 3436 2775 3494 peccatorum
2811 3427 3073 3483 invenire.
3118 3428 3259 3483 Deus
3298 3439 3349 3485 te
3380 3430 3462 3485 in-

1875 3520 2135 3573 Columem
2165 3518 2461 3581 custodiat,
2513 3518 2950 3573 reverentissime
2980 3521 3161 3574 frater.
3200 3522 3333 3575 Data
3365 3522 3462 3579 de-

1877 3614 2017 3667 cimo
2055 3609 2313 3666 Calendas
2340 3612 2667 3677 Decembris,
2701 3613 3001 3680 imperante
3028 3615 3247 3670 domino
3288 3618 3460 3685 piissi-

1880 3723 1966 3760 mo
1998 3713 2237 3773 Augusto
2261 3708 2457 3770 Leone,
2486 3721 2513 3757 a
2547 3707 2655 3761 Deo
2685 3717 2973 3774 coronato,
3002 3725 3195 3779 magno
3226 3713 3462 3782 impera—

1882 3810 2016 3860 tore.
2050 3814 2190 3854 anno
2223 3800 2431 3853 decimo
2466 3800 2675 3867 imperii
2720 3801 2870 3871 ejus;
2903 3802 2995 3857 sed
3027 3812 3075 3857 et
3109 3803 3459 3860 Constantino

1880 3909 2071 3963 magno
2102 3896 2446 3961 imperatore,
2482 3893 2637 3964 regni
2674 3896 2791 3964 ejus
2834 3910 2976 3953 anno
3025 3898 3278 3967 septimo,
3322 3898 3461 3954 indi-

1880 3986 2055 4040 ctione
2082 3984 2312 4040 decima.

2416 4075 2749 4130 EPlSTOLA
2815 4076 2930 4131 XV.

1879 4192 2125 4235 CREGORII
2173 4192 2318 4231 ΡΛΡΑΞ
2365 4192 2402 4229 ιι
2450 4193 2516 4230 AD
2572 4192 2816 4230 SERENUﬂ
2872 4191 3295 4234 FOIlOJULIENSEH
3347 4195 3461 4235 EPI-

2558 4263 2781 4301 εεορωι.

2118 4359 2198 4413 De
2228 4358 2479 4413 Cradcnsi
2519 4358 2752 4412 Ecclesia
2778 4376 2879 4413 non
2910 4360 3218 4415 invadenda.

1953 4452 2235 4521 Gregorius
2248 4467 2431 4505 servus
2447 4467 2719 4506 servorum
2738 4452 2826 4506 Dei
2845 4452 3043 4507 dilecto
3062 4451 3211 4507 fratri
3228 4453 3460 4510 Sereno.

1954 4547 2123 4600 Tanto
2171 4562 2390 4601 munere
2421 4546 2646 4615 quisque
2675 4546 2894 4611 (litatur,
2922 4558 3177 4617 quantum
3209 4548 3260 4604 in
3288 4550 3458 4605 subli-

191 4640 433 4709 Syzolzoli
467 4639 532 4690 ab
554 4636 809 4690 adulteris
831 4644 884 4688 et
912 4632 1139 4701 indignis
1167 4632 1492 4699 presbyteris
1514 4632 1685 4686 fassus
1716 4648 1772 4685 es
1804 4661 1854 4720 ι)
1883 4640 2066 4692 mitate
2093 4640 2293 4706 positus
2323 4639 2388 4693 de
2417 4654 2496 4704 se,
2529 4654 2592 4692 ex
2623 4638 2871 4693 mandato
2897 4640 3105 4695 Domini
3148 4642 3455 4712 redempta-

195 4734 518 4797 baptizatos.
549 4730 603 4784 [n
632 4730 814 4781 ltistua
835 4726 1049 4779 dilectio
1075 4732 1253 4778 teneat
1272 4724 1546 4791 antiquum
1571 4741 1774 4778 rnorem

195 4826 475 4889 Ecclesiae,
502 4824 621 4891 quia
651 4819 887 4889 quisquis
931 4820 982 4871 itt
1032 4818 1250 4871 nomine
1300 4816 1501 4879 Patris,
1536 4828 1587 4871 et
1637 4818 1777 4882 Filii,

190 4928 245 4971 et
291 4918 527 4986 Spiritus
578 4915 744 4969 sancti
803 4914 1097 4980 baptizatus
1136 4922 1250 4979 est,
1299 4912 1612 4978 rebaptizari
1661 4925 1781 4963 eum

196 5010 415 5063 minime
448 5008 590 5062 licet.
624 5006 738 5060 Non
770 5010 912 5061 enim
946 5008 995 5061 in
1048 5010 1264 5063 nomine
1316 5004 1658 5073 baptizantis,
1689 5003 1780 5058 sed

198 5119 246 5153 :a
296 5104 515 5153 nomine
562 5098 860 5163 Trinitatis,
896 5099 1053 5168 hujus
1082 5099 1269 5168 gratia:
1304 5101 1505 5149 denunt
1556 5095 1782 5163 percipi-

195 5204 300 5247 tur.
338 5194 399 5246 Et
427 5192 834 5261 tenentnr'quod
863 5193 1149 5261 Apostolus
1174 5193 1245 5244 ait
1272 5207 1287 5245 :
1324 5190 1469 5245 Unus
1502 5188 1661 5251 Deus,
1684 5204 1786 5241 una

198 5287 344 5351 ﬁdes,
364 5302 524 5338 totum
558 5286 810 5353 baptisma
835 5285 1048 5354 (Ephes.
1076 5286 1170 5353 tv).
1194 5286 1493 5339 Doctrinam
1520 5301 1645 5340 vero
1676 5285 1783 5351 spi-

201 5376 447 5428 filuaiefll
470 5377 664 5428 talibus
688 5375 977 5429 Studiosius
997 5384 1049 5429 ut
1083 5376 1357 5441 impertias
1376 5378 1779 5433 ile-mandamus.

294 5466 358 5520 Χ.
388 5466 467 5519 De
488 5467 725 5534 parvulis
745 5482 868 5521 vero
885 5469 1018 5536 quia
1039 5466 1342 5535 parentibus
1364 5469 1615 5523 subtracti
1638 5480 1781 5527 sunt.

198 5571 246 5613 et
278 5575 343 5614 an
376 5560 632 5633 baptizati
662 5560 770 5612 sint
799 5576 862 5613 an
913 5575 1016 5613 non
1067 5564 1330 5630 ignorant,
1382 5562 1501 5629 quia
1560 5565 1785 5617 interro-

196 5655 347 5719 gasti,
404 5653 501 5704 hos
554 5664 609 5702 ut
660 5650 931 5718 baptizare
960 5651 1178 5717 debeas,
1225 5655 1515 5707 secundum
1568 5654 1781 5709 Patrum

199 5744 561 5808 traditionem,
595 5744 639 5795 si
673 5758 776 5797 non
815 5742 971 5798 fuerit
1001 5745 1092 5814 qui
1124 5748 1458 5809 testificetur.
1491 5747 1623 5802 ratio
1656 5760 1783 5815 pas-

199 5838 279 5891 cit.
316 5840 421 5910 (De
447 5840 706 5893 Consecr.
742 5837 865 5894 dist.
892 5842 945 5904 .i,
980 5839 1229 5895 Parvulos
1268 5842 1403 5908 qui.)

266 5966 285 5986 ⁸
326 5954 499 6005 Locus
535 5952 877 6021 depravatus.
916 5952 1103 6006 Mnst.

1887 4733 2001 4796 ris,
2054 4731 2327 4785 humiliter
2382 4733 2585 4795 sentit;
2648 4736 2842 4785 etenim
2897 4734 3178 4799 pastoralis
3226 4733 3460 4803 dignitas

1886 4824 2222 4892 singulariter
2248 4839 2309 4877 ex
2336 4824 2627 4877 humilitate
2647 4834 2886 4876 ornatur.
2904 4824 3246 4890 Spernendos
3263 4829 3459 4896 quippe

1885 4918 2172 4985 apostolica
2208 4918 2365 4970 lectio
2414 4918 2590 4985 arguit
2645 4916 2814 4971 elatos
2856 4934 2868 4969 :
2926 4918 3064 4982 Quid
3118 4918 3285 4986 habes,
3324 4922 3464 4992 quod

1886 5030 1983 5064 non
2006 5012 2280 5079 accepisti?
2316 5008 2378 5061 Et
2400 5011 2440 5063 si
2468 5010 2727 5075 accepisti,
2761 5009 2883 5076 quid
2914 5010 3175 5079 gloriaris,
3197 5013 3344 5081 quasi
3364 5028 3466 5065 non

1887 5105 2137 5166 acceperis
2174 5100 2222 5173 (I
2255 5100 2372 5155 Cor.
2409 5101 2519 5171 tv)?
2551 5100 2681 5155 Nam
2717 5100 2843 5153 dum
2875 5103 2938 5154 ad
2961 5102 3232 5155 cumulum
3263 5104 3337 5154 tui
3372 5102 3469 5155 ho-

1888 5197 2055 5259 noris,
2089 5203 2333 5264 precibus
2358 5195 2539 5247 eximii
2575 5195 2665 5246 filii
2702 5192 2867 5247 nostri
2900 5200 3036 5261 regis
3064 5192 3208 5257 flexi,
3240 5203 3263 5229 ιι
3298 5193 3465 5262 pluri-

1888 5306 2029 5343 mum
2066 5287 2298 5341 Em-lesia
2354 5302 2446 5353 pro
2498 5287 2815 5339 rectitudine
2860 5286 3002 5347 fidei,
3057 5301 3148 5352 per
3199 5301 3355 5355 quam
3410 5295 3462 5343 to

1889 5393 2138 5449 [namque
2167 5381 2456 5433 iicciesiatn
2485 5379 2730 5447 :unplecri
2759 5379 3125 5446 cognovimus,
3157 5381 3461 5446 provocati,

1889 5473 2099 5539 pallium
2135 5471 2226 5523 tibi
2250 5472 2562 5530 direximus.
2602 5466 2999 5529 interdicentes,
3027 5478 3081 5522 et
3111 5472 3247 5521 inter
3268 5479 3463 5526 cretera

1890 5565 2247 5632 prohibentes,
2278 5580 2342 5617 ne
2384 5576 2610 5629 unquam
2645 5561 2821 5615 aliena
2865 5558 2983 5626 jura
3036 5559 3341 5625 ittt‘aderes,
3372 5570 3465 5616 aut

1891 5657 2203 5712 temeritatis
2251 5672 2382 5709 ausu
2434 5669 2721 5719 usurpat-es
2784 5652 3213 5721 jurisdiclionem
3281 5653 3463 5719 cujus-

1888 5751 2167 5819 piam,sed
2200 5749 2279 5803 his
2315 5764 2431 5802 esse
2482 5758 2764 5803 contentus
2813 5764 2929 5817 que
2979 5763 3147 5818 usque
3202 5747 3461 5803 hactenus

1890 5843 2191 5914 possedisti.
2240 5843 2385 5896 Nunc
2434 5858 2560 5896 vero
2605 5842 2702 5909 (ut
2745 5840 3129 5909 Cogitotitntts)
3174 5839 3469 5896 Gradensis
