4168 6526
688 473 797 529 597

1968 468 2024 525 3.
2066 465 2387 525 CRECUMI
2433 465 2633 520 Mihi
2674 464 2711 519 II

3863 462 3965 517 528

703 596 1017 663 patriarcha:
1040 591 1229 649 niteris
1280 594 1534 649 invadere
1558 590 1704 662 jura,
1737 599 1897 658 athe
1939 603 2000 641 ex
2057 587 2119 639 lis
2157 599 2276 653 qua:
2310 584 2353 640 A
2387 578 2716 632 Reverentia:
2746 576 2926 643 itaque
2962 584 3169 637 vestra,
3207 572 3399 627 fratres
3430 571 3750 638 charissimi,
3783 573 3963 627 dicato

703 686 935 756 possedit
956 699 1114 740 omne
1137 698 1306 753 usque
1331 697 1610 751 usurpare.
1644 681 1720 737 Ne
1762 694 1888 750 ergo
1930 680 1983 733 in
2014 690 2280 746 quoquam

702 777 903 833 esistas
928 784 1237 839 temerator,
1262 789 1329 831 ex
1368 774 1687 829 auctoritate
1714 771 2005 842 apostolica
2040 768 2275 838 praecipi

703 883 841 932 mus,
866 880 933 923 ne
963 865 1071 921 ullo
1104 865 1264 921 modo
1290 866 1550 920 terminos
1573 865 1640 919 ab
1669 878 1735 919 eo
1758 876 2033 932 possessos
2056 860 2282 914 accedas

705 956 879 1031 (Fort.
908 954 1182 1028 excedas].
1210 955 1306 1011 sed
1333 955 1403 1011 de
1432 956 1515 1010 his
1544 953 1739 1009 habeto
1768 967 1888 1023 qua:
1919 951 2079 1007 modo
2115 965 2285 1019 usque

706 1050 1021 1118 possedisti;
1089 1064 1189 1105 nec
1238 1049 1466 1119 amplius
1524 1062 1685 1118 quam
1743 1046 1795 1101 in
1854 1046 2049 1099 ﬁnibus
2100 1046 2282 1115 gentis

705 1141 1180 1212 Longobardorum
1215 1142 1572 1197 existentibus
1601 1155 1844 1210 gressum
1888 1137 2110 1194 tendere
2153 1155 2284 1206 prce-

704 1249 903 1301 sumas,
928 1244 989 1291 ut
1017 1251 1123 1290 non
1146 1233 1339 1302 injuste
1365 1233 1663 1300 suscepisse
1690 1240 1741 1286 te
1769 1232 1994 1301 gratiam
2040 1231 2283 1285 collatam

706 1328 850 1397 pallii
894 1343 959 1382 ex
1006 1324 1422 1396 praesumptione
1466 1322 1752 1387 ostendas,
1797 1330 1852 1376 et
1896 1322 1963 1377 de
2008 1321 2284 1391 apostolici

708 1423 894 1493 vigore
938 1420 1166 1487 consilii,
1215 1419 1260 1473 si
1302 1416 1614 1473 inobediens
1664 1416 1826 1471 fueris
1881 1418 2282 1484 comprobatus,

707 1514 905 1569 ultione
930 1512 1121 1583 dignus
1145 1509 1423 1580 judiceris.

1236 1620 1565 1677 EPISTULA
1606 1620 1745 1675 XVI.

704 1735 948 1775 CREGORII
987 1734 1135 1773 PAPB
1190 1734 1225 1770 ΙΙ
1275 1734 1341 1771 ΑΒ
1412 1732 1664 1771 ΠοΝΑτυΙ
1731 1733 2041 1771 GRADENSEH
2106 1732 2286 1770 PATRI-

1116 1804 1327 1843 ΑιιιῖιιΑΜ
1370 1803 1591 1850 ειυεουε
1623 1804 1871 1843 ειδιιυιτυε

706 1880 975 1951 Signiﬁcat
1006 1879 1069 1933 de
1094 1880 1389 1951 invadettdis
1415 1880 1593 1951 alienis
1624 1877 1895 1947 provinciis
1927 1874 2285 1947 Forojuliensi

1109 1950 1350 2019 episcOpe
1383 1948 1708 2002 interdictum
1745 1964 1865 2002 esse.

775 2043 1062 2113 Gregorius
1086 2057 1269 2097 servus
1299 2057 1575 2096 servorum
1607 2041 1697 2095 Dei
1723 2040 1931 2095 dilecnis
1964 2038 2084 2093 ﬁliis
2108 2041 2285 2093 Dona-

703 2147 757 2191 to
786 2136 1129 2206 patriarchae,
1162 2144 1216 2189 et
1243 2134 1505 2204 episc0pis
1526 2177 1539 2199 ,
1572 2144 1731 2204 atque
1760 2135 2008 2189 Marcello
2054 2136 2197 2198 duci,
2232 2146 2287 2189 et

703 2229 841 2297 plebi
876 2227 1113 2283 Venetia:
1134 2238 1187 2284 et
1208 2228 1394 2282 lstrite.

775 2318 1088 2393 Quanquam
1117 2333 1183 2373 es
1219 2317 1519 2373 ministerio
1544 2317 1684 2388 quod
1709 2332 1772 2373 ex
1815 2318 2155 2373 miseratiooe
2203 2318 2285 2371 di-

706 2410 827 2465 vina
859 2412 1095 2481 gerimus
1118 2409 1374 2480 quidquid
1408 2410 1626 2478 provide
1642 2410 1995 2465 deliberatum
2026 2426 2284 2481 peragere

703 2502 904 2572 absque
931 2502 1207 2559 obstaculo
1235 2503 1552 2567 conveniat,
1585 2517 1767 2558 verum
1801 2516 1867 2557 ne
1914 2503 2107 2557 frustra
2134 2503 2279 2573 judi.

701 2595 842 2649 cium
876 2594 1050 2663 egisse
1094 2593 1437 2675 videremur,
1475 2594 1566 2649 illa
1609 2596 1853 2662 cupimus
1893 2596 2140 2663 prosequi
2168 2611 2285 2663 qum

705 2700 811 2740 non
839 2684 903 2739 ad
926 2686 1198 2741 lasionem
1222 2685 1639 2754 cujusdam,sed
1671 2687 1844 2756 potius
1874 2687 1939 2741 ad
1976 2688 2283 2742 immunita-

694 2785 808 2832 tem
840 2777 1148 2846 respiciant,
1180 2778 1267 2831 illa
1313 2786 1559 2845 sategere
1588 2778 1730 2833 unde
1758 2793 1864 2833 non
1910 2793 1973 2833 ex
2020 2788 2284 2849 potestate

697 2882 958 2923 concessa
987 2868 1271 2939 supplicia,
1297 2869 1389 2923 sed
1435 2870 1653 2939 praemia
1698 2880 1993 2939 sperentur.
2024 2872 2287 2927 Convenit

700 2964 931 3033 enimut
979 2977 1101 3018 cum
1153 2962 1373 3019 alterius
1418 2966 1555 3019 vctis
1598 2980 1869 3033 paremus,
1894 2967 2117 3022 alterius
2162 2969 2283 3036 jura

702 3070 808 3110 non
838 3054 1167 3109 fraudentur.
1191 3053 1325 3122 Quia
1360 3054 1539 3124 igitur,
1578 3057 1738 3110 missa
1768 3057 2029 3112 relatione
2058 3059 2125 3112 ad
2159 3075 2278 3126 nos,

699 3162 729 3199 a
757 3147 869 3202 Deo
890 3148 1089 3203 salvata
1119 3146 1475 3201 communitas
1505 3158 1676 3202 vestra
1702 3149 1852 3215 petiit
1882 3160 2065 3203 contra
2111 3150 2281 3205 Furo-

694 3236 981 3306 juliensem
1004 3236 1300 3291 antistitem
1325 3244 1563 3307 agentes,
1582 3237 1722 3305 quod
1752 3237 2001 3305 cupiebat
2029 3241 2281 3296 invadere

696 3304 955 3387 ditionem
980 3329 1272 3385 Cradeusis
1301 3304 1637 3399 patriarchae,
1663 3328 1757 3384 sed
1790 3304 1845 3384 ut
1873 3348 2143 3403 nunquam
2186 3348 2279 3388 es-
2309 3304 2356 3368 ο

696 3420 890 3475 cedere
941 3420 1227 3475 terminum
1288 3419 1367 3473 vel
1413 3417 1535 3488 jura
1569 3419 1823 3476 invadere
1845 3422 2169 3489 aliena,sed
2222 3440 2281 3479 ea

695 3528 816 3581 qua:
840 3513 1096 3567 hactenus
1130 3514 1366 3580 possedit
1419 3528 1478 3569 se
1530 3528 1653 3569 esse
1698 3523 2038 3577 contentum,
2088 3516 2175 3569 cui
2224 3525 2286 3569 ut

697 3604 977 3659 ecclesiam
1028 3604 1082 3658 in
1128 3604 1381 3673 praesenti
1424 3618 1529 3659 non
1580 3612 1805 3659 attentet
1856 3620 1922 3659 ex
1968 3606 2285 3661 auctoritate

698 3696 993 3764 apostolica
1025 3695 1428 3759 interdiximus;
1462 3697 1621 3767 eique
1656 3710 1976 3752 consensum
2028 3698 2095 3752 ad
2145 3699 2282 3755 hanc

694 3800 816 3843 esse
843 3786 1235 3856 conditionem,
1268 3786 1627 3853 dilectissimi,
1660 3788 1873 3855 sciatis;
1920 3788 2006 3845 cui
2053 3789 2283 3861 denique

698 3893 766 3933 ne
795 3887 1085 3949 prasnmat
1110 3879 1372 3934 excedere
1420 3879 1785 3950 praecipimus.
1830 3880 1907 3936 Ne
1930 3895 2059 3951 ergo
2088 3881 2281 3950 injuria

698 3971 931 4041 quadam
961 3982 1050 4026 aut
1083 3970 1303 4027 dissidio
1343 3972 1517 4028 locum
1562 3987 1693 4043 gens
1738 3987 1926 4029 eorum
1980 3974 2281 4030 insidiando

699 4068 784 4133 (ut
812 4064 1034 4133 assolet)
1071 4062 1314 4131 invadat,
1348 4064 1633 4135 pervigiles
1684 4074 1891 4132 cavete,
1918 4068 2092 4133 potius
2138 4066 2282 4123 solli-

699 4155 791 4211 citi
817 4154 885 4211 de
907 4164 1081 4211 vestra
1118 4156 1480 4226 postdivinum
1506 4157 1815 4225 praesidium
1835 4158 2071 4229 cogitare
2089 4159 2280 4226 salute,

695 4248 820 4316 quia
850 4247 975 4303 illud
1012 4262 1118 4303 non
1149 4248 1432 4305 occasione
1457 4249 1653 4319 agitur,
1679 4248 1771 4304 sed
1803 4250 1891 4305 ubi
1920 4262 2144 4321 possunt
2171 4251 2282 4306 Deo

695 4338 777 4392 eis
799 4352 905 4391 non
938 4337 1225 4393 resistente
1250 4338 1432 4394 virtuti
1478 4340 1847 4409 obtemperare
1896 4343 2154 4404 nitantur,
2187 4358 2284 4412 op-

696 4438 871 4483 tantes
897 4428 966 4485 de
996 4429 1204 4500 reliquo
1233 4428 1285 4484 in
1311 4444 1499 4487 amore
1530 4431 1741 4487 Domini
1770 4434 1941 4488 nostri
1968 4434 2097 4490 Jesu
2125 4434 2281 4491 Cltri-

693 4521 763 4575 sti
789 4520 1013 4590 pollere,
1043 4530 1097 4577 et
1120 4521 1188 4576 ab
1218 4523 1364 4577 omni
1386 4522 1653 4581 immunes
1681 4523 2008 4583 adversitate
2038 4543 2281 4587 manere.

696 4610 839 4666 Bene
869 4612 1060 4668 valete.

1236 4682 1562 4739 EPISTULA
1586 4685 1633 4739 Χ
1648 4686 1749 4739 VII.

904 4790 1151 4831 ειιεοοιιιι
1181 4791 1326 4831 ΡΑΡΕ
1351 4791 1389 4831 Il
1421 4794 1488 4832 AD
1517 4794 1792 4833 EPISCOPOS
1823 4796 2050 4836 Ακςωε.

696 4867 982 4923 Tatwinstm
1027 4868 1464 4925 Dorobemcnsem
1500 4872 1939 4942 archiepiscopum
1980 4875 2133 4928 totius
2179 4876 2284 4928 An-

872 4942 991 5010 glia
1020 4942 1285 5007 primatem
1300 4945 1550 5011 agnoscit,
1572 4954 1619 4997 et
1647 4950 1855 4997 mandat
1876 4946 2103 5015 agnosci.

768 5031 1057 5102 Gregorius
1076 5032 1571 5101 episcopus,servns
1591 5048 1868 5089 servorum
1897 5035 2283 5107 Dei,episc0pis

695 5127 901 5195 Anglia
927 5126 1158 5180 salutem
1188 5137 1244 5180 et
1272 5126 1625 5193 apostolicam
1656 5128 2105 5184 benedictionem.

772 5222 866 5275 Dci
893 5222 1277 5289 omnipotentis
1306 5222 1581 5277 immensae
1614 5224 1828 5291 pietatis
1858 5225 2275 5294 magnitudinem

694 5312 1083 5379 eullaudamus,
1105 5313 1195 5382 qui
1226 5327 1336 5368 sua:
1362 5313 1666 5385 ntejestatis
1696 5317 1921 5385 gloriam
1955 5318 2031 5371 sic
2053 5316 2279 5373 dilatare

696 5406 941 5470 dignatus
968 5412 1069 5470 cst,
1102 5410 1159 5456 ut
1182 5404 1233 5456 in
1262 5419 1479 5458 omnem
1512 5416 1707 5460 terram
1755 5405 1944 5461 exierit
1972 5408 2081 5476 jam
2114 5424 2278 5461 sonus

699 5495 1104 5561 prmtlicatorum
1135 5509 1375 5559 suorum,
1404 5508 1459 5551 et
1490 5498 1541 5551 in
1569 5498 1702 5553 fines
1752 5499 1899 5553 orbis
1931 5508 2085 5554 terra:
2118 5502 2275 5557 verba

696 5598 903 5639 eorum.
927 5587 1090 5655 Cujus
1115 5585 1368 5643 ineD‘abili
1399 5590 1613 5655 pietatis
1636 5592 1805 5659 gratia
1828 5591 1965 5644 sicut
2008 5592 2281 5645 noscitnur

699 5678 985 5743 procreati,
1010 5679 1082 5729 ita
1111 5693 1322 5748 quoque
1364 5693 1549 5734 sumus
1578 5680 1842 5749 adoptati,
1876 5694 2075 5736 sanetae
2130 5698 2275 5752 rege.

695 5768 991 5824 netationis
1021 5779 1297 5837 portantes
1324 5772 1639 5842 mysterium
1671 5776 1722 5828 in
1751 5789 1903 5842 spent
1934 5774 2119 5843 gloria:
2145 5777 2279 5828 tilio-

696 5877 812 5919 tum
855 5862 970 5927 Dei,
1003 5878 1097 5934 per
1136 5864 1317 5919 Iesum
1354 5866 1629 5920 Christum
1684 5867 1965 5922 Dominum
2015 5880 2277 5922 nostrum.

2386 673 2716 727 colitetantes
2742 668 2993 738 collegio,
3029 667 3304 721 hortamur
3331 677 3389 721 ut
3418 668 3469 721 iu
3508 666 3611 721 fide
3662 666 3883 721 stabiles
3911 678 3965 722 et

2387 762 2437 815 in
2466 776 2631 829 opere
2659 759 2905 815 efﬁcaces
2936 758 3302 823 inveniamini,
3338 756 3542 812 honore
3570 758 3793 812 invicem
3827 776 3963 827 pra:-

2388 854 2687 919 venientes,
2716 860 2770 906 et
2800 852 2934 905 alter
2957 850 3181 905 alterius
3206 864 3367 904 onera
3398 859 3690 919 portantes,
3724 850 3845 919 quia
3887 850 3963 904 sic

2386 947 2747 1017 adimplebitis
2775 946 2946 1016 legem
3001 946 3232 1011 Christi;
3288 946 3603 1001 charitatem
3654 949 3961 1002 continuam

2389 1040 2644 1097 habentes
2666 1041 2717 1094 in
2748 1039 3037 1095 dilectione
3068 1039 3161 1093 Dei
3194 1049 3249 1094 et
3282 1038 3546 1107 proximi,
3569 1040 3685 1095 sine
3713 1053 3821 1108 qua
3866 1041 3961 1095 itn-

2390 1133 2644 1201 possibile
2692 1140 2779 1187 est
2829 1132 2939 1186 Deo
2986 1131 3219 1200 placere.
3272 1131 3475 1185 Fratris
3514 1132 3679 1186 nostri
3710 1131 3960 1201 Tatwini,

2387 1226 2477 1296 qui
2525 1226 2695 1280 beata:
2743 1226 3017 1280 memoria:
3066 1225 3348 1295 Augustini
3381 1226 3748 1295 prmdicatoris
3802 1228 3965 1281 vestri

2387 1318 2654 1373 cathedra:
2686 1317 3023 1387 pontiﬁcatus
3052 1318 3375 1385 subrogatus
3425 1327 3542 1383 est,
3571 1318 3828 1372 adventus
3868 1334 3966 1371 nos

2388 1412 2675 1465 admodum
2709 1411 3018 1475 Imtilicavit,
3050 1412 3176 1481 quia
3200 1412 3374 1465 virum
3395 1410 3667 1481 religionis
3688 1424 3741 1466 et
3763 1427 3966 1481 magum

2389 1506 2665 1575 probitatis
2694 1506 2795 1558 sub
2840 1504 2956 1573 ipso
3007 1514 3266 1571 tempore,
3316 1520 3421 1573 quo
3476 1505 3615 1572 apud
3646 1519 3743 1559 nos
3794 1508 3961 1567 stetit,

2388 1612 2511 1651 eum
2542 1598 2917 1666 cognovimus.
2950 1596 3202 1661 Proinde,
3238 1602 3354 1665 ejus
3382 1597 3578 1651 auditis
3606 1597 3963 1665 petitionibus,

2387 1699 2790 1743 antecessorum
2818 1688 2933 1758 ejus
2959 1688 3080 1758 jura
3104 1688 3381 1757 dignitatis
3427 1688 3662 1757 perquiri
3712 1688 3762 1743 in
3813 1703 3969 1743 sacro

2388 1781 2589 1833 scrinio
2620 1780 2866 1844 iecimus,
2899 1790 2953 1832 et
2991 1779 3325 1831 invenientes
3375 1794 3496 1830 eum
3540 1778 3682 1844 justa
3738 1779 3968 1846 pustula-

2391 1871 2553 1935 visse,
2596 1886 2803 1925 sacrum
2835 1871 3050 1939 pallium
3076 1885 3198 1925 cum
3228 1869 3517 1924 venerabili
3548 1869 3843 1924 dalmatica:
3872 1885 3968 1923 usu

2392 1972 2435 2019 ei
2461 1966 2753 2035 apostolica
2795 1966 3111 2019 auctoritate
3136 1964 3470 2028 tradidimus,
3505 1974 3799 2018 annuentes
3838 1978 3968 2032 quo-

2387 2074 2489 2123 que
2514 2056 2633 2124 jura
2666 2057 2937 2124 dignitatis
2964 2058 3143 2109 omnia
3171 2071 3288 2124 quae
3322 2056 3746 2123 predecessores
3804 2055 3883 2109 sui
3936 2070 3967 2107 a

2390 2161 2627 2217 tempore
2676 2149 2845 2203 haue
2900 2150 3171 2203 memoria:
3238 2150 3520 2217 Augustini
3573 2159 3967 2218 cognoscuntur

2391 2242 2660 2297 habuisse.
2707 2241 2858 2296 Sicut
2906 2258 3035 2308 ergo
3082 2243 3253 2297 sancti
3294 2243 3463 2297 Patris
3510 2242 3673 2296 nostri
3728 2242 3968 2311 Gregorii

2391 2332 2613 2385 Romani
2644 2331 2910 2400 pontiﬁcis
2934 2331 3211 2386 decretum
3242 2333 3463 2401 prtefato
3497 2333 3811 2401 Augustino,
3841 2348 3969 2402 syn-

2388 2424 2522 2477 cello
2546 2437 2664 2490 suo,
2681 2422 3018 2492 prcedicatori
3042 2434 3239 2489 vestro,
3260 2438 3446 2479 omnes
3468 2426 3746 2494 episcOpos
3762 2423 3970 2493 Anglia

2387 2514 2646 2584 subjecit;
2677 2531 2753 2568 διο
2782 2531 2898 2579 nos,
2936 2517 3042 2569 Deo
3068 2524 3289 2572 auctore
3315 2527 3367 2570 et
3393 2517 3547 2571 beato
3574 2516 3729 2572 Petro
3758 2526 3971 2586 aposto-

2389 2610 2557 2661 lorum
2592 2607 2848 2675 principe,
2894 2606 3020 2661 licet
3070 2606 3270 2676 indigni
3324 2605 3439 2676 ejus
3488 2610 3660 2662 vicem
3700 2617 3967 2676 gerentes,

2387 2697 2519 2764 tibi,
2577 2698 2843 2765 Tatwiue,
2873 2696 3224 2753 Doroverniae
3268 2698 3499 2753 civitatis
3545 2696 3969 2765 archiepiscopo,

2388 2792 2599 2860 tuisque
2629 2792 3007 2847 sucessoribus
3038 2792 3292 2861 legitimis
3323 2808 3512 2848 omnes
3552 2793 3815 2848 Ecclesias
3856 2792 3973 2846 Bri.

2390 2886 2618 2947 tantum,
2650 2899 2941 2954 earumque
2986 2895 3225 2955 rectores
3276 2884 3621 2953 subjicimus;
3681 2887 3971 2954 apostolica

2387 2977 2705 3031 auctoritate
2735 2976 3109 3045 praecipientes
3141 2984 3199 3029 ut
3229 2976 3405 3029 omnis
3448 2975 3607 3030 homo
3654 2975 3813 3047 totius
3858 2977 3971 3029 An-

2388 3066 2542 3135 glica:
2563 3067 2796 3136 regionis
2825 3069 2927 3121 tuis
2950 3066 3225 3122 canonicis
3268 3067 3602 3136 jussionibus
3651 3067 3882 3133 obediat,
3914 3079 3972 3122 et

2389 3166 2442 3211 te
2491 3158 2627 3211 sciat
2668 3172 2790 3213 esse
2834 3157 3252 3226 speculatorem,
3280 3166 3437 3227 atque
3476 3158 3756 3229 primatem
3810 3163 3973 3213 totius

2390 3253 2601 3318 insolze,
2636 3254 2719 3308 cui
2750 3253 2893 3309 vices
2920 3266 3133 3311 nostras
3164 3272 3258 3324 per
3286 3256 3463 3311 omnia
3518 3262 3567 3311 in
3618 3258 3830 3326 regione
3881 3260 3970 3311 illa

2385 3344 2646 3415 gerendas
2670 3346 3056 3400 commisimus.
3091 3347 3255 3401 Tuam
3286 3359 3463 3403 autem
3489 3348 3779 3404 Ecclesiam
3807 3350 3971 3403 Doru-

2385 3439 2585 3492 vcrniat
2608 3439 2955 3492 constitutam
2981 3448 3037 3491 ut
3066 3441 3335 3509 pr0priatn
3367 3451 3421 3495 et
3464 3441 3684 3509 primam
3730 3441 3971 3496 sobolem

2385 3529 2618 3597 regionis
2645 3538 2839 3584 vestra:
2896 3531 2951 3583 in
2994 3530 3213 3585 Christo
3252 3532 3556 3601 specialiter
3598 3534 3699 3587 sub
3747 3532 3973 3587 tuitione

2386 3634 2577 3675 manus
2608 3629 2807 3675 nostra:
2826 3629 3092 3689 tenemus,
3124 3636 3283 3691 quam
3310 3622 3629 3679 volumusin
3660 3622 3803 3692 pacis
3826 3632 3971 3676 traa-

2386 3712 2650 3781 quillitate
2680 3721 2735 3769 et
2760 3713 3022 3785 religione
3052 3714 3252 3784 vigere,
3279 3714 3502 3784 ejusque
3527 3715 3645 3783 jura
3691 3723 3749 3770 et
3793 3715 3967 3782 digni-

2388 3804 2513 3860 tatis
2577 3804 2854 3875 privilegia
2909 3806 2963 3860 in
3019 3818 3333 3875 perpetuum
3383 3808 3699 3862 immutilata
3744 3806 3969 3873 servari,

2385 3898 2507 3967 quia
2542 3897 2710 3966 prima
2738 3907 2793 3952 et
2817 3906 2992 3953 mater
3018 3906 3101 3953 est
3122 3900 3345 3953 aliarum
3367 3899 3623 3963 omnium,
3648 3898 3892 3967 primitus
3914 3898 3969 3952 in

2388 3999 2571 4045 vestra
2604 3989 2827 4059 regione
2849 3991 3139 4047 constituta
3171 3992 3223 4047 in
3253 3991 3461 4048 honore
3488 3992 3655 4048 sancti
3678 3992 3973 4049 Salvaturis

2388 4081 2599 4138 Domini
2624 4084 2793 4139 no:tri
2822 4083 2946 4141 Iesu
2976 4084 3205 4140 Christi.
3229 4085 3499 4153 Scriptum
3526 4095 3609 4140 est
3633 4086 3811 4141 enim:
3845 4084 3971 4139 Non

2386 4186 2458 4231 cst
2479 4188 2682 4233 sanctus
2709 4186 2761 4231 ut
2792 4186 2867 4232 cst
2900 4177 3173 4244 Dominus,
3204 4188 3259 4234 et
3291 4178 3381 4234 ubi
3408 4186 3565 4249 caput
3592 4189 3677 4235 est
3697 4189 3970 4249 vegetum,

2388 4272 2592 4342 reliqua
2641 4271 2883 4327 membra
2945 4272 3174 4328 validius
3221 4281 3549 4341 vegetanlur.
3606 4269 3709 4326 Vos
3754 4272 3967 4341 itaque,

2389 4363 2604 4429 fratres,
2657 4363 2772 4418 haec
2822 4363 3130 4431 apostolicae
3177 4364 3514 4418 auctoritatis
3556 4363 3801 4417 mandata
3847 4377 3971 4416 cum

2386 4452 2663 4509 alacritate
2685 4462 2740 4508 et
2768 4452 3120 4521 subiectionis
3151 4452 3452 4509 reverentia
3480 4451 3681 4516 audite,
3708 4461 3763 4506 et
3790 4452 3933 4505 susci

2388 4544 2520 4614 pite,
2571 4553 2626 4601 et
2674 4558 2794 4599 cum
2854 4545 3074 4611 praefato
3123 4542 3291 4599 fratre
3330 4552 3513 4597 nostro
3565 4541 3971 4611 arcltiepiscOpo

2316 4666 2363 4727 υ
2390 4646 2569 4691 vestro
2596 4636 2648 4691 in
2672 4650 2850 4690 messe
2878 4635 2971 4690 Dei
2995 4634 3255 4704 laborate,
3289 4636 3521 4690 scientes
3552 4648 3645 4688 vos
3673 4632 3795 4688 inde
3822 4648 3959 4687 mer-

2389 4730 2578 4783 cedem
2613 4728 2807 4783 bonam
2832 4728 3129 4783 babituros.
3157 4727 3213 4781 Si
3241 4736 3418 4781 autem
3440 4728 3560 4796 quis
3608 4724 3720 4780 haec
3754 4734 3964 4796 pertur-

2389 4823 2520 4879 bare
2550 4821 2801 4888 voluerit,
2836 4831 3036 4876 nostrae
3086 4818 3417 4874 deﬁnitionis
3463 4826 3661 4873 statuta
3711 4816 3967 4871 divellere

2389 4912 2727 4968 contenderit
2748 4926 2813 4968 ac
2840 4912 3066 4979 violare,
3090 4910 3225 4966 sciat
3253 4924 3313 4965 se
3338 4918 3523 4965 contra
3564 4908 3737 4978 ipsum
3782 4907 3968 4963 mundi

2388 5009 2725 5064 Salvatorem
2756 5017 2811 5063 et
2831 5008 2999 5063 beatri
3027 5007 3167 5062 Petri
3199 5007 3568 5062 auctoritatem
3593 5006 3707 5069 niti,
3738 5014 3795 5060 et
3822 5004 3966 5071 ideo,

2392 5102 2488 5155 nisi
2515 5099 2822 5171 resipuerit,
2855 5110 3075 5155 atteram
3113 5099 3473 5153 damnationis
3518 5097 3839 5153 sententiam
3886 5096 3966 5151 in-

2385 5209 2623 5249 currere.
2655 5193 2796 5250 Deus
2829 5208 2925 5248 vos
2969 5192 3267 5248 incolumes
3315 5190 3597 5257 custodiat,
3631 5191 3967 5246 dilectissimi

2387 5288 2595 5342 fratres.

2899 5379 3229 5435 EPISTULA
3272 5377 3455 5432 XVIII.

2459 5490 2704 5531 οηιεοοιιι
2746 5490 2894 5527 PAI‘A-l
2936 5489 2970 5527 ιι
3012 5488 3078 5527 AD
3128 5486 3438 5527 ετειιιιυιωι
3492 5483 3892 5528 ηιειιτειιυν.

2462 5588 2749 5659 Gregorius
2772 5587 3048 5654 Stephano
3082 5585 3396 5655 presbytero
3423 5594 3582 5652 atque
3616 5580 3735 5636 aliis
3760 5580 3967 5636 duabus

2390 5679 2709 5734 Successivis
2745 5678 3006 5745 personis.

2463 5772 2683 5835 Quoties
2712 5769 2802 5823 illa
2834 5784 2863 5821 a
2897 5768 3051 5822 nobis
3100 5768 3259 5822 tribui
3304 5773 3590 5835 sperantur
3621 5779 3737 5833 qua
3771 5765 3965 5818 rationi

2394 5868 2765 5919 incunctanter
2794 5860 3137 5917 conveniant.
3154 5861 3333 5915 animo
3353 5870 3448 5913 nos
3465 5858 3619 5912 decet
3637 5853 3822 5911 libenti
3843 5869 3955 5909 can
