4168 6528
222 396 326 454 529

1473 406 1824 463 EI‘lS'fOL.-E
1866 408 1953 465 ΕΤ
1992 408 2325 472 ΟΑΝΟΝΕΞ.

3396 433 3495 487 550

217 519 433 581 cedere,
465 528 518 573 et
549 517 846 587 petentium
876 518 1162 575 desideriis
1190 535 1483 592 congruunt
1519 524 1797 591 impertire
1836 526 1887 583 Δ
1916 534 2158 585 testatem
2204 542 2421 586 creandi
2474 537 2613 591 inter
2659 549 2721 591 se
2778 553 2936 609 quem
2986 545 3278 600 secundum
3326 550 3489 606 Deum

218 612 550 684 snﬂragium.
594 612 833 684 ideoque
871 617 992 684 quia
1026 615 1308 685 postulasti
1356 634 1385 672 a
1420 618 1571 673 nobis
1615 633 1805 689 quate-

215 722 318 760 nus
348 706 564 761 fumium
602 706 935 778 Campanum
963 725 1084 764 cum
1118 711 1280 764 domo
1304 728 1397 766 stta
1438 722 1490 767 et
1526 713 1679 766 vinea
1710 731 1804 784 po-

211 800 313 851 sita
334 798 417 851 via
445 798 701 853 Flaminia
732 815 819 855 xtv
844 801 963 870 plus
990 802 1165 856 minus
1190 802 1424 856 millibus
1449 806 1512 858 ab
1543 806 1640 860 hac
1676 808 1803 863 urbe

210 894 405 957 ltoma,
436 890 575 961 quod
602 896 774 947 tenuit
792 908 885 963 per
906 893 1295 948 emunitionem
1320 895 1538 965 Sergius
1572 898 1803 969 presby-

212 993 315 1048 ter,
373 994 427 1040 et
457 985 788 1041 vestararins
848 996 1053 1052 noster,
1104 986 1195 1057 qui
1244 987 1438 1043 fundus
1484 992 1689 1044 esstitit
1737 1010 1801 1048 ex

206 1093 435 1143 corpore
466 1080 776 1148 patrimonii
824 1082 1032 1137 TllSCliB
1081 1082 1222 1152 juris
1272 1094 1471 1139 sanch
1521 1086 1798 1155 Romamn,

208 1174 293 1227 cui
328 1174 435 1227 Deo
461 1182 683 1229 auctore
732 1174 1092 1239 deservimus,
1143 1176 1418 1243 Ecclesiae,
1466 1178 1607 1234 hunc
1650 1182 1803 1236 vobis

206 1270 404 1321 emissa
436 1271 793 1335 prmceptione
822 1268 885 1322 ad
919 1268 1208 1324 tenendum
1245 1270 1543 1326 concedere
1570 1274 1801 1327 debere-

208 1378 348 1414 mus.
409 1360 654 1414 lnclinati
696 1360 879 1429 itaque
930 1363 1179 1431 precibus
1241 1363 1432 1417 vestris
1492 1380 1588 1432 per
1645 1364 1803 1433 hujus

208 1455 463 1522 percepti
507 1454 707 1507 seriem
750 1452 1117 1520 supradictum
1153 1453 1374 1507 fundum
1407 1470 1526 1508 cum
1560 1455 1719 1508 domo
1751 1467 1803 1511 et

206 1546 382 1611 vinea,
431 1556 486 1601 et
532 1546 786 1600 omnibus
836 1548 883 1600 ei
937 1547 1349 1614 pertinentibus,
1406 1551 1455 1602 in
1490 1550 1717 1620 integro,
1772 1568 1801 1605 tt

150 1688 157 1693 κ
204 1644 461 1708 presenti
500 1643 531 1696 8
562 1642 855 1695 indictione
886 1643 1075 1697 diebus
1106 1645 1231 1698 vitze
1261 1656 1452 1701 vestrm
1485 1649 1637 1702 vobis
1667 1665 1799 1702 con-

204 1734 448 1789 cedimus
494 1736 869 1799 detinendum,
903 1736 973 1789 ita
1006 1752 1135 1792 sane
1183 1748 1241 1791 ut
1286 1754 1313 1792 a
1375 1740 1526 1794 vobis
1571 1742 1800 1811 singulis

201 1827 510 1896 quibuSque
542 1827 946 1894 indictionibus,
986 1830 1256 1895 pensionis
1290 1832 1527 1897 nomine,
1579 1834 1794 1887 rationi-

1911 621 2174 692 elegeriot
2203 623 2304 679 sibi
2334 624 2608 697 abbatem,
2642 645 2738 686 nec
2782 631 2956 702 aliqua
2999 637 3286 706 cujuslibet
3327 642 3494 711 digni-

1912 713 2036 768 tatis
2080 730 2303 780 persona
2346 716 2479 773 infra
2520 722 2833 788 pradictum
2875 732 3280 799 monasterium,
3332 735 3432 789 nisi
3466 756 3494 791 a

1912 812 1983 869 te,
2011 806 2183 859 aliove
2209 808 2400 865 abbate
2432 820 2523 865 tuo
2551 826 2889 884 successore,
2920 830 3163 887 vocntus,
3194 825 3486 895 quidquam

1909 911 2005 967 pro
2032 914 2131 955 suo
2172 900 2322 958 libitu
2355 906 2606 962 ordinare
2653 908 2738 962 vei
2786 918 2985 968 temere
3032 928 3288 973 exercere
3347 936 3493 989 pra:-

1907 1001 2099 1048 sumat.

1983 1081 2248 1139 Praeterea
2276 1088 2571 1155 apostolica
2596 1101 2776 1147 nostra
2808 1094 3130 1152 auctoritate
3160 1102 3487 1156 omnimodis

1907 1174 2283 1234 interdicimus
2331 1195 2399 1234 ne
2446 1181 2529 1235 cui
2581 1198 2813 1251 unquam
2856 1187 3110 1243 Ecclesia:
3140 1228 3156 1255 ,
3210 1194 3292 1247 vel
3345 1196 3483 1263 sedi,

1905 1266 2265 1334 comeambio,
2296 1276 2390 1324 aut
2425 1268 2535 1325 alio
2563 1270 2742 1339 aliquo
2791 1272 3028 1345 ingenio,
3074 1278 3355 1348 subdatur,
3393 1288 3487 1340 sed

1906 1357 1997 1413 tali
2049 1358 2316 1425 libertate,
2366 1372 2422 1417 et
2479 1364 2838 1430 immunitate,
2869 1369 3013 1437 quali
3062 1381 3257 1428 caetera
3292 1378 3488 1446 regalia

1905 1450 2017 1505 loca
2050 1463 2289 1517 utuntur,
2326 1454 2585 1511 inoffense
2607 1466 2661 1511 et
2688 1461 3068 1528 perpetualiter
3095 1465 3341 1532 gaudeat.

1975 1544 2091 1610 Ipse
2124 1562 2251 1603 vero
2277 1549 2424 1603 locus
2444 1552 2758 1607 monasterii
2780 1554 2881 1609 sub
2899 1556 3280 1615 mundiburnio
3304 1576 3487 1633 regum

1904 1644 1960 1687 ut
1988 1648 2320 1705 permaneat,
2356 1642 2596 1711 nullique
2634 1658 2867 1715 unquam
2907 1661 3151 1716 persona:
3195 1652 3487 1711 beneficia-

1904 1730 2012 1784 t'ius
2040 1741 2132 1785 aut
2161 1733 2496 1789 invadendus
2527 1745 2726 1804 pateat,
2754 1740 2849 1793 sed
2880 1742 2945 1795 ad
2977 1758 3105 1798 usus
3133 1746 3487 1814 tranquillita-

1902 1830 2114 1890 temque
2140 1824 2546 1889 monachorum,
2574 1824 2645 1879 ibi
2670 1827 2767 1881 sub
2796 1830 2979 1896 regula
3009 1834 3183 1886 sancti
3211 1833 3484 1891 Benedicti

204 1922 301 1969 bus
332 1918 715 1973 ecclesiasticis
749 1934 805 1971 lll
835 1922 947 1973 auri
988 1922 1167 1988 solidi,
1215 1922 1532 1979 difficultate
1582 1936 1794 1995 pOSIpO-
1830 1891 1874 1950 Β
1909 1913 2014 1967 Deo
2044 1916 2404 1981 ηιίῗίῑίιηίίυῐην
2442 1919 2658 1987 quietus
2689 1931 3022 1987 Permane“-

200 2010 324 2070 sita,
360 2009 755 2077 persolvuntur,
790 2027 1111 2080 omnemque
1163 2030 1264 2083 qua
1317 2016 1556 2087 indigent
1608 2022 1796 2073 melio-

200 2102 467 2156 rationem
494 2118 555 2155 ac
578 2103 945 2157 defensionem
976 2107 1262 2173 praedictus
1294 2107 1509 2173 fundus,
1541 2122 1593 2165 et
1617 2113 1791 2179 vinea,

197 2209 291 2248 seu
322 2194 541 2257 domus,
586 2195 957 2251 indifferenter
988 2212 1017 2250 a
1052 2198 1203 2252 vobis
1246 2199 1363 2253 sine
1391 2201 1554 2255 dubio
1604 2220 1793 2261 nrocu—

198 2284 449 2338 t'entibus
500 2283 836 2351 efficiantur;
892 2286 1142 2358 nullaque
1197 2300 1379 2359 pestea
1434 2294 1500 2347 nd
1558 2296 1792 2351 dandum

196 2393 390 2431 annme
427 2378 703 2443 pensionis
736 2394 765 2431 a
808 2379 959 2433 vobis
988 2396 1136 2434 mora
1170 2386 1475 2449 proveniat,
1527 2388 1619 2439 sed
1654 2388 1792 2442 ultro

197 2468 514 2523 actionariis
553 2478 753 2523 sanctae
786 2480 982 2524 nostra:
1025 2471 1278 2527 Ecclesia:
1310 2488 1336 2525 a
1366 2474 1618 2541 przedicto
1662 2486 1793 2531 tem-

198 2575 326 2627 pore
358 2559 716 2628 persolvatur.
749 2559 879 2614 Nam
910 2563 955 2615 si
996 2564 1170 2628 aliter,
1206 2565 1346 2633 quod
1380 2566 1516 2619 absit
1543 2582 1572 2619 a
1616 2570 1786 2636 vobis,

195 2656 511 2724 provenerit
536 2656 603 2710 de
632 2657 994 2727 suprascripta
1018 2659 1413 2723 ntelioratione,
1448 2658 1788 2728 defensione,

194 2757 248 2801 et
274 2763 456 2801 annua
490 2748 771 2817 pensione,
804 2751 1091 2801 statuimus
1141 2749 1257 2803 fore
1309 2752 1597 2806 inVaIidant
1651 2755 1787 2809 hanc

195 2850 438 2893 nostram
480 2839 918 2908 prutceptionem.
974 2839 1097 2893 Post
1131 2840 1338 2893 obitum
1371 2858 1499 2895 vero
1553 2855 1787 2899 vestrum

195 2943 526 2987 memoratus
558 2930 755 2987 fundus
786 2933 850 2985 ad
878 2932 968 3001 jus
1018 2944 1220 2985 sanetae
1254 2944 1453 2988 nostra:
1506 2936 1782 3001 Ecclesiae,

194 3027 349 3095 cujus
397 3035 482 3081 est
522 3027 840 3095 proprietas,
875 3025 925 3077 in
959 3024 1166 3095 integro
1196 3035 1520 3081 revertatur.
1555 3028 1675 3081 Dat.
1709 3030 1783 3084 Id.

195 3122 290 3189 Ap:
310 3120 418 3185 ilis,
466 3118 654 3172 itttlict.
689 3118 744 3172 8.

741 3209 1073 3265 EPISTULA
1116 3210 1253 3266 XIX.

262 3343 365 3382 νει.
418 3341 757 3382 ῐιιιινιηαιωι
814 3340 1059 3381 οῐιεοοιιη
1108 3341 1251 3379 ΡΑΡΕ
1294 3340 1329 3380 11
1376 3343 1441 3379 ΑΙ.)
1494 3341 1714 3381 BASINUM

866 3412 1127 3451 ABBA'I'ERJ.

195 3510 473 3577 Crcgorius
506 3507 563 3562 11
600 3526 753 3576 papa,
788 3518 987 3574 petente
1017 3509 1209 3563 Basino
1258 3511 1471 3577 abbate,
1522 3510 1785 3565 Monaste-

262 3584 341 3633 rio
373 3582 537 3634 sancti
590 3579 864 3633 Maximini
915 3579 1238 3633 Trevercnsis
1286 3583 1679 3649 immunitatem,
1736 3592 1782 3636 et

261 3652 371 3705 alia
402 3652 670 3721 privilegia
702 3651 941 3720 largitur,
983 3667 1119 3705 anno
1150 3651 1275 3705 729.

260 3764 582 3833 Gregorius,
615 3778 805 3819 servus
835 3776 1121 3817 servorum
1176 3763 1291 3829 Dei,
1341 3765 1531 3818 Basino
1562 3781 1785 3821 venera-

192 3857 280 3913 bili
305 3856 487 3912 abbati
518 3856 831 3909 monaSterii
858 3855 1028 3909 sancti
1048 3854 1269 3910 Joannis
1296 3857 1523 3925 apostoli
1546 3867 1597 3911 et
1622 3874 1784 3913 evan-

193 3948 418 4015 gelista,
460 3956 624 4017 atque
655 3944 981 4000 sanctissimi
1013 3947 1339 4000 confessoris
1387 3946 1587 4000 Christi
1619 3948 1787 4001 Maxi-

192 4039 345 4102 mini,
399 4037 554 4103 cujus
605 4051 805 4104 corpus
860 4035 1058 4090 ibidem
1107 4035 1362 4104 quiescit,
1404 4035 1523 4097 tibi,
1578 4037 1788 4105 tuisque

189 4130 619 4193 successoribus,
664 4130 890 4183 salutem
943 4136 998 4183 et
1048 4128 1396 4197 apostolicam
1449 4128 1786 4184 benedictio-

189 4238 337 4279 nem.

257 4317 313 4372 Si
346 4332 563 4385 semper
598 4325 724 4369 sunt
767 4314 1111 4370 concedenda
1163 4331 1279 4383 qua:
1336 4317 1435 4385 piis
1492 4316 1781 4373 desideriis

188 4418 512 4479 congruunt,
554 4419 703 4463 tanto
732 4408 1050 4476 propensius
1078 4424 1139 4463 ea
1188 4424 1307 4477 quin
1339 4424 1435 4479 pro
1465 4409 1634 4464 divini
1666 4413 1777 4465 cnl-

187 4511 272 4554 tus
295 4498 559 4569 religione
604 4500 963 4567 postulantur,
1004 4500 1164 4553 alacri
1213 4500 1521 4565 devmione,
1553 4512 1609 4557 et
1635 4505 1783 4557 omni

1975 2005 2361 2061 Constituimus
2385 2010 2546 2063 etiam
2578 2019 2631 2064 et
2660 2027 2723 2065 ex
2763 2012 2863 2066 hac
2906 2024 3123 2081 paterna
3168 2016 3485 2083 dilectione,

1903 2096 1992 2149 tibi
2028 2097 2236 2166 tuisque
2265 2102 2667 2157 successoribus
2696 2103 3064 2169 concedimus,
3098 2117 3154 2158 ut
3182 2108 3244 2159 a.l
3272 2118 3475 2177 myste-

1902 2191 1977 2244 ria
2009 2205 2182 2259 sacra,
2221 2195 2270 2247 in
2305 2197 2586 2262 praecipuis
2616 2196 3013 2267 festivitatibus,
3057 2199 3243 2266 mitra,
3275 2200 3478 2255 dalma-

1901 2280 2023 2344 tica,
2057 2281 2293 2337 sandalis
2352 2287 2550 2349 utaris;
2610 2286 3001 2341 fraternitatem
3057 2298 3200 2342 tuam
3254 2305 3485 2344 comnm-

1898 2380 2085 2425 nentes
2128 2383 2182 2427 ut
2213 2389 2332 2427 eum
2380 2383 2669 2444 augmento
2715 2375 2936 2433 honoris
2977 2390 3238 2449 augeatur
3268 2391 3322 2437 et
3350 2382 3407 2437 in
3434 2393 3484 2439 te

1898 2462 2063 2516 divini
2096 2466 2261 2520 virtus
2290 2470 2512 2522 amoris.

1970 2558 2324 2614 Probibemus
2367 2572 2419 2616 et
2466 2578 2529 2616 ex
2563 2564 2888 2618 auctoritate
2919 2564 3059 2620 beati
3109 2566 3275 2631 Petri,
3326 2567 3481 2636 cujus

1896 2648 2032 2713 vice,
2064 2650 2190 2704 licet
2219 2651 2443 2721 indigni,
2475 2652 2526 2706 in
2560 2654 2657 2708 hac
2688 2654 2977 2723 apostolica
3019 2655 3149 2711 sede
3184 2656 3477 2726 fungimur,

1895 2754 1949 2799 et
1978 2745 2213 2799 funditus
2243 2745 2634 2811 interdicimus,
2674 2758 2732 2803 ut
2777 2750 2958 2803 nullus
2987 2750 3114 2815 dus,
3158 2751 3336 2806 nullus
3376 2768 3478 2805 co-

1897 2849 2030 2897 mes,
2067 2834 2209 2889 nulla
2240 2850 2457 2903 prorsus
2489 2851 2719 2904 persona
2760 2839 3146 2906 ecclesiastica,
3178 2841 3293 2896 sive
3324 2858 3483 2896 mun-

1894 2925 2053 2991 dana,
2102 2928 2154 2981 in
2202 2930 2561 2996 possessione,
2620 2931 2704 2985 vel
2747 2931 2947 2986 allodio
2977 2933 3151 2987 sancti
3182 2933 3476 3003 Maximini,

1894 3031 2154 3085 montem,
2197 3022 2309 3075 sive
2356 3037 2542 3091 rupem
2591 3037 2805 3090 capere,
2842 3025 2927 3079 vel
2976 3026 3326 3080 munitionem
3373 3026 3476 3079 ali-

1892 3130 2053 3182 quam
2081 3113 2130 3166 in
2160 3114 2237 3167 eis
2269 3114 2444 3169 facere
2478 3124 2786 3183 prmsumat,
2820 3116 2923 3169 nisi
2964 3116 3101 3171 forte
3142 3116 3307 3171 abbas
3334 3115 3480 3186 ejus-

1895 3207 2019 3261 dem
2068 3207 2415 3271 monasterii,
2471 3218 2691 3276 propter
2742 3218 2944 3262 metum
2996 3224 3343 3278 paganorum,
3392 3210 3477 3264 vel

1895 3308 2112 3368 propter
2137 3298 2497 3353 incursionem
2525 3299 2880 3369 malignorum
2910 3300 3208 3365 hominum,
3239 3300 3303 3354 ad
3339 3310 3473 3357 tem-

1894 3405 2013 3459 pus,
2044 3390 2216 3445 donee
2248 3390 2604 3459 tranquillitas
2638 3391 2782 3459 pacis
2812 3389 3020 3459 redeat,
3052 3406 3112 3448 se
3138 3406 3370 3461 suosque
3400 3393 3470 3448 ibi

1890 3482 2253 3537 intermuniat.

1960 3576 2038 3628 Ad
2085 3574 2359 3628 cumulum
2404 3587 2615 3642 quoque
2647 3574 2730 3628 vel
2772 3582 3121 3644 augmentum
3160 3574 3471 3630 monasticaa

1891 3666 2292 3734 tranquillitatis
2322 3665 2626 3733 adjicimus,
2658 3679 2725 3721 ne
2755 3680 2857 3735 qua
2881 3665 3167 3734 cujuslibet
3195 3665 3469 3736 dignitatis

1890 3773 2122 3827 persona
2150 3773 2404 3829 magnum
2435 3757 2521 3812 vel
2568 3758 2849 3812 minimum
2891 3758 3149 3824 alienare,
3180 3757 3263 3813 vel
3294 3758 3473 3811 immi-

1888 3866 2077 3917 nuere,
2105 3852 2173 3906 de
2228 3852 2388 3907 rebus
2418 3851 2672 3905 Ecclesia:
2720 3857 3032 3918 presumat,
3089 3858 3197 3903 tam
3248 3848 3318 3905 de
3368 3848 3474 3913 his,

1888 3959 2008 4013 quae
2060 3959 2154 4013 per
2208 3953 2259 3998 te
2293 3941 2478 4009 modo,
2525 3942 2608 3995 vel
2645 3956 2738 4010 per
2770 3941 2903 3995 alios
2932 3940 3110 3996 eidem
3142 3938 3475 3994 monasterio

1887 4051 2147 4090 concessa
2189 4044 2333 4101 sunt,
2367 4048 2523 4101 quam
2554 4048 2619 4087 ex
2670 4032 2774 4097 his,
2801 4046 2921 4100 qua:
2946 4031 3129 4086 eteteri
3164 4029 3349 4087 fideles
3380 4044 3476 4098 pro

1890 4129 2129 4183 remedio
2157 4130 2458 4182 animarum
2500 4140 2714 4180 snarum
2754 4124 3007 4193 deinceps
3035 4124 3283 4179 collaturi
3325 4134 3474 4178 sunt.

1958 4222 2012 4275 Si
2044 4220 2161 4290 quis
2189 4235 2337 4283 vero,
2374 4217 2513 4288 quod
2538 4216 2699 4284 absit,
2732 4232 2863 4271 ausu
2887 4217 3091 4271 nefario
3114 4231 3469 4285 przesumpse-

1890 4314 1956 4367 rit
1985 4326 2047 4367 ea
2077 4327 2193 4381 quae
2224 4326 2253 4365 a
2278 4310 2431 4365 nobis
2459 4308 2525 4363 ad
2561 4308 2768 4363 laudem
2800 4308 2896 4362 Dei
2924 4322 3020 4376 pro
3050 4308 3341 4363 stabilitate
3358 4307 3474 4375 jam

1888 4406 2014 4459 dicti
2048 4403 2366 4460 venerabilis
2414 4400 2725 4456 monasterii
2763 4408 2959 4455 statuta
3003 4410 3125 4454 sunt
3162 4398 3471 4470 infringere,

1890 4506 1977 4550 aut
2025 4498 2076 4549 in
2122 4495 2357 4564 quodam
2390 4493 2612 4558 violare,
2644 4491 2780 4547 sciat
2824 4506 2884 4546 se
2913 4490 3013 4545 sub
3068 4490 3236 4545 divini
3283 4489 3471 4561 judieii

187 4592 476 4646 occasione
506 4603 732 4656 remota,
770 4592 1012 4646 benivola
1046 4591 1341 4648 intentione
1365 4594 1623 4649 continuo
1656 4607 1779 4650 sunt

1896 4587 2280 4649 testificatione,
2323 4599 2418 4655 per
2450 4585 2811 4638 interventum
2863 4581 3003 4637 beati
3037 4582 3176 4636 l'etri
3219 4582 3468 4651 apostoli,

186 4687 462 4757 largienda
490 4697 543 4740 et
565 4688 914 4754 perficienda.

258 4782 447 4836 Petisti
477 4795 604 4849 ergo
633 4795 751 4841 nos,
780 4780 853 4834 uti
886 4780 1216 4834 monasterio
1254 4788 1366 4843 tuo,
1395 4780 1535 4848 quod
1568 4781 1618 4833 in
1644 4784 1780 4834 sub-

185 4876 341 4930 urbio
370 4874 710 4928 Treverorum
742 4874 793 4927 in
839 4874 1041 4929 honore
1072 4874 1242 4927 sancti
1275 4872 1497 4927 Joannis
1544 4889 1778 4943 evange-

186 4968 321 5021 listte
351 4976 719 5021 constructum
750 4980 870 5020 esse
912 4965 1268 5032 dignoscitur,
1295 4966 1382 5019 ubi
1416 4968 1778 5034 prtenomina-

186 5070 272 5115 tus
330 5057 536 5112 Christi
577 5058 859 5112 confessor
915 5060 1166 5125 quiescit,
1227 5058 1296 5111 ob
1351 5058 1775 5113 confirmandam

188 5152 442 5205 fratribus
486 5148 683 5204 ibidem
719 5150 832 5204 Deo
877 5148 1257 5214 servientibus,
1294 5151 1604 5204 monasticae
1634 5159 1782 5205 tran-

188 5241 468 5311 quillitatis
519 5256 783 5304 normam,
844 5250 1045 5295 sanctae
1076 5240 1388 5308 apostolicae
1423 5251 1642 5303 nostrae,
1696 5242 1780 5295 cui

187 5344 407 5391 auctore
440 5334 554 5388 Deo
581 5332 942 5392 deservimus.
977 5331 1229 5385 Ecclesia:
1265 5331 1603 5401 privilegium
1649 5346 1781 5386 con-

187 5429 525 5485 cederentus.

256 5520 473 5591 Nosque
513 5522 613 5590 piae
662 5516 901 5587 petitioni
936 5526 1039 5572 tute
1065 5532 1347 5572 assensum
1372 5517 1782 5573 accommodare

190 5613 518 5676 curavimus,
588 5610 980 5675 decernentes,
1067 5609 1375 5677 apostolica:
1443 5609 1781 5664 auctoritatis

193 5710 478 5770 piecepto,
514 5701 586 5755 uti
620 5702 962 5772 congregatio
991 5700 1102 5754 Deo
1130 5699 1202 5756 ibi
1226 5698 1480 5771 religiose
1510 5700 1777 5765 serviens,

194 5794 319 5850 sicut
350 5809 448 5863 per
488 5792 843 5863 prmecdentia
876 5802 1119 5861 tempore
1150 5809 1177 5845 a
1213 5793 1427 5862 regibus
1455 5792 1628 5849 eidem
1662 5807 1769 5858 ca:-

194 5887 342 5941 ociiio
377 5898 697 5942 concessum
743 5892 841 5947 est,
877 5882 1101 5939 liberam
1150 5883 1403 5953 deinceps
1455 5882 1649 5936 habeat
1681 5898 1777 5952 pn-

1889 4679 2249 4734 anathematis
2278 4676 2491 4731 vinculo
2525 4673 2967 4729 inextricabiliter
2994 4672 3329 4739 innodatum,
3364 4684 3414 4728 et
3444 4690 3472 4725 η

1887 4787 2049 4841 regno
2084 4772 2173 4824 Dei
2206 4769 2569 4832 alienandum,
2603 4775 2658 4823 et
2709 4781 2834 4821 cum
2864 4765 3103 4832 diabolo,
3146 4776 3198 4820 et
3229 4766 3347 4834 ejus
3378 4779 3470 4819 se-

1886 4863 2165 4935 quacibus,
2196 4861 2546 4917 atrocissimis
2577 4859 2751 4929 pinnis
2780 4858 3254 4914 concremandum.

1956 4956 2057 5024 Qui
2084 4969 2209 5010 vero
2238 4955 2326 5025 pio
2355 4954 2552 5009 intuitu
2581 4961 2635 5007 et
2658 4960 2906 5019 respectu
2934 4949 3101 5005 divini
3134 4949 3338 5005 timoris
3378 4949 3469 5001 ob-

1885 5057 2125 5104 servatur
2154 5046 2311 5116 hujus
2339 5055 2536 5098 nostra:
2568 5042 2943 5113 praeceptionis
2972 5041 3281 5111 apostolicae
3308 5044 3469 5093 exsti-

1888 5145 2029 5208 terit,
2062 5154 2275 5196 a-ternte
2303 5138 2697 5195 benedictionis
2734 5136 2962 5207 gratiam
3007 5150 3039 5192 a
3072 5135 3299 5190 Domino
3341 5150 3465 5189 eon-

1884 5238 2032 5307 sequi
2066 5246 2357 5291 mereatur.

1957 5331 2443 5383 Data......

1954 5420 2223 5487 Scziptnin
2259 5434 2353 5486 per
2395 5434 2611 5473 manum
2645 5415 2919 5472 Benedicti
2967 5413 3243 5470 Scriniarii
3271 5421 3465 5467 saneta

1887 5514 2137 5567 ltoinanae
2168 5511 2442 5580 Ecclesiae,
2467 5511 2519 5566 in
2551 5523 2737 5566 mense
2765 5506 3039 5573 Januario,
3063 5506 3354 5562 indictione
3385 5507 3464 5559 η.

1886 5606 1935 5659 in
1971 5604 2057 5659 llei
2097 5603 2329 5659 nomine.

2461 5728 2895 5759 ο--φεο--σ
