4168 6534
703 437 803 496 551

1008 550 1320 610 (ΣΑΝΟΝΕΞ
1372 547 1972 608 ΡαςΝιτιεΝτιΑιιῖς.

773 675 903 740 Qum
931 672 1015 726 hic
1048 673 1249 738 primus
1289 683 1531 723 oriturum
1587 665 1866 740 promulgo
1903 662 2127 740 decreta
2187 675 2281 740 seu

705 731 939 799 canones
987 731 1539 813 ptenitentiales,_an
1590 731 1851 813 Gregorio
1903 733 1952 787 ll'
1999 731 2279 813 tribuenda

703 816 829 881 sint,
865 803 1042 869 literéo
1071 813 1370 880 ambiguus.
1404 810 1472 866 Ut
1527 824 1758 864 canones
1796 803 2063 881 ejusmodi
2105 803 2173 854 ab
2217 817 2282 855 co

703 877 993 941 ederentur
1033 897 1162 941 tetas
1190 877 1403 952 quidem
1438 883 1526 936 illa
1557 881 1776 935 ferebat.
1805 878 1956 952 Tunc
1981 877 2124 929 enim
2147 945 2155 952 _
2180 887 2282 938 pte-

705 955 1008 1010 nitentialcs
1042 950 1275 1010 canones
1308 955 1500 1020 passim
1530 966 1714 1004 omnes
1745 950 2041 1017 pontiﬁces,
2075 950 2281 1020 episcn:

705 1029 778 1095 pi,
819 1035 875 1083 et
897 1028 1083 1095 privati
1115 1030 1277 1080 etiam
1309 1013 1541 1092 quidam,
1575 1013 1853 1097 dederunt.
1898 1022 2186 1097 Gregorius
2218 1013 2279 1068 Ill

702 1092 831 1154 suos
879 1092 1077 1160 edidit,
1126 1115 1254 1153 suos
1313 1099 1627 1168 Theodorus
1670 1092 2020 1168 Londinensis
2071 1092 2282 1168 episco-

704 1184 826 1236 pus,
858 1184 984 1224 suos
1004 1159 1222 1224 sanctus
1256 1168 1554 1224 Bonifacius
1586 1165 1945 1236 Maguntiuus,
1976 1174 2101 1214 suos
2116 1159 2279 1236 ileni-

701 1234 805 1310 que
827 1239 1232 1311 Beda,privata:
1264 1241 1386 1294 licet
1417 1238 1750 1300 auctoritatis
1776 1235 2072 1311 presbyter.
2107 1234 2281 1310 Quare

702 1304 733 1364 εἰ
767 1304 1026 1380 Gregorio
1073 1328 1207 1384 papa
1258 1311 1301 1364 Il
1338 1326 1454 1384 non_
1473 1304 1799 1384 abhorrent,
1817 1309 1899 1384 cui
1933 1304 2170 1359 tribuere
2203 1304 2278 1381 vi-

703 1380 1195 1438 deturauetor'rus.
1229 1384 1371 1439 illius
1421 1382 1630 1437 Codicis
1678 1380 2013 1452 bibliothecae
2067 1380 2280 1452 canoni-

702 1469 886 1508 cornnt
918 1456 1086 1510 sancti
1115 1455 1322 1510 Martini
1345 1455 1695 1514 ,Lueensium,
1742 1450 1886 1504 unde
1935 1449 2048 1501 haec
2079 1449 2277 1512 accepi.

708 1527 840 1578 Nam
870 1526 920 1579 in
952 1540 1018 1581 eo
1070 1529 1277 1581 monitu
1327 1541 1484 1594 quem
1537 1523 1832 1579 canonibus
1865 1523 2012 1574 hisce
2057 1520 2282 1594 aliisque

707 1597 945 1668 pluribus
974 1598 1205 1666 scriptor
1227 1588 1439 1651 Codicis
1466 1595 2091 1668 prannisitLdaturumnse
2113 1588 2282 1668 proli-

711 1659 849 1721 tetnr
879 1659 1100 1722 decreta
1123 1669 1320 1728 Siricii,
1372 1659 1690 1726 Innocentii,
1724 1664 1942 1728 Zosimi,
1995 1659 2277 1724 Bonifaeii,

707 1738 1005 1811 Gmlestini,
1039 1738 1248 1811 Hilarii,
1279 1738 1578 1811 Simplicii,
1625 1732 2282 1811 [elicisdiclasib.Ana:

703 1809 878 1880 stasii,
908 1801 1245 1880 Symmachi,
1272 1801 1593 1875 ilorniistlzc,
1643 1807 1884 1880 Gregorii
1927 1803 2154 1880 iunioris
2201 1801 2282 1869 (id

703 1888 787 1964 est
818 1875 1525 1964 ll),_statitnqueusubjungit
1549 1895 1667 1948 qnzc
1700 1875 1783 1931 hic
1815 1891 2001 1964 promo
2027 1875 2278 1964 decreta;
2317 1905 2362 1964 Β

707 1959 818 2004 tum
851 1945 916 2004 ad
949 1945 1162 2006 decreta
1196 1945 1391 2015 Siricii,
1443 1945 1891 2011 exter-uruntque,
1945 1945 2132 1999 ordine
2173 1959 2285 1997 scr-

707 2029 854 2085 vato,
887 2037 1102 2075 manum
1126 2024 1394 2088 admovet,
1430 2037 1528 2075 nec
1558 2020 1725 2074 ullum
1757 2019 1898 2072 aliud
1930 2017 1982 2071 in
2009 2027 2119 2069 toto
2152 2016 2286 2068 libro

705 2100 928 2159 apparet
957 2091 1200 2160 Gregorii
1231 2093 1274 2146 ll
1323 2093 1621 2146 decretum.
1680 2091 1804 2145 llaec
1857 2105 1954 2158 pro
2006 2088 2284 2160 Gregorio,

707 2157 803 2217 sed
848 2157 1092 2217 vicissim
1138 2180 1204 2218 ne
1254 2164 1374 2219 huic
1406 2164 1667 2216 :iSt‘t'ibttm
1726 2157 1903 2214 vetant
1935 2159 2175 2228 Gregorii
2225 2157 2288 2211 lll

705 2235 1036 2287 successoris
1064 2234 1115 2288 in
1144 2237 1384 2303 periuros
1409 2238 1643 2297 decreta,
1696 2233 1746 2286 in
1805 2233 2012 2303 quibus
2044 2229 2288 2297 qumdam

709 2310 1012 2357 statuuntur
1049 2303 1129 2358 his
1144 2299 1454 2360 ’canonibns
1487 2305 1641 2373 plane
1677 2317 1946 2365 consona;
2001 2299 2130 2373 lucc
2160 2313 2288 2353 vero

711 2375 1060 2437 pra‘sctibcre
1085 2391 1143 2430 se
1169 2377 1247 2430 ait,
1275 2371 1563 2443 Gregorius
1594 2375 1660 2428 ιιι
1704 2374 1984 2427 secundum
2024 2371 2288 2443 antiquam

709 2443 1076 2516 deﬁnitionem.
1098 2447 1211 2502 Non
1241 2440 1480 2516 ergoilla
1512 2446 1764 2500 decessor
1788 2443 1902 2512 ejus
1933 2443 2226 2508 Gregorius
2248 2440 2288 2494 ll

711 2514 916 2568 statuit.
967 2516 1130 2570 Forte
1181 2514 1344 2585 igitur
1390 2531 1510 2584 qua:
1549 2516 1762 2585 profero
1795 2516 1906 2583 ipsa
1958 2523 2083 2566 sunt
2111 2523 2288 2585 vetera

710 2587 800 2638 illa
829 2587 1043 2640 decreta
1093 2583 1324 2654 quorum
1374 2583 1662 2656 Gregorius
1693 2583 1756 2639 ιιι
1785 2585 1836 2638 in
1866 2585 2132 2651 cxcerptis
2153 2584 2288 2648 suis,

709 2670 832 2709 can.
867 2658 918 2721 7,
947 2658 1213 2712 meminit.

781 2747 840 2804 Si
869 2750 988 2818 quis
1012 2751 1293 2819 juraverit,
1326 2765 1403 2804 vn
1431 2750 1588 2806 annis
1618 2749 1895 2819 pceniteat,
1929 2763 1985 2802 ιιι
2013 2761 2077 2802 ex
2110 2746 2196 2802 his
2238 2746 2290 2802 in

713 2854 848 2912 pane
873 2850 928 2896 et
953 2856 1114 2911 aqua,
1149 2849 1205 2897 et
1238 2857 1511 2912 nunquam
1535 2843 1702 2912 jurct.

781 2933 838 2987 Si
867 2935 987 3003 quis
1020 2949 1147 2990 vero
1174 2944 1411 3001 coactus,
1442 2934 1494 2989 id
1522 2942 1606 2990 est
1643 2935 1909 2990 violenter
1939 2948 2034 3003 pro
2058 2933 2297 3003 qttaiibet

713 3028 1035 3084 necessitate
1061 3037 1154 3082 aut
1180 3028 1430 3083 nesciens
1458 3025 1838 3098 pcrjuraverit,
1891 3041 1950 3080 ιιι
1991 3025 2146 3080 annis
2175 3040 2291 3094 pm-

711 3117 878 3174 niteat
906 3118 960 3173 in
987 3133 1122 3188 pane
1144 3127 1198 3174 et
1223 3134 1380 3188 aqua.

783 3208 842 3264 Si
869 3209 989 3280 quis
1013 3209 1182 3266 laicus
1204 3226 1301 3278 pro
1321 3209 1608 3280 cupiditate
1631 3207 2005 3279 perjuravcrit,
2040 3215 2180 3262 totas
2207 3219 2293 3260 res

1998 429 2052 484 S.
2099 420 2424 479 GiiEGORIl
2471 421 2670 476 PAI’AS
2714 424 2753 474 ll

2312 534 2359 589 Α
2393 533 2567 586 omnia
2620 534 2968 604 prohibeatur
2996 538 3206 593 licentia
3249 541 3654 601 ministrationis
3686 555 3743 602 ut
3781 551 3966 607 subro-

3867 427 3968 491 552

2387 638 2577 696 genter
2609 629 2865 684 canonice
2892 629 3198 699 probabiles
3227 645 3592 692 ςυεςεεευτοε.

2469 747 2531 800 ιε».
2577 745 2641 800 Ut
2691 746 2807 801 loco
2863 745 3012 819 [ιτα.
3065 748 3201 822 loca]
3249 751 3575 819 singularum
3622 755 3964 812 ecclesiarum

2387 837 2738 907 prmvidentes
2769 839 2917 910 μεθ.
2950 841 3340 914 providentes],
3373 846 3641 912 quomodo
3683 851 3963 918 unusquis-

2385 948 2489 1001 que
2537 932 2808 998 sacerdos,
2843 948 2934 989 seu
2982 936 3245 1002 minister,
3280 953 3403 1007 erga
3451 941 3730 998 ecclesiam
3779 944 3966 999 debeat

2385 1039 2739 1090 conservare,
2769 1025 2852 1079 vel
2886 1027 3120 1096 qualiter
3165 1043 3316 1082 sacra
3361 1031 3639 1085 missarum
3677 1034 3964 1098 solemnia,

2383 1118 2496 1172 sive
2526 1129 2716 1172 uetera
2748 1119 3060 1175 diurnarum
3106 1132 3265 1192 atque
3295 1133 3682 1180 nocturnarum
3717 1129 3963 1182 horarum

2384 1209 2579 1276 ofﬁcia,
2634 1211 2748 1265 sive
2800 1212 2962 1266 etiam
2996 1213 3278 1269 lectionem
3330 1229 3604 1270 sacrorum
3646 1217 3775 1272 Novi
3811 1228 3968 1286 atque

2387 1303 2592 1359 Veteris
2625 1305 2988 1371 Testarneuti,
3029 1307 3348 1362 ordinabilia
3400 1310 3809 1380 pra-dicameuta
3853 1321 3969 1366 stu-

2385 1395 2508 1450 deat
2538 1397 2822 1452 observare
2865 1400 3158 1454 secundum
3203 1403 3456 1455 traditum
3497 1405 3800 1474 apostolicae
3827 1407 3972 1459 scu‘is

2383 1486 2718 1555 antiquitatis
2766 1488 3032 1556 ordinem,
3085 1490 3382 1560 disponetis
3436 1491 3584 1567 μεθ.
3635 1491 3972 1566 disponatis].

2459 1599 2542 1653 Ill.
2588 1601 2676 1667 Ut,
2708 1601 3062 1658 consideratis
3086 1604 3324 1658 locorum
3355 1606 3560 1674 spatiis,
3589 1607 3738 1674 juxta
3767 1609 3974 1676 gehen-

2387 1696 2651 1750 nationem
2696 1696 3110 1766 uniuscujusque
3151 1699 3303 1753 ducis
3360 1699 3626 1769 cpisconia
3657 1701 3977 1769 disponatis,

2387 1797 2443 1843 et
2469 1788 2798 1857 subjacentia
2828 1791 3055 1861 singulis
3084 1791 3300 1846 sedibus
3328 1792 3643 1848 terminetis.
3680 1791 3746 1846 Et
3775 1794 3817 1848 si
3844 1803 3974 1860 tres,

2389 1890 2478 1935 aut
2501 1891 2745 1951 quatuor,
2775 1882 2858 1936 vcl
2887 1883 3106 1953 majoris
3136 1884 3362 1948 numeri,
3390 1886 3515 1939 vis;n
3549 1883 3744 1940 fuerint
3773 1888 3979 1941 Consti-

2398 1983 2520 2027 tutze
2544 1976 2719 2042 sedes,
2755 1986 3026 2032 reservato
3058 1979 3346 2045 prxrcipuzc
3377 1979 3651 2034 sciiisloco
3680 1995 3773 2047 pro
3796 1982 3977 2034 archi—

2391 2065 2644 2134 episcopo
2705 2070 3037 2134 resedenilo,
3095 2070 3336 2122 adhibito
3385 2071 3541 2124 trinzn
3605 2072 3978 2140 episcoporum

2392 2169 2679 2226 conventu,
2713 2161 3020 2230 probabiles
3051 2161 3156 2216 ﬁde
3182 2176 3244 2216 ac
3275 2164 3395 2216 boni
3433 2163 3739 2228 testimonii,
3773 2174 3824 2218 et
3852 2180 3978 2218 tfl'li-

2401 2252 2541 2306 ditus
2571 2266 2698 2305 sana
2719 2251 2984 2318 doctrina,
3027 2256 3173 2308 viros
3203 2255 3464 2310 ordinetis
3501 2255 3760 2310 antistites
3790 2272 3854 2309 ex
3885 2272 3982 2308 au-

2392 2346 2638 2402 ctoritate
2661 2347 2801 2400 beati
2824 2348 2966 2402 Petri
2992 2350 3242 2417 aposmli,
3275 2359 3332 2404 et
3356 2351 3406 2403 in
3435 2350 3805 2419 subsequentis
3833 2350 3982 2418 vigo-

2394 2439 2466 2494 ris
2501 2441 2686 2493 tradita
2716 2441 3120 2510 dispensatione
3151 2442 3284 2498 locis
3317 2457 3409 2497 cos
3453 2441 3598 2516 μεθ.
3638 2441 3737 2514 eis]
3762 2443 3982 2498 creditis

2396 2534 2740 2588 collocamus.

2471 2645 2556 2700 ιν.
2604 2645 2689 2711 Ut,
2724 2646 2950 2715 przeviso
2995 2644 3102 2701 PP.
3155 2645 3302 2719 [Leg.
3352 2658 3590 2718 propter]
3622 2647 3983 2716 archiepisco-

2396 2752 2520 2807 pum
2548 2738 2688 2803 loco,
2713 2739 2756 2792 si
2790 2737 2950 2793 talem
2985 2738 3222 2805 reperire
3253 2738 3494 2803 poteritis
3527 2738 3696 2792 virum
3726 2740 3812 2808 qui
3848 2753 3977 2808 pos-

2394 2829 2466 2884 sit
2491 2829 2746 2884 doctrinis
2775 2829 3065 2885 salutiferis
3095 2838 3151 2885 et
3179 2845 3398 2898 Operuni
3430 2829 3690 2898 exemplis
3719 2829 3984 2885 instruere

2395 2918 2497 2975 sibi
2553 2919 2796 2975 subditos
2843 2919 3171 2986 sacerdotes,
3233 2934 3296 2974 ac
3355 2933 3540 2990 regere
3571 2919 3984 2988 prudentissime

2397 3014 2600 3069 clerum
2623 3055 2637 3080 ,
2668 3028 2731 3066 ac
2763 3012 2976 3082 plebem
2998 3053 3013 3079 ,
3042 3020 3098 3068 et
3127 3011 3456 3080 ampliﬁcare
3487 3025 3719 3080 congrue
3747 3011 3984 3068 creditas

2397 3120 2556 3173 oves;
2589 3115 2700 3172 aut,
2724 3106 2863 3160 datis
2894 3104 3086 3160 litteris
3114 3103 3331 3169 vestris,
3364 3117 3484 3158 eum
3513 3103 3577 3158 ad
3602 3118 3700 3160 nos
3722 3103 3983 3173 dirigatis,

2400 3207 2493 3253 aut
2523 3198 2800 3253 nobiscum
2831 3197 3014 3252 venire
3043 3195 3270 3251 faciatis.
3302 3195 3358 3251 Si
3389 3206 3532 3250 certe
3561 3195 3717 3251 talem
3743 3196 3986 3252 invenire

784 3259 842 3264 η-
875 3259 987 3280 τη
1014 3259 1179 3266 -τ--η
1204 3259 1297 3278 ιη
1325 3259 1607 3280 ν-τ--η--σ
1634 3259 1867 3279 .---,--π-
2166 3259 2173 3260 κ

711 3313 839 3356 suas
875 3299 967 3356 det
1017 3302 1369 3375 pauperibus,
1440 3311 1496 3358 et
1539 3300 1811 3368 tundatur,
1868 3300 1920 3355 in
1969 3299 2295 3355 monasterio
2320 3259 2373 3328 δ
2406 3307 2512 3347 non
2545 3289 2808 3362 poteritis,
2840 3290 2940 3346 hoc
2974 3299 3067 3345 aut
3097 3305 3192 3360 per
3220 3305 3316 3344 vos
3345 3298 3436 3343 aut
3474 3305 3568 3358 per
3594 3299 3797 3344 vestras
3842 3290 3989 3343 litte-

713 3391 915 3446 serviat
949 3391 1140 3449 diebus
1168 3393 1290 3448 vita:
1317 3408 1449 3449 sute.

783 3481 841 3537 Si
868 3482 988 3552 quis
1019 3483 1181 3539 alium
1213 3483 1374 3538 duxit
1400 3484 1454 3539 in
1485 3485 1781 3554 periurium
1827 3488 2188 3551 ignorantem,
2220 3494 2297 3534 vtt

716 3575 873 3630 annis
899 3575 1176 3646 paeniteat.
1221 3577 1323 3644 Qui
1361 3590 1492 3632 vero
1546 3575 1835 3630 suscitatur
1880 3575 1999 3645 (sic)
2051 3571 2194 3643 quod
2244 3573 2296 3626 in

719 3665 954 3736 perjurio
997 3667 1230 3736 ducitur,
1285 3675 1341 3723 et
1395 3677 1578 3723 tamen
1626 3666 1790 3737 jurat,
1831 3681 1865 3720 v
1911 3665 2066 3721 annis
2122 3662 2299 3734 paeni-

719 3767 851 3815 teat.

722 3867 1158 3926 CAPITULARE
1188 3887 1218 3924 Α
1247 3867 1519 3926 Gnscosto
1556 3885 1690 3924 una
1715 3886 1748 3924 ιι
1773 3885 1951 3924 unum
1976 3883 2304 3924 IMRTINIANO

793 3955 1059 4008 EPISCOPO,
1101 3956 1329 3997 GEORGIO
1366 3957 1727 4004 PRESBYTERO,
1758 3955 1905 4006 ETC.,
1941 3955 1992 3994 IN
2034 3955 2303 3995 BAV’ARIAI!

793 4025 1103 4066 Δηιεωτιε.

728 4121 792 4178 In
814 4124 1024 4194 nomine
1057 4121 1269 4178 Domini
1298 4124 1476 4194 incipit
1501 4125 1788 4190 capitulare
1825 4141 1857 4178 a
1891 4123 2140 4194 Gregorio
2169 4140 2307 4194 papa

797 4193 978 4248 Romae
997 4195 1134 4247 urbis
1149 4196 1324 4248 datum
1339 4193 1746 4248 ret'ercndissimo
1768 4195 1918 4264 fratri
1941 4193 2110 4250 nostra
2125 4204 2149 4231 ⁸
2164 4193 2214 4248 Μ
2223 4212 2308 4247 ar-

797 4263 1612 4338 tinianoepiscopo,sen[Leg.et_]
1639 4263 1856 4338 Georgio
1879 4266 2165 4336 presbytero
2188 4283 2308 4319 san-

798 4344 894 4406 cta:
910 4335 1047 4406 sedis
1064 4335 1550 4404 apostolica—atque
1574 4335 1830 4390 Dorotlieo
1850 4335 2158 4390 subdiacono
2178 4353 2310 4406 pra:-

798 4405 948 4460 dicla:
960 4405 1358 4473 sedis,euntibus
1371 4423 1482 4460 cum
1497 4406 1703 4461 Domini
1721 4408 1912 4461 auxii'io
1925 4409 1976 4462 in
1988 4405 2306 4480 Bujoariam.

800 4518 844 4575 Ι.
884 4518 975 4589 Ut,
1002 4517 1141 4574 datis
1169 4519 1368 4575 nostris
1395 4519 1628 4589 scriptis,
1662 4519 1734 4575 ita
1765 4529 1821 4574 ut
1844 4534 1963 4574 cum
2018 4519 2154 4574 duce
2185 4533 2310 4590 pro-

728 4609 916 4664 vincia:
961 4610 1309 4679 deliberetis,
1348 4621 1606 4680 quatenus
1651 4619 1946 4665 conventus
1997 4620 2310 4681 aggregetur
2336 4580 2906 4684 nP'e’ifluen'uomfn

727 4700 1064 4756 sacerdotum
1093 4743 1108 4768 ,
1145 4711 1200 4757 et
1225 4701 1500 4770 judicum,
1534 4711 1695 4771 atque
1730 4702 2100 4756 universorum
2136 4703 2307 4772 gentis

729 4792 968 4860 ejusdem
998 4794 1370 4863 primariorum
1401 4839 1415 4864 ,
1448 4803 1500 4850 et
1528 4809 1593 4850 ex
1622 4793 1863 4865 qutesitis
1893 4795 2040 4867 [Leg.
2071 4797 2308 4864 exquisi-

730 4883 823 4956 tis]
866 4885 1251 4950 sacerdotibus,
1302 4896 1463 4956 atque
1511 4885 1793 4956 miniStris,
1829 4901 2052 4957 quorum
2093 4888 2314 4943 canoni-

731 4994 848 5033 cam
872 4981 1296 5049 approbaveritis
1324 4981 1599 5035 exstitisse
1624 4980 2036 5050 promotionem,
2065 4995 2128 5034 ac
2155 4991 2315 5036 rectae

735 5069 856 5124 ﬁdei
886 5079 1094 5138 tenere,
1126 5079 1220 5124 aut
1247 5071 1488 5140 recipere
1515 5071 1799 5137 rationem,
1834 5070 1916 5125 his
1955 5072 2311 5137 sacriﬁcandi,

735 5170 789 5216 ot
816 5160 1173 5227 ministrandi,
1207 5163 1318 5216 sive
1334 5161 1497 5217 etiam
1529 5162 1790 5232 psallendi
1823 5178 1888 5218 ex
1918 5162 2102 5233 ﬁgura,
2133 5175 2184 5219 et
2208 5174 2315 5218 tra-

737 5250 937 5306 ditione
963 5261 1162 5307 sancta:
1184 5253 1512 5321 apostolica,
1543 5261 1596 5308 et
1625 5252 1881 5309 Romana:
1908 5253 2051 5308 sedis
2076 5255 2316 5308 ecclesia:

737 5343 947 5409 ordine,
974 5345 1190 5399 tradetis
1219 5343 1368 5416 [_ch.
1411 5343 1659 5416 tradatis]
1701 5354 2040 5415 potestatem.
2083 5346 2318 5415 Quorum

745 5449 876 5490 vero
903 5449 1008 5489 non
1031 5435 1280 5490 claruerit
1310 5445 1456 5490 recta
1487 5435 1617 5491 ﬁdes
1644 5436 1989 5503 credulitatis,
2014 5447 2105 5492 aut
2128 5452 2319 5506 appro-

739 5527 862 5582 bata
912 5527 1224 5582 solemuitas
1289 5528 1566 5583 canonica:
1617 5529 2010 5598 ordinationis,
2067 5529 2172 5584 illis
2225 5545 2319 5598 per

819 5675 844 5702 ιι
883 5666 1123 5721 Concilio
1153 5666 1394 5739 Roniano
1432 5685 1572 5724 anno
1619 5670 1713 5724 ’721
1757 5671 2069 5739 subscripsit
2109 5670 2319 5725 Martia-

750 5751 849 5791 nus
885 5739 1163 5810 cpiscopus
1217 5737 1453 5794 Gabinas
1507 5740 1621 5795 sive
1681 5740 1927 5805 Sabinas,
1965 5737 2017 5796 et
2063 5742 2320 5810 Georgius

757 5808 1032 5883 presbyter
1073 5822 1237 5883 sacra:
1269 5809 1520 5883 liotnaute
1547 5813 1789 5883 ecclesia:
1822 5813 1969 5866 titulo
2012 5808 2316 5867 sanctorum

759 5878 975 5933 Joannis
1000 5886 1054 5934 et
1081 5879 1249 5934 l’auli.
1275 5876 1555 5939 Ciacouius
1584 5883 1635 5938 in
1669 5882 1802 5939 Vitis
1826 5883 2156 5955 pontiﬁcum,
2179 5898 2319 5938 anno

2401 3399 2488 3441 ras
2533 3383 2904 3450 innotescatis,
2955 3391 3221 3454 quatenus
3267 3381 3334 3436 de
3385 3379 3486 3435 hac
3513 3395 3666 3435 sacra
3706 3381 3984 3450 praemissa

2399 3476 2530 3532 sede
2577 3476 2934 3544 praevideutcs
2983 3474 3132 3547 [ch.
3184 3469 3569 3544 providentes],
3623 3473 3808 3527 utilem
3862 3488 3984 3527 cum

2401 3571 2496 3631 Dei
2526 3572 2724 3628 auxilio
2751 3572 3060 3639 dirigamus.

2474 3663 2542 3718 γ.
2581 3662 2671 3724 Ut.
2704 3661 2963 3717 ordinatis
2989 3660 3256 3732 episcopis
3277 3701 3291 3726 ,
3335 3659 3612 3729 Jnicuique
3639 3657 3852 3710 illorum
3884 3655 3987 3709 huc

2404 3755 2542 3812 detis
2577 3769 2643 3809 ex
2691 3756 2857 3822 figura
2892 3751 2916 3790 ι’
2948 3765 3046 3806 nec
3085 3751 3304 3806 ordines
3333 3751 3387 3804 in
3435 3746 3733 3810 mandatis,
3781 3761 3847 3799 ne
3887 3761 3988 3800 un-

2405 3864 2566 3920 quam
2597 3846 2960 3904 ordinationes
2991 3851 3280 3915 prtesumat
3311 3839 3521 3898 illicitas
3551 3883 3566 3907 ,
3597 3854 3664 3894 ne
3692 3838 3988 3909 digamum,

2407 3951 2499 3998 aut
2525 3941 2614 4010 qui
2644 3941 2904 4010 virginem
2935 3953 3041 3992 non
3070 3945 3152 3992 est
3178 3934 3402 3991 sortitus
3433 3946 3672 3991 uxorem.
3706 3945 3884 3999 neque
3915 3928 3987 3982 il-

2408 4033 2739 4099 litteratum,
2789 4031 2873 4084 vel
2925 4030 2976 4084 in
3003 4027 3240 4098 qualibet
3267 4034 3417 4093 parte
3457 4020 3694 4092 corporis
3722 4020 3989 4098 vitiatum,

2408 4135 2500 4182 aut
2559 4125 3019 4194 cxpoenitentem,
3096 4119 3181 4174 vel
3249 4116 3474 4173 cuilibet
3539 4111 3829 4170 conditioni
3891 4111 3993 4165 cb-

2410 4218 2651 4284 noxiutn,
2683 4226 2841 4286 atque
2872 4222 3134 4276 notatum,
3168 4211 3232 4265 ad
3266 4224 3448 4266 sacros
3471 4207 3686 4264 ordines
3719 4205 3993 4274 permittat

2409 4309 2684 4364 accedere.
2734 4307 2841 4363 Sed
2889 4306 2935 4360 si
2993 4319 3124 4374 quos
3173 4299 3480 4371 hujusmodi
3533 4298 3667 4354 forte
3708 4299 3990 4366 repererit,

2409 4414 2514 4456 non
2543 4399 2737 4454 audeat
2757 4409 3096 4467 promovere.
3123 4393 3277 4448 Afros
3300 4391 3492 4462 passim
3511 4389 3578 4444 ad
3600 4387 3992 4445 ecclesiasticos

2410 4489 2630 4546 ordines
2675 4487 3076 4560 prmtendentes
3123 4485 3266 4538 nulla
3309 4483 3514 4538 ratione
3561 4481 3837 4549 suscipiat,
3871 4480 3991 4546 quia

2955 4575 3232 4631 hlanicltmi
3279 4571 3592 4642 rebaptizati
3625 4568 3771 4641 [Leg.
3813 4578 3867 4622 et
3908 4583 3992 4620 re—

2417 4669 2695 4742 baptizati]
2740 4670 2937 4738 saepius
2962 4677 3087 4724 sunt
3117 4667 3346 4736 probati.
3393 4664 3685 4720 Miuisteria
3714 4671 3870 4729 atque
3901 4674 3992 4712 or-

2417 4775 2594 4820 natum
2627 4764 2893 4828 ecclesize,
2925 4763 3009 4816 vel
3037 4759 3292 4830 quidquid
3321 4765 3405 4813 est
3435 4756 3517 4810 vel
3558 4754 3718 4809 fuerit
3748 4752 3799 4806 in
3829 4751 3992 4819 patri-

2419 4857 2652 4912 monium
2685 4855 2950 4922 ejusdem,
2984 4867 3089 4906 non
3118 4851 3361 4906 minuere
3390 4847 3620 4912 studeat,
3652 4844 3743 4899 sed
3773 4857 3989 4911 augere.

2421 4953 2492 5006 De
2537 4949 2713 5004 reditu
2743 4963 2870 5003 vero
2905 4945 3183 5009 Ecclesiae,
3217 4942 3300 4998 vel
3347 4938 3705 4996 oblationibus
3735 4935 3990 4998 ﬁdelium,

2419 5054 2645 5114 quatuor
2695 5041 2856 5096 faciat
2895 5039 3170 5110 portiones
3217 5054 3229 5090 :
3280 5049 3503 5106 quarum
3531 5046 3691 5086 unam
3722 5028 3822 5084 sibi
3867 5028 3990 5083 reti-

2419 5144 2563 5202 neat,
2589 5135 2811 5188 alteram
2842 5130 3055 5186 clericis
3085 5143 3179 5198 pro
3214 5140 3433 5181 suorum
3463 5122 3760 5179 ofﬁciorum
3794 5118 3991 5173 seduli-

2421 5239 2529 5285 tate
2578 5229 2898 5293 distribuat,
2949 5225 3158 5281 tertiam
3207 5220 3526 5293 pauperibus
3577 5227 3633 5273 et
3676 5213 3989 5284 peregrinis,

2421 5334 2664 5393 quartam
2696 5317 3079 5376 ecclesiasticis
3111 5315 3323 5371 fabricis
3360 5312 3566 5368 noverit
3594 5307 3987 5368 reservandam,

2421 5419 2489 5470 de
2540 5414 2730 5484 quibus
2757 5411 2938 5466 divino
2967 5409 3063 5466 erit
3113 5408 3420 5462 redditurus
3465 5403 3662 5475 judicio
3704 5400 3990 5454 rationein.

2423 5507 2805 5565 Ordinationes
2852 5521 2980 5561 vero
3027 5503 3484 5573 presbyterorum,
3514 5512 3606 5554 seu
3631 5495 3991 5556 diaconorum,

2422 5664 2547 5727 753,
2578 5663 2740 5718 habet
2773 5661 3056 5734 Georgium
3097 5659 3468 5734 presbyterum
3507 5653 3651 5710 card.
3683 5651 3840 5734 titulo
3878 5662 3994 5704 san-

2421 5725 2627 5790 ctorum
2660 5733 2879 5788 Joannis
2907 5725 2957 5786 et
2986 5725 3128 5786 Pauli
3161 5730 3212 5784 in
3246 5725 3399 5783 titulo
3431 5725 3774 5783 Pammarhii.

2492 5803 2518 5843 b
2565 5805 2695 5859 Vide
2737 5819 2856 5871 sup.
2889 5805 3044 5870 epist.
3079 5802 3145 5858 ad
3173 5799 3493 5870 Thuriugos,
3523 5800 3575 5853 iu
3618 5810 3716 5866 qua
3773 5791 3991 5847 habetur

2426 5888 2608 5932 nostra:
2637 5875 2990 5930 ordinationis.
