4168 6530
215 415 319 468 533

1467 419 1818 476 El’lSl'OLJS
1865 418 1951 472 ET
1988 420 2320 479 CANONES.

3389 441 3490 496 ΞΜ

216 544 323 582 non
350 528 453 583 nisi
483 529 678 598 quarti,
709 531 944 599 septimi,
967 541 1019 584 et
1041 531 1235 586 decimi
1265 533 1527 587 mensium
1557 533 1796 602 jejuniis,
1829 532 1881 588 Δ
1905 533 2175 600 sanguinis
2215 535 2420 589 Domini
2453 541 2615 594 nostri
2640 541 2764 594 Jesu
2788 545 3010 610 Clnisti,
3047 548 3164 604 sine
3183 553 3332 620 cujus
3364 571 3474 620 pei-

215 620 367 692 [ch.
418 632 471 676 et
505 621 578 690 in]
633 621 728 676 sed
763 623 814 676 in
857 623 1098 692 ingressu
1131 625 1600 693 quadragesima“,
1643 635 1802 694 atque

216 729 440 781 vespere
488 714 708 770 Sabbati
736 759 751 783 ,
797 718 1004 770 noverit
1045 717 1421 771 celebrandas.
1464 717 1801 771 SﬂCl'OSﬂlltill

212 814 394 859 autem
436 806 680 874 baptismi
724 818 1119 863 sacramentum
1159 825 1264 862 non
1306 811 1406 863 nisi
1459 812 1512 864 iu
1565 812 1799 880 paschali

215 895 508 950 festivitate
557 905 611 950 et
653 895 972 952 Pentecoste
1020 899 1228 953 noverit
1257 914 1377 954 esse
1428 902 1797 970 praebendum,

213 990 454 1058 exceptis
497 989 578 1044 his
627 990 822 1060 quibus
866 993 1051 1047 mortis
1081 1002 1305 1063 urgente
1354 995 1612 1063 periculo,
1649 1012 1714 1050 ne
1746 997 1798 1052 in

213 1092 477 1137 aeternum
527 1093 771 1152 pereant,
821 1085 1017 1138 talibus
1045 1095 1255 1156 oportet
1301 1088 1553 1144 remediis
1602 1089 1796 1144 subve-

214 1174 350 1228 nire.
387 1172 484 1228 Cui
522 1175 590 1231 de
620 1177 828 1247 reliquo
856 1177 998 1232 sedis
1031 1181 1337 1244 apostolica)
1367 1184 1658 1248 prmmissa:
1686 1183 1797 1238 llo-

213 1268 356 1320 rnani
382 1267 529 1338 {Le-9.
564 1267 842 1341 Roxnanmj
877 1280 1137 1341 praecepta
1179 1275 1418 1328 servanti
1460 1285 1648 1328 cuncta
1675 1277 1801 1330 sub-

211 1368 356 1424 iacet
413 1360 644 1431 religio,
693 1371 748 1416 et
802 1363 1053 1418 universa
1102 1365 1426 1434 generalitas
1481 1367 1799 1435 populorum

214 1450 504 1505 Christiani
554 1454 786 1507 numinis
833 1465 1078 1509 renotata
1120 1457 1268 1528 [Δίῃ.
1297 1457 1578 1528 renovata]
1623 1459 1800 1528 signa-

211 1540 333 1592 i-nli
378 1541 443 1595 ad
495 1543 898 1610 obsequendum
949 1559 1372 1613 commoneatur,
1404 1552 1566 1606 corde
1618 1569 1798 1619 prmu-

212 1633 559 1702 ptissimo,ut
587 1636 1058 1706 irrepreiiensibiie
1090 1642 1338 1708 placitum
1362 1645 1452 1696 liat
1481 1659 1672 1712 corpus
1691 1644 1801 1697 Ec-

211 1741 228 1774 t
246 1723 391 1777 Iesize
416 1739 509 1792 per
537 1725 810 1781 Christum
844 1730 1127 1784 Dominum
1152 1741 1413 1786 nostrum.

288 1815 374 1868 Vl.
418 1816 484 1871 [ἐι
533 1818 605 1872 ita
658 1819 996 1876 nubentibus
1032 1823 1114 1877 vel
1154 1825 1398 1893 nupturis
1441 1827 1680 1879 ordinem
1735 1844 1798 1880 ei;

1907 626 2150 692 ceptione
2178 641 2336 681 nemo
2381 633 2572 697 poterit
2623 632 2838 688 salvari.
2881 637 3088 708 Nuptiis
3111 657 3322 711 quoque
3352 646 3482 711 ipsis

1907 717 2235 783 prmferenda
2270 719 2504 775 ﬁdelium
2532 723 2796 792 virginum
2819 735 2873 782 et
2895 731 3281 786 continentium
3314 735 3483 788 doce-

1908 802 2318 880 tur'intcgritas.

1977 901 2088 955 VII.
2135 902 2201 957 Ut
2243 905 2372 960 nihil
2422 908 2474 962 in
2527 912 2867 979 perceptione
2925 916 3164 969 ciborum
3217 918 3480 984 judicctur

1906 993 2258 1060 immundum,
2290 997 2392 1050 nisi
2422 1000 2560 1066 quod
2587 999 2746 1055 fuerit
2770 1001 2923 1058 idolis
2955 1005 3304 1073 immolatum,
3336 1009 3479 1075 quia,

1898 1085 2045 1154 juxta
2103 1088 2246 1157 quod
2301 1093 2609 1158 magisterio
2665 1096 2960 1163 apostolico
3017 1098 3258 1166 docetur,
3305 1101 3482 1156 Omnis

1903 1192 2135 1234 creatura
2189 1180 2285 1240 Dei
2340 1185 2492 1250 bona,
2541 1195 2588 1238 et
2634 1189 2764 1242 nihil
2800 1191 3153 1257 rejiciendunt,
3187 1195 3322 1262 quod
3371 1211 3484 1248 cum

1903 1276 2183 1344 gratiarum
2205 1277 2410 1329 actione
2441 1277 2722 1348 percipitur
2751 1279 2804 1352 (1
2836 1280 2969 1338 Tim.
3004 1283 3103 1351 tv).

1978 1366 2108 1421 Vlll.
2135 1367 2202 1422 Ut
2227 1371 2454 1436 somnia,
2480 1380 2532 1425 et
2555 1373 2794 1441 auguria,
2818 1377 2960 1443 quia,
2982 1377 3128 1445 juxta
3160 1378 3335 1432 divina
3355 1395 3475 1433 ora-

1905 1461 2040 1522 cula,
2065 1476 2198 1514 vana
2221 1473 2365 1530 sunt,
2390 1479 2494 1518 non
2519 1467 2841 1521 attendenda
2867 1472 3076 1536 penitus
3101 1473 3417 1528 doceantur.

1977 1553 2064 1608 lx.
2109 1555 2602 1626 Utincantationes,
2647 1569 2704 1616 et
2750 1561 3136 1620 fastidiationes
3179 1566 3277 1638 [An
3306 1567 3484 1622 fatidi-

1906 1645 2106 1698 ctiones
2123 1647 2163 1716 η
2182 1646 2293 1702 sive
2315 1649 2429 1705 dive
2441 1665 2543 1705 rsae
2569 1652 2972 1708 observationes
2994 1655 3200 1709 dierum
3223 1656 3476 1712 Kalenda-

1909 1752 2048 1800 rum,
2106 1755 2238 1806 qnas
2267 1755 2416 1795 error
2442 1743 2657 1796 tradidit
2683 1758 3032 1812 paganorum,
3081 1747 3476 1812 prohibeantur,

1906 1829 2041 1881 Slt‘lll
2074 1830 2373 1893 maleficia,
2430 1841 2483 1884 et
2533 1846 2808 1901 magorum
2839 1837 3124 1904 praestigia,
3175 1852 3268 1890 ειειι
3315 1838 3474 1892 etiam

214 1907 545 1964 auctoritate
615 1913 908 1979 apostolica
963 1914 1098 1968 detis
1126 1955 1141 1978 ,
1200 1927 1257 1970 ut
1313 1931 1410 1970 nec
1459 1918 1799 1970 continentia:
1836 1887 1876 1943 Β
1907 1923 2261 1990 sortilegium,
2293 1939 2352 1976 ac
2375 1924 2729 1980 divinantium
2759 1926 3062 1982 observatio
3092 1930 3434 1983 exsecranda.

208 2017 370 2054 causa
397 2003 1217 2076 indicantibus[ch.judicetur|
1248 2008 1568 2064 damnabilis
1599 2013 1800 2078 C(lplliiL‘

211 2089 360 2160 11mg.
395 2094 610 2164 copula]
665 2097 913 2163 nuptialis
938 2136 952 2160 ,
999 2113 1098 2153 nec
1130 2115 1223 2167 per
1258 2101 1525 2155 licentiam
1568 2105 1798 2156 nubendi

208 2194 570 2246 prmsumatur
605 2187 818 2240 occasio
850 2185 1168 2244 fornicandi.
1202 2191 1311 2246 Sed
1332 2193 1471 2247 sicut
1501 2195 1796 2249 masculum

206 2284 259 2326 et
311 2273 569 2331 feminam
630 2277 770 2333 Deus
819 2281 870 2334 in
917 2282 1030 2349 ipso
1073 2285 1296 2340 exordio
1338 2289 1518 2341 mundi
1551 2290 1794 2357 praecepit

203 2365 502 2432 conjungi,
563 2377 621 2422 ut
666 2369 772 2423 sint
825 2371 928 2426 duo
976 2373 1030 2428 in
1073 2389 1235 2430 carne
1294 2394 1396 2432 una
1449 2378 1654 2448 (Cenes.
1714 2382 1792 2448 ιι),

204 2455 297 2518 ita,
358 2458 502 2518 juxta
553 2460 852 2514 doetrinani
909 2467 1278 2532 apostolicam,
1338 2469 1695 2540 Unusquisque
1727 2474 1798 2525 vir

205 2565 358 2600 tuam
389 2567 602 2603 uxorem
631 2553 810 2606 habent
839 2552 892 2622 (1
921 2557 1034 2609 Cor.
1071 2559 1188 2625 vn).
1225 2559 1292 2612 Et
1319 2575 1423 2614 non
1455 2561 1614 2616 licere
1642 2562 1794 2634 [Leg.

206 2639 384 2706 liceat]
417 2639 467 2692 in
502 2641 727 2696 invicem
756 2643 1020 2710 fraudare,
1038 2648 1136 2702 nisi
1168 2664 1231 2704 ex
1264 2665 1525 2706 consensu
1556 2655 1621 2708 ad
1653 2665 1796 2709 teni-

205 2742 325 2793 pus,
357 2738 417 2782 ut
471 2741 662 2786 vacent
710 2735 963 2801 orationi,
1003 2737 1218 2794 dicente
1261 2740 1327 2795 de
1377 2743 1474 2797 hoc
1506 2744 1621 2812 ipso
1652 2747 1796 2812 Apo-

203 2821 384 2872 stolo:
425 2819 684 2892 Alligatus
732 2840 784 2878 es
843 2829 1011 2893 uxori,
1067 2831 1173 2883 noli
1219 2847 1445 2900 qurerere
1493 2835 1796 2888 solutionem

205 2907 440 2978 (lbid.);
501 2911 552 2966 i-.l
603 2922 704 2979 est,
742 2918 1032 2986 superstite
1079 2921 1328 2992 conjuge,
1359 2924 1423 2977 ad
1455 2925 1678 2981 alteram
1714 2928 1793 2982 fe-

206 3005 366 3057 mina:
396 3006 735 3076 concupitain
768 3009 914 3082 [Leg.
937 3013 1156 3069 alterius
1187 3014 1400 3071 femina:
1424 3021 1792 3092 concubitum]

205 3107 311 3147 non
365 3095 504 3152 velle
554 3100 804 3167 transire,
854 3105 978 3172 quia
1027 3106 1214 3162 eodem
1273 3109 1492 3165 doctore
1546 3117 1791 3182 gentium

203 3199 479 3245 .‘tstruente
530 3208 541 3243 :
592 3194 692 3258 Qui
736 3196 1038 3266 fornicatur,
1094 3202 1146 3254 in
1194 3218 1378 3273 corpus
1428 3222 1576 3258 suum
1623 3221 1793 3277 peccat

205 3277 252 3341 tl
281 3279 402 3334 Car.
443 3283 541 3351 vi),
573 3283 673 3340 hoc
701 3295 801 3355 est,
830 3289 880 3342 in
908 3306 1076 3346 uxore
1107 3292 1252 3363 [ch.
1279 3297 1526 3369 uxorem]
1558 3301 1791 3368 propria,

204 3389 322 3426 cum
357 3389 460 3442 qua
510 3391 674 3432 unum
720 3394 913 3449 corpus
950 3393 1072 3448 est,
1114 3386 1200 3439 cui
1230 3387 1523 3443 fraudando
1557 3405 1648 3458 per
1676 3407 1791 3445 am-

206 3463 391 3530 plexus
422 3465 636 3523 illicitos
673 3473 1018 3540 semetipsum
1049 3475 1150 3531 sub
1191 3481 1399 3547 peccati
1429 3491 1577 3536 reatu
1611 3484 1792 3554 objur-

200 3565 286 3619 δίη
318 3554 470 3625 ιιες.
496 3557 823 3632 obstringit].
851 3561 1021 3634 Unde,
1045 3581 1140 3621 nec
1163 3571 1514 3638 reputandum
1542 3584 1624 3628 est
1647 3588 1791 3632 recte

200 3646 535 3716 conjugium,
569 3649 708 3716 quod
740 3652 963 3708 duorum
1008 3660 1301 3715 excesserit
1331 3678 1634 3729 numerum,
1665 3669 1785 3736 quia

199 3738 299 3790 nis'i
353 3741 406 3790 in
447 3739 655 3795 duobus
700 3758 804 3796 non
833 3748 1033 3812 geritur
1084 3749 1289 3817 jugum.
1351 3751 1528 3821 Ipsum
1573 3772 1788 3825 quoque

197 3829 359 3883 unius
392 3830 490 3883 viri
521 3841 575 3884 et
605 3835 782 3888 uxoris
815 3837 1122 3906 conjugium
1159 3841 1413 3896 doceatur
1441 3845 1494 3898 in
1527 3849 1789 3912 proximi-

197 3932 306 3975 tate
348 3922 624 3992 sanguinis
658 3941 762 3980 non
808 3943 925 3983 esse
977 3931 1185 4000 penitus
1236 3941 1689 4004 prazsumendum,
1734 3942 1785 3995 id

191 4022 298 4078 est,
355 4029 425 4069 ne
452 4015 568 4084 quis
615 4033 831 4074 uxorem
862 4023 1050 4090 patris,
1080 4033 1172 4079 aut
1217 4030 1408 4095 patrui,
1452 4040 1544 4084 aut
1576 4031 1782 4100 fratris,

190 4101 313 4156 sive
343 4116 591 4159 sororem
623 4120 795 4176 suam,
829 4120 920 4165 aut
963 4127 1206 4170 sororem
1241 4119 1423 4186 patris,
1452 4123 1532 4175 vel
1574 4127 1781 4191 matris,

189 4192 305 4248 sive
336 4193 502 4250 ﬁliam
532 4201 736 4254 sororis
761 4216 896 4268 sum,
922 4219 1018 4261 seu
1048 4209 1209 4263 etiam
1242 4210 1402 4266 ﬁliam
1435 4217 1600 4282 patris
1628 4218 1777 4289 [ch.

187 4285 395 4341 sororis
424 4287 616 4360 patris]
651 4300 744 4346 aut
771 4296 962 4350 matris
988 4297 1180 4354 audeat
1205 4300 1306 4355 sibi
1339 4303 1586 4375 conjugio
1620 4285 1781 4378 comi-

188 4376 322 4440 lare,
361 4385 456 4430 aut
482 4377 538 4434 in
563 4379 830 4440 adulterio
869 4388 1097 4446 sociare.
1141 4389 1293 4455 Quod
1325 4393 1368 4448 si
1400 4397 1517 4464 quis
1550 4407 1641 4452 aut
1687 4376 1782 4467 per

187 4468 529 4539 coniugalem
555 4474 765 4543 copiam
807 4477 956 4552 [ιδῃ.
989 4481 1279 4555 copulam],
1330 4496 1419 4540 aut
1446 4489 1781 4550 adulterandi

187 4561 560 4615 temerantiam
600 4577 760 4621 ausus
796 4567 956 4627 fuerit
986 4581 1324 4642 perpetrare,
1355 4580 1563 4635 noverit
1589 4597 1649 4638 se
1697 4585 1779 4642 in-

186 4648 320 4702 cesti
349 4649 606 4707 facinoris
629 4658 1083 4717 contaminatione
1115 4663 1400 4720 obnoxium
1449 4683 1591 4736 esse,
1620 4680 1777 4742 atque

1977 2012 2040 2064 Χ.
2088 2013 2154 2068 Ut
2181 2014 2465 2068 dominicis
2507 2016 2694 2071 diebus
2723 2016 3013 2072 doceantur
3045 2034 3152 2072 non
3178 2019 3339 2072 licere
3371 2035 3479 2072 om-

1904 2103 2314 2170 ninojejunare,
2348 2117 2566 2173 propter
2609 2110 3019 2161 resurrectionis
3065 2110 3346 2163 dOminica:
3385 2125 3480 2163 sa—

1902 2204 2258 2257 cramentum,
2288 2209 2459 2263 neque
2488 2197 2540 2250 in
2569 2196 2945 2252 festivitatibus
2975 2200 3255 2255 dominicis
3279 2200 3444 2253 Νειιὶκί
3466 2231 3481 2239 ο

1904 2285 2041 2348 tatis,
2071 2296 2162 2339 aut
2188 2295 2212 2322 ³
2240 2286 2625 2354 Apparitionis,
2654 2288 2766 2343 sive
2794 2290 3158 2346 Ascensionis.

1973 2375 2062 2429 ΧΙ.
2105 2376 2159 2429 lu
2193 2378 2440 2431 omnibus
2473 2380 2543 2430 ila
2572 2376 2773 2432 Christi
2801 2380 3034 2434 charitas
3067 2391 3330 2448 teneatur,
3354 2400 3481 2451 qua-

1903 2478 2076 2532 tenus,
2105 2469 2398 2522 secundum
2442 2479 2643 2524 statuta
2695 2485 2968 2526 sacrorum
2999 2487 3299 2540 canonum,
3332 2475 3477 2528 obla-

1902 2565 2069 2618 tiones
2102 2564 2495 2629 dissidentium,
2527 2566 2836 2635 priusquam
2867 2567 3297 2633 reconcilientur,
3333 2571 3478 2623 nullo

1899 2655 2058 2708 modo
2085 2655 2136 2708 in
2169 2655 2398 2708 ecclesia
2427 2656 2772 2723 recipiantur.

1969 2767 2078 2821 XII.
2124 2767 2194 2823 Ut
2238 2769 2566 2836 poenitentia:
2608 2771 2863 2825 remediis
2892 2786 3050 2824 nemo
3089 2786 3148 2826 se
3187 2788 3291 2827 non
3321 2790 3477 2844 egere

1899 2867 2067 2925 putet,
2102 2872 2199 2925 pro
2227 2858 2553 2927 quotidianis
2601 2859 2847 2915 humanae
2898 2863 3198 2931 fragilitatis
3238 2867 3476 2919 excessi-

1901 2951 2017 3012 bus,
2050 2950 2169 3004 sine
2202 2950 2466 3018 quibusin
2500 2951 2597 3005 hac
2625 2951 2731 3004 vita
2759 2966 2877 3006 €550
2907 2968 3011 3006 non
3039 2967 3341 3022 possumus.

1968 3041 2098 3097 Xlll.
2136 3041 2200 3097 Ut
2225 3043 2291 3096 de
2331 3057 2427 3110 spe
2458 3045 2863 3098 resurrectionis
2887 3045 3074 3098 futura:
3105 3047 3176 3100 ita
3209 3048 3484 3102 instituan-

1899 3143 2000 3196 tur,
2045 3142 2101 3187 ut
2155 3133 2342 3187 eodem
2391 3134 2599 3200 ordine,
2649 3135 2942 3205 eademque
2984 3137 3174 3202 forma,
3226 3153 3328 3205 qua
3375 3142 3484 3208 ipse

1822 3238 1868 3300 ρ
1903 3225 2159 3278 Dominus
2194 3226 2486 3279 resurrexit
2523 3241 2552 3279 a
2597 3228 2850 3292 mortuis,
2896 3244 3082 3283 omnes
3129 3230 3373 3286 homines
3404 3248 3484 3286 re.

1902 3328 2237 3372 surrecturos
2264 3331 2387 3373 esse
2431 3332 2536 3372 non
2584 3318 2828 3375 dubitent
2861 3320 2912 3372 in
2946 3321 3132 3374 eodem
3173 3335 3397 3389 corpore
3432 3323 3484 3375 in

1899 3423 2004 3478 quo
2030 3423 2233 3472 sumus,
2263 3420 2318 3462 et
2341 3409 2590 3476 vivimus,
2618 3427 2723 3463 non
2752 3421 2992 3465 naturain
3025 3422 3116 3464 aut
3141 3425 3335 3466 sexuzn
3363 3429 3476 3466 mu-

1899 3512 2068 3554 tantes
2099 3542 2111 3563 ,
2154 3503 2248 3554 sed
2281 3511 2485 3554 tantum
2517 3501 2862 3570 fragilitatem
2891 3513 2939 3556 et
2974 3503 3096 3557 vitia
3127 3505 3475 3572 deponentes.

1895 3593 2069 3661 Ipsum
2097 3609 2304 3663 queque
2325 3593 2601 3657 Satanam,
2627 3608 2750 3648 cmn
2780 3595 2985 3663 angelis
3014 3595 3146 3660 suis,
3180 3606 3338 3666 atque
3366 3601 3480 3651 cul-

1895 3684 2119 3749 toribus,
2156 3693 2365 3738 zeterno
2392 3684 2637 3738 incendio
2663 3687 3137 3749 cmicremandmn,
3169 3702 3362 3756 neque,
3391 3702 3478 3743 se-

1891 3774 2122 3828 cundum
2169 3772 2526 3844 quorumdam
2571 3775 2882 3844 sacrilegam
2942 3775 3374 3844 disputationem,
3415 3780 3479 3831 ad

1893 3865 2188 3932 pristinam,
2215 3865 2264 3918 id
2295 3874 2396 3929 est,
2417 3863 2709 3935 angelicam
2740 3864 3076 3933 dignitatem,
3104 3866 3240 3920 unde
3261 3866 3478 3932 decidit,

1889 3958 2275 4021 reducendum,
2324 3957 2475 4025 juxta
2517 3958 2655 4025 quod
2692 3957 2946 4010 Dominus
2997 3957 3047 4010 iu
3095 3958 3388 4027 Evangelia
3418 3975 3478 4013 St!

1892 4052 2132 4119 pranlixit
2180 4049 2448 4104 dicturum
2505 4050 2750 4117 reprobis
2805 4050 3070 4104 stantibus
3096 4064 3126 4102 a
3158 4050 3389 4104 sinistris
3423 4051 3476 4102 in

1889 4143 2072 4197 futuro
2096 4143 2303 4212 judicio
2341 4161 2352 4195 :
2389 4143 2651 4196 Discedite
2699 4157 2732 4194 a
2761 4158 2859 4207 mc,
2906 4143 3183 4205 maledicti,
3224 4144 3275 4194 in
3304 4142 3470 4214 ignem

1884 4246 2151 4301 aeternum,
2199 4235 2285 4303 qui
2335 4241 2656 4303 praeparatus
2687 4245 2759 4287 est
2795 4233 2999 4286 diabolo
3040 4244 3088 4287 et
3142 4235 3338 4304 angelis
3367 4238 3475 4306 σέτω

1889 4325 2104 4391 (.llattlt.
2136 4325 2285 4392 xxv).
2324 4325 2466 4379 Bene
2496 4325 2686 4378 valete.
2723 4324 2914 4377 Datum
2947 4325 3122 4378 ldilms
3154 4325 3346 4390 Martii,
3372 4326 3474 4380 ini-

1886 4422 2102 4481 perante
2134 4412 2350 4466 domino
2377 4417 2614 4481 Augusto
2641 4413 2951 4480 Anastasio,
2981 4429 3010 4465 a
3048 4414 3156 4466 Deo
3185 4423 3470 4480 coronato,

1885 4523 2075 4577 magno
2104 4508 2450 4577 imperatore,
2485 4524 2624 4565 anno
2652 4511 2808 4565 tertio
2835 4510 3170 4580 pontiﬁcatus
3199 4510 3338 4578 ejus,
3361 4520 3470 4566 etc.

1890 4597 2034 4668 [ιδῃ.
2083 4615 2223 4653 anno
2266 4600 2456 4666 primo,
2511 4609 2601 4652 aut
2634 4615 2775 4654 anno
2822 4600 3056 4654 secundo
3091 4600 3296 4668 imperii
3329 4600 3465 4668 ejus,

1884 4692 1986 4742 sive
2023 4691 2328 4758 patriciatus
2359 4690 2474 4759 ejus
2511 4709 2523 4746 :
2555 4690 2836 4759 Gregorius
2877 4693 3010 4746 enim
3052 4707 3153 4745 non
3197 4691 3470 4761 ponti/icu-

1695 4739 1705 4742 -
1887 4739 1901 4742 -
1936 4739 1979 4742 ἡ-
2024 4739 2326 4758 .,_----._-_-
2363 4739 2386 4744 _
2418 4739 2472 4745 __
2511 4739 2523 4746 .
2562 4739 2834 4759 suae--."
2879 4739 3010 4746 ,--.---
3052 4739 3153 4745 η-.-

184 4739 254 4795 υἱ)
281 4739 383 4799 Ιιοε
413 4741 689 4814 indignum
720 4749 831 4806 ﬁeri
858 4767 1008 4810 sacra
1047 4760 1426 4817 communione
1455 4769 1694 4835 corporis
1721 4781 1770 4824 et
1799 4802 1854 4864 Β
1886 4790 1985 4848 ωδε
2021 4781 2106 4833 θεά
2137 4782 2339 4848 imperii
2367 4739 2529 4836 cinno;
2556 4782 2844 4837 adscribere
2879 4782 3179 4854 consuevit.)

1955 4883 1980 4910 ⁸
2023 4874 2133 4930 lloc
2161 4886 2244 4930 est
2271 4875 2576 4946 Epiphania:
2607 4885 2651 4930 ct
2680 4877 3025 4931 Ascenaionis.
3065 4877 3390 4932 llanouraus.
