4168 6526
716 406 826 465 533

1526 405 1582 459 8.
1632 404 2159 463 “'ILLIBRORDL'S
2200 404 2763 462 L'LTRAJECTINUS
2802 400 3193 461 EPISCOI’L'S.

3886 408 3995 461 536

721 524 3980 566 Μ

1932 642 2106 685 ANNO
2154 639 2381 685 DOMINI
2426 637 2783 683 DCCXXXIX.

863 773 1102 992 S.
1257 759 3835 1022 WILLEBRORDUS,

1786 1069 2428 1136 ULTRAJECTINUS
2477 1074 2920 1139 EPISCOPUS.

1196 1280 1659 1360 NOTITUE
1715 1280 2456 1412 HISTORICXELN
2517 1282 2592 1359 S.
2655 1285 3502 1369 WILLIBROBDUM.

968 1554 1140 1617 (Hadr.
1169 1555 1391 1605 Barlandi
1414 1556 1629 1618 'l'raject.
1658 1571 1772 1620 epp.
1801 1557 2044 1617 Catalog.)

782 1640 1179 1706 Willibrordus,
1210 1642 1422 1696 natione
1453 1640 1934 1708 Saxo-Britannus,
1970 1642 2169 1711 primus
2205 1642 2297 1696 fuit

708 1732 1137 1803 'l'rajectensium
1169 1733 1416 1797 antistes,
1446 1733 1535 1801 qui
1573 1732 1887 1802 dignitatem
1918 1735 2144 1803 adeptus
2176 1734 2296 1788 Cle-

709 1826 903 1880 mentis
932 1840 1124 1880 nomen
1156 1826 1464 1895 assumpsit.
1504 1824 1733 1880 Pueritia
1765 1826 1887 1880 huic
1929 1836 2116 1880 exacta
2160 1827 2296 1878 inter

709 1920 853 1977 viros
882 1922 1082 1990 pietate
1110 1919 1368 1989 insignes,
1402 1934 1629 1989 quorum
1661 1918 1870 1971 assidua
1903 1917 2293 1972 consuetudine

702 2012 917 2081 juvenis
946 2022 1001 2067 et
1029 2012 1261 2081 optimus
1290 2010 1497 2076 evasit,
1531 2018 1587 2064 et
1616 2011 1667 2063 in
1700 2009 1890 2065 studiis
1921 2010 2179 2064 bonarum
2213 2025 2296 2063 ar-

704 2106 836 2158 tium
866 2105 940 2158 ita
968 2103 1150 2171 paucis
1178 2102 1334 2156 annis
1354 2102 1600 2171 profecit,
1628 2111 1684 2155 ut
1707 2104 1937 2168 aequales
1971 2116 2096 2154 suos
2117 2116 2293 2154 rerum

706 2194 929 2249 scientia
962 2195 1181 2248 infinitis
1212 2194 1451 2262 partibus
1482 2192 1747 2246 antcieril.
1778 2192 1969 2245 Postea
2000 2191 2167 2245 sacris
2190 2191 2291 2244 ini-

706 2285 888 2352 tiatus,
922 2284 1195 2354 trigesimo
1226 2284 1397 2338 relatis
1432 2297 1573 2338 anno
1598 2282 1956 2352 proﬁciscitur
1984 2281 2037 2335 in
2070 2282 2295 2337 Germa-

705 2377 873 2442 niam,
904 2376 997 2431 ubi
1027 2391 1121 2431 sua
1148 2376 1528 2446 pradicatione
1548 2374 1745 2430 multos
1767 2375 2019 2429 mortales
2040 2373 2103 2428 ad
2136 2376 2291 2428 unius

706 2466 804 2524 Dei
867 2466 1068 2522 cultum
1134 2466 1424 2537 pertraxit;
1485 2465 1579 2520 sed
1647 2474 1701 2519 et
1767 2466 1884 2520 aliis
1956 2465 2292 2533 perlustrans

706 2559 1039 2629 regionibus,
1058 2558 1247 2624 dogma
1272 2556 1635 2611 Christianum
1669 2557 1823 2623 longe
1851 2557 2061 2624 lateque
2102 2570 2293 2623 propa-

701 2652 867 2719 gavit.
922 2651 1025 2707 Per
1069 2651 1185 2706 haec
1228 2659 1388 2719 atque
1436 2649 1540 2703 alia
1592 2649 1807 2717 pietatis
1838 2663 1998 2717 opera
2039 2646 2291 2701 Ecclesiae

700 2744 1033 2813 ‘l'rajectcnsi
1068 2740 1368 2812 praefectus,
1395 2738 1593 2794 Christi
1620 2754 1814 2793 nomen
1844 2752 2062 2792 suorum
2097 2737 2289 2791 animis

705 2834 1182 2904 inscrendo,longe
1204 2832 1461 2903 Optimqu
1485 2832 1593 2902 egit
1616 2829 1931 2885 antistitem.
1957 2830 2105 2897 Quod
2132 2828 2288 2883 hodie
2324 2833 2365 2890 Β

700 2938 784 2981 est
833 2928 885 2983 io
916 2942 976 2982 ea
1008 2928 1142 2983 urbe
1194 2926 1300 2981 divi
1335 2926 1547 2980 Martini
1592 2924 1802 2980 celebre
1852 2924 2108 2991 templum
2142 2922 2284 2976 idem

700 3020 1064 3085 coiisccravit;
1090 3020 1391 3089 potitusque
1416 3028 1495 3074 est
1520 3018 1775 3088 dignitate
1802 3017 1955 3071 annis
1996 3016 2163 3070 ferme
2197 3030 2281 3069 χι.

918 3226 1149 3289 (ϐοητάὶ
1172 3224 1453 3288 Noviomagi
1474 3225 1686 3287 'l‘raject.
1718 3235 1831 3286 epp.
1857 3222 2093 3283 Catalog.)

776 3334 929 3384 Anno
953 3346 981 3382 a
1013 3330 1299 3385 Nativitate
1327 3329 1621 3387 Salvatoris
1659 3328 1870 3383 Domini
1902 3342 1964 3380 ac
1992 3327 2083 3380 Dei
2116 3324 2285 3379 nostri

706 3421 749 3474 3.
772 3437 832 3473 su
855 3424 1060 3476 Christi
1090 3406 1489 3477 sexcentesimo
1513 3420 1876 3491 nonagesimo,
1901 3417 2286 3473 Willibrordus

705 3536 2941 3566 _________________________________—

2323 1473 2368 1525 Α
2403 1465 2699 1537 presbyter,
2726 1482 2792 1521 ex
2849 1466 3122 1522 Britannia
3167 1466 3461 1523 clarissima
3494 1465 3662 1522 insula
3704 1468 3885 1539 (quam
3926 1484 3995 1521 eu

2402 1560 2596 1614 sarculo
2640 1560 3089 1629 Angli-Saxones,
3136 1562 3358 1615 devictis
3391 1561 3697 1627 Britannis,
3728 1564 3807 1615 sui
3853 1563 3993 1630 juris

2403 1654 2739 1723 nominisque
2772 1653 3035 1719 fecerant)
3068 1652 3133 1707 ad
3184 1652 3409 1707 inferam
3467 1654 3805 1708 Germaniam
3850 1656 3993 1721 (qua:

2399 1746 2558 1797 etiam
2586 1754 2695 1797 tum
2731 1744 2955 1797 Francia
2982 1744 3284 1813 dicebatur)
3319 1746 3542 1800 veniens
3564 1789 3576 1807 ,
3610 1760 3640 1799 a
3671 1746 3856 1815 Sergio
3886 1746 3993 1798 Ro-

2400 1848 2557 1886 mano
2585 1834 2855 1903 pontiﬁce,
2880 1844 3093 1903 petente
3122 1836 3363 1903 piissimo
3394 1834 3723 1891 Francorum
3748 1835 3990 1907 principe

2401 1925 2643 1995 l’ippino,
2680 1926 3062 1993 Ultrajectinus
3110 1927 3543 1996 archiepiscopus
3594 1927 3777 1982 [totum
3825 1929 3987 1981 natali

2399 2017 2534 2071 diva:
2575 2014 2791 2071 Ceciliae
2842 2017 2929 2072 die
2977 2017 3257 2072 ordinatus
3284 2028 3385 2081 est,
3420 2026 3640 2087 accepto
3691 2017 3987 2073 Clementis

2400 2109 2631 2164 nomine.
2670 2109 2803 2163 llinc
2844 2110 2910 2163 ad
2936 2124 3113 2164 arcem
3144 2112 3496 2165 Orientalium
3537 2112 3857 2165 Franmrum
3891 2112 3987 2166 Ui-

2398 2204 2676 2271 trajectum
2708 2204 2921 2260 rediens
2944 2249 2959 2270 ,
2998 2220 3027 2258 a
3059 2205 3283 2274 Pippinu
3317 2206 3421 2260 illic
3458 2206 3770 2274 epiecOpalis
3800 2206 3981 2259 cathe-

2396 2295 2508 2349 drte
2536 2296 2709 2350 locum
2740 2299 2985 2365 accepit,
3033 2307 3084 2351 et
3108 2297 3362 2366 templum
3395 2312 3497 2351 nou
3548 2297 3828 2351 admodum
3870 2314 3984 2350 nu-

2393 2403 2555 2458 guum
2586 2388 2638 2443 in
2670 2389 2728 2443 S.
2773 2388 2965 2444 Crucis
2994 2391 3250 2443 honorem
3284 2390 3583 2455 aediﬁcavit,
3619 2393 3794 2459 inquo
3820 2390 3983 2443 etiam

2396 2486 2627 2552 primum
2652 2482 2935 2537 Clirisdaui
2964 2482 3158 2537 lavacri
3189 2483 3383 2537 fontem
3416 2484 3662 2537 sacravit.
3703 2484 3885 2536 l'ostca
3916 2499 3985 2535 eo

2396 2576 2497 2631 loci
2528 2590 2631 2645 quo
2654 2576 2759 2629 divi
2782 2575 3005 2630 Thomam
3030 2575 3257 2643 apostoli
3291 2575 3542 2640 templum
3582 2589 3614 2626 a
3644 2574 3800 2627 Danis
3840 2574 3982 2625 Nor-

2396 2668 2711 2737 mannis-pte
2736 2682 2983 2723 eversum
3013 2666 3206 2733 fuerat,
3240 2682 3345 2720 non
3381 2666 3561 2733 procul
3595 2666 3659 2719 ab
3686 2681 3808 2721 arce
3851 2666 3987 2720 Wil-

2396 2763 2617 2834 taburgo
2647 2764 2827 2833 (quam
2860 2762 3209 2832 Ultrajectum
3257 2760 3459 2817 Gallice
3486 2762 3679 2815 dictam
3722 2760 3860 2815 lleda
3908 2769 3987 2814 tc~

2393 2858 2610 2923 statur),
2630 2856 2883 2925 templum
2902 2855 3049 2910 aliud
3064 2854 3433 2910 :rdificandnm
3456 2853 3677 2921 curavit,
3697 2861 3750 2906 et
3770 2863 3985 2907 centum

2400 2948 2695 3003 emnobitas
2725 2951 2947 3018 integra!
2980 2949 3104 3002 vitae
3130 2989 3145 3013 ,
3192 2957 3249 3001 ut
3280 2946 3459 3001 divino
3489 2946 3649 3000 cultui
3681 2945 3990 2999 insisterent

2398 3041 2617 3107 assidui,
2667 3044 3044 3113 congregavit;
3091 3040 3362 3107 voluitque
3418 3040 3518 3093 hoc
3568 3038 3820 3106 templum
3874 3036 3987 3103 pri-

2401 3157 2543 3196 mum
2591 3150 2645 3195 et
2673 3148 2833 3209 eaput
2883 3151 2994 3190 sua:
3044 3149 3164 3189 esse
3215 3132 3530 3186 diteceseos.
3564 3129 3823 3192 Tandem,
3864 3141 3987 3182 cum

2401 3250 2591 3304 magna
2638 3234 2762 3286 vita:
2811 3228 3094 3284 sanctitate
3139 3225 3483 3295 quadraginta
3542 3220 3694 3274 annis
3758 3218 3986 3286 Ultraje-

2397 3326 2555 3380 etime
2585 3323 2835 3380 Ecclesia:
2864 3320 3185 3391 praefuisset,
3222 3319 3326 3370 vita
3359 3316 3589 3380 functus,
3616 3311 3859 3366 divorum
3888 3325 3989 3364 nu-

2396 3432 2548 3474 mero
2577 3416 2879 3485 adscriptus
2907 3423 3005 3469 est.

2950 3533 3093 3546 -

860 3636 1461 3717 DIPLOMATA
1524 3636 1654 3711 AD
1715 3634 1790 3708 S.
1836 3626 2653 3711 WILLIBRORDUM
2714 3624 2912 3702 VEL
2973 3622 3095 3698 ΑΒ
3156 3619 3281 3696 ΕΟ
3337 3614 3820 3694 COLLATA.

998 3887 1320 3949 (lircquigny,
1345 3884 1554 3948 Diplom.
1586 3893 1621 3936 t.
1650 3884 1687 3935 ll
1717 3898 1827 3933 nor.
1859 3884 1999 3944 edit.;

700 3992 888 4046 Charm
908 4007 1009 4058 qua
1035 3988 1303 4051 lledenus,
1334 3988 1409 4040 uir
1432 3988 1665 4051 iniuster,
1696 3985 2031 4058 li'illribrordo
2055 3986 2289 4044 episcopo

1092 4061 1228 4113 dona
1260 4060 1456 4129 Confert
1484 4067 1507 4094 "
1536 4060 1696 4128 (arm.
1734 4057 1893 4128 7M).

778 4178 833 4230 lu
855 4173 1059 4229 Christi
1106 4174 1346 4227 nomine.
1392 4174 1523 4226 Dum
1563 4172 1615 4225 in
1644 4171 1895 4240 prmsenti
1926 4170 2033 4223 vita
2064 4169 2291 4239 quisque

704 4265 1016 4320 conversari
1062 4262 1304 4329 videtur,
1356 4273 1408 4318 et
1447 4262 1585 4316 hanc
1629 4262 1885 4315 caducam
1912 4262 2073 4314 vitam
2120 4268 2291 4313 morte

704 4346 998 4412 finiendam
1030 4357 1270 4421 vigilanti
1315 4364 1495 4410 mente
1529 4354 1901 4424 perspexerit,
1932 4352 2171 4422 cogitare
2198 4351 2293 4405 de-

706 4453 794 4507 bet
826 4460 1089 4520 quatenus
1118 4450 1315 4503 animae
1340 4464 1453 4504 sua:
1482 4445 1535 4501 in
1568 4448 1747 4501 futuro
1778 4444 1916 4513 apud
1957 4444 2125 4499 Deum
2149 4460 2290 4497 mer-

705 4544 895 4599 cedem
935 4554 988 4598 et
1026 4541 1393 4609 refrigerium,
1437 4540 1562 4593 dum
1614 4539 1729 4606 ipse
1766 4537 1930 4603 vivit,
1982 4536 2283 4605 conquirat.

709 4635 913 4692 Idcirco
942 4651 1042 4704 ego
1073 4634 1321 4688 lleileuus
1349 4675 1365 4699 ,
1411 4632 1490 4685 vir
1520 4630 1747 4692 illustcr,
1780 4642 1879 4682 una
1906 4642 2026 4682 cum
2061 4625 2290 4694 conjuge

708 4742 828 4782 mea
856 4726 1153 4781 clarissima
1185 4721 1508 4777 Thcodrada
1529 4762 1541 4783 ,
1570 4719 1767 4787 aliquid
1800 4720 1867 4774 de
1899 4718 2061 4773 rebus
2093 4717 2291 4771 nostris

706 4835 803 4887 pro
825 4833 1009 4871 amore
1038 4816 1233 4871 Chriin
1266 4825 1319 4867 et
1358 4812 1677 4868 remissione
1705 4820 2048 4879 peccatorum
2083 4818 2294 4862 nostro-

706 4928 848 4977 rum,
882 4921 934 4965 et
958 4910 1208 4964 mercede
1245 4908 1439 4967 futura,
1476 4906 1585 4959 Deo
1617 4914 1671 4958 ct
1705 4904 1903 4958 domno
1935 4901 2077 4955 Patri
2110 4909 2294 4954 nostro

710 5008 762 5059 in
790 5004 1004 5058 Christo
1036 4999 1387 5055 Willibrordo
1426 4998 1681 5067 episcOpo
1720 4997 1848 5049 dare
1892 4995 2293 5063 disposuimus,

711 5097 852 5165 quod
884 5107 937 5151 et
967 5099 1037 5150 ita
1069 5096 1314 5157 fecimus,
1350 5091 1405 5147 id
1445 5101 1547 5155 est,
1581 5100 1789 5146 Cttrtem
1840 5100 2075 5144 nostram
2102 5088 2153 5139 in
2179 5084 2298 5139 loco

710 5198 1050 5255 nuncupante
1096 5185 1367 5240 Arnestali
1416 5198 1577 5252 super
1627 5182 1790 5236 fluvio
1842 5182 2117 5243 lluitteio,
2176 5192 2297 5231 cum

714 5279 859 5334 omni
891 5276 1201 5347 integritate
1224 5290 1349 5341 sua,
1384 5272 1438 5328 id
1465 5282 1547 5329 est
1569 5272 1707 5326 casis
1727 5317 1741 5340 ,
1774 5270 1999 5330 curtidis
2019 5311 2033 5333 ,
2070 5267 2295 5335 campis,

852 5423 1033 5478 Edidit
1081 5421 1368 5476 Marteuius
1420 5434 1483 5473 e\'
1540 5416 1812 5470 chartario
1868 5412 2292 5481 finiet-naenusi,

712 5496 967 5564 Ampliss.
993 5494 1205 5547 collect.
1238 5502 1277 5546 t.
1311 5493 1353 5557 I,
1381 5492 1487 5546 col.
1528 5489 1977 5564 lﬁjgrt'cnderunt
2009 5483 2293 5564 llckartus,

717 5557 907 5621 Franc.
938 5566 1131 5619 orient.
1167 5573 1296 5616 tum.
1328 5564 1380 5623 Ι.
1415 5576 1533 5628 pag.
1579 5560 1711 5622 '5”;
1747 5558 2124 5628 Bertholetus,
2162 5557 2294 5628 llist.

716 5636 974 5693 [.uxemb.
997 5676 1010 5696 .
1043 5644 1081 5689 t.
1111 5635 1174 5697 ll,
1204 5649 1320 5703 pag.
1353 5625 1445 5696 21';
1482 5631 1885 5703 Hontbeim‘ins.
1920 5628 2058 5703 llist.
2084 5625 2295 5680 Trevir.

717 5711 849 5777 dipl.
892 5718 929 5763 t.
975 5707 1051 5771 1|.
1106 5698 1226 5774 pag.
1274 5698 1373 5777 99;
1416 5717 1610 5777 omnes
1640 5716 1701 5777 ex
1739 5698 2028 5777 .'i_f_artenio,
2077 5707 2299 5777 excepto

718 5770 897 5833 tamen
930 5770 1264 5838 Bertlu'ileto,
1290 5776 1375 5840 qui
1406 5772 1732 5828 chartulario
1760 5770 2147 5841 Epternacensi
2174 5782 2301 5821 usus

721 5860 821 5904 est.
876 5848 1149 5904 lledeuum
1202 5846 1459 5901 fiekartus
1502 5844 1765 5898 Hctanuui
1811 5840 1931 5911 quo
1956 5857 2036 5907 μιν
2091 5840 2294 5893 illitum

2400 3784 2583 3853 pratis,
2612 3783 2841 3849 pascuis,
2868 3778 3039 3840 silvis,
3069 3774 3222 3845 aquis
3246 3786 3617 3842 aquarumque
3639 3768 3984 3835 decursibus,

2399 3875 2583 3929 mobili
2610 3882 2661 3925 ct
2682 3868 2965 3925 immobili.
2994 3864 3275 3933 mmmipiis
3307 3869 3361 3917 et
3389 3860 3666 3930 jumentis,
3702 3858 3988 3922 vaccariis,

2403 3965 2724 4037 pastoribus,
2754 3960 3034 4029 porcariis,
3059 3966 3113 4011 et
3137 3954 3387 4025 quicquid
3412 3953 3476 4005 all
3512 3955 3678 4021 ipsam
3712 3949 3991 4021 pertinere

2399 4059 2609 4110 videtur
2649 4069 2678 4107 a
2710 4054 2798 4108 die
2829 4052 3079 4121 praesenti
3104 4090 3118 4111 ,
3158 4056 3327 4100 totum
3362 4045 3428 4098 ad
3458 4046 3721 4114 integrum
3757 4044 3807 4094 iu
3840 4051 3988 4095 tuam

2403 4154 2726 4220 potestatem
2748 4190 2762 4212 ,
2807 4144 3027 4200 domine
3060 4144 3217 4197 Pater
3248 4139 3590 4204 venerande,
3645 4137 3796 4192 trado
3829 4148 3992 4204 atque

2403 4242 2743 4306 transl‘undo,
2796 4249 2854 4294 ut
2896 4238 3121 4303 habeas,
3183 4244 3367 4290 teneas
3413 4241 3467 4288 et
3494 4231 3790 4302 possideas,
3822 4239 3875 4283 ct
3903 4233 3989 4283 cui

2403 4335 2635 4391 volucris
2663 4334 2716 4387 in
2751 4332 2843 4386 Dei
2873 4330 3091 4385 nomine
3120 4327 3383 4383 dimittas.
3426 4325 3496 4380 Et
3538 4323 3589 4378 in
3620 4322 3844 4378 castello
3877 4322 3989 4376 Mu-

2404 4428 2654 4495 lenberge
2683 4424 2949 4479 donamus
2988 4422 3083 4476 tibi
3116 4429 3227 4475 tres
3268 4427 3479 4474 casatas
3510 4432 3629 4471 cum
3674 4414 3988 4481 mancipiis.

2401 4536 2505 4576 una
2533 4534 2653 4574 cum
2678 4517 2822 4571 omni
2848 4513 3107 4585 peculiari
3136 4526 3348 4573 eorum,
3372 4519 3426 4564 et
3447 4518 3662 4563 centum
3687 4505 3985 4568 diurnale,

2400 4612 2449 4667 id
2483 4620 2564 4665 est
2594 4608 2781 4679 jugera
2806 4652 2820 4676 ,
2855 4606 2923 4661 de
2966 4614 3108 4660 terra
3145 4602 3376 4659 aratoria
3409 4643 3423 4667 ,
3457 4608 3676 4670 propter
3717 4612 3910 4667 aquam
3935 4607 3990 4650 ei

2400 4706 2537 4774 ligna
2581 4702 2858 4757 trahenda.
2904 4700 2973 4754 Et
3013 4702 3065 4752 in
3093 4706 3248 4754 curte
3272 4708 3456 4750 nostra
3497 4694 3599 4747 alia
3635 4702 3980 4760 nuncupantis

2400 4798 2683 4861 Monbore,
2717 4793 2982 4846 donamus
3010 4790 3106 4845 tibi
3138 4804 3209 4843 vn
3244 4786 3438 4851 hobas,
3468 4792 3521 4839 et
3556 4797 3630 4837 vix
3661 4792 3893 4844 casatas,
3930 4791 3982 4834 et

2399 4905 2495 4946 ccc
2525 4885 2797 4942 diurnalcs
2839 4884 2905 4938 de
2938 4893 3115 4949 terra,
3163 4888 3219 4935 et
3245 4877 3457 4933 tertiam
3507 4884 3710 4945 partem
3744 4872 3815 4929 de
3852 4872 3984 4926 silva

2400 4983 2466 5037 ad
2497 4979 2739 5036 eamdem
2768 4988 2974 5033 cortem
3005 4974 3364 5044 pertinentem
3388 5014 3404 5039 ,
3437 4976 3492 5026 et
3527 4977 3676 5039 prata
3707 4966 3772 5020 ad
3804 4982 3836 5021 ι.
3862 4978 3985 5020 επο

2402 5074 2557 5130 radas
2581 5070 2864 5133 secandas,
2896 5078 2951 5123 et
2979 5069 3257 5135 porearios
3287 5064 3424 5119 duos
3452 5077 3577 5117 cum
3608 5076 3640 5115 ι.
3668 5059 3845 5128 porcis
3866 5099 3882 5124 ,
3932 5064 3988 5111 et

2401 5165 2676 5221 vaccarios
2712 5164 2841 5217 duos
2877 5176 2998 5215 cum
3040 5175 3114 5213 xu
3145 5157 3343 5211 vaccis.
3393 5154 3500 5210 llas
3535 5160 3744 5206 casatas
3775 5148 3979 5204 ibidem

2404 5267 2681 5314 manentes
2766 5268 2885 5308 cum
2935 5250 3083 5307 omni
3122 5246 3332 5319 peculio
3382 5243 3467 5301 vel
3505 5242 3748 5301 laborata
3796 5254 3987 5296 eorum

2404 5424 2586 5472 ῐηοιιρι
2616 5456 2629 5478 ,
2679 5412 2831 5467 ducis
2873 5404 3179 5477 Thuringiat
3231 5400 3482 5480 Gozberti
3544 5398 3742 5480 filium;
3789 5391 3987 5480 et‘id,

2405 5463 2629 5553 ίζξνδδίἑξ
2650 5463 3449 5553 cici—,‘plurilmsf'argumentis
3491 5469 3683 5553 astruit
3712 5463 3989 5553 qttzelttligtf

2405 5536 2758 5615 insuit—mento
2783 5536 3129 5608 'e'lucidanilo
3162 5536 3491 5605 insert-inut,
3548 5540 3640 5615 sed
3681 5536 3876 5608 quibus
3906 5536 3992 5586 hic

2407 5612 2679 5684 immorari
2711 5626 2879 5679 nostri
2912 5619 3146 5677 instituti
3178 5634 3286 5674 non
3318 5624 3401 5670 est
3424 5656 3436 5672 .
3470 5628 3565 5666 nec
3588 5612 3637 5684 id
3667 5615 3866 5684 snunt
3898 5622 3993 5683 uoo

2410 5680 2476 5755 tis
2506 5680 2704 5753 nostris
2732 5694 2916 5750 statuti
2956 5693 3176 5749 limites.
3212 5689 3379 5741 Aliam
3408 5683 3606 5755 Hedeni
3634 5680 3877 5733 chartam
3911 5680 3992 5729 iu~

2410 5754 2490 5827 ira
2518 5769 2889 5825 exhibebimus
2920 5766 3017 5822 sub
3045 5778 3185 5818 anno
3210 5762 3333 5823 7lti,
3370 5772 3485 5827 pag.
3519 5754 3646 5805 3014.
