4168 6530
211 443 314 496 537

845 433 1228 492 DIPLOMATA
1270 433 1360 488 AD
1398 431 1455 487 S.
1498 429 1784 486 WlLLlBH

1894 427 2031 483 DUM
2078 428 2206 484 γει
2246 433 2332 485 ΑΒ
2373 433 2460 487 EO
2497 433 2830 489 COLLATA.

3364 431 3467 485 553

211 555 352 625 quod
397 553 593 608 habent
621 551 705 604 vel
753 549 949 604 habere
991 549 1313 608 noscuntur,
1365 554 1536 598 totum
1585 542 1677 596 tibi
1723 539 1786 594 ad
1819 538 1868 596 Α
1897 550 2228 607 sanctorum,
2277 542 2645 612 donatumque
2677 545 2727 598 in
2760 556 3074 612 perpetuum
3101 560 3220 600 esse
3254 551 3375 601 volo
3403 549 3467 601 ad

213 650 476 716 integrum
519 643 691 697 trado.
767 641 871 696 Has
897 654 982 695 res
1008 653 1193 694 omnes
1221 637 1467 706 superius
1509 635 1782 688 intimatas

213 740 305 795 tibi
342 740 540 794 domno
566 745 620 790 et
662 735 804 789 Patri
845 735 894 787 in
918 732 1129 788 Christo
1161 738 1346 784 nostro
1376 727 1588 790 damus,
1619 727 1787 780 dona-

221 843 439 896 tumque
470 842 589 882 esse
621 825 872 896 perennis
902 822 1236 890 temporibus
1265 820 1508 874 volumus
1528 859 1544 884 ,
1596 826 1652 872 ut
1683 817 1787 870 ha-

215 921 364 984 beas,
399 919 612 986 tuisque
656 915 958 971 habendum
1005 913 1362 980 derelinquas,
1413 911 1497 964 vel
1529 908 1783 979 quidquid

215 1011 415 1067 exinde
456 1009 632 1063 facere
679 1008 908 1062 volueris
959 1006 1180 1060 liberam
1229 1013 1280 1059 et
1327 1001 1688 1057 ﬁrmissimam
1736 999 1787 1054 in

215 1104 464 1157 omnibus
495 1102 691 1156 habeas
720 1108 1059 1168 potestatem.
1109 1097 1163 1151 Si
1187 1097 1304 1164 quis
1335 1109 1467 1147 vero
1493 1137 1506 1160 ,
1540 1092 1680 1161 quod
1706 1093 1788 1144 lu-

216 1209 396 1250 turum
425 1210 542 1252 esse
571 1210 674 1248 non
701 1192 890 1253 credo,
915 1205 1011 1245 nos
1039 1190 1173 1257 ipsi,
1202 1187 1342 1256 quod
1368 1188 1540 1249 absit,
1572 1193 1661 1238 aut
1687 1185 1788 1236 ali-

215 1292 334 1358 quis
376 1291 442 1344 de
474 1288 758 1342 heredibus
809 1295 899 1339 aut
944 1282 1328 1354 proheredibus
1375 1281 1572 1333 nostris
1600 1289 1787 1332 contra

223 1384 363 1437 hanc
390 1381 694 1436 donationis
725 1388 921 1432 nostra:
965 1378 1225 1429 cartulam
1251 1373 1433 1428 venire
1468 1371 1785 1431 tentavcrit,

215 1485 268 1527 et
294 1490 412 1527 cant
443 1473 730 1541 infringere
760 1470 1006 1531 voluerit,
1039 1477 1091 1522 et
1122 1468 1213 1520 tibi
1246 1467 1311 1520 de
1344 1466 1457 1518 istis
1491 1462 1601 1532 jam
1627 1461 1788 1515 rebus

215 1568 417 1636 aliquid
465 1568 612 1634 quasi
678 1563 1006 1617 hereditario
1058 1561 1175 1628 jure
1219 1559 1430 1612 auferre
1469 1557 1743 1610 conaverit
1772 1596 1784 1618 ,

216 1664 466 1730 primitus
497 1661 628 1712 iram
653 1655 1034 1725 omnipotentis
1061 1655 1148 1707 Dei
1184 1654 1418 1705 incurrat
1439 1691 1454 1716 ,
1498 1657 1550 1704 et
1578 1662 1788 1702 saneto-

215 1771 334 1807 rum
374 1756 728 1820 angelorum,
779 1760 831 1801 et
875 1764 901 1799 a
947 1746 1217 1800 liminibus
1261 1744 1512 1797 Eeclesize
1559 1741 1650 1794 Dei
1703 1741 1786 1794 vel

213 1847 594 1900 communione
659 1851 966 1896 sanctorum
1025 1851 1311 1892 extraneos
1379 1836 1674 1899 efficiatur,
1736 1845 1787 1888 et
1827 1893 1864 1917 Π

215 1943 417 2008 leprazn
465 1938 610 1988 tiiezi
639 1935 722 1988 vel
769 1935 1166 2002 percussionem
1199 1931 1418 1986 Ananim
1468 1940 1519 1982 et
1548 1928 1786 1995 Sziphirae

212 2039 596 2098 emiseqnatur,
631 2034 944 2092 partemque
976 2025 1168 2076 habent
1199 2039 1316 2074 eum
1345 2021 1481 2074 Juda
1514 2021 1790 2072 Scariothe

211 2122 298 2188 qui
335 2122 618 2173 Dominum
654 2118 900 2180 tradidit,
953 2126 1004 2168 et
1032 2116 1248 2181 insuper
1283 2112 1476 2166 inferat
1507 2113 1597 2164 tibi
1628 2153 1641 2176 ,
1689 2129 1789 2163 una

209 2231 332 2266 cum
365 2221 590 2280 erigente
625 2211 752 2263 lisco
777 2248 792 2273 ,
841 2209 956 2260 auri
993 2207 1150 2259 libras
1179 2221 1230 2269 ν,
1264 2205 1467 2272 argenti
1497 2203 1670 2270 pondo
1705 2219 1789 2264 κγ,

210 2315 387 2358 etnec
435 2305 512 2354 sic
542 2301 757 2370 quidem
785 2297 926 2365 quod
973 2296 1169 2364 repetit
1201 2297 1525 2348 evenilicue
1568 2294 1739 2345 valeat
1767 2333 1780 2357 ,

209 2394 303 2447 sed
334 2394 587 2446 frustrata
613 2392 726 2458 ejus
760 2390 1015 2451 vanitate,
1049 2390 1161 2439 lucc
1187 2397 1332 2439 carta
1365 2386 1616 2453 perennis
1645 2393 1785 2435 tem-

212 2489 438 2554 μυτίιδιιε
469 2488 622 2538 lirnta
649 2494 699 2536 et
727 2482 1022 2534 immobilis
1048 2488 1382 2547 permaneat,
1415 2477 1792 2543 astipulationc

210 2581 460 2631 subnixa.
521 2580 712 2630 Actum
739 2575 948 2640 publice
981 2574 1032 2625 in
1065 2569 1288 2624 castello
1319 2569 1603 2621 \‘ittebttrh
1632 2609 1645 2630 ,
1690 2569 1789 2621 sub

210 2673 294 2724 die
321 2669 588 2723 Kalendas
615 2668 774 2719 Maias
805 2703 822 2728 ,
854 2681 992 2717 anno
1022 2679 1046 2716 ς
1075 2663 1218 2731 regni
1253 2663 1433 2716 domui
1466 2661 1790 2716 Childebcrli

210 2761 432 2828 gloriosi
463 2759 605 2827 regis
633 2767 678 2808 “.
709 2757 819 2825 Ego
845 2756 1184 2815 Laurentius,
1213 2753 1461 2822 indignus
1488 2752 1788 2820 presbyter,

208 2854 435 2921 jniiettle
458 2850 676 2902 domino
706 2849 923 2900 liedetto
950 2849 1106 2909 duce,
1137 2849 1250 2898 viro
1282 2847 1495 2906 illustri,
1526 2845 1661 2897 hanc
1687 2844 1782 2895 du-

215 2944 449 2995 natio.iis
477 2941 738 2994 eartulam
771 2939 893 3004 sei;
917 2939 958 2992 si
991 2947 1043 2989 et
1075 2938 1127 2991 in
1161 2936 1251 2989 Dei
1287 2937 1505 2989 nomine
1545 2936 1787 2989 subscri-

215 3037 312 3101 psi.
341 3035 452 3102 ἰᾷεο
485 3031 737 3085 lledenus
772 3031 800 3081 h
821 3045 905 3080 me
932 3027 1236 3080 donationis
1267 3037 1468 3078 cartam
1495 3042 1522 3077 a
1549 3042 1632 3078 me
1669 3027 1780 3078 fac-

216 3141 320 3177 tam
365 3136 418 3177 et
451 3131 575 3174 ante
626 3137 709 3174 me
742 3120 962 3177 lectam,
1015 3119 1226 3185 prppria
1276 3134 1434 3170 manu
1484 3119 1684 3169 lii-mari
1731 3127 1786 3170 et

215 3213 512 3281 subscripsi
549 3228 671 3265 eum
703 3210 1042 3265 Theodrada.
1108 3210 1216 3276 Ego
1247 3208 1585 3278 Thuringus,
1641 3207 1782 3260 filius
1811 3238 1858 3297 ρ

217 3307 442 3371 lledeni,
487 3304 832 3358 donationem
871 3301 1036 3372 patris
1083 3301 1187 3355 mei
1237 3299 1464 3354 firmavi.
1516 3300 1782 3355 Roecbus.

216 3400 382 3453 Doda.

977 3464 1040 3521 ll.

211 3561 404 3614 Charta
456 3575 558 3627 qua
612 3558 807 3610 lrmina
867 3556 1120 3627 abbatissa
1158 3553 1492 3627 Willibrordo
1551 3555 1786 3627 cpiswpo

278 3624 508 3684 conruit
576 3628 821 3697 quidquid
871 3626 1089 3694 possidet
1150 3625 1204 3678 in
1251 3626 1372 3678 uitia
1437 3624 1782 3680 Stancltcim“

279 3707 429 3768 (min.
462 3700 611 3766 Ἰοῖ).

282 3791 512 3843 Domino
543 3799 731 3842 sancto
757 3800 808 3842 et
837 3789 886 3840 in
914 3787 1128 3842 Christo
1155 3788 1446 3854 apostolico
1477 3787 1612 3840 Patri
1653 3786 1786 3841 Wil-

211 3881 448 3936 bbrordo
487 3881 774 3948 episcopo,
825 3879 1038 3942 Irtnina,
1076 3880 1126 3931 in
1163 3879 1381 3932 Christo
1423 3879 1531 3933 Deo
1573 3889 1780 3933 sacrata

207 3975 478 4026 abbatissa
507 3973 778 4024 donatrix.
827 3970 1092 4038 Quidquid
1126 3971 1486 4038 unusquisque
1518 3970 1679 4023 homo
1717 3971 1782 4025 de

207 4067 368 4119 rebus
396 4065 504 4115 suis
537 4062 602 4114 ad
637 4065 747 4113 loca
781 4074 1091 4113 sanctorum
1120 4072 1172 4113 et
1198 4077 1472 4114 sex-vomit)
1503 4062 1595 4112 Dei
1619 4075 1782 4128 spon-

207 4169 358 4208 tanea
389 4156 662 4207 voluntate
693 4153 1074 4205 continuaverit
1098 4193 1114 4219 ,
1165 4153 1264 4206 hoc
1298 4154 1400 4206 sibi
1442 4152 1578 4220 apud
1614 4153 1780 4206 Deum

205 4247 475 4301 mercedis
500 4247 778 4311 praemium
805 4246 972 4298 credit
1003 4244 1243 4312 recipere
1267 4244 1318 4297 in
1348 4244 1545 4298 futuro.
1581 4244 1779 4300 Idcirco

203 4355 301 4405 ego
346 4338 541 4391 lrmina
596 4336 738 4388 dono
781 4336 932 4387 vobis
987 4337 1050 4388 ad
1101 4335 1482 4388 monasterium
1539 4345 1775 4389 vestrum

204 4432 542 4496 Epternaco,
593 4429 730 4494 quod
766 4441 861 4482 nos
901 4444 929 4480 a
963 4442 1102 4482 novo
1149 4429 1567 4490 construximns,
1617 4429 1777 4482 situm

201 4537 362 4588 soi-cr
413 4520 570 4572 [latio
617 4520 783 4583 Sura,
833 4519 884 4573 in
919 4519 1123 4574 honore
1154 4533 1350 4574 sanctte
1397 4521 1654 4576 Trinitate
1690 4523 1771 4577 vel

273 4688 292 4711 '-
330 4673 444 4728 Etsi
493 4691 556 4728 ex
587 4676 776 4728 eodem
822 4674 962 4730 fonte
1000 4677 1112 4729 hate
1148 4676 1326 4730 charta
1379 4681 1443 4732 ab
1479 4682 1774 4736 editoribus

202 4748 518 4810 deprompta
545 4747 700 4797 fuerit
723 4789 735 4809 ,
771 4745 1072 4812 discrepant
1101 4757 1274 4799 tamen
1309 4764 1446 4802 nota)
1490 4754 1773 4806 chronolo-

197 4818 348 4880 picae.
409 4815 566 4869 Juxta
630 4816 967 4874 Martenium.
1023 4815 1153 4881 ipsis
1189 4817 1443 4872 Kalendis
1484 4823 1599 4874 Maii
1648 4824 1768 4876 data

201 4891 295 4938 fuat
324 4927 339 4947 ,
389 4895 444 4938 et
486 4886 561 4938 sic
603 4884 898 4948 Erkartus;
933 4888 1068 4948 apud
1115 4887 1190 4938 llo
1218 4889 1511 4943 .theiminm
1552 4908 1676 4946 vero
1719 4903 1772 4947 et

201 4957 590 5013 Bertholetum.
625 4960 819 5008 emissa
848 4965 932 5008 est
954 4957 1036 5007 die
1055 4958 1261 5011 decima
1285 4958 1570 5016 Kalendas.

268 5025 297 5066 δ
336 5027 578 5095 angavit
613 5025 930 5088 Martenius,
979 5028 1229 5090 Atnpliss.
1263 5032 1473 5082 collect.
1505 5041 1536 5083 t.
1581 5033 1629 5093 Ι.
1660 5035 1763 5087 col.

200 5097 288 5161 l2,
349 5112 412 5150 ex
463 5095 734 5147 chartario
786 5097 1212 5161 Epternacense;
1265 5101 1469 5152 recudit
1516 5100 1766 5159 Honlltei-

199 5170 370 5228 mins,
405 5165 554 5236 llist,
586 5164 792 5218 Trevir.
824 5165 952 5229 dipl.
987 5177 1026 5218 ι.
1061 5167 1105 5230 Ι,
1140 5183 1262 5236 pag.
1295 5170 1411 5223 let.
1460 5173 1602 5225 Alias
1634 5175 1767 5228 diti-

203 5251 318 5309 mus
345 5238 414 5289 de
438 5234 627 5309 lrrnina
649 5235 913 5309 abbatissa
937 5246 990 5289 et
1021 5234 1339 5292 Vitlibrordo
1365 5241 1612 5309 episcopo
1640 5243 1668 5297 Ἰ
1688 5261 1766 5300 ra-

195 5307 414 5378 jeetino.
452 5306 506 5358 In
530 5305 721 5378 charta
746 5305 954 5378 Iri-nium
981 5347 994 5369 ,
1046 5323 1203 5372 quam
1233 5305 1426 5377 supra}
1491 5305 1607 5378 pag.
1633 5315 1758 5373 9.50.

198 5377 572 5435 exhibuimus,
641 5375 981 5429 subscribunt
1040 5378 1258 5432 itasittus
1289 5375 1340 5432 et
1384 5375 1759 5444 Leodowinus.

199 5451 354 5499 ambo
377 5461 503 5500 eum
533 5444 686 5498 titulo
707 5447 964 5511 episcopi:
998 5458 1051 5500 et
1083 5463 1268 5501 revera
1296 5453 1453 5503 ambo
1484 5452 1761 5509 'l‘reviren-

197 5532 288 5589 ses
333 5515 530 5570 infulas
567 5517 792 5589 assecuti
841 5527 1090 5589 _sunt,_ut
1142 5519 1254 5586 jam
1311 5524 1640 5589 monuimus,
1701 5542 1761 5584 ac

199 5585 381 5661 iisdem
411 5585 739 5661 temporibus
764 5587 1057 5661 episcopali
1098 5585 1251 5661 titqu
1283 5590 1512 5661 insigniti
1535 5635 1546 5655 ,
1573 5585 1759 5660 quam~

200 5662 271 5709 vis
317 5657 542 5710 Basinus
585 5655 825 5726 ecclesia:
867 5659 1101 5725 regimen
1136 5655 1410 5716 Leodoind
1446 5655 1754 5726 dimisisset.

199 5727 285 5780 llic
318 5727 578 5802 _Basinus
629 5724 1287 5802 episcopussubscribit,
1343 5741 1394 5802 et
1456 5724 1757 5795 Leodoimig

199 5799 490 5868 presbyl-‘t’.
543 5797 621 5868 An
649 5795 948 5868 Leodoinus
983 5799 1070 5852 ille
1098 5799 1238 5854 idem
1280 5813 1358 5855 est
1379 5795 1453 5856 ‘ac
1480 5805 1754 5862 Lcodoui-

199 5884 286 5922 nus
315 5864 400 5937 qui
434 5868 557 5921 aliis
592 5864 625 5919 ii
648 5867 801 5920 mina.-
834 5867 1029 5923 chartis
1070 5871 1168 5926 sub
1196 5874 1428 5942 episCopi
1460 5877 1611 5933 ιίιιιιυ
1633 5886 1753 5935 sub-

1899 633 2312 700 possidendum,
2361 635 2459 688 hoc
2493 647 2574 689 est
2607 647 3098 706 quantumcumque
3140 653 3168 690 a
3213 639 3299 692 die
3332 654 3468 708 pra:-

1894 727 2031 779 senti
2057 725 2106 779 in
2138 728 2261 780 villa
2292 727 2622 792 Stancbeim,
2645 732 2744 784 sita
2775 744 2938 798 super
2967 731 3127 784 tluvio
3153 731 3312 797 Sura,
3346 748 3462 785 mea

1895 817 2163 884 possessio
2192 819 2275 871 vel
2304 818 2520 872 donatio
2551 830 2663 883 est,
2705 830 2809 874 tam
2842 822 3089 875 domibus
3112 837 3268 892 quam
3301 823 3465 877 aediﬁ-

1893 913 2010 975 ciis,
2039 910 2261 977 mansis,
2294 913 2597 979 mancipiis,
2633 914 2832 976 vineis,
2867 917 3056 980 pratis,
3096 915 3326 983 pascuis,
3355 916 3466 986 syl-

1896 1004 1994 1064 vis,
2017 1002 2168 1068 aquis
2185 1017 2548 1072 aquarumque
2572 1005 2911 1067 decursibus,
2930 1009 3025 1060 sub
3048 1023 3107 1061 ea
3127 1008 3461 1072 c0nditionc,

1896 1101 1951 1145 ut
1983 1093 2231 1162 quicquid
2274 1109 2304 1148 a
2335 1094 2422 1148 die
2454 1097 2700 1162 prazsenti
2743 1111 2836 1150 vos
2877 1097 2962 1151 vel
2998 1113 3117 1165 pars
3155 1102 3462 1153 monasterii

1894 1183 2086 1237 exinde
2137 1183 2315 1239 facere
2342 1187 2606 1252 voluerit,
2659 1188 2877 1242 liberam
2909 1197 2963 1243 et
2997 1188 3360 1243 firmissimam
3414 1192 3464 1244 in

1893 1277 2142 1330 omnibus
2176 1277 2420 1333 habeatis
2448 1289 2767 1348 potestatem
2798 1282 3046 1348 faciendi,
3072 1295 3125 1338 et
3154 1286 3352 1339 nullius
3380 1302 3468 1341 re-

1896 1369 2206 1436 petitionem
2239 1386 2305 1422 ex
2337 1372 2436 1426 hoc
2470 1373 2668 1427 habere
2699 1377 3015 1430 vereamini.
3066 1379 3120 1431 Si
3153 1379 3272 1444 quis
3301 1392 3426 1433 vero
3449 1423 3463 1444 ,

1893 1462 2032 1529 quod
2069 1462 2181 1514 fieri
2217 1479 2318 1515 non
2350 1465 2647 1528 credimus,
2703 1477 2807 1520 tam
2839 1483 2938 1536 ego
2987 1485 3142 1538 quam
3174 1471 3368 1541 aliquis
3399 1473 3464 1525 de

1897 1558 2180 1610 heredibus
2205 1571 2292 1611 aut
2315 1560 2678 1614 coheredibus
2708 1565 2871 1628 meis,
2907 1564 2988 1616 vel
3019 1566 3267 1632 qualibet
3295 1581 3464 1634 oppo-

1895 1650 1991 1700 sita
2025 1665 2247 1717 persona
2273 1690 2288 1714 ,
2337 1661 2520 1704 contra
2553 1652 2691 1706 hanc
2723 1663 2918 1705 nosme
2948 1654 3251 1708 donationis
3281 1665 3465 1709 cartu-

1897 1742 2000 1792 lam
2033 1743 2213 1794 venire
2255 1752 2476 1794 conatus
2519 1743 2707 1806 fuerit,
2757 1752 2845 1796 aut
2876 1759 2996 1798 eam
3035 1747 3334 1812 irrumpere
3369 1762 3462 1800 vo-

1898 1833 2084 1894 luerit,
2128 1834 2378 1902 primitus
2406 1835 2538 1887 iram
2584 1836 2674 1890 Dci
2707 1839 3083 1905 omnipotentis
3117 1839 3384 1904 incurrat,
3415 1848 3470 1895 et

1896 1929 2111 1993 insuper
2164 1929 2355 1980 inferat
2410 1931 2537 1984 lisco
2593 1931 2709 1984 auri
2769 1932 2959 1984 libram
3013 1949 3207 1997 unam,
3259 1935 3462 2002 argenti

1895 2021 2068 2084 pondo
2115 2019 2260 2084 duo,
2323 2036 2420 2074 nec
2467 2023 2542 2076 sic
2572 2023 2710 2090 quod
2762 2025 2954 2091 repetit
2992 2023 3256 2078 ullatenus
3298 2027 3464 2092 possit

1893 2112 2216 2172 evindieare,
2256 2123 2504 2167 manente
2536 2116 2882 2168 nihilominus
2912 2117 3176 2170 ﬁrmitate.

1969 2205 2156 2255 Actum
2189 2203 2441 2266 Treveri,
2495 2220 2584 2257 vni
2619 2204 2739 2258 ldus
2773 2207 2935 2259 Maias
2959 2247 2973 2269 ,
3025 2222 3165 2260 anno
3193 2224 3222 2260 ι
3251 2207 3463 2260 Cbilde-

1895 2296 2028 2349 berti
2058 2297 2215 2365 regis.
2252 2328 2321 2339 -
2347 2297 2452 2365 Ego
2481 2297 2686 2351 lluncio
2707 2343 2719 2365 ,
2756 2299 2806 2352 in
2839 2300 3038 2354 Christi
3063 2302 3284 2356 nomine
3315 2318 3460 2370 pres-

1895 2389 2065 2458 byter,
2099 2400 2315 2456 rogante
2345 2391 2540 2443 domna
2577 2391 2766 2444 lrmina
2799 2394 3085 2459 abbatissa,
3121 2397 3253 2449 hanc
3276 2407 3456 2450 cartu-

1896 2479 1998 2531 lam
2031 2479 2337 2532 donationis
2370 2481 2653 2547 persrr'psi
2675 2523 2686 2544 ,
2717 2493 2767 2534 et
2800 2483 2907 2551 ipsa
2939 2485 3120 2538 siibter
3151 2503 3308 2539 tuanu
3343 2504 3459 2554 pro-

1896 2568 2002 2632 pria
2033 2584 2152 2619 eum
2185 2569 2406 2620 testibus
2450 2571 2672 2622 lirmavi.
2731 2601 2800 2612 -—
2834 2574 2941 2640 ligo
2974 2572 3165 2627 lrmina
3207 2576 3366 2645 relegi
3407 2589 3456 2630 et

1893 2657 2209 2724 subscripsi.
2235 2687 2299 2695 —-—
2329 2658 2552 2712 Dasiuus
2582 2659 2885 2728 I'pl-CtlpllS.
2911 2691 2980 2700 —
3013 2661 3366 2717 Radubertus.
3395 2695 3458 2703 —

1893 2751 2251 2818 Dagoiuus.—
2271 2750 2571 2805 Leodoinus
2613 2755 2986 2823 presbyter.—
3007 2754 3461 2810 Caueebertus.—

1892 2845 2218 2897 Caribertus.
2258 2873 2324 2882 —-—
2358 2846 2744 2912 hlagnobertns.
2772 2877 2837 2885 —
2881 2848 3141 2912 Quitario.
3168 2879 3236 2889 —
3263 2850 3457 2905 Trase-

1892 2935 2091 2988 bet‘tus.
2118 2963 2182 2976 —-
2211 2933 2507 2989 Waltarius
2540 2937 2810 2990 diaconus.
2840 2967 2906 2976 —
2930 2937 3074 2992 Bobo
3106 2951 3147 2998 ε.

1892 3183 2078 3257 Charta
2116 3201 2234 3257 qua,
2260 3186 2622 3257 Aengilbui..’us
2667 3186 3008 3240 Willibrordo
3065 3189 3298 3257 episcopo
3338 3206 3460 3243 con.

1960 3255 2090 3307 cedit
2153 3256 2398 3324 quidquid
2464 3256 2560 3309 sibi
2624 3259 2856 3325 competit
2897 3258 2950 3310 in
2987 3258 3106 3312 uilla
3149 3255 3396 3313 deerlo
3436 3261 3458 3297 ι¹

1964 3328 2109 3394 (ann.
2155 3325 2298 3392 704).

1964 3415 2186 3470 Domino
2205 3432 2324 3470 vere
2348 3429 2530 3472 saneto
2545 3429 2597 3472 et
2620 3421 2914 3486 apostolico
2941 3423 3075 3488 patri
3110 3423 3456 3477 \Villibrordo

1891 3509 2161 3576 episc0po,
2197 3508 2581 3577 Aengilbaldus
2633 3510 2776 3566 filius
2828 3511 3112 3567 llildiboldi
3167 3517 3454 3582 quondam,

1888 3599 2136 3661 donator,
2167 3602 2395 3656 salutem
2427 3602 2480 3653 in
2515 3601 2757 3657 Domino.
2794 3602 2929 3658 Dum
2970 3605 3193 3674 quisque
3238 3607 3288 3661 in
3323 3622 3458 3675 prae-

1887 3690 2023 3743 senti
2061 3690 2257 3744 saeculo
2310 3705 2628 3745 conversare
2700 3692 2926 3760 videtur,
2957 3695 3193 3763 cogitare
3239 3711 3460 3750 necesse

1887 3789 1969 3833 est
1998 3780 2226 3848 qualiter
2255 3781 2484 3834 animam
2510 3796 2659 3835 suam
2690 3781 2755 3836 de
2789 3792 3006 3852 peccato
3037 3795 3089 3840 et
3117 3801 3272 3853 pana
3303 3797 3456 3841 reter-

1886 3885 1952 3922 na
1983 3871 2209 3924 liberare
2237 3871 2448 3927 debeat.
2487 3873 2856 3944 Idcirco,.ego
2907 3877 3292 3946 Aengilbaldus
3313 3917 3327 3942 ,
3357 3893 3456 3947 pro

1886 3965 2054 4017 salute
2080 3967 2272 4018 animm
2305 3983 2433 4021 mea:
2463 3969 2546 4022 vel
2578 3969 2758 4038 requie
2781 3973 3128 4039 sempiterna,
3154 3972 3306 4026 trado
3338 3975 3457 4038 tibi,

1888 4056 2235 4111 \Vilitbrordo
2266 4059 2536 4128 episcopo,
2571 4072 2764 4113 terram
2808 4061 2859 4113 in
2904 4061 3021 4116 loco
3055 4063 3137 4114 vel
3173 4063 3294 4116 villa
3325 4079 3453 4117 nun-

1884 4159 2070 4216 cupata
2106 4149 2377 4214 Waderlo,
2411 4166 2570 4219 super
2600 4151 2820 4204 [luvium
2868 4151 3138 4216 Duttnala,
3170 4168 3290 4208 cum
3338 4167 3455 4208 om-

1885 4243 2039 4296 nibus
2070 4243 2158 4310 qui
2192 4243 2385 4296 ibidem
2438 4243 2761 4297 hereditario
2787 4245 2906 4312 jure
2938 4246 3020 4297 vel
3051 4245 3289 4299 laboratu
3323 4246 3452 4315 legi-

1887 4337 2009 4388 time
2037 4337 2311 4401 possidere
2342 4336 2490 4390 visus
2531 4352 2672 4399 sum,
2705 4345 2868 4388 totum
2897 4350 2925 4388 a
2955 4335 3044 4390 die
3076 4339 3326 4405 praesenti
3361 4339 3452 4391 tibi

1888 4429 2037 4480 trado
2061 4439 2218 4495 atque
2253 4429 2304 4479 in
2339 4436 2479 4478 tuam
2521 4435 2840 4493 potestatem
2899 4426 3231 4490 transfundo,
3265 4427 3314 4480 id
3344 4438 3449 4493 est,

1887 4530 1991 4573 tam
2046 4529 2213 4573 terras
2264 4517 2518 4573 aratorias
2571 4532 2690 4572 cum
2743 4518 2965 4586 campis,
2997 4517 3183 4586 pratis,
3219 4518 3447 4586 pascitis,

1887 4674 2131 4742 scripsit?
2179 4675 2230 4726 ld
2268 4675 2486 4728 minime
2530 4673 2870 4738 arbitramur;
2921 4689 3042 4728 cum
3094 4674 3210 4739 ejus
3253 4691 3442 4729 nomen

1879 4750 2013 4798 inter
2044 4746 2144 4796 alia
2186 4746 2398 4799 lenium
2430 4745 2574 4796 nullo
2605 4745 2876 4813 dignitatis
2906 4746 3058 4799 titulo
3102 4745 3438 4801 subscriben-

1879 4820 2007 4869 tium
2035 4820 2244 4868 nomina
2276 4818 2573 4877 promiscue
2603 4813 2803 4882 jaceat.

1949 4897 1969 4922 ο
2006 4885 2223 4938 h‘dimns
2253 4886 2316 4940 ad
2359 4886 2514 4938 tidem
2559 4886 2849 4951 apographi
2882 4901 2943 4940 es
2989 4885 3313 4940 chartulario
3341 4886 3446 4954 Ep-

1876 4956 2172 5010 lcrnaecnsi
2209 4957 2256 5008 in
2290 4955 2728 5022 chattOphylicio
2760 4969 2961 5009 noStro.

1942 5024 1968 5063 ἀ
2013 5026 2519 5086 EdiditMarlenius,
2557 5026 2805 5091 Ampliss.
2838 5026 3046 5079 collect.
3085 5036 3122 5079 ι.
3152 5025 3192 5090 l,
3217 5027 3320 5080 col.
3365 5027 3448 5091 Η,

1872 5114 1936 5152 ex
1994 5097 2263 5150 chartario
2319 5095 2745 5161 Epternacense;
2809 5099 3013 5148 recudit
3054 5097 3444 5160 llontheimius,

1870 5170 2002 5222 Hist.
2035 5167 2245 5220 Trevir.
2280 5167 2410 5229 dipl.
2438 5176 2476 5220 t.
2508 5166 2545 5228 I,
2600 5180 2718 5232 pag.
2756 5165 2872 5227 102,
2930 5180 2994 5220 ex
3049 5166 3323 5220 Martenio.
3359 5169 3446 5222 N-

1870 5241 1942 5291 hil
1979 5237 2042 5291 ad
2078 5237 2214 5290 hanc
2252 5237 2491 5291 chartam
2525 5235 2675 5287 nobis
2722 5236 3010 5288 notandum
3052 5239 3308 5302 suppetit,
3343 5240 3445 5293 nisi

1868 5310 2006 5375 quod
2041 5308 2352 5368 Marteuius,
2385 5309 2434 5358 in
2470 5321 2647 5358 rerum
2680 5305 2856 5359 indice
2887 5307 2950 5358 ad
2986 5315 3186 5359 tomum
3215 5321 3438 5374 prnmnn

1869 5378 2196 5444 collectionis
2219 5393 2332 5432 sua:
2372 5377 2735 5441 amplissimae,
2799 5379 3088 5430 oscitanter
3141 5377 3450 5442 Aeugilbal-

1867 5451 1988 5504 dum
2048 5445 2345 5502 confuderit
2395 5461 2513 5499 cum
2570 5447 2942 5507 Aengelberto.
2977 5448 3126 5500 Alter
3155 5448 3220 5499 ab
3274 5449 3444 5502 altero

1868 5523 2021 5586 plane
2049 5519 2289 5572 diversus
2322 5535 2334 5570 ε
2368 5517 2746 5585 Aengilbaldus
2772 5519 2911 5569 enim
2963 5518 3049 5571 hic
3075 5517 3268 5586 dcitur
3300 5516 3442 5572 [ilius

1869 5585 2193 5654 llildibolili;
2229 5590 2615 5654 Aeng'elbertus
2648 5603 2796 5648 vero,
2834 5597 2966 5641 teste
3012 5585 3267 5640 Martenio
3302 5590 3440 5654 ipso,

1868 5662 1954 5714 ubi
1996 5675 2178 5728 supra,
2207 5661 2312 5715 col.
2347 5661 2430 5721 l9,
2469 5659 2604 5711 lilius
2634 5659 2905 5711 Gaboerti.
2969 5661 3162 5712 Ausum
3219 5661 3432 5712 errandi

1866 5727 2090 5802 praabuit
2146 5727 2777 5802 nominumsimilitudo,
2809 5739 2861 5783 et
2903 5728 3242 5802 Aquodjcirca
3296 5730 3434 5802 idem

1869 5797 2073 5927 ietnptis
2119 5814 2338 5872 uterque
2369 5799 2537 5854 eidem
2604 5797 2952 5854 Willibrordo
3002 5800 3250 5868 episcopo
3303 5800 3436 5853 dena

1869 5886 2024 5927 c-entu
2052 5887 2109 5926 ll.

1866 5886 2109 5931 οοιηιιιιιι.
