4168 6528
671 419 770 476 559

1483 413 1538 468 S.
1583 410 2108 467 WlLLlBROl’tTUS
2147 409 2707 469 ULTRAJECTINUS
2750 415 3134 474 EPISCUPIIS.

3889 433 3943 486 ἲ)

666 531 819 599 aquis
871 544 1233 598 aquarumque
1283 527 1620 592 decursibus,
1657 526 1948 580 mobilibus
1975 534 2030 579 et
2055 526 2246 580 immo.
2284 530 2326 584 Α
2361 529 2576 594 gatione
2609 531 2712 583 vita
2739 542 2922 586 sancta
2953 545 3002 589 et
3034 539 3264 604 regulari
3289 539 3482 607 degere
3512 552 3564 595 et
3615 552 3944 614 conversari,

666 624 882 688 bilibus,
927 633 982 679 et
1020 624 1208 676 silvam
1243 623 1309 675 ad
1342 621 1589 677 eumdem
1642 621 1818 675 locum
1868 620 2247 688 pertinentem,

665 728 719 773 et
742 733 830 772 vttl
864 726 1069 772 casatas
1118 733 1236 769 rum
1272 714 1580 769 hominibus
1622 722 1680 768 et
1713 714 2015 782 mancipiis,
2049 723 2104 768 et
2131 729 2249 767 cuin

665 812 810 866 omni
842 810 1050 880 peculio
1082 824 1200 863 suo.
1236 809 1360 861 llree
1388 808 1564 861 omnia
1587 822 1615 860 a
1647 807 1731 860 die
1755 807 2006 875 praesenti
2042 807 2132 858 tibi
2157 806 2251 859 do-

668 919 759 963 no,
792 902 1158 970 donatumque
1214 899 1468 966 perennis
1515 898 1844 967 temporibus
1875 913 1997 952 esse
2027 902 2166 961 volo,
2198 907 2254 950 ut

668 999 886 1058 habeas,
923 1005 1107 1049 teneas
1139 1003 1302 1063 atque
1348 993 1644 1064 possideas,
1678 995 1890 1062 tuisque
1937 991 2005 1044 ad
2052 991 2252 1045 haben-

670 1089 798 1140 dum
827 1088 1192 1156 derelinquas,
1223 1097 1278 1141 et
1307 1087 1558 1154 quiequid
1591 1087 1783 1140 exinde
1829 1087 2005 1140 facere
2061 1087 2248 1140 volue-

664 1183 762 1242 ris,
805 1181 1029 1235 liberam
1059 1191 1219 1248 atque
1260 1180 1618 1233 ﬁrmissimam
1667 1181 1722 1233 in
1775 1179 2023 1233 omnibus
2056 1180 2253 1235 habeas

668 1283 1011 1338 potestatem.
1044 1273 1248 1342 Siquis
1277 1288 1429 1335 vero,
1480 1273 1619 1342 quod
1680 1272 1911 1326 futurum
1965 1288 2085 1328 esse
2149 1289 2251 1325 non

667 1368 834 1420 credo
861 1408 875 1430 ,
909 1365 1165 1419 heredum
1197 1366 1278 1420 vel
1312 1367 1668 1434 proberedum
1703 1381 1965 1430 ineorum,
1998 1368 2078 1420 vel
2113 1382 2256 1433 quze-

673 1458 802 1510 libet
825 1459 1067 1525 opposita
1099 1472 1350 1526 persona,
1380 1467 1568 1510 contra
1620 1457 1756 1512 hanc
1805 1459 2108 1511 donationis
2137 1474 2256 1511 ear-

669 1551 833 1602 tulaztt
869 1549 1052 1604 venire
1084 1550 1392 1613 tentaverit,
1426 1561 1476 1602 et
1529 1565 1644 1602 eain
1703 1551 1994 1618 infringere
2025 1566 2253 1604 conare-

671 1643 760 1698 rit,
790 1639 1034 1706 primitus
1057 1641 1188 1694 iram
1225 1641 1314 1694 Dei
1346 1641 1727 1706 omnipotentis
1767 1642 1999 1694 incurrat
2029 1653 2083 1695 et
2133 1659 2255 1696 san-

671 1743 882 1786 ctorqu
913 1733 1250 1802 angelorum,
1274 1745 1325 1786 et
1345 1748 1370 1784 a
1394 1733 1666 1786 liminibus
1684 1733 1939 1787 Ecclesiae
1971 1737 2254 1799 alienetur,

672 1831 986 1892 partemque
1025 1824 1220 1877 habeat
1257 1839 1379 1877 eum
1438 1823 1596 1888 Juda,
1638 1834 1691 1878 et
1723 1827 1982 1880 ultionem
2034 1829 2255 1879 Anauéze

2363 620 2462 674 hoc
2489 632 2595 685 est,
2627 625 2968 680 medietatem
2997 629 3062 680 de
3093 631 3210 687 ipso
3239 631 3554 700 Epternaco,
3585 650 3740 704 quam
3771 639 3947 692 Theo.

2365 713 2527 767 tarius
2559 717 2829 782 quondam
2881 720 2986 772 dux
3021 721 3213 776 ibidem
3258 726 3443 790 tenuit,
3477 737 3528 781 et
3575 740 3752 796 postea
3807 733 3946 788 ﬁlius

2361 820 2490 858 suus
2522 807 2875 864 'l‘beodardus
2905 813 3172 878 quondam
3206 817 3357 868 nobis
3388 818 3620 882 tradidit,
3654 832 3844 888 prmtcr
3876 825 3943 877 il-

2365 898 2466 949 laut
2499 913 2654 963 quam
2690 900 2906 955 Erinina
2941 902 2992 956 in
3029 904 3144 970 ipso
3182 907 3485 974 leternaco
3537 913 3724 974 tenuit,
3779 929 3945 980 quan-

2365 999 2687 1058 tumcunque
2721 994 2770 1046 in
2827 993 2938 1056 ipsa
2991 997 3281 1052 medietate
3313 1012 3491 1053 nostra
3524 1000 3576 1054 in
3611 1005 3724 1070 ipso
3757 1003 3943 1072 Epter-

2362 1097 2512 1145 naeo,
2543 1098 2570 1134 a
2596 1087 2845 1153 praesenti
2877 1087 2984 1153 die,
3019 1101 3200 1143 nostra
3237 1091 3451 1145 videtur
3502 1109 3620 1148 esse
3673 1100 3942 1162 possessio

2363 1174 2446 1228 vel
2480 1174 2718 1241 donatio,
2751 1192 2870 1231 cum
2897 1180 3076 1241 terris,
3103 1195 3221 1234 cum
3256 1183 3522 1246 domibus,
3555 1187 3816 1251 :ediﬁciis,
3848 1204 3940 1242 ac-

2359 1265 2596 1330 eolabus,
2626 1271 2931 1338 mancipiis,
2989 1271 3100 1324 litis
3134 1271 3183 1337 ι’,
3239 1278 3420 1341 sylvis.
3471 1279 3693 1342 cannis,
3752 1280 3936 1345 pratis.

2362 1360 2588 1423 pascuis,
2610 1360 2763 1428 aquis
2790 1376 3154 1432 aquarumque
3180 1364 3503 1422 decursibus
3530 1409 3544 1432 ,
3579 1371 3859 1424 mobilibus
3888 1384 3943 1423 et

2363 1451 2760 1517 immobilibus,
2789 1451 3082 1518 farinariis,
3115 1459 3401 1523 pecoribus
3433 1462 3710 1528 utriusque
3757 1477 3939 1528 sextis,

2359 1552 2616 1608 quantum
2652 1546 2701 1597 iii
2733 1546 2845 1612 ipsa
2876 1547 3186 1612 medietate,
3219 1550 3270 1602 in
3305 1552 3418 1617 ipso
3450 1552 3748 1618 Epternaeo
3802 1571 3942 1623 pne-

2361 1638 2497 1686 seuti
2535 1646 2777 1704 tempore
2811 1640 3170 1706 possidemus,
3216 1656 3334 1696 cum
3366 1645 3508 1697 omni
3538 1647 3835 1714 integritate
3885 1649 3952 1703 de

2357 1723 2477 1788 jure
2507 1735 2559 1777 et
2591 1726 2885 1782 donatione
2932 1740 3135 1792 nostra,
3167 1733 3216 1783 in
3245 1732 3367 1800 jure
3393 1745 3447 1786 et
3476 1735 3763 1792 donatione
3815 1755 3950 1806 prae-

2364 1815 2490 1868 dicti
2517 1820 2850 1884 monasterii,
2887 1821 2970 1874 Vel
3003 1824 3302 1876 rectoribus
3330 1825 3441 1878 suis
3473 1841 3567 1880 seu
3623 1834 3946 1884 succe~sori~

673 1916 1018 1984 et'l.:qiliir:n,
1061 1918 1142 1969 vel
1179 1919 1324 1982 lepra
1368 1918 1512 1971 (Liezi
1561 1920 1908 1984 percutiatur,
1958 1929 2011 1971 et
2065 1920 2257 1972 inferat

2372 1910 2462 1962 bus
2486 1921 2540 1963 et
2569 1915 2712 1964 omni
2762 1918 3160 1984 congregationi
3197 1918 3395 1972 ibidem
3425 1921 3758 1986 consistenti,
3792 1926 3954 1977 tradi-

685 2008 800 2060 tisci
833 2007 1038 2076 juribus
1069 2008 1183 2060 auri
1219 2009 1406 2060 libram
1442 2024 1621 2068 unam,
1651 2011 1852 2075 argenti
1883 2011 2057 2077 pondo
2087 2028 2136 2072 χ,
2163 2027 2260 2065 nec

680 2101 758 2151 sic
791 2098 930 2166 quod
960 2103 1155 2168 repetit
1184 2101 1492 2154 evindieare
1528 2102 1726 2164 \‘Itit‘ztl,
1759 2103 1848 2154 sed
1889 2105 2035 2154 lirina
2070 2116 2125 2157 et
2176 2106 2262 2157 ini-

673 2194 887 2246 mobilis
919 2193 1031 2246 haec
1088 2193 1310 2246 donatio
1353 2197 1607 2260 perennis
1669 2197 2004 2262 temporibus
2053 2212 2263 2263 perma-

676 2292 798 2337 neat
831 2284 1180 2351 stipulatione
1213 2287 1466 2338 subnixa.

746 2377 938 2429 Actum
968 2376 1177 2444 publice
1208 2376 1260 2428 in
1296 2377 1412 2429 loco
1459 2377 1736 2441 liittinuni,
1770 2394 1951 2431 coram
2009 2380 2255 2444 teStibus,

673 2481 819 2521 anno
848 2483 880 2521 ι
906 2469 1054 2534 regni
1082 2467 1263 2522 domui
1298 2468 1463 2522 nostri
1521 2470 1847 2523 (Zliildeberti
1890 2472 2258 2537 gloriosissimi

675 2559 840 2629 regis,
873 2559 972 2614 sub
995 2560 1080 2614 die
1102 2559 1366 2614 Calexnlas
1391 2562 1854 2629 Octobris—Ego
1879 2564 2262 2630 Acngilbaldus

677 2647 816 2702 hanc
843 2649 1102 2703 cartulam
1139 2650 1303 2719 relegi
1360 2660 1414 2704 et
1461 2650 1793 2703 conﬁrmavi.
1828 2680 1895 2690 -ο
1935 2653 2258 2716 Onsbaldus,

675 2767 748 2778 —
779 2739 1096 2804 Eburumcs,
1128 2770 1199 2780 -
1225 2740 1562 2805 Edilhardcs,
1591 2770 1659 2782 -
1690 2743 1972 2807 Robertes,
2004 2773 2078 2786 -
2103 2743 2263 2799 Tole-

676 2832 880 2896 baldes,
906 2861 976 2873 —
1009 2833 1206 2896 Etrele,
1263 2864 1332 2874 —
1380 2834 1656 2901 Eutlinde,
1687 2866 1758 2876 —
1790 2836 2085 2903 Bertliude,
2139 2841 2264 2893 sub-

675 2924 1027 2991 scripserunt.
1059 2953 1128 2964 -—
1162 2925 1275 2988 Ego
1330 2925 1608 2996 lililuynus
1654 2927 1937 2995 presbyter
1969 2969 1984 2994 ,
2043 2942 2265 2999 rugatth

677 3015 1029 3081 Aengilbaldo
1081 3016 1196 3068 viro
1253 3017 1466 3084 illustri,
1525 3017 1712 3086 scripsi
1765 3028 1819 3074 et
1847 3020 2160 3090 subscripsi,
2193 3025 2264 3076 si-

680 3123 951 3176 gnumque
980 3109 1153 3161 crucis
1183 3107 1342 3161 adﬁxi
1376 3108 1436 3178 οῖ’.

1423 3224 1512 3280 ιν.

684 3333 880 3406 Charta
918 3349 1019 3406 q_t_ia
1059 3331 1279 3402 Pipinus
1317 3343 1363 3388 ει
1406 3333 1719 3404 I’leclrudis,
1754 3354 1885 3390 uror
1915 3341 2045 3406 ejus,
2081 3357 2265 3394 conce-

755 3404 881 3482 dant
930 3403 1661 3482 Epl_eriiocensi_rinoitaslcrio
1709 3403 2058 3462 interﬁcit—item
2108 3414 2266 3482 ipsius

760 3475 1038 3541 Epternaci
1065 3484 1088 3508 εί
1119 3477 1268 3545 (ann.
1294 3474 1448 3545 706).

762 3585 876 3654 Ego
903 3587 955 3640 in
988 3586 1080 3642 Dei
1122 3589 1358 3653 nomine,
1419 3588 1644 3644 inluster
1694 3593 1777 3645 vir
1835 3593 2072 3662 l’ipinus,
2132 3596 2272 3651 ﬁlius

699 3675 952 3745 Ansgisili
976 3679 1268 3745 quondam,
1299 3695 1396 3734 nec
1444 3697 1550 3735 non
1607 3683 1827 3737 illustris
1879 3696 2118 3740 matrona
2152 3705 2270 3743 mea

691 3768 1010 3834 l'leetrudis,
1043 3769 1150 3823 ﬁlia
1200 3770 1491 3839 llugoberti
1520 3774 1810 3842 quondam,
1863 3779 2154 3845 cogitantes
2184 3795 2273 3834 ca-

689 3875 811 3913 sum
846 3865 1091 3914 humanne
1120 3859 1423 3933 fragilitatis
1445 3865 1673 3932 qualiter
1702 3877 1913 3934 peccata
1940 3879 2119 3922 nostra
2154 3885 2275 3936 pos-

693 3967 879 4006 sumus
935 3954 1178 4019 abluere,
1208 3961 1262 4007 et
1289 3954 1520 4010 donante
1557 3957 1781 4012 Domino
1813 3960 1877 4012 ad
1908 3971 2108 4014 aeterna
2143 3978 2271 4031 gau-

691 4044 778 4096 iiia
811 4043 1131 4110 pervenire;
1175 4043 1396 4109 idcirco,
1425 4045 1496 4100 ob
1526 4047 1782 4102 honorem
1838 4050 2049 4103 Domini
2106 4051 2273 4106 nostri

689 4138 817 4192 Jesu
859 4138 1082 4201 Christi,
1111 4137 1377 4193 donamus
1431 4139 1794 4211 donatumque
1852 4144 1901 4196 in
1959 4154 2275 4213 perpetumn

688 4244 813 4284 esse
839 4229 1085 4284 volumus
1112 4229 1178 4284 ad
1225 4233 1609 4286 monasterium
1664 4233 1805 4303 quod
1840 4246 1920 4290 est
1967 4238 2018 4291 in
2073 4240 2275 4295 honore

693 4323 1049 4378 sanctissima:
1119 4322 1396 4377 Trinitatis
1455 4334 1509 4378 et
1560 4325 1936 4395 Apostolorum
2002 4330 2142 4387 Petri
2223 4344 2278 4389 et

691 4417 866 4482 l‘auli,
895 4428 949 4472 et
1005 4419 1175 4472 sancti
1229 4418 1450 4474 Joannis
1509 4421 1780 4490 Baptistae,
1838 4425 1887 4477 in
1932 4426 2050 4480 loco
2080 4443 2276 4498 cogno-

695 4520 879 4563 mento
910 4509 1230 4578 Epternaco,
1265 4512 1316 4564 in
1347 4526 1480 4580 pago
1513 4513 1761 4580 Bedensi,
1797 4530 1958 4585 Super
1985 4516 2147 4574 ﬂuvio
2176 4522 2278 4576 Su-

699 4619 779 4664 ra,
809 4603 862 4656 in
895 4619 951 4658 re
977 4607 1317 4673 proprietatis
1342 4618 1540 4661 nostra:
1570 4609 1924 4677 aediﬁcatum,
1957 4615 2044 4668 ubi
2094 4617 2276 4672 decer-
2305 4629 2357 4688 ι)

698 4695 876 4748 i-iuius
903 4704 958 4749 et
985 4699 1360 4754 constituimus
1391 4700 1562 4754 virum
1595 4710 1870 4758 strenuum
1899 4717 1949 4761 et
1985 4706 2075 4762 Dei
2107 4711 2278 4764 culto~

696 4800 810 4837 rem
888 4788 1239 4856 apostolicum
1295 4789 1571 4844 domimnn
1618 4791 2015 4851 \Villibrordum
2073 4801 2282 4868 episco-

702 4892 850 4944 pum,
879 4894 982 4934 una
1013 4895 1134 4936 eum
1169 4891 1343 4936 turma
1372 4883 1756 4941 monachorum
1804 4889 1902 4943 sub
1929 4905 2023 4946 sua
2049 4908 2282 4964 congre-

770 5049 794 5076 τι
828 5039 1210 5112 Fragmentum
1241 5042 1400 5112 hujus
1430 5045 1632 5098 charte
1663 5059 1728 5098 ex
1761 5059 1859 5096 ms.
1898 5045 2280 5112 lipternacensi

699 5110 865 5163 edidit
891 5114 1194 5173 lirowerus,
1224 5110 1414 5168 Annal.
1443 5115 1652 5168 Trevir.
1688 5125 1725 5168 t.
1760 5115 1802 5174 l,
1837 5110 1958 5182 pag:
1981 5117 2112 5180 560,
2143 5121 2282 5172 timid

700 5183 1020 5235 rccuderutit
1050 5182 1315 5256 tiointius,
1348 5187 1539 5239 Annal.
1575 5196 1611 5237 t.
1643 5187 1731 5248 IV,
1761 5201 1879 5253 pag.
1917 5185 2040 5252 M6,
2067 5198 2119 5242 et
2144 5188 2283 5256 Fop-

701 5267 893 5317 penus,
923 5253 1098 5325 suppl.
1125 5254 1189 5307 ad
1221 5257 1395 5320 Opera
1427 5255 1556 5323 dipl.
1592 5256 1778 5317 Mirari,
1808 5265 1844 5308 t.
1883 5256 1949 5321 ll,
1982 5273 2103 5325 pag.
2155 5253 2280 5313 805'.

704 5325 964 5387 Integraui
996 5324 1348 5392 vulgaveruut
1373 5341 1436 5379 ex
1470 5328 1688 5380 archivo
1720 5324 2111 5389 EtiternaCeusi
2161 5332 2284 5383 Cal-

707 5402 904 5457 inettts,
934 5392 1067 5446 llist.
1125 5395 1344 5448 Lothar.
1381 5407 1418 5448 t.
1456 5396 1496 5459 l,
1531 5400 1682 5462 proh.
1715 5400 1820 5449 col.
1855 5398 1952 5461 μὴ
2005 5398 2282 5464 Berthole-

705 5475 808 5534 tus,
845 5464 976 5514 llist.
1006 5465 1268 5519 Luxrmh.
1303 5473 1342 5519 t.
1374 5466 1438 5526 II,
1467 5471 1616 5534 prob.
1655 5484 1772 5533 pag.
1806 5468 1899 5520 “.23.
1929 5477 1980 5520 et
2031 5471 2287 5524 llontbeio

712 5533 895 5608 iii-iiis_,_
931 5534 1307 5608 llist.__Trevir.
1340 5537 1474 5603 dipl.
1498 5549 1534 5590 t.
1572 5539 1611 5599 ι,
1647 5553 1766 5605 pag.
1800 5537 1916 5592 105.
1952 5538 2153 5595 Nomen
2194 5557 2284 5608 pa-

713 5605 807 5654 tris
841 5604 1136 5664 l’lectrudis
1168 5608 1510 5674 ignorabatur
1567 5604 1848 5676 antequam
1894 5611 2130 5671 prodiret
2186 5604 2287 5668 hoc

714 5683 1144 5746 instrumentum,
1207 5687 1260 5727 ut
1319 5679 1776 5746 notatErjtartus,
1839 5679 2029 5734 Fratre.
2089 5683 2282 5738 orient.

715 5742 808 5796 lib.
842 5759 949 5805 xvi,
985 5761 1035 5818 ii.
1067 5746 1158 5798 ‘23.
1191 5746 1444 5818 blinlietas
1501 5742 1604 5802 alia
1660 5750 1936 5818 Epternaci
1990 5766 2130 5806 anno
2183 5758 2286 5808 b'US

714 5828 969 5889 concessa
1000 5816 1167 5868 fuerat
1199 5815 1546 5889 Willibrordo
1575 5821 1641 5872 ab
1673 5815 1885 5880 Irtniua,
1915 5822 2063 5889 cujus
2126 5823 2284 5876 dona-

716 5882 871 5937 tionis
897 5883 1158 5954 i'liartani,
1194 5903 1242 5956 ιι.
1274 5888 1400 5953 ³250,
1433 5905 1589 5958 supra
1616 5891 1968 5946 exhibuimus.

2367 2019 2481 2054 tlllla‘
2509 2014 2668 2072 atque
2697 2006 3013 2076 delegamus
3071 2012 3456 2078 perpetualiter
3508 2015 3557 2067 in
3591 2013 3682 2068 Dei
3741 2017 3954 2071 nomine

2369 2096 2432 2144 ad
2489 2097 2892 2160 possidendum,
2920 2109 2976 2150 ut
3007 2101 3199 2153 ibidem
3233 2104 3282 2155 in
3311 2113 3553 2171 tempore
3582 2122 3674 2171 pro
3708 2108 3955 2160 mercede

2371 2201 2551 2240 nostra
2585 2191 2825 2256 proﬁciat
2858 2193 2908 2244 in
2942 2194 3263 2260 angzneniis,
3297 2210 3358 2248 ea
3423 2199 3628 2252 ratione
3679 2213 3732 2250 ut
3781 2201 3952 2264 ipsum

2371 2282 2758 2334 monasterium
2793 2283 2844 2335 in
2887 2294 3066 2336 nostra
3111 2286 3191 2336 vel
3243 2284 3496 2339 heredum
3528 2302 3828 2341 tiostrnruiii
3862 2291 3888 2341 Ε
3917 2311 3955 2334 ιο

2367 2373 2584 2424 natione
2617 2372 2700 2424 vel
2740 2371 3061 2426 defensioue
3114 2375 3324 2427 inantea
3379 2391 3592 2442 semper
3625 2391 3949 2445 pct'ttia.ie.tt.

2368 2464 2433 2515 lit
2461 2462 2590 2516 illud
2621 2463 2775 2516 nobis
2808 2463 3004 2532 placuit
3029 2464 3399 2530 inserendum,
3434 2483 3477 2520 Si
3505 2468 3660 2522 fuerit
3703 2471 3839 2522 ulius
3887 2470 3954 2523 ut:

2372 2557 2665 2610 heredibus
2697 2559 2918 2621 nostris,
2951 2559 3032 2612 vel
3064 2558 3379 2626 propinquis
3404 2562 3620 2623 noszris,
3647 2579 3738 2615 seu
3769 2564 3956 2629 qua-ii-

2373 2645 2462 2698 bet
2493 2645 2594 2696 ulla
2619 2654 2874 2698 extranea
2902 2655 2994 2700 aut
3023 2647 3270 2714 opposita
3329 2663 3574 2716 persona,
3608 2666 3722 2714 qua:
3768 2663 3953 2704 contra

2373 2735 2512 2790 hanc
2541 2736 2909 2806 donationem,
2941 2751 3100 2805 quam
3132 2752 3228 2790 nos
3259 2738 3410 2806 plena
3439 2748 3492 2793 et
3534 2739 3734 2808 integra
3787 2741 3951 2795 dena-

2375 2830 2521 2881 tione
2545 2843 2640 2894 pro
2674 2832 2870 2882 auium:
2902 2838 3100 2883 nostrce
3134 2831 3372 2885 remedio
3423 2833 3535 2887 ﬁeri
3581 2843 3633 2888 ct
3684 2833 3954 2889 afﬁrmate

2370 2920 2699 2990 rogavimus,
2733 2921 2916 2974 venire
2945 2932 3031 2974 aut
3066 2937 3226 2990 agerc
3255 2927 3554 2988 tentaverit,
3583 2936 3636 2978 et
3666 2925 3777 2992 ip.-a
3798 2927 3952 2979 citar-

2376 3023 2423 3066 ta
2455 3013 2517 3065 ad
2554 3012 2898 3081 relegendum
2928 3015 2974 3066 ei
3024 3023 3238 3066 ostensa
3295 3014 3470 3078 fuerit,
3525 3024 3576 3068 et
3629 3030 3687 3068 se
3737 3031 3798 3068 ex
3853 3018 3956 3068 Iit-(2

2373 3120 2720 3172 Compescere
2751 3105 3010 3169 noluerit,
3045 3105 3292 3173 primitus
3321 3108 3451 3159 iram
3485 3106 3573 3159 Dei
3619 3109 3866 3171 incurrat,
3901 3119 3956 3159 et

2375 3213 2402 3248 a
2433 3196 2712 3249 liminibus
2744 3208 3052 3250 sanctorum
3083 3197 3351 3252 efﬁciatur
3389 3208 3692 3267 extraneos,
3723 3211 3776 3253 et
3824 3199 3958 3262 inle-

2376 3299 2458 3343 rat
2488 3289 2728 3358 partibus
2761 3291 2928 3358 ipsius
2959 3291 3292 3356 monasterii,
3326 3292 3409 3346 vel
3459 3295 3544 3346 cui
3591 3293 3732 3346 litem
3766 3293 3953 3345 iutufeo

2371 3381 2462 3447 rit,
2493 3391 2702 3434 tantum
2731 3391 2785 3436 et
2815 3381 2960 3434 aliud
3017 3391 3222 3435 tantum
3253 3423 3268 3447 ,
3302 3392 3554 3451 quantum
3609 3400 3692 3437 res
3735 3399 3798 3436 eo
3842 3386 3958 3451 ipso

2375 3483 2614 3539 tempore
2645 3474 2977 3526 θιειρὶιοττιιω
3008 3473 3292 3540 valuerint,
3327 3484 3379 3526 et
3409 3475 3620 3538 inferat,
3681 3492 3782 3528 uua
3836 3491 3956 3528 cum

2373 3562 2519 3614 socio
2552 3561 2706 3626 ﬁsco,
2738 3563 2853 3615 auri
2886 3561 3052 3617 libras
3081 3563 3291 3629 decem,
3322 3567 3525 3634 argenti
3573 3567 3744 3634 pondo
3774 3566 3956 3633 viginti

2373 3663 2588 3708 coactus
2622 3656 2895 3720 exsolvat,
2931 3664 2985 3709 et
3015 3655 3156 3724 quod
3188 3657 3381 3726 repetit
3409 3656 3709 3712 evindicare
3740 3675 3843 3712 non
3870 3674 3960 3711 va-

2374 3749 2502 3812 leat,
2533 3748 2628 3802 sed
2663 3763 2897 3814 przesens
2925 3749 3144 3803 donatio
3173 3749 3239 3803 ad
3279 3749 3448 3803 instar
3483 3751 3780 3804 testamenti
3835 3766 3954 3805 cuni

2374 3842 2722 3909 stipulatione
2760 3841 2954 3896 adnixa
2987 3842 3134 3896 omni
3193 3851 3432 3910 tempore
3471 3843 3621 3896 ﬁrma
3665 3844 3958 3900 stabilitate

2375 3936 2550 4001 Capiat
2579 3932 2910 3987 ﬁrmitatem.

2447 4048 2634 4100 Actum
2665 4046 2990 4100 Gaimuudzis
3023 4058 3068 4111 ο,
3105 4046 3336 4115 publice,
3388 4046 3488 4100 sub
3517 4046 3601 4101 die
3651 4049 3802 4101 tertia
3837 4048 3956 4102 ldus

2377 4135 2563 4198 Maias,
2591 4152 2733 4190 anno
2763 4136 3084 4190 duodecimo
3113 4138 3262 4206 regni
3293 4136 3492 4190 dotnini
3523 4137 3691 4192 nostri
3743 4136 3958 4192 Childe-

2376 4230 2513 4286 berti
2543 4228 2916 4298 gloriosissimi
2949 4228 3112 4298 regis.
3139 4229 3354 4297 Pipinus
3376 4238 3429 4284 et
3453 4228 3641 4298 conjux
3669 4229 3785 4295 ejus
3835 4229 3957 4284 Ple-

2378 4322 2603 4376 etrudis.
2649 4351 2708 4362 —
2760 4321 2958 4392 Drogo.
3015 4349 3086 4362 —
3135 4320 3501 4375 Cucbobertus
3555 4324 3851 4390 episcopus.
3887 4353 3956 4362 —

2377 4413 2709 4468 Garebaidus
2753 4415 3061 4482 episcopus.
3094 4441 3164 4452 --
3219 4412 3500 4466 [tertiarius
3545 4412 3843 4479 episcopus.
3887 4443 3961 4457 ~—

2375 4505 2761 4560 Constantinus
2791 4505 3095 4573 episcopus.
3118 4533 3189 4545 —
3209 4504 3494 4572 Josepbus.
3527 4535 3596 4546 —
3628 4503 3962 4561 Winiharius

2383 4600 2688 4668 episcopus.
2715 4628 2784 4637 —
2805 4597 3152 4668 Chariganto.
3183 4628 3251 4640 ——
3280 4598 3502 4668 Agioue.
3549 4628 3618 4638 —
3667 4598 3962 4652 Gt'UtioitJl—

2381 4691 2504 4746 dus.
2532 4721 2601 4734 ι-
2627 4690 2928 4745 Cardiinus.
2959 4689 3750 4760 “lieniedius.-itaimingus,
3776 4690 3963 4760 jussus

2383 4799 2412 4838 a
2439 4785 2624 4853 l‘ipino
2646 4794 2701 4840 et
2733 4784 3035 4851 i‘lectrude,
3067 4785 3257 4855 scripsi
3279 4793 3332 4840 et
3355 4783 3643 4839 llarduino.

2460 5052 2482 5078 ο
2528 5043 2628 5096 Liti
2658 5043 2739 5095 hic
2762 5042 3040 5096 memorati
3065 5042 3142 5094 sic
3167 5040 3302 5097 forte
3333 5040 3607 5106 dicuntur,
3658 5042 3808 5110 quasi
3844 5043 3964 5096 Ine-

2387 5115 2632 5167 tissarum
2685 5123 2948 5166 terrarum
2976 5113 3174 5167 coloni.
3209 5112 3298 5167 Sic
3351 5113 3400 5165 iu
3449 5111 3674 5166 formula
3730 5111 3963 5180 Lindeno

2386 5184 2555 5251 brogii
2581 5182 2669 5236 62.
2699 5187 2764 5236 At
2794 5197 2957 5248 quare
2985 5183 3186 5236 venditi
3212 5184 3233 5233 ?
3264 5182 3400 5236 Num
3432 5190 3584 5236 erant
3634 5196 3709 5236 sci
3724 5183 3812 5236 vi?
3859 5185 3964 5236 bli-

2386 5256 2547 5315 nime,
2583 5267 2703 5307 meo
2723 5254 2940 5318 judicio.
2974 5253 3083 5308 Vox
3109 5255 3212 5306 litis
3243 5253 3524 5322 signiﬁcat,
3557 5252 3639 5307 vel
3696 5263 3862 5308 terras
3892 5257 3964 5306 li-

2388 5328 2448 5378 tis
2461 5325 2714 5379 colendas
2746 5324 2988 5388 traditas,
3015 5324 3096 5377 vel
3120 5337 3312 5378 census
3334 5338 3361 5376 a
3392 5324 3496 5376 litis
3518 5323 3642 5390 ipsis
3670 5325 3962 5391 prrestitos,

2386 5396 2476 5464 qui
2507 5395 2766 5448 letiiiionia
2818 5394 3162 5450 nominantur
3211 5394 3262 5448 in
3315 5393 3666 5447 documentis.
3707 5392 3832 5464 \v‘ide
3861 5394 3966 5446 iiii-

2387 5463 2573 5534 primis
2599 5465 2838 5534 quintam
2890 5480 3145 5520 novarum
3189 5464 3540 5520 formularum
3574 5463 3791 5528 Baluzii,
3824 5464 3968 5519 Can-

2386 5539 2634 5606 giumque
2663 5535 2761 5588 hac
2792 5550 2940 5589 voce.

2461 5617 2485 5647 ο
2527 5606 2860 5671 (ἰυίιιιυιιιῑιιι,
2890 5606 2954 5658 ad
2983 5606 3130 5660 Sane
3158 5613 3212 5658 et
3243 5605 3440 5658 Blossze
3465 5604 3814 5670 conﬂuentes,
3845 5605 3964 5672 jus-

2390 5690 2436 5732 ta
2471 5677 2899 5743 llontbeioiium,
2932 5675 3088 5730 hodie
3118 5676 3414 5739 (iemunda,
3466 5675 3756 5730 Teutonice
3801 5675 3964 5728 Suer-

2389 5749 2708 5817 gemundem,
2743 5747 2894 5802 nobis
2919 5748 3288 5817 Sani-gentium.
3333 5746 3557 5812 (Joujicit
3589 5746 3964 5800 llontheimius

2391 5815 2473 5872 hic
2502 5818 2735 5870 habitum
2765 5818 2924 5870 l'uisSe
2949 5834 2974 5869 a
3003 5815 3185 5884 llipino
3214 5825 3533 5879 conventum
3565 5817 3964 5884 episcoporotzi,

2391 5891 2478 5958 τμη
2511 5890 2626 5941 huic
2661 5887 2821 5955 ip:ius
2853 5887 3128 5941 donationi
3159 5888 3585 5954 subscripserunt
