  <div class='ocr_page' id='page_1' title='image "/cluster/home/n/w/nwhite01/storage/ocr_20150623/88-89/uc1.31175000868714/948.png"; bbox 0 0 4168 6534; ppageno 0'>
   <div class='ocr_carea' id='block_1_1' title="bbox 205 449 287 501">
    <p class='ocr_par' dir='ltr' id='par_1_1' title="bbox 205 449 287 501">
     <span class='ocr_line' id='line_1_1' title="bbox 205 449 287 501; baseline -0.024 0"><span class='ocrx_word' id='word_1_1' title='bbox 205 449 287 501; x_wconf 55' lang='lat' dir='ltr'><strong>Et“</strong></span> 
     </span>
    </p>
   </div>
   <div class='ocr_carea' id='block_1_2' title="bbox 957 554 996 607">
    <p class='ocr_par' dir='ltr' id='par_1_2' title="bbox 957 554 996 607">
     <span class='ocr_line' id='line_1_2' title="bbox 957 554 996 607; baseline 0 0"><span class='ocrx_word' id='word_1_2' title='bbox 957 554 996 607; x_wconf 68' lang='grc' dir='ltr'><strong>Υ</strong></span> 
     </span>
    </p>
   </div>
   <div class='ocr_carea' id='block_1_3' title="bbox 205 651 1768 739">
    <p class='ocr_par' dir='ltr' id='par_1_3' title="bbox 205 651 1768 739">
     <span class='ocr_line' id='line_1_3' title="bbox 205 651 1768 739; baseline -0.016 -11"><span class='ocrx_word' id='word_1_3' title='bbox 205 676 379 728; x_wconf 79' lang='lat' dir='ltr'><strong>Charta</strong></span> <span class='ocrx_word' id='word_1_4' title='bbox 407 688 506 739; x_wconf 84' lang='lat' dir='ltr'><strong>qua</strong></span> <span class='ocrx_word' id='word_1_5' title='bbox 538 667 777 736; x_wconf 72' lang='lat' dir='ltr'><strong>Pipinus,</strong></span> <span class='ocrx_word' id='word_1_6' title='bbox 799 666 939 739; x_wconf 74' lang='lat' dir='ltr'><strong>ﬁlius</strong></span> <span class='ocrx_word' id='word_1_7' title='bbox 968 664 1231 739; x_wconf 66' lang='lat' dir='ltr'><strong>Arrigisilt,</strong></span> <span class='ocrx_word' id='word_1_8' title='bbox 1265 658 1631 739; x_wconf 68' lang='lat' dir='ltr'><strong>monasterium</strong></span> <span class='ocrx_word' id='word_1_9' title='bbox 1665 651 1768 739; x_wconf 59' lang='grc' dir='ltr'><strong>ξι)-</strong></span> 
     </span>
    </p>
   </div>
   <div class='ocr_carea' id='block_1_4' title="bbox 267 725 1770 801">
    <p class='ocr_par' dir='ltr' id='par_1_4' title="bbox 267 725 1770 801">
     <span class='ocr_line' id='line_1_4' title="bbox 267 725 1770 801; baseline -0.013 -6"><span class='ocrx_word' id='word_1_10' title='bbox 267 725 548 795; x_wconf 69' lang='grc' dir='ltr'><strong>ιιινηαέεηςε</strong></span> <span class='ocrx_word' id='word_1_11' title='bbox 577 725 669 791; x_wconf 65' lang='lat' dir='ltr'><strong>sub</strong></span> <span class='ocrx_word' id='word_1_12' title='bbox 710 725 1122 801; x_wconf 51' lang='lat' dir='ltr'><strong>suo&#39;defmtsionc</strong></span> <span class='ocrx_word' id='word_1_13' title='bbox 1165 725 1770 801; x_wconf 32' lang='lat' dir='ltr'><strong>su&#39;scipiltet__{mtrib_us</strong></span> 
     </span>
    </p>
   </div>
   <div class='ocr_carea' id='block_1_5' title="bbox 265 795 1768 880">
    <p class='ocr_par' dir='ltr' id='par_1_5' title="bbox 265 795 1768 880">
     <span class='ocr_line' id='line_1_5' title="bbox 265 795 1768 880; baseline -0.013 -15"><span class='ocrx_word' id='word_1_14' title='bbox 265 814 329 865; x_wconf 79' lang='lat' dir='ltr'><strong>ibi</strong></span> <span class='ocrx_word' id='word_1_15' title='bbox 375 812 696 880; x_wconf 79' lang='lat' dir='ltr'><strong>congregatis</strong></span> <span class='ocrx_word' id='word_1_16' title='bbox 721 795 965 880; x_wconf 55' lang='lat' dir='ltr'><strong>concedit</strong></span> <span class='ocrx_word' id='word_1_17' title='bbox 1026 816 1099 868; x_wconf 83' lang='lat' dir='ltr'><strong>ut,</strong></span> <span class='ocrx_word' id='word_1_18' title='bbox 1137 795 1768 880; x_wconf 40' lang='lat' dir='ltr'><strong>defunctoIi’illibrgr‘d‘o,</strong></span> 
     </span>
    </p>
   </div>
   <div class='ocr_carea' id='block_1_6' title="bbox 269 863 1769 947">
    <p class='ocr_par' dir='ltr' id='par_1_6' title="bbox 269 863 1769 947">
     <span class='ocr_line' id='line_1_6' title="bbox 269 863 1769 947; baseline -0.013 -11"><span class='ocrx_word' id='word_1_19' title='bbox 269 863 359 937; x_wconf 66' lang='lat' dir='ltr'><strong>sibi</strong></span> <span class='ocrx_word' id='word_1_20' title='bbox 382 863 446 935; x_wconf 71' lang='lat' dir='ltr'><strong>ea:</strong></span> <span class='ocrx_word' id='word_1_21' title='bbox 468 863 755 947; x_wconf 50' lang='lat' dir='ltr'><strong>semetipsis</strong></span> <span class='ocrx_word' id='word_1_22' title='bbox 782 863 1096 930; x_wconf 70' lang='lat' dir='ltr'><strong>constituant</strong></span> <span class='ocrx_word' id='word_1_23' title='bbox 1119 863 1352 927; x_wconf 65' lang='lat' dir='ltr'><strong>abbatem</strong></span> <span class='ocrx_word' id='word_1_24' title='bbox 1374 879 1399 905; x_wconf 71' lang='grc'>⁸</span> <span class='ocrx_word' id='word_1_25' title='bbox 1442 870 1583 940; x_wconf 87' lang='lat' dir='ltr'><strong>(ann.</strong></span> <span class='ocrx_word' id='word_1_26' title='bbox 1618 863 1769 931; x_wconf 80' lang='grc'><strong>⁸706).</strong></span> 
     </span>
    </p>
   </div>
   <div class='ocr_carea' id='block_1_7' title="bbox 268 986 1773 1065">
    <p class='ocr_par' dir='ltr' id='par_1_7' title="bbox 268 986 1773 1065">
     <span class='ocr_line' id='line_1_7' title="bbox 268 986 1773 1065; baseline -0.007 -15"><span class='ocrx_word' id='word_1_27' title='bbox 268 997 492 1065; x_wconf 86' lang='lat' dir='ltr'><strong>Semper</strong></span> <span class='ocrx_word' id='word_1_28' title='bbox 518 993 757 1047; x_wconf 86' lang='lat' dir='ltr'><strong>humana</strong></span> <span class='ocrx_word' id='word_1_29' title='bbox 788 989 1045 1057; x_wconf 88' lang='lat' dir='ltr'><strong>fragilitas</strong></span> <span class='ocrx_word' id='word_1_30' title='bbox 1068 1001 1225 1041; x_wconf 87' lang='lat' dir='ltr'><strong>casus</strong></span> <span class='ocrx_word' id='word_1_31' title='bbox 1254 986 1585 1041; x_wconf 73' lang='lat' dir='ltr'><strong>inevitabiles</strong></span> <span class='ocrx_word' id='word_1_32' title='bbox 1612 986 1773 1039; x_wconf 82' lang='lat' dir='ltr'><strong>debet</strong></span> 
     </span>
    </p>
   </div>
   <div class='ocr_carea' id='block_1_8' title="bbox 206 1075 1776 1159">
    <p class='ocr_par' dir='ltr' id='par_1_8' title="bbox 206 1075 1776 1159">
     <span class='ocr_line' id='line_1_8' title="bbox 206 1075 1776 1159; baseline -0.004 -22"><span class='ocrx_word' id='word_1_33' title='bbox 206 1086 549 1159; x_wconf 71' lang='lat' dir='ltr'><strong>perpendere,</strong></span> <span class='ocrx_word' id='word_1_34' title='bbox 572 1093 630 1138; x_wconf 94' lang='lat' dir='ltr'><strong>ut</strong></span> <span class='ocrx_word' id='word_1_35' title='bbox 646 1080 1079 1151; x_wconf 91' lang='lat' dir='ltr'><strong>quandoquidem</strong></span> <span class='ocrx_word' id='word_1_36' title='bbox 1103 1079 1378 1148; x_wconf 84' lang='lat' dir='ltr'><strong>repentina</strong></span> <span class='ocrx_word' id='word_1_37' title='bbox 1404 1075 1776 1147; x_wconf 73' lang='lat' dir='ltr'><strong>supervenerit</strong></span> 
     </span>
    </p>
   </div>
   <div class='ocr_carea' id='block_1_9' title="bbox 206 1168 1773 1245">
    <p class='ocr_par' dir='ltr' id='par_1_9' title="bbox 206 1168 1773 1245">
     <span class='ocr_line' id='line_1_9' title="bbox 206 1168 1773 1245; baseline -0.008 -11"><span class='ocrx_word' id='word_1_38' title='bbox 206 1178 562 1245; x_wconf 83' lang='lat' dir='ltr'><strong>transpositio,</strong></span> <span class='ocrx_word' id='word_1_39' title='bbox 592 1191 697 1229; x_wconf 90' lang='lat' dir='ltr'><strong>non</strong></span> <span class='ocrx_word' id='word_1_40' title='bbox 733 1174 930 1227; x_wconf 89' lang='lat' dir='ltr'><strong>habeat</strong></span> <span class='ocrx_word' id='word_1_41' title='bbox 987 1172 1037 1226; x_wconf 91' lang='lat' dir='ltr'><strong>in</strong></span> <span class='ocrx_word' id='word_1_42' title='bbox 1067 1170 1223 1225; x_wconf 91' lang='lat' dir='ltr'><strong>nobis</strong></span> <span class='ocrx_word' id='word_1_43' title='bbox 1251 1169 1388 1239; x_wconf 89' lang='lat' dir='ltr'><strong>quod</strong></span> <span class='ocrx_word' id='word_1_44' title='bbox 1422 1168 1627 1239; x_wconf 87' lang='lat' dir='ltr'><strong>puniat,</strong></span> <span class='ocrx_word' id='word_1_45' title='bbox 1681 1168 1773 1221; x_wconf 85' lang='lat' dir='ltr'><strong>sed</strong></span> 
     </span>
    </p>
   </div>
   <div class='ocr_carea' id='block_1_10' title="bbox 206 1260 1771 1337">
    <p class='ocr_par' dir='ltr' id='par_1_10' title="bbox 206 1260 1771 1337">
     <span class='ocr_line' id='line_1_10' title="bbox 206 1260 1771 1337; baseline -0.009 -12"><span class='ocrx_word' id='word_1_46' title='bbox 206 1270 428 1325; x_wconf 84' lang='lat' dir='ltr'><strong>inveniat</strong></span> <span class='ocrx_word' id='word_1_47' title='bbox 464 1267 603 1337; x_wconf 91' lang='lat' dir='ltr'><strong>quod</strong></span> <span class='ocrx_word' id='word_1_48' title='bbox 654 1272 901 1333; x_wconf 76' lang='lat' dir='ltr'><strong>coronet,</strong></span> <span class='ocrx_word' id='word_1_49' title='bbox 956 1262 1103 1332; x_wconf 85' lang='lat' dir='ltr'><strong>juxta</strong></span> <span class='ocrx_word' id='word_1_50' title='bbox 1155 1262 1463 1315; x_wconf 75' lang='lat' dir='ltr'><strong>mandatum</strong></span> <span class='ocrx_word' id='word_1_51' title='bbox 1519 1260 1771 1315; x_wconf 84' lang='lat' dir='ltr'><strong>Domini:</strong></span> 
     </span>
    </p>
   </div>
   <div class='ocr_carea' id='block_1_11' title="bbox 208 1355 1773 1424">
    <p class='ocr_par' dir='ltr' id='par_1_11' title="bbox 208 1355 1773 1424">
     <span class='ocr_line' id='line_1_11' title="bbox 208 1355 1773 1424; baseline -0.009 -8"><span class='ocrx_word' id='word_1_52' title='bbox 208 1363 331 1416; x_wconf 81' lang='lat' dir='ltr'><strong>Date</strong></span> <span class='ocrx_word' id='word_1_53' title='bbox 361 1371 407 1415; x_wconf 83' lang='lat' dir='ltr'><strong>et</strong></span> <span class='ocrx_word' id='word_1_54' title='bbox 441 1361 644 1413; x_wconf 80' lang='lat' dir='ltr'><strong>dabitur</strong></span> <span class='ocrx_word' id='word_1_55' title='bbox 666 1360 841 1423; x_wconf 74' lang='lat' dir='ltr'><strong>vobis;</strong></span> <span class='ocrx_word' id='word_1_56' title='bbox 874 1366 927 1413; x_wconf 88' lang='lat' dir='ltr'><strong>et</strong></span> <span class='ocrx_word' id='word_1_57' title='bbox 956 1356 1083 1411; x_wconf 90' lang='lat' dir='ltr'><strong>illud</strong></span> <span class='ocrx_word' id='word_1_58' title='bbox 1118 1374 1128 1409; x_wconf 91' lang='lat'><strong>:</strong></span> <span class='ocrx_word' id='word_1_59' title='bbox 1168 1355 1347 1408; x_wconf 78' lang='lat' dir='ltr'><strong>Facite</strong></span> <span class='ocrx_word' id='word_1_60' title='bbox 1382 1357 1773 1424; x_wconf 75' lang='lat' dir='ltr'><strong>elcemosynmn,</strong></span> 
     </span>
    </p>
   </div>
   <div class='ocr_carea' id='block_1_12' title="bbox 205 1445 1777 1517">
    <p class='ocr_par' dir='ltr' id='par_1_12' title="bbox 205 1445 1777 1517">
     <span class='ocr_line' id='line_1_12' title="bbox 205 1445 1777 1517; baseline -0.007 -10"><span class='ocrx_word' id='word_1_61' title='bbox 205 1467 247 1508; x_wconf 84' lang='lat' dir='ltr'><strong>et</strong></span> <span class='ocrx_word' id='word_1_62' title='bbox 273 1455 441 1506; x_wconf 85' lang='lat' dir='ltr'><strong>omnia</strong></span> <span class='ocrx_word' id='word_1_63' title='bbox 474 1453 663 1505; x_wconf 84' lang='lat' dir='ltr'><strong>munda</strong></span> <span class='ocrx_word' id='word_1_64' title='bbox 686 1461 803 1504; x_wconf 78' lang='lat' dir='ltr'><strong>sunt</strong></span> <span class='ocrx_word' id='word_1_65' title='bbox 832 1451 990 1503; x_wconf 82' lang='lat' dir='ltr'><strong>vobis.</strong></span> <span class='ocrx_word' id='word_1_66' title='bbox 1019 1450 1224 1505; x_wconf 78' lang='lat' dir='ltr'><strong>Idcirco</strong></span> <span class='ocrx_word' id='word_1_67' title='bbox 1253 1463 1351 1517; x_wconf 79' lang='lat' dir='ltr'><strong>ego</strong></span> <span class='ocrx_word' id='word_1_68' title='bbox 1378 1448 1428 1500; x_wconf 91' lang='lat' dir='ltr'><strong>in</strong></span> <span class='ocrx_word' id='word_1_69' title='bbox 1461 1446 1552 1500; x_wconf 81' lang='lat' dir='ltr'><strong>Dei</strong></span> <span class='ocrx_word' id='word_1_70' title='bbox 1606 1445 1777 1499; x_wconf 82' lang='lat' dir='ltr'><strong>nomi-</strong></span> 
     </span>
    </p>
   </div>
   <div class='ocr_carea' id='block_1_13' title="bbox 206 1537 1776 1612">
    <p class='ocr_par' dir='ltr' id='par_1_13' title="bbox 206 1537 1776 1612">
     <span class='ocr_line' id='line_1_13' title="bbox 206 1537 1776 1612; baseline -0.011 -10"><span class='ocrx_word' id='word_1_71' title='bbox 206 1548 497 1602; x_wconf 75' lang='lat' dir='ltr'><strong>neilluster</strong></span> <span class='ocrx_word' id='word_1_72' title='bbox 536 1544 618 1598; x_wconf 90' lang='lat' dir='ltr'><strong>vir</strong></span> <span class='ocrx_word' id='word_1_73' title='bbox 657 1545 934 1612; x_wconf 80' lang='lat' dir='ltr'><strong>Pippinus,</strong></span> <span class='ocrx_word' id='word_1_74' title='bbox 992 1541 1133 1595; x_wconf 85' lang='lat' dir='ltr'><strong>filius</strong></span> <span class='ocrx_word' id='word_1_75' title='bbox 1185 1540 1436 1609; x_wconf 83' lang='lat' dir='ltr'><strong>Ansgisili</strong></span> <span class='ocrx_word' id='word_1_76' title='bbox 1486 1537 1776 1608; x_wconf 85' lang='lat' dir='ltr'><strong>quondam,</strong></span> 
     </span>
    </p>
   </div>
   <div class='ocr_carea' id='block_1_14' title="bbox 207 1627 1777 1691">
    <p class='ocr_par' dir='ltr' id='par_1_14' title="bbox 207 1627 1777 1691">
     <span class='ocr_line' id='line_1_14' title="bbox 207 1627 1777 1691; baseline -0.008 0"><span class='ocrx_word' id='word_1_77' title='bbox 207 1653 298 1691; x_wconf 86' lang='lat' dir='ltr'><strong>nec</strong></span> <span class='ocrx_word' id='word_1_78' title='bbox 329 1652 435 1691; x_wconf 92' lang='lat' dir='ltr'><strong>non</strong></span> <span class='ocrx_word' id='word_1_79' title='bbox 465 1646 523 1691; x_wconf 92' lang='lat' dir='ltr'><strong>et</strong></span> <span class='ocrx_word' id='word_1_80' title='bbox 570 1632 791 1687; x_wconf 78' lang='lat' dir='ltr'><strong>illustris</strong></span> <span class='ocrx_word' id='word_1_81' title='bbox 824 1643 1071 1685; x_wconf 68' lang='lat' dir='ltr'><strong>matrona</strong></span> <span class='ocrx_word' id='word_1_82' title='bbox 1121 1646 1241 1685; x_wconf 89' lang='lat' dir='ltr'><strong>mea</strong></span> <span class='ocrx_word' id='word_1_83' title='bbox 1300 1628 1615 1691; x_wconf 83' lang='lat' dir='ltr'><strong>Plectrndis,</strong></span> <span class='ocrx_word' id='word_1_84' title='bbox 1673 1627 1777 1679; x_wconf 86' lang='lat' dir='ltr'><strong>filia</strong></span> 
     </span>
    </p>
   </div>
   <div class='ocr_carea' id='block_1_15' title="bbox 207 1719 1782 1795">
    <p class='ocr_par' dir='ltr' id='par_1_15' title="bbox 207 1719 1782 1795">
     <span class='ocr_line' id='line_1_15' title="bbox 207 1719 1782 1795; baseline -0.007 -13"><span class='ocrx_word' id='word_1_85' title='bbox 207 1726 492 1795; x_wconf 79' lang='lat' dir='ltr'><strong>llugoberti</strong></span> <span class='ocrx_word' id='word_1_86' title='bbox 522 1726 810 1793; x_wconf 81' lang='lat' dir='ltr'><strong>quondam,</strong></span> <span class='ocrx_word' id='word_1_87' title='bbox 844 1724 1141 1791; x_wconf 73' lang='lat' dir='ltr'><strong>cogitantes</strong></span> <span class='ocrx_word' id='word_1_88' title='bbox 1188 1736 1364 1774; x_wconf 83' lang='lat' dir='ltr'><strong>casum</strong></span> <span class='ocrx_word' id='word_1_89' title='bbox 1402 1722 1643 1774; x_wconf 67' lang='lat' dir='ltr'><strong>humana:</strong></span> <span class='ocrx_word' id='word_1_90' title='bbox 1676 1719 1782 1772; x_wconf 88' lang='lat' dir='ltr'><strong>fra-</strong></span> 
     </span>
    </p>
   </div>
   <div class='ocr_carea' id='block_1_16' title="bbox 207 1811 1775 1887">
    <p class='ocr_par' dir='ltr' id='par_1_16' title="bbox 207 1811 1775 1887">
     <span class='ocr_line' id='line_1_16' title="bbox 207 1811 1775 1887; baseline -0.005 -17"><span class='ocrx_word' id='word_1_91' title='bbox 207 1818 438 1887; x_wconf 86' lang='lat' dir='ltr'><strong>gilitatis,</strong></span> <span class='ocrx_word' id='word_1_92' title='bbox 469 1817 697 1885; x_wconf 77' lang='lat' dir='ltr'><strong>qualiter</strong></span> <span class='ocrx_word' id='word_1_93' title='bbox 738 1824 950 1884; x_wconf 89' lang='lat' dir='ltr'><strong>peccata</strong></span> <span class='ocrx_word' id='word_1_94' title='bbox 1000 1821 1181 1867; x_wconf 88' lang='lat' dir='ltr'><strong>nostra</strong></span> <span class='ocrx_word' id='word_1_95' title='bbox 1214 1828 1488 1880; x_wconf 71' lang='lat' dir='ltr'><strong>possemus</strong></span> <span class='ocrx_word' id='word_1_96' title='bbox 1540 1811 1775 1873; x_wconf 89' lang='lat' dir='ltr'><strong>abluere,</strong></span> 
     </span>
    </p>
   </div>
   <div class='ocr_carea' id='block_1_17' title="bbox 802 424 3447 494">
    <p class='ocr_par' dir='ltr' id='par_1_17' title="bbox 802 424 3447 494">
     <span class='ocr_line' id='line_1_17' title="bbox 802 424 3447 494; baseline -0.007 -2"><span class='ocrx_word' id='word_1_97' title='bbox 802 436 1204 494; x_wconf 68' lang='lat' dir='ltr'><strong>ntrLouan</strong></span> <span class='ocrx_word' id='word_1_98' title='bbox 1242 434 1328 485; x_wconf 59' lang='lat' dir='ltr'><strong>an</strong></span> <span class='ocrx_word' id='word_1_99' title='bbox 1368 435 1427 485; x_wconf 86' lang='lat' dir='ltr'><strong>s.</strong></span> <span class='ocrx_word' id='word_1_100' title='bbox 1470 424 2004 484; x_wconf 76' lang='lat' dir='ltr'><strong>thuuttottouu</strong></span> <span class='ocrx_word' id='word_1_101' title='bbox 2053 428 2182 481; x_wconf 68' lang='grc' dir='ltr'><strong>γει</strong></span> <span class='ocrx_word' id='word_1_102' title='bbox 2223 429 2310 482; x_wconf 74' lang='lat' dir='ltr'><strong>an</strong></span> <span class='ocrx_word' id='word_1_103' title='bbox 2353 429 2438 484; x_wconf 71' lang='lat' dir='ltr'><strong>eo</strong></span> <span class='ocrx_word' id='word_1_104' title='bbox 2476 428 2814 484; x_wconf 72' lang='lat' dir='ltr'><strong>COLLATA.</strong></span> <span class='ocrx_word' id='word_1_105' title='bbox 3341 432 3447 484; x_wconf 43' lang='grc' dir='ltr'><strong>δάε</strong></span> 
     </span>
    </p>
   </div>
   <div class='ocr_carea' id='block_1_18' title="bbox 1803 540 3449 605">
    <p class='ocr_par' dir='ltr' id='par_1_18' title="bbox 1803 540 3449 605">
     <span class='ocr_line' id='line_1_18' title="bbox 1803 540 3449 605; baseline 0.005 -10"><span class='ocrx_word' id='word_1_106' title='bbox 1803 540 1850 595; x_wconf 80' lang='grc' dir='ltr'><strong>Α</strong></span> <span class='ocrx_word' id='word_1_107' title='bbox 1883 540 2121 597; x_wconf 89' lang='lat' dir='ltr'><strong>incurrat</strong></span> <span class='ocrx_word' id='word_1_108' title='bbox 2152 544 2439 605; x_wconf 83' lang='lat' dir='ltr'><strong>offensam,</strong></span> <span class='ocrx_word' id='word_1_109' title='bbox 2472 555 2524 599; x_wconf 91' lang='lat' dir='ltr'><strong>ct</strong></span> <span class='ocrx_word' id='word_1_110' title='bbox 2553 561 2581 597; x_wconf 89' lang='lat' dir='ltr'><strong>a</strong></span> <span class='ocrx_word' id='word_1_111' title='bbox 2616 546 2887 600; x_wconf 86' lang='lat' dir='ltr'><strong>liminibus</strong></span> <span class='ocrx_word' id='word_1_112' title='bbox 2918 560 3225 601; x_wconf 80' lang='lat' dir='ltr'><strong>sanctorum</strong></span> <span class='ocrx_word' id='word_1_113' title='bbox 3253 551 3449 603; x_wconf 82' lang='lat' dir='ltr'><strong>cilicia-</strong></span> 
     </span>
    </p>
   </div>
   <div class='ocr_carea' id='block_1_19' title="bbox 1876 634 3446 706">
    <p class='ocr_par' dir='ltr' id='par_1_19' title="bbox 1876 634 3446 706">
     <span class='ocr_line' id='line_1_19' title="bbox 1876 634 3446 706; baseline 0.004 -22"><span class='ocrx_word' id='word_1_114' title='bbox 1876 644 1957 686; x_wconf 91' lang='lat' dir='ltr'><strong>tur</strong></span> <span class='ocrx_word' id='word_1_115' title='bbox 1983 646 2267 689; x_wconf 87' lang='lat' dir='ltr'><strong>cxtraneus</strong></span> <span class='ocrx_word' id='word_1_116' title='bbox 2297 644 2350 689; x_wconf 88' lang='lat' dir='ltr'><strong>et</strong></span> <span class='ocrx_word' id='word_1_117' title='bbox 2412 635 2629 703; x_wconf 84' lang='lat' dir='ltr'><strong>insuper</strong></span> <span class='ocrx_word' id='word_1_118' title='bbox 2684 634 2875 689; x_wconf 88' lang='lat' dir='ltr'><strong>inferat</strong></span> <span class='ocrx_word' id='word_1_119' title='bbox 2919 636 3157 702; x_wconf 84' lang='lat' dir='ltr'><strong>partibus</strong></span> <span class='ocrx_word' id='word_1_120' title='bbox 3210 637 3446 706; x_wconf 81' lang='lat' dir='ltr'><strong>ejusdem</strong></span> 
     </span>
    </p>
   </div>
   <div class='ocr_carea' id='block_1_20' title="bbox 1875 724 3445 792">
    <p class='ocr_par' dir='ltr' id='par_1_20' title="bbox 1875 724 3445 792">
     <span class='ocr_line' id='line_1_20' title="bbox 1875 724 3445 792; baseline 0.003 -15"><span class='ocrx_word' id='word_1_121' title='bbox 1875 724 1996 788; x_wconf 87' lang='lat' dir='ltr'><strong>loci,</strong></span> <span class='ocrx_word' id='word_1_122' title='bbox 2019 734 2072 777; x_wconf 91' lang='lat' dir='ltr'><strong>et</strong></span> <span class='ocrx_word' id='word_1_123' title='bbox 2098 725 2350 778; x_wconf 79' lang='lat' dir='ltr'><strong>fratribus</strong></span> <span class='ocrx_word' id='word_1_124' title='bbox 2382 734 2506 778; x_wconf 92' lang='lat' dir='ltr'><strong>tunc</strong></span> <span class='ocrx_word' id='word_1_125' title='bbox 2537 732 2779 792; x_wconf 87' lang='lat' dir='ltr'><strong>tempore</strong></span> <span class='ocrx_word' id='word_1_126' title='bbox 2813 724 3007 778; x_wconf 84' lang='lat' dir='ltr'><strong>ibidem</strong></span> <span class='ocrx_word' id='word_1_127' title='bbox 3066 727 3445 791; x_wconf 76' lang='lat' dir='ltr'><strong>servientibus,</strong></span> 
     </span>
    </p>
   </div>
   <div class='ocr_carea' id='block_1_21' title="bbox 1875 815 3450 885">
    <p class='ocr_par' dir='ltr' id='par_1_21' title="bbox 1875 815 3450 885">
     <span class='ocr_line' id='line_1_21' title="bbox 1875 815 3450 885; baseline -0.002 -13"><span class='ocrx_word' id='word_1_128' title='bbox 1875 826 1967 872; x_wconf 90' lang='lat' dir='ltr'><strong>aut</strong></span> <span class='ocrx_word' id='word_1_129' title='bbox 1993 816 2077 871; x_wconf 90' lang='lat' dir='ltr'><strong>cui</strong></span> <span class='ocrx_word' id='word_1_130' title='bbox 2110 816 2255 869; x_wconf 90' lang='lat' dir='ltr'><strong>litem</strong></span> <span class='ocrx_word' id='word_1_131' title='bbox 2283 816 2545 880; x_wconf 82' lang='lat' dir='ltr'><strong>intulerit,</strong></span> <span class='ocrx_word' id='word_1_132' title='bbox 2574 823 2775 869; x_wconf 86' lang='lat' dir='ltr'><strong>tantum</strong></span> <span class='ocrx_word' id='word_1_133' title='bbox 2802 826 2856 870; x_wconf 89' lang='lat' dir='ltr'><strong>et</strong></span> <span class='ocrx_word' id='word_1_134' title='bbox 2885 815 3028 869; x_wconf 92' lang='lat' dir='ltr'><strong>aliud</strong></span> <span class='ocrx_word' id='word_1_135' title='bbox 3054 825 3255 870; x_wconf 87' lang='lat' dir='ltr'><strong>tantum</strong></span> <span class='ocrx_word' id='word_1_136' title='bbox 3284 834 3450 885; x_wconf 85' lang='lat' dir='ltr'><strong>quau-</strong></span> 
     </span>
    </p>
   </div>
   <div class='ocr_carea' id='block_1_22' title="bbox 1877 906 3450 975">
    <p class='ocr_par' dir='ltr' id='par_1_22' title="bbox 1877 906 3450 975">
     <span class='ocr_line' id='line_1_22' title="bbox 1877 906 3450 975; baseline 0.001 -15"><span class='ocrx_word' id='word_1_137' title='bbox 1877 918 1985 961; x_wconf 92' lang='lat' dir='ltr'><strong>tum</strong></span> <span class='ocrx_word' id='word_1_138' title='bbox 2016 922 2103 961; x_wconf 91' lang='lat' dir='ltr'><strong>res</strong></span> <span class='ocrx_word' id='word_1_139' title='bbox 2136 906 2265 974; x_wconf 78' lang='lat' dir='ltr'><strong>ipsze</strong></span> <span class='ocrx_word' id='word_1_140' title='bbox 2317 920 2382 960; x_wconf 87' lang='lat' dir='ltr'><strong>eo</strong></span> <span class='ocrx_word' id='word_1_141' title='bbox 2436 915 2679 975; x_wconf 89' lang='lat' dir='ltr'><strong>tempore</strong></span> <span class='ocrx_word' id='word_1_142' title='bbox 2705 906 3029 960; x_wconf 70' lang='lat' dir='ltr'><strong>etnelioratrc</strong></span> <span class='ocrx_word' id='word_1_143' title='bbox 3060 907 3345 975; x_wconf 87' lang='lat' dir='ltr'><strong>valuerint,</strong></span> <span class='ocrx_word' id='word_1_144' title='bbox 3398 916 3450 962; x_wconf 89' lang='lat' dir='ltr'><strong>et</strong></span> 
     </span>
    </p>
   </div>
   <div class='ocr_carea' id='block_1_23' title="bbox 1877 998 3447 1069">
    <p class='ocr_par' dir='ltr' id='par_1_23' title="bbox 1877 998 3447 1069">
     <span class='ocr_line' id='line_1_23' title="bbox 1877 998 3447 1069; baseline -0.001 -16"><span class='ocrx_word' id='word_1_145' title='bbox 1877 999 2095 1069; x_wconf 82' lang='lat' dir='ltr'><strong>insuper</strong></span> <span class='ocrx_word' id='word_1_146' title='bbox 2124 1000 2337 1063; x_wconf 80' lang='lat' dir='ltr'><strong>inferat,</strong></span> <span class='ocrx_word' id='word_1_147' title='bbox 2369 1014 2487 1052; x_wconf 92' lang='lat' dir='ltr'><strong>cum</strong></span> <span class='ocrx_word' id='word_1_148' title='bbox 2541 1000 2687 1054; x_wconf 87' lang='lat' dir='ltr'><strong>socio</strong></span> <span class='ocrx_word' id='word_1_149' title='bbox 2719 999 2868 1063; x_wconf 76' lang='lat' dir='ltr'><strong>fisco,</strong></span> <span class='ocrx_word' id='word_1_150' title='bbox 2900 998 3015 1052; x_wconf 90' lang='lat' dir='ltr'><strong>auri</strong></span> <span class='ocrx_word' id='word_1_151' title='bbox 3069 998 3231 1052; x_wconf 88' lang='lat' dir='ltr'><strong>libras</strong></span> <span class='ocrx_word' id='word_1_152' title='bbox 3261 1015 3313 1064; x_wconf 84' lang='lat' dir='ltr'><strong>x,</strong></span> <span class='ocrx_word' id='word_1_153' title='bbox 3361 1016 3447 1053; x_wconf 90' lang='lat' dir='ltr'><strong>ar-</strong></span> 
     </span>
    </p>
   </div>
   <div class='ocr_carea' id='block_1_24' title="bbox 1877 1088 3449 1160">
    <p class='ocr_par' dir='ltr' id='par_1_24' title="bbox 1877 1088 3449 1160">
     <span class='ocr_line' id='line_1_24' title="bbox 1877 1088 3449 1160; baseline -0.003 -17"><span class='ocrx_word' id='word_1_154' title='bbox 1877 1091 2021 1160; x_wconf 81' lang='lat' dir='ltr'><strong>genti</strong></span> <span class='ocrx_word' id='word_1_155' title='bbox 2052 1091 2227 1158; x_wconf 90' lang='lat' dir='ltr'><strong>pondo</strong></span> <span class='ocrx_word' id='word_1_156' title='bbox 2263 1106 2353 1155; x_wconf 74' lang='lat' dir='ltr'><strong>xx,</strong></span> <span class='ocrx_word' id='word_1_157' title='bbox 2383 1098 2600 1143; x_wconf 87' lang='lat' dir='ltr'><strong>coactus</strong></span> <span class='ocrx_word' id='word_1_158' title='bbox 2643 1088 2905 1153; x_wconf 78' lang='lat' dir='ltr'><strong>exsolvat,</strong></span> <span class='ocrx_word' id='word_1_159' title='bbox 2960 1096 3014 1140; x_wconf 90' lang='lat' dir='ltr'><strong>et</strong></span> <span class='ocrx_word' id='word_1_160' title='bbox 3072 1088 3213 1153; x_wconf 91' lang='lat' dir='ltr'><strong>quod</strong></span> <span class='ocrx_word' id='word_1_161' title='bbox 3261 1088 3449 1154; x_wconf 81' lang='lat' dir='ltr'><strong>repetit</strong></span> 
     </span>
    </p>
   </div>
   <div class='ocr_carea' id='block_1_25' title="bbox 1879 1177 3449 1247">
    <p class='ocr_par' dir='ltr' id='par_1_25' title="bbox 1879 1177 3449 1247">
     <span class='ocr_line' id='line_1_25' title="bbox 1879 1177 3449 1247; baseline -0.005 -10"><span class='ocrx_word' id='word_1_162' title='bbox 1879 1181 2191 1237; x_wconf 87' lang='lat' dir='ltr'><strong>eviudicare</strong></span> <span class='ocrx_word' id='word_1_163' title='bbox 2241 1196 2348 1238; x_wconf 88' lang='lat' dir='ltr'><strong>nou</strong></span> <span class='ocrx_word' id='word_1_164' title='bbox 2383 1181 2577 1243; x_wconf 89' lang='lat' dir='ltr'><strong>valeat,</strong></span> <span class='ocrx_word' id='word_1_165' title='bbox 2607 1180 2700 1232; x_wconf 89' lang='lat' dir='ltr'><strong>sed</strong></span> <span class='ocrx_word' id='word_1_166' title='bbox 2748 1191 2982 1247; x_wconf 68' lang='lat' dir='ltr'><strong>prmsetts</strong></span> <span class='ocrx_word' id='word_1_167' title='bbox 3011 1177 3361 1241; x_wconf 86' lang='lat' dir='ltr'><strong>confirmatio,</strong></span> <span class='ocrx_word' id='word_1_168' title='bbox 3386 1177 3449 1229; x_wconf 84' lang='lat' dir='ltr'><strong>ad</strong></span> 
     </span>
    </p>
   </div>
   <div class='ocr_carea' id='block_1_26' title="bbox 1879 1269 3449 1341">
    <p class='ocr_par' dir='ltr' id='par_1_26' title="bbox 1879 1269 3449 1341">
     <span class='ocr_line' id='line_1_26' title="bbox 1879 1269 3449 1341; baseline -0.006 -12"><span class='ocrx_word' id='word_1_169' title='bbox 1879 1275 2049 1329; x_wconf 90' lang='lat' dir='ltr'><strong>instar</strong></span> <span class='ocrx_word' id='word_1_170' title='bbox 2072 1274 2396 1339; x_wconf 86' lang='lat' dir='ltr'><strong>testamenti,</strong></span> <span class='ocrx_word' id='word_1_171' title='bbox 2427 1270 2875 1341; x_wconf 69' lang='grc' dir='ltr'><strong>εοιιειὶρυιηιὶοηθ</strong></span> <span class='ocrx_word' id='word_1_172' title='bbox 2905 1269 3117 1336; x_wconf 78' lang='lat' dir='ltr'><strong>adnixa,</strong></span> <span class='ocrx_word' id='word_1_173' title='bbox 3140 1269 3285 1323; x_wconf 91' lang='lat' dir='ltr'><strong>omni</strong></span> <span class='ocrx_word' id='word_1_174' title='bbox 3314 1279 3449 1323; x_wconf 78' lang='lat' dir='ltr'><strong>tam-</strong></span> 
     </span>
    </p>
   </div>
   <div class='ocr_carea' id='block_1_27' title="bbox 1883 1364 3077 1435">
    <p class='ocr_par' dir='ltr' id='par_1_27' title="bbox 1883 1364 3077 1435">
     <span class='ocr_line' id='line_1_27' title="bbox 1883 1364 3077 1435; baseline -0.006 -13"><span class='ocrx_word' id='word_1_175' title='bbox 1883 1382 2012 1435; x_wconf 81' lang='lat' dir='ltr'><strong>pore</strong></span> <span class='ocrx_word' id='word_1_176' title='bbox 2042 1366 2191 1419; x_wconf 87' lang='lat' dir='ltr'><strong>firma</strong></span> <span class='ocrx_word' id='word_1_177' title='bbox 2223 1366 2506 1419; x_wconf 84' lang='lat' dir='ltr'><strong>stabilitate</strong></span> <span class='ocrx_word' id='word_1_178' title='bbox 2536 1365 2711 1433; x_wconf 83' lang='lat' dir='ltr'><strong>capiat</strong></span> <span class='ocrx_word' id='word_1_179' title='bbox 2752 1364 3077 1417; x_wconf 86' lang='lat' dir='ltr'><strong>firmitatem.</strong></span> 
     </span>
    </p>
   </div>
   <div class='ocr_carea' id='block_1_28' title="bbox 1952 1453 3451 1525">
    <p class='ocr_par' dir='ltr' id='par_1_28' title="bbox 1952 1453 3451 1525">
     <span class='ocr_line' id='line_1_28' title="bbox 1952 1453 3451 1525; baseline -0.007 -11"><span class='ocrx_word' id='word_1_180' title='bbox 1952 1462 2143 1514; x_wconf 82' lang='lat' dir='ltr'><strong>Actum</strong></span> <span class='ocrx_word' id='word_1_181' title='bbox 2176 1457 2505 1511; x_wconf 86' lang='lat' dir='ltr'><strong>Gaimundas</strong></span> <span class='ocrx_word' id='word_1_182' title='bbox 2532 1458 2760 1525; x_wconf 84' lang='lat' dir='ltr'><strong>publice,</strong></span> <span class='ocrx_word' id='word_1_183' title='bbox 2793 1455 2893 1510; x_wconf 84' lang='lat' dir='ltr'><strong>sub</strong></span> <span class='ocrx_word' id='word_1_184' title='bbox 2922 1455 3006 1509; x_wconf 91' lang='lat' dir='ltr'><strong>die</strong></span> <span class='ocrx_word' id='word_1_185' title='bbox 3034 1470 3090 1508; x_wconf 84' lang='grc' dir='ltr'>ιιι</span> <span class='ocrx_word' id='word_1_186' title='bbox 3124 1453 3244 1507; x_wconf 90' lang='lat' dir='ltr'><strong>ldus</strong></span> <span class='ocrx_word' id='word_1_187' title='bbox 3266 1453 3451 1516; x_wconf 78' lang='lat' dir='ltr'><strong>Maias,</strong></span> 
     </span>
    </p>
   </div>
   <div class='ocr_carea' id='block_1_29' title="bbox 1884 1546 3456 1619">
    <p class='ocr_par' dir='ltr' id='par_1_29' title="bbox 1884 1546 3456 1619">
     <span class='ocr_line' id='line_1_29' title="bbox 1884 1546 3456 1619; baseline -0.005 -12"><span class='ocrx_word' id='word_1_188' title='bbox 1884 1570 2021 1608; x_wconf 90' lang='lat' dir='ltr'><strong>anno</strong></span> <span class='ocrx_word' id='word_1_189' title='bbox 2056 1570 2129 1608; x_wconf 88' lang='lat' dir='ltr'><strong>xtt</strong></span> <span class='ocrx_word' id='word_1_190' title='bbox 2159 1552 2303 1619; x_wconf 81' lang='lat' dir='ltr'><strong>regni</strong></span> <span class='ocrx_word' id='word_1_191' title='bbox 2333 1550 2514 1605; x_wconf 91' lang='lat' dir='ltr'><strong>domni</strong></span> <span class='ocrx_word' id='word_1_192' title='bbox 2547 1549 2713 1603; x_wconf 89' lang='lat' dir='ltr'><strong>nostri</strong></span> <span class='ocrx_word' id='word_1_193' title='bbox 2741 1548 3070 1603; x_wconf 88' lang='lat' dir='ltr'><strong>Childeberti</strong></span> <span class='ocrx_word' id='word_1_194' title='bbox 3123 1546 3339 1615; x_wconf 80' lang='lat' dir='ltr'><strong>gloriosi</strong></span> <span class='ocrx_word' id='word_1_195' title='bbox 3372 1562 3456 1599; x_wconf 91' lang='lat' dir='ltr'><strong>re-</strong></span> 
     </span>
    </p>
   </div>
   <div class='ocr_carea' id='block_1_30' title="bbox 1882 1638 3443 1716">
    <p class='ocr_par' dir='ltr' id='par_1_30' title="bbox 1882 1638 3443 1716">
     <span class='ocr_line' id='line_1_30' title="bbox 1882 1638 3443 1716; baseline -0.008 -15"><span class='ocrx_word' id='word_1_196' title='bbox 1882 1650 1979 1716; x_wconf 81' lang='lat' dir='ltr'><strong>gis.</strong></span> <span class='ocrx_word' id='word_1_197' title='bbox 2017 1648 2269 1715; x_wconf 76' lang='lat' dir='ltr'><strong>I‘ippiuus</strong></span> <span class='ocrx_word' id='word_1_198' title='bbox 2314 1653 2369 1699; x_wconf 89' lang='lat' dir='ltr'><strong>et</strong></span> <span class='ocrx_word' id='word_1_199' title='bbox 2417 1643 2736 1697; x_wconf 82' lang='lat' dir='ltr'><strong>I’lectrttdis.</strong></span> <span class='ocrx_word' id='word_1_200' title='bbox 2765 1670 2835 1680; x_wconf 94' lang='lat'><strong>—</strong></span> <span class='ocrx_word' id='word_1_201' title='bbox 2864 1641 3024 1709; x_wconf 88' lang='lat' dir='ltr'><strong>Drgo,</strong></span> <span class='ocrx_word' id='word_1_202' title='bbox 3053 1638 3443 1709; x_wconf 80' lang='lat' dir='ltr'><strong>Cliugoberttts,</strong></span> 
     </span>
    </p>
   </div>
   <div class='ocr_carea' id='block_1_31' title="bbox 1886 1719 3457 1801">
    <p class='ocr_par' dir='ltr' id='par_1_31' title="bbox 1886 1719 3457 1801">
     <span class='ocr_line' id='line_1_31' title="bbox 1886 1719 3457 1801; baseline -0.007 -7"><span class='ocrx_word' id='word_1_203' title='bbox 1886 1740 2201 1801; x_wconf 79' lang='lat' dir='ltr'><strong>Gerbaldus,</strong></span> <span class='ocrx_word' id='word_1_204' title='bbox 2236 1738 2546 1799; x_wconf 78' lang='lat' dir='ltr'><strong>Bernarius,</strong></span> <span class='ocrx_word' id='word_1_205' title='bbox 2577 1719 2976 1796; x_wconf 75' lang='lat' dir='ltr'><strong>Constantinus,</strong></span> <span class='ocrx_word' id='word_1_206' title='bbox 3018 1731 3301 1800; x_wconf 77' lang='lat' dir='ltr'><strong>Iosephus,</strong></span> <span class='ocrx_word' id='word_1_207' title='bbox 3335 1731 3457 1800; x_wconf 90' lang='lat' dir='ltr'><strong>epi-</strong></span> 
     </span>
    </p>
   </div>
   <div class='ocr_carea' id='block_1_32' title="bbox 1885 1822 3459 1900">
    <p class='ocr_par' dir='ltr' id='par_1_32' title="bbox 1885 1822 3459 1900">
     <span class='ocr_line' id='line_1_32' title="bbox 1885 1822 3459 1900; baseline -0.008 -15"><span class='ocrx_word' id='word_1_208' title='bbox 1885 1831 2052 1900; x_wconf 82' lang='lat' dir='ltr'><strong>scopi.</strong></span> <span class='ocrx_word' id='word_1_209' title='bbox 2086 1857 2155 1867; x_wconf 90' lang='lat'><strong>—</strong></span> <span class='ocrx_word' id='word_1_210' title='bbox 2182 1826 2549 1882; x_wconf 76' lang='lat' dir='ltr'><strong>Winitltarius.</strong></span> <span class='ocrx_word' id='word_1_211' title='bbox 2580 1855 2648 1864; x_wconf 91' lang='lat'><strong>——</strong></span> <span class='ocrx_word' id='word_1_212' title='bbox 2677 1825 2900 1895; x_wconf 77' lang='lat' dir='ltr'><strong>Agione.</strong></span> <span class='ocrx_word' id='word_1_213' title='bbox 2928 1854 2999 1864; x_wconf 97' lang='lat'>—</span> <span class='ocrx_word' id='word_1_214' title='bbox 3053 1822 3359 1876; x_wconf 69' lang='lat' dir='ltr'><strong>lictuedius.</strong></span> <span class='ocrx_word' id='word_1_215' title='bbox 3388 1851 3459 1861; x_wconf 94' lang='lat'><strong><em>—</em></strong></span> 
     </span>
    </p>
   </div>
   <div class='ocr_carea' id='block_1_33' title="bbox 206 1895 1786 1991">
    <p class='ocr_par' dir='ltr' id='par_1_33' title="bbox 206 1905 1777 1975">
     <span class='ocr_line' id='line_1_33' title="bbox 206 1905 1777 1975; baseline -0.008 -10"><span class='ocrx_word' id='word_1_216' title='bbox 206 1922 251 1965; x_wconf 86' lang='lat' dir='ltr'><strong>Cl</strong></span> <span class='ocrx_word' id='word_1_217' title='bbox 282 1910 387 1965; x_wconf 91' lang='lat' dir='ltr'><strong>Deo</strong></span> <span class='ocrx_word' id='word_1_218' title='bbox 417 1909 651 1963; x_wconf 87' lang='lat' dir='ltr'><strong>donante</strong></span> <span class='ocrx_word' id='word_1_219' title='bbox 682 1908 747 1961; x_wconf 89' lang='lat' dir='ltr'><strong>ad</strong></span> <span class='ocrx_word' id='word_1_220' title='bbox 779 1916 976 1960; x_wconf 67' lang='lat' dir='ltr'><strong>acterna</strong></span> <span class='ocrx_word' id='word_1_221' title='bbox 1008 1906 1199 1975; x_wconf 84' lang='lat' dir='ltr'><strong>gaudia</strong></span> <span class='ocrx_word' id='word_1_222' title='bbox 1232 1905 1554 1973; x_wconf 79' lang='lat' dir='ltr'><strong>pertingere,</strong></span> <span class='ocrx_word' id='word_1_223' title='bbox 1588 1916 1777 1955; x_wconf 86' lang='lat' dir='ltr'><strong>conce-</strong></span> 
     </span>
    </p>
   </div>
   <div class='ocr_carea' id='block_1_34' title="bbox 1891 1895 3459 1991">
    <p class='ocr_par' dir='ltr' id='par_1_34' title="bbox 1891 1895 3459 1991">
     <span class='ocr_line' id='line_1_34' title="bbox 1891 1895 3459 1991; baseline -0.01 -13"><span class='ocrx_word' id='word_1_224' title='bbox 1891 1895 2195 1991; x_wconf 73' lang='lat' dir='ltr'><strong>flamingtts,</strong></span> <span class='ocrx_word' id='word_1_225' title='bbox 2228 1920 2409 1989; x_wconf 81' lang='lat' dir='ltr'><strong>jussus</strong></span> <span class='ocrx_word' id='word_1_226' title='bbox 2439 1933 2467 1969; x_wconf 89' lang='lat' dir='ltr'><strong>a</strong></span> <span class='ocrx_word' id='word_1_227' title='bbox 2497 1917 2721 1988; x_wconf 70' lang='lat' dir='ltr'><strong>l‘ippino</strong></span> <span class='ocrx_word' id='word_1_228' title='bbox 2766 1925 2820 1971; x_wconf 88' lang='lat' dir='ltr'><strong>ct</strong></span> <span class='ocrx_word' id='word_1_229' title='bbox 2848 1914 3126 1970; x_wconf 78' lang='lat' dir='ltr'><strong>Plectrude</strong></span> <span class='ocrx_word' id='word_1_230' title='bbox 3152 1914 3360 1981; x_wconf 85' lang='lat' dir='ltr'><strong>scripsi,</strong></span> <span class='ocrx_word' id='word_1_231' title='bbox 3405 1921 3459 1964; x_wconf 87' lang='lat' dir='ltr'><strong>et</strong></span> 
     </span>
    </p>
   </div>
   <div class='ocr_carea' id='block_1_35' title="bbox 206 1992 1776 2063">
    <p class='ocr_par' dir='ltr' id='par_1_35' title="bbox 206 1992 1776 2063">
     <span class='ocr_line' id='line_1_35' title="bbox 206 1992 1776 2063; baseline -0.006 -12"><span class='ocrx_word' id='word_1_232' title='bbox 206 2001 372 2053; x_wconf 91' lang='lat' dir='ltr'><strong>dimus</strong></span> <span class='ocrx_word' id='word_1_233' title='bbox 404 1999 629 2053; x_wconf 88' lang='lat' dir='ltr'><strong>domino</strong></span> <span class='ocrx_word' id='word_1_234' title='bbox 660 1998 803 2051; x_wconf 82' lang='lat' dir='ltr'><strong>Patri</strong></span> <span class='ocrx_word' id='word_1_235' title='bbox 855 2006 1040 2050; x_wconf 79' lang='lat' dir='ltr'><strong>nostro</strong></span> <span class='ocrx_word' id='word_1_236' title='bbox 1094 1996 1207 2048; x_wconf 86' lang='lat' dir='ltr'><strong>viro</strong></span> <span class='ocrx_word' id='word_1_237' title='bbox 1260 1994 1551 2063; x_wconf 83' lang='lat' dir='ltr'><strong>apostolico</strong></span> <span class='ocrx_word' id='word_1_238' title='bbox 1602 1992 1776 2047; x_wconf 82' lang='lat' dir='ltr'><strong>Willi-</strong></span> 
     </span>
    </p>
   </div>
   <div class='ocr_carea' id='block_1_36' title="bbox 207 2086 1778 2158">
    <p class='ocr_par' dir='ltr' id='par_1_36' title="bbox 207 2086 1778 2158">
     <span class='ocr_line' id='line_1_36' title="bbox 207 2086 1778 2158; baseline -0.004 -14"><span class='ocrx_word' id='word_1_239' title='bbox 207 2091 394 2144; x_wconf 88' lang='lat' dir='ltr'><strong>brordo</strong></span> <span class='ocrx_word' id='word_1_240' title='bbox 426 2090 679 2158; x_wconf 87' lang='lat' dir='ltr'><strong>episcopo</strong></span> <span class='ocrx_word' id='word_1_241' title='bbox 716 2130 730 2154; x_wconf 91' lang='lat'><strong>,</strong></span> <span class='ocrx_word' id='word_1_242' title='bbox 761 2088 828 2141; x_wconf 76' lang='lat' dir='ltr'><strong>de</strong></span> <span class='ocrx_word' id='word_1_243' title='bbox 859 2087 1182 2140; x_wconf 61' lang='lat' dir='ltr'><strong>monasterio</strong></span> <span class='ocrx_word' id='word_1_244' title='bbox 1231 2087 1550 2153; x_wconf 55' lang='lat' dir='ltr'><strong>ltlptcruaco,</strong></span> <span class='ocrx_word' id='word_1_245' title='bbox 1579 2086 1682 2139; x_wconf 88' lang='lat' dir='ltr'><strong>sito</strong></span> <span class='ocrx_word' id='word_1_246' title='bbox 1728 2086 1778 2138; x_wconf 91' lang='lat' dir='ltr'><strong>in</strong></span> 
     </span>
    </p>
   </div>
   <div class='ocr_carea' id='block_1_37' title="bbox 212 2177 1782 2251">
    <p class='ocr_par' dir='ltr' id='par_1_37' title="bbox 212 2177 1782 2251">
     <span class='ocr_line' id='line_1_37' title="bbox 212 2177 1782 2251; baseline -0.004 -15"><span class='ocrx_word' id='word_1_247' title='bbox 212 2196 338 2251; x_wconf 88' lang='lat' dir='ltr'><strong>pago</strong></span> <span class='ocrx_word' id='word_1_248' title='bbox 368 2181 622 2244; x_wconf 81' lang='lat' dir='ltr'><strong>Bedensi,</strong></span> <span class='ocrx_word' id='word_1_249' title='bbox 656 2194 819 2246; x_wconf 82' lang='lat' dir='ltr'><strong>super</strong></span> <span class='ocrx_word' id='word_1_250' title='bbox 845 2179 1006 2234; x_wconf 86' lang='lat' dir='ltr'><strong>fluvio</strong></span> <span class='ocrx_word' id='word_1_251' title='bbox 1036 2178 1193 2245; x_wconf 88' lang='lat' dir='ltr'><strong>Sura,</strong></span> <span class='ocrx_word' id='word_1_252' title='bbox 1221 2181 1361 2245; x_wconf 88' lang='lat' dir='ltr'><strong>quod</strong></span> <span class='ocrx_word' id='word_1_253' title='bbox 1391 2178 1525 2245; x_wconf 86' lang='lat' dir='ltr'><strong>ipse,</strong></span> <span class='ocrx_word' id='word_1_254' title='bbox 1555 2177 1782 2229; x_wconf 89' lang='lat' dir='ltr'><strong>donante</strong></span> 
     </span>
    </p>
   </div>
   <div class='ocr_carea' id='block_1_38' title="bbox 217 2265 1783 2337">
    <p class='ocr_par' dir='ltr' id='par_1_38' title="bbox 217 2265 1783 2337">
     <span class='ocr_line' id='line_1_38' title="bbox 217 2265 1783 2337; baseline -0.004 -12"><span class='ocrx_word' id='word_1_255' title='bbox 217 2272 335 2334; x_wconf 66' lang='lat' dir='ltr'><strong>lit-0,</strong></span> <span class='ocrx_word' id='word_1_256' title='bbox 365 2269 651 2324; x_wconf 71' lang='lat' dir='ltr'><strong>aedificavit</strong></span> <span class='ocrx_word' id='word_1_257' title='bbox 682 2268 735 2321; x_wconf 91' lang='lat' dir='ltr'><strong>in</strong></span> <span class='ocrx_word' id='word_1_258' title='bbox 764 2268 921 2323; x_wconf 87' lang='lat' dir='ltr'><strong>rebus</strong></span> <span class='ocrx_word' id='word_1_259' title='bbox 945 2267 1292 2337; x_wconf 78' lang='lat' dir='ltr'><strong>preprietatis</strong></span> <span class='ocrx_word' id='word_1_260' title='bbox 1320 2276 1535 2331; x_wconf 58' lang='lat' dir='ltr'><strong>nostrae,</strong></span> <span class='ocrx_word' id='word_1_261' title='bbox 1568 2276 1621 2319; x_wconf 91' lang='lat' dir='ltr'><strong>et</strong></span> <span class='ocrx_word' id='word_1_262' title='bbox 1648 2265 1783 2319; x_wconf 90' lang='lat' dir='ltr'><strong>unde</strong></span> 
     </span>
    </p>
   </div>
   <div class='ocr_carea' id='block_1_39' title="bbox 215 2358 1782 2432">
    <p class='ocr_par' dir='ltr' id='par_1_39' title="bbox 215 2358 1782 2432">
     <span class='ocr_line' id='line_1_39' title="bbox 215 2358 1782 2432; baseline -0.006 -14"><span class='ocrx_word' id='word_1_263' title='bbox 215 2365 319 2432; x_wconf 81' lang='lat' dir='ltr'><strong>ipse</strong></span> <span class='ocrx_word' id='word_1_264' title='bbox 374 2360 973 2417; x_wconf 75' lang='lat' dir='ltr'><strong>beatus‘Willibrordus</strong></span> <span class='ocrx_word' id='word_1_265' title='bbox 1019 2370 1395 2414; x_wconf 80' lang='lat' dir='ltr'><strong>testamentum</strong></span> <span class='ocrx_word' id='word_1_266' title='bbox 1424 2358 1782 2423; x_wconf 76' lang='lat' dir='ltr'><strong>confirmavit,</strong></span> 
     </span>
    </p>
   </div>
   <div class='ocr_carea' id='block_1_40' title="bbox 219 2448 1782 2507">
    <p class='ocr_par' dir='ltr' id='par_1_40' title="bbox 219 2448 1782 2507">
     <span class='ocr_line' id='line_1_40' title="bbox 219 2448 1782 2507; baseline -0.004 -2"><span class='ocrx_word' id='word_1_267' title='bbox 219 2463 270 2507; x_wconf 90' lang='lat' dir='ltr'><strong>ut</strong></span> <span class='ocrx_word' id='word_1_268' title='bbox 321 2452 421 2506; x_wconf 90' lang='lat' dir='ltr'><strong>sub</strong></span> <span class='ocrx_word' id='word_1_269' title='bbox 477 2464 663 2505; x_wconf 70' lang='lat' dir='ltr'><strong>neStra</strong></span> <span class='ocrx_word' id='word_1_270' title='bbox 694 2448 1010 2504; x_wconf 73' lang='lat' dir='ltr'><strong>defensione</strong></span> <span class='ocrx_word' id='word_1_271' title='bbox 1043 2449 1363 2503; x_wconf 86' lang='lat' dir='ltr'><strong>haberemus</strong></span> <span class='ocrx_word' id='word_1_272' title='bbox 1410 2464 1472 2502; x_wconf 91' lang='lat' dir='ltr'><strong>ac</strong></span> <span class='ocrx_word' id='word_1_273' title='bbox 1528 2448 1782 2502; x_wconf 82' lang='lat' dir='ltr'><strong>heredum</strong></span> 
     </span>
    </p>
   </div>
   <div class='ocr_carea' id='block_1_41' title="bbox 214 2539 1786 2611">
    <p class='ocr_par' dir='ltr' id='par_1_41' title="bbox 214 2539 1786 2611">
     <span class='ocr_line' id='line_1_41' title="bbox 214 2539 1786 2611; baseline -0.005 -13"><span class='ocrx_word' id='word_1_274' title='bbox 214 2556 534 2599; x_wconf 88' lang='lat' dir='ltr'><strong>nostrorum.</strong></span> <span class='ocrx_word' id='word_1_275' title='bbox 572 2542 718 2598; x_wconf 89' lang='lat' dir='ltr'><strong>Unde</strong></span> <span class='ocrx_word' id='word_1_276' title='bbox 749 2542 949 2611; x_wconf 82' lang='lat' dir='ltr'><strong>placuit</strong></span> <span class='ocrx_word' id='word_1_277' title='bbox 1006 2540 1162 2596; x_wconf 86' lang='lat' dir='ltr'><strong>nobis</strong></span> <span class='ocrx_word' id='word_1_278' title='bbox 1193 2550 1253 2595; x_wconf 92' lang='lat' dir='ltr'><strong>ut</strong></span> <span class='ocrx_word' id='word_1_279' title='bbox 1299 2540 1594 2608; x_wconf 86' lang='lat' dir='ltr'><strong>apostolico</strong></span> <span class='ocrx_word' id='word_1_280' title='bbox 1644 2539 1786 2593; x_wconf 84' lang='lat' dir='ltr'><strong>Patri</strong></span> 
     </span>
    </p>
   </div>
   <div class='ocr_carea' id='block_1_42' title="bbox 213 2630 1789 2701">
    <p class='ocr_par' dir='ltr' id='par_1_42' title="bbox 213 2630 1789 2701">
     <span class='ocr_line' id='line_1_42' title="bbox 213 2630 1789 2701; baseline -0.002 -15"><span class='ocrx_word' id='word_1_281' title='bbox 213 2649 388 2689; x_wconf 69' lang='lat' dir='ltr'><strong>Ithll’O</strong></span> <span class='ocrx_word' id='word_1_282' title='bbox 416 2633 769 2688; x_wconf 85' lang='lat' dir='ltr'><strong>Willibrordo</strong></span> <span class='ocrx_word' id='word_1_283' title='bbox 800 2633 973 2701; x_wconf 85' lang='lat' dir='ltr'><strong>ipsum</strong></span> <span class='ocrx_word' id='word_1_284' title='bbox 1008 2633 1391 2686; x_wconf 65' lang='lat' dir='ltr'><strong>monasterium</strong></span> <span class='ocrx_word' id='word_1_285' title='bbox 1445 2630 1789 2685; x_wconf 85' lang='lat' dir='ltr'><strong>ceufirmare-</strong></span> 
     </span>
    </p>
   </div>
   <div class='ocr_carea' id='block_1_43' title="bbox 214 2721 1789 2795">
    <p class='ocr_par' dir='ltr' id='par_1_43' title="bbox 214 2721 1789 2795">
     <span class='ocr_line' id='line_1_43' title="bbox 214 2721 1789 2795; baseline -0.003 -16"><span class='ocrx_word' id='word_1_286' title='bbox 214 2742 323 2780; x_wconf 84' lang='lat' dir='ltr'><strong>tuus</strong></span> <span class='ocrx_word' id='word_1_287' title='bbox 351 2744 364 2779; x_wconf 91' lang='lat'><strong>:</strong></span> <span class='ocrx_word' id='word_1_288' title='bbox 394 2725 538 2795; x_wconf 90' lang='lat' dir='ltr'><strong>quod</strong></span> <span class='ocrx_word' id='word_1_289' title='bbox 574 2726 643 2779; x_wconf 91' lang='lat' dir='ltr'><strong>ita</strong></span> <span class='ocrx_word' id='word_1_290' title='bbox 676 2735 728 2779; x_wconf 93' lang='lat' dir='ltr'><strong>et</strong></span> <span class='ocrx_word' id='word_1_291' title='bbox 759 2724 1000 2791; x_wconf 88' lang='lat' dir='ltr'><strong>fecimus,</strong></span> <span class='ocrx_word' id='word_1_292' title='bbox 1028 2738 1092 2779; x_wconf 90' lang='lat' dir='ltr'><strong>eo</strong></span> <span class='ocrx_word' id='word_1_293' title='bbox 1131 2723 1311 2792; x_wconf 89' lang='lat' dir='ltr'><strong>modo,</strong></span> <span class='ocrx_word' id='word_1_294' title='bbox 1363 2730 1419 2777; x_wconf 94' lang='lat' dir='ltr'><strong>ut</strong></span> <span class='ocrx_word' id='word_1_295' title='bbox 1460 2721 1654 2777; x_wconf 78' lang='lat' dir='ltr'><strong>ibidem</strong></span> <span class='ocrx_word' id='word_1_296' title='bbox 1689 2721 1789 2775; x_wconf 81' lang='lat' dir='ltr'><strong>fra-</strong></span> 
     </span>
    </p>
   </div>
   <div class='ocr_carea' id='block_1_44' title="bbox 217 2814 1788 2885">
    <p class='ocr_par' dir='ltr' id='par_1_44' title="bbox 217 2814 1788 2885">
     <span class='ocr_line' id='line_1_44' title="bbox 217 2814 1788 2885; baseline 0.001 -19"><span class='ocrx_word' id='word_1_297' title='bbox 217 2826 315 2869; x_wconf 85' lang='lat' dir='ltr'><strong>tres</strong></span> <span class='ocrx_word' id='word_1_298' title='bbox 347 2815 688 2885; x_wconf 78' lang='lat' dir='ltr'><strong>peregrinos,</strong></span> <span class='ocrx_word' id='word_1_299' title='bbox 720 2815 801 2868; x_wconf 85' lang='lat' dir='ltr'><strong>vel</strong></span> <span class='ocrx_word' id='word_1_300' title='bbox 857 2815 989 2868; x_wconf 82' lang='lat' dir='ltr'><strong>alios</strong></span> <span class='ocrx_word' id='word_1_301' title='bbox 1040 2814 1206 2868; x_wconf 91' lang='lat' dir='ltr'><strong>Deum</strong></span> <span class='ocrx_word' id='word_1_302' title='bbox 1239 2814 1506 2875; x_wconf 85' lang='lat' dir='ltr'><strong>timentes,</strong></span> <span class='ocrx_word' id='word_1_303' title='bbox 1563 2829 1788 2881; x_wconf 83' lang='lat' dir='ltr'><strong>congre-</strong></span> 
     </span>
    </p>
   </div>
   <div class='ocr_carea' id='block_1_45' title="bbox 214 2906 1791 2975">
    <p class='ocr_par' dir='ltr' id='par_1_45' title="bbox 214 2906 1791 2975">
     <span class='ocr_line' id='line_1_45' title="bbox 214 2906 1791 2975; baseline 0 -15"><span class='ocrx_word' id='word_1_304' title='bbox 214 2916 350 2973; x_wconf 77' lang='lat' dir='ltr'><strong>gent,</strong></span> <span class='ocrx_word' id='word_1_305' title='bbox 386 2917 443 2961; x_wconf 92' lang='lat' dir='ltr'><strong>ut</strong></span> <span class='ocrx_word' id='word_1_306' title='bbox 471 2907 674 2961; x_wconf 84' lang='lat' dir='ltr'><strong>ibidem</strong></span> <span class='ocrx_word' id='word_1_307' title='bbox 707 2906 999 2960; x_wconf 83' lang='lat' dir='ltr'><strong>secundum</strong></span> <span class='ocrx_word' id='word_1_308' title='bbox 1030 2906 1277 2960; x_wconf 88' lang='lat' dir='ltr'><strong>ordinem</strong></span> <span class='ocrx_word' id='word_1_309' title='bbox 1308 2915 1548 2960; x_wconf 90' lang='lat' dir='ltr'><strong>sanctum</strong></span> <span class='ocrx_word' id='word_1_310' title='bbox 1596 2906 1791 2975; x_wconf 81' lang='lat' dir='ltr'><strong>degere</strong></span> 
     </span>
    </p>
   </div>
   <div class='ocr_carea' id='block_1_46' title="bbox 216 2997 1791 3067">
    <p class='ocr_par' dir='ltr' id='par_1_46' title="bbox 216 2997 1791 3067">
     <span class='ocr_line' id='line_1_46' title="bbox 216 2997 1791 3067; baseline 0.003 -18"><span class='ocrx_word' id='word_1_311' title='bbox 216 3008 264 3049; x_wconf 84' lang='lat' dir='ltr'><strong>et</strong></span> <span class='ocrx_word' id='word_1_312' title='bbox 289 2998 602 3051; x_wconf 84' lang='lat' dir='ltr'><strong>conversari</strong></span> <span class='ocrx_word' id='word_1_313' title='bbox 631 2997 882 3052; x_wconf 87' lang='lat' dir='ltr'><strong>debeant.</strong></span> <span class='ocrx_word' id='word_1_314' title='bbox 917 2998 981 3052; x_wconf 82' lang='lat' dir='ltr'><strong>Et</strong></span> <span class='ocrx_word' id='word_1_315' title='bbox 1011 2997 1140 3052; x_wconf 86' lang='lat' dir='ltr'><strong>illud</strong></span> <span class='ocrx_word' id='word_1_316' title='bbox 1175 2997 1359 3053; x_wconf 88' lang='lat' dir='ltr'><strong>itidem</strong></span> <span class='ocrx_word' id='word_1_317' title='bbox 1390 2999 1545 3053; x_wconf 90' lang='lat' dir='ltr'><strong>nobis</strong></span> <span class='ocrx_word' id='word_1_318' title='bbox 1597 2998 1791 3067; x_wconf 81' lang='lat' dir='ltr'><strong>placuit</strong></span> 
     </span>
    </p>
   </div>
   <div class='ocr_carea' id='block_1_47' title="bbox 215 3088 1791 3157">
    <p class='ocr_par' dir='ltr' id='par_1_47' title="bbox 215 3088 1791 3157">
     <span class='ocr_line' id='line_1_47' title="bbox 215 3088 1791 3157; baseline 0.002 -17"><span class='ocrx_word' id='word_1_319' title='bbox 215 3088 574 3153; x_wconf 71' lang='lat' dir='ltr'><strong>inserendum,</strong></span> <span class='ocrx_word' id='word_1_320' title='bbox 607 3096 685 3154; x_wconf 94' lang='lat' dir='ltr'><strong>ut,</strong></span> <span class='ocrx_word' id='word_1_321' title='bbox 716 3103 839 3142; x_wconf 92' lang='lat' dir='ltr'><strong>cum</strong></span> <span class='ocrx_word' id='word_1_322' title='bbox 897 3089 1013 3157; x_wconf 88' lang='lat' dir='ltr'><strong>ipse</strong></span> <span class='ocrx_word' id='word_1_323' title='bbox 1067 3090 1257 3144; x_wconf 86' lang='lat' dir='ltr'><strong>beatus</strong></span> <span class='ocrx_word' id='word_1_324' title='bbox 1305 3088 1685 3143; x_wconf 84' lang='lat' dir='ltr'><strong>Willibrordus</strong></span> <span class='ocrx_word' id='word_1_325' title='bbox 1725 3090 1791 3143; x_wconf 92' lang='lat' dir='ltr'><strong>de</strong></span> 
     </span>
    </p>
   </div>
   <div class='ocr_carea' id='block_1_48' title="bbox 215 3178 1789 3251">
    <p class='ocr_par' dir='ltr' id='par_1_48' title="bbox 215 3178 1789 3251">
     <span class='ocr_line' id='line_1_48' title="bbox 215 3178 1789 3251; baseline 0.001 -20"><span class='ocrx_word' id='word_1_326' title='bbox 215 3178 306 3233; x_wconf 79' lang='lat' dir='ltr'><strong>hac</strong></span> <span class='ocrx_word' id='word_1_327' title='bbox 337 3182 458 3235; x_wconf 87' lang='lat' dir='ltr'><strong>luce</strong></span> <span class='ocrx_word' id='word_1_328' title='bbox 490 3180 822 3251; x_wconf 77' lang='lat' dir='ltr'><strong>migraverit,</strong></span> <span class='ocrx_word' id='word_1_329' title='bbox 854 3180 953 3249; x_wconf 87' lang='lat' dir='ltr'><strong>ipsi</strong></span> <span class='ocrx_word' id='word_1_330' title='bbox 978 3178 1177 3235; x_wconf 81' lang='lat' dir='ltr'><strong>fratres</strong></span> <span class='ocrx_word' id='word_1_331' title='bbox 1202 3196 1359 3249; x_wconf 87' lang='lat' dir='ltr'><strong>quem</strong></span> <span class='ocrx_word' id='word_1_332' title='bbox 1416 3196 1485 3235; x_wconf 83' lang='lat' dir='ltr'><strong>ex</strong></span> <span class='ocrx_word' id='word_1_333' title='bbox 1540 3182 1789 3249; x_wconf 79' lang='lat' dir='ltr'><strong>semetip-</strong></span> 
     </span>
    </p>
   </div>
   <div class='ocr_carea' id='block_1_49' title="bbox 1886 2016 2176 2069">
    <p class='ocr_par' dir='ltr' id='par_1_49' title="bbox 1886 2016 2176 2069">
     <span class='ocr_line' id='line_1_49' title="bbox 1886 2016 2176 2069; baseline -0.007 0"><span class='ocrx_word' id='word_1_334' title='bbox 1886 2016 2176 2069; x_wconf 81' lang='lat' dir='ltr'><strong>llardoiuo.</strong></span> 
     </span>
    </p>
   </div>
   <div class='ocr_carea' id='block_1_50' title="bbox 2640 2102 2720 2157">
    <p class='ocr_par' dir='ltr' id='par_1_50' title="bbox 2640 2102 2720 2157">
     <span class='ocr_line' id='line_1_50' title="bbox 2640 2102 2720 2157; baseline -0.025 0"><span class='ocrx_word' id='word_1_335' title='bbox 2640 2102 2720 2157; x_wconf 73' lang='lat' dir='ltr'><strong>Vl.</strong></span> 
     </span>
    </p>
   </div>
   <div class='ocr_carea' id='block_1_51' title="bbox 1892 2211 3460 2288">
    <p class='ocr_par' dir='ltr' id='par_1_51' title="bbox 1892 2211 3460 2288">
     <span class='ocr_line' id='line_1_51' title="bbox 1892 2211 3460 2288; baseline -0.007 -17"><span class='ocrx_word' id='word_1_336' title='bbox 1892 2221 2079 2272; x_wconf 68' lang='lat' dir='ltr'><strong>Charta</strong></span> <span class='ocrx_word' id='word_1_337' title='bbox 2127 2236 2225 2288; x_wconf 83' lang='lat' dir='ltr'><strong>qua</strong></span> <span class='ocrx_word' id='word_1_338' title='bbox 2274 2212 2755 2288; x_wconf 41' lang='lat' dir='ltr'><strong>Aengyet&#39;bcrlnsli&#39;f.</strong></span> <span class='ocrx_word' id='word_1_339' title='bbox 2792 2212 3153 2288; x_wconf 53' lang='lat' dir='ltr'><strong>(Wilﬁbrot&#39;do</strong></span> <span class='ocrx_word' id='word_1_340' title='bbox 3182 2211 3460 2288; x_wconf 61' lang='lat' dir='ltr'><strong>episcoiro)</strong></span> 
     </span>
    </p>
   </div>
   <div class='ocr_carea' id='block_1_52' title="bbox 1959 2282 3458 2357">
    <p class='ocr_par' dir='ltr' id='par_1_52' title="bbox 1959 2282 3458 2357">
     <span class='ocr_line' id='line_1_52' title="bbox 1959 2282 3458 2357; baseline -0.004 -14"><span class='ocrx_word' id='word_1_341' title='bbox 1959 2296 2094 2343; x_wconf 78' lang='lat' dir='ltr'><strong>dona</strong></span> <span class='ocrx_word' id='word_1_342' title='bbox 2140 2282 2341 2356; x_wconf 46' lang='lat' dir='ltr'><strong>&#39;coufert</strong></span> <span class='ocrx_word' id='word_1_343' title='bbox 2384 2282 2442 2340; x_wconf 81' lang='lat' dir='ltr'><strong>iu</strong></span> <span class='ocrx_word' id='word_1_344' title='bbox 2492 2287 2732 2357; x_wconf 60' lang='lat' dir='ltr'><strong>Alfheim,</strong></span> <span class='ocrx_word' id='word_1_345' title='bbox 2790 2286 2901 2337; x_wconf 82' lang='lat' dir='ltr'><strong>loco</strong></span> <span class='ocrx_word' id='word_1_346' title='bbox 2928 2282 3282 2337; x_wconf 67' lang='lat' dir='ltr'><strong>Toxandriaab</strong></span> <span class='ocrx_word' id='word_1_347' title='bbox 3316 2284 3458 2350; x_wconf 80' lang='lat' dir='ltr'><strong>(amt.</strong></span> 
     </span>
    </p>
   </div>
   <div class='ocr_carea' id='block_1_53' title="bbox 1959 2364 2107 2429">
    <p class='ocr_par' dir='ltr' id='par_1_53' title="bbox 1959 2364 2107 2429">
     <span class='ocr_line' id='line_1_53' title="bbox 1959 2364 2107 2429; baseline -0.007 -14"><span class='ocrx_word' id='word_1_348' title='bbox 1959 2364 2107 2429; x_wconf 71' lang='grc' dir='ltr'><strong>ῖυυ).</strong></span> 
     </span>
    </p>
   </div>
   <div class='ocr_carea' id='block_1_54' title="bbox 1960 2444 3464 2515">
    <p class='ocr_par' dir='ltr' id='par_1_54' title="bbox 1960 2444 3464 2515">
     <span class='ocr_line' id='line_1_54' title="bbox 1960 2444 3464 2515; baseline -0.007 -9"><span class='ocrx_word' id='word_1_349' title='bbox 1960 2454 2015 2506; x_wconf 89' lang='lat' dir='ltr'><strong>lu</strong></span> <span class='ocrx_word' id='word_1_350' title='bbox 2048 2453 2241 2506; x_wconf 83' lang='lat' dir='ltr'><strong>Christi</strong></span> <span class='ocrx_word' id='word_1_351' title='bbox 2276 2450 2509 2515; x_wconf 82' lang='lat' dir='ltr'><strong>nomine,</strong></span> <span class='ocrx_word' id='word_1_352' title='bbox 2551 2448 2749 2502; x_wconf 88' lang='lat' dir='ltr'><strong>domno</strong></span> <span class='ocrx_word' id='word_1_353' title='bbox 2782 2447 3121 2501; x_wconf 88' lang='lat' dir='ltr'><strong>sanctissimo</strong></span> <span class='ocrx_word' id='word_1_354' title='bbox 3150 2454 3204 2499; x_wconf 91' lang='lat' dir='ltr'><strong>et</strong></span> <span class='ocrx_word' id='word_1_355' title='bbox 3230 2444 3464 2499; x_wconf 85' lang='lat' dir='ltr'><strong>dilectis-</strong></span> 
     </span>
    </p>
   </div>
   <div class='ocr_carea' id='block_1_55' title="bbox 1890 2536 3465 2611">
    <p class='ocr_par' dir='ltr' id='par_1_55' title="bbox 1890 2536 3465 2611">
     <span class='ocr_line' id='line_1_55' title="bbox 1890 2536 3465 2611; baseline -0.006 -13"><span class='ocrx_word' id='word_1_356' title='bbox 1890 2546 2027 2598; x_wconf 90' lang='lat' dir='ltr'><strong>simo</strong></span> <span class='ocrx_word' id='word_1_357' title='bbox 2074 2542 2207 2611; x_wconf 84' lang='lat' dir='ltr'><strong>patri</strong></span> <span class='ocrx_word' id='word_1_358' title='bbox 2243 2540 2326 2594; x_wconf 87' lang='lat' dir='ltr'><strong>W.</strong></span> <span class='ocrx_word' id='word_1_359' title='bbox 2374 2540 2650 2609; x_wconf 90' lang='lat' dir='ltr'><strong>episcopo,</strong></span> <span class='ocrx_word' id='word_1_360' title='bbox 2696 2538 3085 2607; x_wconf 82' lang='lat' dir='ltr'><strong>Aengelbertus</strong></span> <span class='ocrx_word' id='word_1_361' title='bbox 3134 2536 3275 2591; x_wconf 89' lang='lat' dir='ltr'><strong>filius</strong></span> <span class='ocrx_word' id='word_1_362' title='bbox 3327 2537 3465 2589; x_wconf 66' lang='grc' dir='ltr'><strong>(ἐπιο-</strong></span> 
     </span>
    </p>
   </div>
   <div class='ocr_carea' id='block_1_56' title="bbox 1891 2627 3463 2701">
    <p class='ocr_par' dir='ltr' id='par_1_56' title="bbox 1891 2627 3463 2701">
     <span class='ocr_line' id='line_1_56' title="bbox 1891 2627 3463 2701; baseline -0.007 -12"><span class='ocrx_word' id='word_1_363' title='bbox 1891 2633 2045 2689; x_wconf 80' lang='lat' dir='ltr'><strong>berto</strong></span> <span class='ocrx_word' id='word_1_364' title='bbox 2075 2630 2366 2701; x_wconf 82' lang='lat' dir='ltr'><strong>quondam,</strong></span> <span class='ocrx_word' id='word_1_365' title='bbox 2397 2632 2644 2683; x_wconf 81' lang='lat' dir='ltr'><strong>donator.</strong></span> <span class='ocrx_word' id='word_1_366' title='bbox 2675 2630 2809 2683; x_wconf 89' lang='lat' dir='ltr'><strong>Dum</strong></span> <span class='ocrx_word' id='word_1_367' title='bbox 2853 2628 2997 2697; x_wconf 81' lang='lat' dir='ltr'><strong>leges</strong></span> <span class='ocrx_word' id='word_1_368' title='bbox 3025 2637 3075 2682; x_wconf 92' lang='lat' dir='ltr'><strong>et</strong></span> <span class='ocrx_word' id='word_1_369' title='bbox 3103 2627 3219 2697; x_wconf 83' lang='lat' dir='ltr'><strong>jura</strong></span> <span class='ocrx_word' id='word_1_370' title='bbox 3260 2628 3463 2689; x_wconf 86' lang='lat' dir='ltr'><strong>sinunt,</strong></span> 
     </span>
    </p>
   </div>
   <div class='ocr_carea' id='block_1_57' title="bbox 1891 2718 3466 2781">
    <p class='ocr_par' dir='ltr' id='par_1_57' title="bbox 1891 2718 3466 2781">
     <span class='ocr_line' id='line_1_57' title="bbox 1891 2718 3466 2781; baseline -0.006 0"><span class='ocrx_word' id='word_1_371' title='bbox 1891 2739 1944 2781; x_wconf 93' lang='lat' dir='ltr'><strong>ct</strong></span> <span class='ocrx_word' id='word_1_372' title='bbox 1989 2724 2355 2780; x_wconf 88' lang='lat' dir='ltr'><strong>convenientia</strong></span> <span class='ocrx_word' id='word_1_373' title='bbox 2411 2723 2739 2777; x_wconf 88' lang='lat' dir='ltr'><strong>Francorum</strong></span> <span class='ocrx_word' id='word_1_374' title='bbox 2789 2728 2873 2775; x_wconf 90' lang='lat' dir='ltr'><strong>est</strong></span> <span class='ocrx_word' id='word_1_375' title='bbox 2915 2730 2973 2774; x_wconf 88' lang='lat' dir='ltr'><strong>ttt</strong></span> <span class='ocrx_word' id='word_1_376' title='bbox 3020 2719 3085 2773; x_wconf 86' lang='lat' dir='ltr'><strong>de</strong></span> <span class='ocrx_word' id='word_1_377' title='bbox 3127 2718 3466 2773; x_wconf 81' lang='lat' dir='ltr'><strong>facultatibus</strong></span> 
     </span>
    </p>
   </div>
   <div class='ocr_carea' id='block_1_58' title="bbox 1891 2809 3468 2887">
    <p class='ocr_par' dir='ltr' id='par_1_58' title="bbox 1891 2809 3468 2887">
     <span class='ocr_line' id='line_1_58' title="bbox 1891 2809 3468 2887; baseline -0.006 -14"><span class='ocrx_word' id='word_1_378' title='bbox 1891 2819 2002 2873; x_wconf 87' lang='lat' dir='ltr'><strong>suis</strong></span> <span class='ocrx_word' id='word_1_379' title='bbox 2050 2818 2272 2887; x_wconf 88' lang='lat' dir='ltr'><strong>quisque</strong></span> <span class='ocrx_word' id='word_1_380' title='bbox 2320 2814 2460 2886; x_wconf 90' lang='lat' dir='ltr'><strong>quod</strong></span> <span class='ocrx_word' id='word_1_381' title='bbox 2510 2816 2684 2869; x_wconf 88' lang='lat' dir='ltr'><strong>facere</strong></span> <span class='ocrx_word' id='word_1_382' title='bbox 2724 2812 2953 2868; x_wconf 83' lang='lat' dir='ltr'><strong>voluerit</strong></span> <span class='ocrx_word' id='word_1_383' title='bbox 3008 2812 3231 2867; x_wconf 87' lang='lat' dir='ltr'><strong>liberam</strong></span> <span class='ocrx_word' id='word_1_384' title='bbox 3279 2809 3468 2864; x_wconf 88' lang='lat' dir='ltr'><strong>habeat</strong></span> 
     </span>
    </p>
   </div>
   <div class='ocr_carea' id='block_1_59' title="bbox 1895 2904 3468 2979">
    <p class='ocr_par' dir='ltr' id='par_1_59' title="bbox 1895 2904 3468 2979">
     <span class='ocr_line' id='line_1_59' title="bbox 1895 2904 3468 2979; baseline -0.005 -16"><span class='ocrx_word' id='word_1_385' title='bbox 1895 2918 2234 2979; x_wconf 88' lang='lat' dir='ltr'><strong>potestatem,</strong></span> <span class='ocrx_word' id='word_1_386' title='bbox 2264 2916 2318 2962; x_wconf 89' lang='lat' dir='ltr'><strong>et</strong></span> <span class='ocrx_word' id='word_1_387' title='bbox 2368 2921 2591 2961; x_wconf 88' lang='lat' dir='ltr'><strong>necesse</strong></span> <span class='ocrx_word' id='word_1_388' title='bbox 2639 2913 2722 2960; x_wconf 89' lang='lat' dir='ltr'><strong>est</strong></span> <span class='ocrx_word' id='word_1_389' title='bbox 2767 2915 2824 2959; x_wconf 92' lang='lat' dir='ltr'><strong>ut</strong></span> <span class='ocrx_word' id='word_1_390' title='bbox 2867 2906 3090 2974; x_wconf 88' lang='lat' dir='ltr'><strong>quisque</strong></span> <span class='ocrx_word' id='word_1_391' title='bbox 3138 2919 3233 2973; x_wconf 88' lang='lat' dir='ltr'><strong>pro</strong></span> <span class='ocrx_word' id='word_1_392' title='bbox 3265 2904 3468 2957; x_wconf 83' lang='lat' dir='ltr'><strong>incerto</strong></span> 
     </span>
    </p>
   </div>
   <div class='ocr_carea' id='block_1_60' title="bbox 1895 2994 3468 3069">
    <p class='ocr_par' dir='ltr' id='par_1_60' title="bbox 1895 2994 3468 3069">
     <span class='ocr_line' id='line_1_60' title="bbox 1895 2994 3468 3069; baseline -0.005 -15"><span class='ocrx_word' id='word_1_393' title='bbox 1895 3000 2049 3069; x_wconf 82' lang='lat' dir='ltr'><strong>hujus</strong></span> <span class='ocrx_word' id='word_1_394' title='bbox 2079 3000 2198 3054; x_wconf 79' lang='lat' dir='ltr'><strong>vitae</strong></span> <span class='ocrx_word' id='word_1_395' title='bbox 2226 2997 2371 3054; x_wconf 72' lang='lat' dir='ltr'><strong>exitu</strong></span> <span class='ocrx_word' id='word_1_396' title='bbox 2393 2998 2461 3054; x_wconf 92' lang='lat' dir='ltr'><strong>de</strong></span> <span class='ocrx_word' id='word_1_397' title='bbox 2490 2998 2649 3053; x_wconf 89' lang='lat' dir='ltr'><strong>rebus</strong></span> <span class='ocrx_word' id='word_1_398' title='bbox 2676 2996 2787 3051; x_wconf 88' lang='lat' dir='ltr'><strong>suis</strong></span> <span class='ocrx_word' id='word_1_399' title='bbox 2814 2996 3013 3065; x_wconf 87' lang='lat' dir='ltr'><strong>aliquid</strong></span> <span class='ocrx_word' id='word_1_400' title='bbox 3042 2995 3107 3049; x_wconf 89' lang='lat' dir='ltr'><strong>ad</strong></span> <span class='ocrx_word' id='word_1_401' title='bbox 3146 2994 3235 3049; x_wconf 89' lang='lat' dir='ltr'><strong>Dei</strong></span> <span class='ocrx_word' id='word_1_402' title='bbox 3264 3005 3468 3064; x_wconf 91' lang='lat' dir='ltr'><strong>partem</strong></span> 
     </span>
    </p>
   </div>
   <div class='ocr_carea' id='block_1_61' title="bbox 1892 3085 3467 3159">
    <p class='ocr_par' dir='ltr' id='par_1_61' title="bbox 1892 3085 3467 3159">
     <span class='ocr_line' id='line_1_61' title="bbox 1892 3085 3467 3159; baseline -0.008 -13"><span class='ocrx_word' id='word_1_403' title='bbox 1892 3092 2213 3157; x_wconf 84' lang='lat' dir='ltr'><strong>committat,</strong></span> <span class='ocrx_word' id='word_1_404' title='bbox 2244 3100 2302 3143; x_wconf 92' lang='lat' dir='ltr'><strong>ut</strong></span> <span class='ocrx_word' id='word_1_405' title='bbox 2332 3104 2425 3159; x_wconf 89' lang='lat' dir='ltr'><strong>per</strong></span> <span class='ocrx_word' id='word_1_406' title='bbox 2456 3088 2557 3143; x_wconf 88' lang='lat' dir='ltr'><strong>hoc</strong></span> <span class='ocrx_word' id='word_1_407' title='bbox 2590 3087 2975 3158; x_wconf 88' lang='lat' dir='ltr'><strong>indulgentiam</strong></span> <span class='ocrx_word' id='word_1_408' title='bbox 3020 3085 3316 3141; x_wconf 81' lang='lat' dir='ltr'><strong>facinorum</strong></span> <span class='ocrx_word' id='word_1_409' title='bbox 3348 3100 3467 3138; x_wconf 84' lang='lat' dir='ltr'><strong>suo-</strong></span> 
     </span>
    </p>
   </div>
   <div class='ocr_carea' id='block_1_62' title="bbox 1895 3178 3467 3249">
    <p class='ocr_par' dir='ltr' id='par_1_62' title="bbox 1895 3178 3467 3249">
     <span class='ocr_line' id='line_1_62' title="bbox 1895 3178 3467 3249; baseline -0.004 -14"><span class='ocrx_word' id='word_1_410' title='bbox 1895 3196 2011 3235; x_wconf 90' lang='lat' dir='ltr'><strong>rum</strong></span> <span class='ocrx_word' id='word_1_411' title='bbox 2044 3181 2322 3249; x_wconf 83' lang='lat' dir='ltr'><strong>percipiat.</strong></span> <span class='ocrx_word' id='word_1_412' title='bbox 2368 3179 2570 3234; x_wconf 90' lang='lat' dir='ltr'><strong>Ideirco</strong></span> <span class='ocrx_word' id='word_1_413' title='bbox 2598 3194 2695 3248; x_wconf 87' lang='lat' dir='ltr'><strong>ego</strong></span> <span class='ocrx_word' id='word_1_414' title='bbox 2729 3178 3135 3248; x_wconf 83' lang='lat' dir='ltr'><strong>Aengelbertus,</strong></span> <span class='ocrx_word' id='word_1_415' title='bbox 3168 3192 3262 3245; x_wconf 90' lang='lat' dir='ltr'><strong>pro</strong></span> <span class='ocrx_word' id='word_1_416' title='bbox 3293 3191 3467 3231; x_wconf 80' lang='lat' dir='ltr'><strong>rente-</strong></span> 
     </span>
    </p>
   </div>
   <div class='ocr_carea' id='block_1_63' title="bbox 214 3244 3471 3343">
    <p class='ocr_par' dir='ltr' id='par_1_63' title="bbox 214 3244 3471 3343">
     <span class='ocr_line' id='line_1_63' title="bbox 214 3244 3471 3343; baseline -0.002 -16"><span class='ocrx_word' id='word_1_417' title='bbox 214 3274 282 3327; x_wconf 70' lang='lat' dir='ltr'><strong>sis</strong></span> <span class='ocrx_word' id='word_1_418' title='bbox 303 3275 587 3343; x_wconf 77' lang='lat' dir='ltr'><strong>elrgcrinl,</strong></span> <span class='ocrx_word' id='word_1_419' title='bbox 620 3274 721 3328; x_wconf 87' lang='lat' dir='ltr'><strong>sibi</strong></span> <span class='ocrx_word' id='word_1_420' title='bbox 749 3274 1076 3329; x_wconf 87' lang='lat' dir='ltr'><strong>constituant</strong></span> <span class='ocrx_word' id='word_1_421' title='bbox 1104 3274 1376 3338; x_wconf 86' lang='lat' dir='ltr'><strong>abbatem,</strong></span> <span class='ocrx_word' id='word_1_422' title='bbox 1406 3288 1468 3328; x_wconf 87' lang='lat' dir='ltr'><strong>ea</strong></span> <span class='ocrx_word' id='word_1_423' title='bbox 1500 3274 1705 3328; x_wconf 87' lang='lat' dir='ltr'><strong>ratione</strong></span> <span class='ocrx_word' id='word_1_424' title='bbox 1734 3282 1793 3328; x_wconf 91' lang='lat' dir='ltr'><strong>ut</strong></span> <span class='ocrx_word' id='word_1_425' title='bbox 1822 3244 1868 3306; x_wconf 61' lang='grc' dir='ltr'>Ε</span> <span class='ocrx_word' id='word_1_426' title='bbox 1902 3274 1987 3329; x_wconf 89' lang='lat' dir='ltr'><strong>dio</strong></span> <span class='ocrx_word' id='word_1_427' title='bbox 2007 3274 2197 3328; x_wconf 74' lang='lat' dir='ltr'><strong>anima:</strong></span> <span class='ocrx_word' id='word_1_428' title='bbox 2220 3288 2355 3327; x_wconf 83' lang='lat' dir='ltr'><strong>meae</strong></span> <span class='ocrx_word' id='word_1_429' title='bbox 2380 3287 2475 3326; x_wconf 85' lang='lat' dir='ltr'><strong>seu</strong></span> <span class='ocrx_word' id='word_1_430' title='bbox 2503 3271 2855 3326; x_wconf 90' lang='lat' dir='ltr'><strong>retributione</strong></span> <span class='ocrx_word' id='word_1_431' title='bbox 2878 3278 3098 3329; x_wconf 62' lang='lat' dir='ltr'><strong>aeterna.</strong></span> <span class='ocrx_word' id='word_1_432' title='bbox 3131 3268 3323 3337; x_wconf 88' lang='lat' dir='ltr'><strong>aliquid</strong></span> <span class='ocrx_word' id='word_1_433' title='bbox 3357 3270 3471 3334; x_wconf 75' lang='lat' dir='ltr'><strong>tibi,</strong></span> 
     </span>
    </p>
   </div>
   <div class='ocr_carea' id='block_1_64' title="bbox 216 3366 1797 3437">
    <p class='ocr_par' dir='ltr' id='par_1_64' title="bbox 216 3366 1797 3437">
     <span class='ocr_line' id='line_1_64' title="bbox 216 3366 1797 3437; baseline 0.004 -20"><span class='ocrx_word' id='word_1_434' title='bbox 216 3366 502 3421; x_wconf 84' lang='lat' dir='ltr'><strong>heredibus</strong></span> <span class='ocrx_word' id='word_1_435' title='bbox 534 3368 739 3422; x_wconf 75' lang='lat' dir='ltr'><strong>nostris</strong></span> <span class='ocrx_word' id='word_1_436' title='bbox 780 3368 833 3422; x_wconf 83' lang='lat' dir='ltr'><strong>in</strong></span> <span class='ocrx_word' id='word_1_437' title='bbox 886 3368 1133 3422; x_wconf 89' lang='lat' dir='ltr'><strong>omnibus</strong></span> <span class='ocrx_word' id='word_1_438' title='bbox 1189 3366 1364 3422; x_wconf 83' lang='lat' dir='ltr'><strong>ﬁdelis</strong></span> <span class='ocrx_word' id='word_1_439' title='bbox 1417 3376 1689 3437; x_wconf 87' lang='lat' dir='ltr'><strong>appareat,</strong></span> <span class='ocrx_word' id='word_1_440' title='bbox 1740 3376 1797 3423; x_wconf 91' lang='lat' dir='ltr'><strong>et</strong></span> 
     </span>
    </p>
   </div>
   <div class='ocr_carea' id='block_1_65' title="bbox 217 3457 1795 3528">
    <p class='ocr_par' dir='ltr' id='par_1_65' title="bbox 217 3457 1795 3528">
     <span class='ocr_line' id='line_1_65' title="bbox 217 3457 1795 3528; baseline 0.002 -18"><span class='ocrx_word' id='word_1_441' title='bbox 217 3457 407 3511; x_wconf 88' lang='lat' dir='ltr'><strong>ibidem</strong></span> <span class='ocrx_word' id='word_1_442' title='bbox 440 3459 741 3513; x_wconf 89' lang='lat' dir='ltr'><strong>secundum</strong></span> <span class='ocrx_word' id='word_1_443' title='bbox 797 3459 1042 3514; x_wconf 89' lang='lat' dir='ltr'><strong>ordinem</strong></span> <span class='ocrx_word' id='word_1_444' title='bbox 1094 3468 1340 3513; x_wconf 88' lang='lat' dir='ltr'><strong>sanctum</strong></span> <span class='ocrx_word' id='word_1_445' title='bbox 1395 3459 1572 3528; x_wconf 88' lang='lat' dir='ltr'><strong>degat,</strong></span> <span class='ocrx_word' id='word_1_446' title='bbox 1605 3468 1658 3513; x_wconf 84' lang='lat' dir='ltr'><strong>ct</strong></span> <span class='ocrx_word' id='word_1_447' title='bbox 1696 3459 1795 3513; x_wconf 91' lang='lat' dir='ltr'><strong>sub</strong></span> 
     </span>
    </p>
   </div>
   <div class='ocr_carea' id='block_1_66' title="bbox 217 3550 1795 3619">
    <p class='ocr_par' dir='ltr' id='par_1_66' title="bbox 217 3550 1795 3619">
     <span class='ocr_line' id='line_1_66' title="bbox 217 3550 1795 3619; baseline 0.004 -20"><span class='ocrx_word' id='word_1_448' title='bbox 217 3550 806 3605; x_wconf 78' lang='lat' dir='ltr'><strong>neStromundiburdio</strong></span> <span class='ocrx_word' id='word_1_449' title='bbox 835 3552 913 3605; x_wconf 90' lang='lat' dir='ltr'><strong>vel</strong></span> <span class='ocrx_word' id='word_1_450' title='bbox 971 3550 1288 3605; x_wconf 81' lang='lat' dir='ltr'><strong>defensione</strong></span> <span class='ocrx_word' id='word_1_451' title='bbox 1332 3552 1596 3619; x_wconf 86' lang='lat' dir='ltr'><strong>persistat.</strong></span> <span class='ocrx_word' id='word_1_452' title='bbox 1629 3551 1695 3606; x_wconf 87' lang='lat' dir='ltr'><strong>Et</strong></span> <span class='ocrx_word' id='word_1_453' title='bbox 1750 3552 1795 3606; x_wconf 92' lang='lat' dir='ltr'><strong>si</strong></span> 
     </span>
    </p>
   </div>
   <div class='ocr_carea' id='block_1_67' title="bbox 214 3641 1795 3715">
    <p class='ocr_par' dir='ltr' id='par_1_67' title="bbox 214 3641 1795 3715">
     <span class='ocr_line' id='line_1_67' title="bbox 214 3641 1795 3715; baseline 0.006 -24"><span class='ocrx_word' id='word_1_454' title='bbox 214 3641 323 3707; x_wconf 82' lang='lat' dir='ltr'><strong>quis</strong></span> <span class='ocrx_word' id='word_1_455' title='bbox 356 3643 526 3697; x_wconf 87' lang='lat' dir='ltr'><strong>Deum</strong></span> <span class='ocrx_word' id='word_1_456' title='bbox 563 3646 779 3709; x_wconf 86' lang='lat' dir='ltr'><strong>timens,</strong></span> <span class='ocrx_word' id='word_1_457' title='bbox 816 3653 921 3697; x_wconf 91' lang='lat' dir='ltr'><strong>tam</strong></span> <span class='ocrx_word' id='word_1_458' title='bbox 948 3644 1017 3700; x_wconf 91' lang='lat' dir='ltr'><strong>de</strong></span> <span class='ocrx_word' id='word_1_459' title='bbox 1047 3653 1197 3715; x_wconf 91' lang='lat' dir='ltr'><strong>parte</strong></span> <span class='ocrx_word' id='word_1_460' title='bbox 1226 3656 1408 3700; x_wconf 89' lang='lat' dir='ltr'><strong>nostra</strong></span> <span class='ocrx_word' id='word_1_461' title='bbox 1431 3660 1591 3715; x_wconf 91' lang='lat' dir='ltr'><strong>quam</strong></span> <span class='ocrx_word' id='word_1_462' title='bbox 1630 3654 1685 3701; x_wconf 90' lang='lat' dir='ltr'><strong>et</strong></span> <span class='ocrx_word' id='word_1_463' title='bbox 1728 3644 1795 3701; x_wconf 86' lang='lat' dir='ltr'><strong>de</strong></span> 
     </span>
    </p>
   </div>
   <div class='ocr_carea' id='block_1_68' title="bbox 215 3733 1797 3807">
    <p class='ocr_par' dir='ltr' id='par_1_68' title="bbox 215 3733 1797 3807">
     <span class='ocr_line' id='line_1_68' title="bbox 215 3733 1797 3807; baseline 0.005 -23"><span class='ocrx_word' id='word_1_464' title='bbox 215 3733 430 3801; x_wconf 77' lang='lat' dir='ltr'><strong>reliquis</strong></span> <span class='ocrx_word' id='word_1_465' title='bbox 463 3734 793 3801; x_wconf 87' lang='lat' dir='ltr'><strong>hominibus,</strong></span> <span class='ocrx_word' id='word_1_466' title='bbox 819 3735 888 3790; x_wconf 89' lang='lat' dir='ltr'><strong>de</strong></span> <span class='ocrx_word' id='word_1_467' title='bbox 917 3737 1027 3789; x_wconf 91' lang='lat' dir='ltr'><strong>suis</strong></span> <span class='ocrx_word' id='word_1_468' title='bbox 1060 3734 1223 3791; x_wconf 75' lang='lat' dir='ltr'><strong>rebus</strong></span> <span class='ocrx_word' id='word_1_469' title='bbox 1268 3737 1336 3789; x_wconf 90' lang='lat' dir='ltr'><strong>ad</strong></span> <span class='ocrx_word' id='word_1_470' title='bbox 1390 3736 1567 3807; x_wconf 83' lang='lat' dir='ltr'><strong>ipsum</strong></span> <span class='ocrx_word' id='word_1_471' title='bbox 1615 3752 1797 3792; x_wconf 88' lang='lat' dir='ltr'><strong>mona-</strong></span> 
     </span>
    </p>
   </div>
   <div class='ocr_carea' id='block_1_69' title="bbox 212 3826 1796 3896">
    <p class='ocr_par' dir='ltr' id='par_1_69' title="bbox 212 3826 1796 3896">
     <span class='ocr_line' id='line_1_69' title="bbox 212 3826 1796 3896; baseline 0.004 -18"><span class='ocrx_word' id='word_1_472' title='bbox 212 3826 432 3879; x_wconf 77' lang='lat' dir='ltr'><strong>sterium</strong></span> <span class='ocrx_word' id='word_1_473' title='bbox 465 3827 773 3882; x_wconf 85' lang='lat' dir='ltr'><strong>condonare</strong></span> <span class='ocrx_word' id='word_1_474' title='bbox 804 3838 859 3883; x_wconf 91' lang='lat' dir='ltr'><strong>et</strong></span> <span class='ocrx_word' id='word_1_475' title='bbox 901 3828 1223 3884; x_wconf 87' lang='lat' dir='ltr'><strong>confirmare</strong></span> <span class='ocrx_word' id='word_1_476' title='bbox 1268 3829 1662 3896; x_wconf 85' lang='lat' dir='ltr'><strong>deliberaverit,</strong></span> <span class='ocrx_word' id='word_1_477' title='bbox 1710 3832 1796 3885; x_wconf 89' lang='lat' dir='ltr'><strong>vel</strong></span> 
     </span>
    </p>
   </div>
   <div class='ocr_carea' id='block_1_70' title="bbox 214 3917 1796 3990">
    <p class='ocr_par' dir='ltr' id='par_1_70' title="bbox 214 3917 1796 3990">
     <span class='ocr_line' id='line_1_70' title="bbox 214 3917 1796 3990; baseline 0.006 -21"><span class='ocrx_word' id='word_1_478' title='bbox 214 3917 472 3986; x_wconf 84' lang='lat' dir='ltr'><strong>quidquid</strong></span> <span class='ocrx_word' id='word_1_479' title='bbox 504 3920 725 3983; x_wconf 89' lang='lat' dir='ltr'><strong>ibidem,</strong></span> <span class='ocrx_word' id='word_1_480' title='bbox 757 3921 870 3974; x_wconf 85' lang='lat' dir='ltr'><strong>Deo</strong></span> <span class='ocrx_word' id='word_1_481' title='bbox 913 3922 1230 3990; x_wconf 85' lang='lat' dir='ltr'><strong>inspirante,</strong></span> <span class='ocrx_word' id='word_1_482' title='bbox 1284 3922 1351 3977; x_wconf 90' lang='lat' dir='ltr'><strong>de</strong></span> <span class='ocrx_word' id='word_1_483' title='bbox 1400 3922 1603 3976; x_wconf 81' lang='lat' dir='ltr'><strong>collatis</strong></span> <span class='ocrx_word' id='word_1_484' title='bbox 1642 3923 1796 3979; x_wconf 90' lang='lat' dir='ltr'><strong>bonis</strong></span> 
     </span>
    </p>
   </div>
   <div class='ocr_carea' id='block_1_71' title="bbox 217 4009 1794 4083">
    <p class='ocr_par' dir='ltr' id='par_1_71' title="bbox 217 4009 1794 4083">
     <span class='ocr_line' id='line_1_71' title="bbox 217 4009 1794 4083; baseline 0.006 -24"><span class='ocrx_word' id='word_1_485' title='bbox 217 4009 522 4077; x_wconf 78' lang='lat' dir='ltr'><strong>obvenerit,</strong></span> <span class='ocrx_word' id='word_1_486' title='bbox 558 4012 667 4066; x_wconf 92' lang='lat' dir='ltr'><strong>Deo</strong></span> <span class='ocrx_word' id='word_1_487' title='bbox 696 4014 947 4080; x_wconf 85' lang='lat' dir='ltr'><strong>propitio,</strong></span> <span class='ocrx_word' id='word_1_488' title='bbox 974 4012 1054 4069; x_wconf 90' lang='lat' dir='ltr'><strong>eis</strong></span> <span class='ocrx_word' id='word_1_489' title='bbox 1081 4014 1321 4083; x_wconf 86' lang='lat' dir='ltr'><strong>proficiat</strong></span> <span class='ocrx_word' id='word_1_490' title='bbox 1370 4013 1423 4068; x_wconf 92' lang='lat' dir='ltr'><strong>in</strong></span> <span class='ocrx_word' id='word_1_491' title='bbox 1475 4014 1794 4082; x_wconf 87' lang='lat' dir='ltr'><strong>augmentis.</strong></span> 
     </span>
    </p>
   </div>
   <div class='ocr_carea' id='block_1_72' title="bbox 212 4100 1796 4172">
    <p class='ocr_par' dir='ltr' id='par_1_72' title="bbox 212 4100 1796 4172">
     <span class='ocr_line' id='line_1_72' title="bbox 212 4100 1796 4172; baseline 0.004 -20"><span class='ocrx_word' id='word_1_492' title='bbox 212 4100 263 4152; x_wconf 80' lang='lat' dir='ltr'><strong>Si</strong></span> <span class='ocrx_word' id='word_1_493' title='bbox 291 4104 412 4169; x_wconf 93' lang='lat' dir='ltr'><strong>quis</strong></span> <span class='ocrx_word' id='word_1_494' title='bbox 433 4118 583 4169; x_wconf 86' lang='lat' dir='ltr'><strong>vero,</strong></span> <span class='ocrx_word' id='word_1_495' title='bbox 606 4107 747 4172; x_wconf 87' lang='lat' dir='ltr'><strong>quod</strong></span> <span class='ocrx_word' id='word_1_496' title='bbox 779 4106 1000 4159; x_wconf 91' lang='lat' dir='ltr'><strong>tninime</strong></span> <span class='ocrx_word' id='word_1_497' title='bbox 1032 4106 1304 4160; x_wconf 86' lang='lat' dir='ltr'><strong>credimus</strong></span> <span class='ocrx_word' id='word_1_498' title='bbox 1331 4120 1452 4161; x_wconf 88' lang='lat' dir='ltr'><strong>esse</strong></span> <span class='ocrx_word' id='word_1_499' title='bbox 1480 4106 1796 4169; x_wconf 83' lang='lat' dir='ltr'><strong>futurum,si</strong></span> 
     </span>
    </p>
   </div>
   <div class='ocr_carea' id='block_1_73' title="bbox 211 4193 1793 4265">
    <p class='ocr_par' dir='ltr' id='par_1_73' title="bbox 211 4193 1793 4265">
     <span class='ocr_line' id='line_1_73' title="bbox 211 4193 1793 4265; baseline 0.001 -20"><span class='ocrx_word' id='word_1_500' title='bbox 211 4193 368 4247; x_wconf 89' lang='lat' dir='ltr'><strong>fuerit</strong></span> <span class='ocrx_word' id='word_1_501' title='bbox 398 4194 542 4247; x_wconf 89' lang='lat' dir='ltr'><strong>ullus</strong></span> <span class='ocrx_word' id='word_1_502' title='bbox 567 4193 635 4247; x_wconf 88' lang='lat' dir='ltr'><strong>de</strong></span> <span class='ocrx_word' id='word_1_503' title='bbox 658 4194 947 4248; x_wconf 86' lang='lat' dir='ltr'><strong>heredibus</strong></span> <span class='ocrx_word' id='word_1_504' title='bbox 970 4204 1064 4249; x_wconf 88' lang='lat' dir='ltr'><strong>aut</strong></span> <span class='ocrx_word' id='word_1_505' title='bbox 1109 4196 1422 4265; x_wconf 87' lang='lat' dir='ltr'><strong>propinquis</strong></span> <span class='ocrx_word' id='word_1_506' title='bbox 1454 4197 1673 4259; x_wconf 89' lang='lat' dir='ltr'><strong>nostris,</strong></span> <span class='ocrx_word' id='word_1_507' title='bbox 1702 4210 1793 4250; x_wconf 87' lang='lat' dir='ltr'><strong>seu</strong></span> 
     </span>
    </p>
   </div>
   <div class='ocr_carea' id='block_1_74' title="bbox 215 4285 1795 4357">
    <p class='ocr_par' dir='ltr' id='par_1_74' title="bbox 215 4285 1795 4357">
     <span class='ocr_line' id='line_1_74' title="bbox 215 4285 1795 4357; baseline 0.004 -22"><span class='ocrx_word' id='word_1_508' title='bbox 215 4285 469 4351; x_wconf 79' lang='lat' dir='ltr'><strong>quaelibet</strong></span> <span class='ocrx_word' id='word_1_509' title='bbox 499 4294 759 4340; x_wconf 83' lang='lat' dir='ltr'><strong>extranea</strong></span> <span class='ocrx_word' id='word_1_510' title='bbox 785 4296 876 4340; x_wconf 88' lang='lat' dir='ltr'><strong>aut</strong></span> <span class='ocrx_word' id='word_1_511' title='bbox 906 4288 1148 4356; x_wconf 88' lang='lat' dir='ltr'><strong>opposita</strong></span> <span class='ocrx_word' id='word_1_512' title='bbox 1180 4302 1430 4357; x_wconf 83' lang='lat' dir='ltr'><strong>persona,</strong></span> <span class='ocrx_word' id='word_1_513' title='bbox 1464 4303 1583 4357; x_wconf 69' lang='lat' dir='ltr'><strong>quae</strong></span> <span class='ocrx_word' id='word_1_514' title='bbox 1611 4299 1795 4341; x_wconf 80' lang='lat' dir='ltr'><strong>contra</strong></span> 
     </span>
    </p>
   </div>
   <div class='ocr_carea' id='block_1_75' title="bbox 216 4373 1796 4447">
    <p class='ocr_par' dir='ltr' id='par_1_75' title="bbox 216 4373 1796 4447">
     <span class='ocr_line' id='line_1_75' title="bbox 216 4373 1796 4447; baseline 0.003 -21"><span class='ocrx_word' id='word_1_515' title='bbox 216 4373 350 4429; x_wconf 77' lang='lat' dir='ltr'><strong>hanc</strong></span> <span class='ocrx_word' id='word_1_516' title='bbox 379 4382 625 4428; x_wconf 86' lang='lat' dir='ltr'><strong>nostram</strong></span> <span class='ocrx_word' id='word_1_517' title='bbox 654 4376 1142 4443; x_wconf 81' lang='lat' dir='ltr'><strong>confirmationem,</strong></span> <span class='ocrx_word' id='word_1_518' title='bbox 1174 4392 1332 4447; x_wconf 82' lang='lat' dir='ltr'><strong>quam</strong></span> <span class='ocrx_word' id='word_1_519' title='bbox 1363 4391 1460 4431; x_wconf 89' lang='lat' dir='ltr'><strong>nos</strong></span> <span class='ocrx_word' id='word_1_520' title='bbox 1491 4392 1585 4446; x_wconf 91' lang='lat' dir='ltr'><strong>pro</strong></span> <span class='ocrx_word' id='word_1_521' title='bbox 1616 4377 1796 4431; x_wconf 90' lang='lat' dir='ltr'><strong>divino</strong></span> 
     </span>
    </p>
   </div>
   <div class='ocr_carea' id='block_1_76' title="bbox 210 4466 1795 4535">
    <p class='ocr_par' dir='ltr' id='par_1_76' title="bbox 210 4466 1795 4535">
     <span class='ocr_line' id='line_1_76' title="bbox 210 4466 1795 4535; baseline 0.004 -16"><span class='ocrx_word' id='word_1_522' title='bbox 210 4466 427 4533; x_wconf 89' lang='lat' dir='ltr'><strong>intuitu,</strong></span> <span class='ocrx_word' id='word_1_523' title='bbox 468 4466 556 4521; x_wconf 90' lang='lat' dir='ltr'><strong>vel</strong></span> <span class='ocrx_word' id='word_1_524' title='bbox 582 4468 773 4523; x_wconf 72' lang='lat' dir='ltr'><strong>anima:</strong></span> <span class='ocrx_word' id='word_1_525' title='bbox 802 4477 999 4524; x_wconf 82' lang='lat' dir='ltr'><strong>nostrae</strong></span> <span class='ocrx_word' id='word_1_526' title='bbox 1029 4469 1291 4535; x_wconf 87' lang='lat' dir='ltr'><strong>remedio,</strong></span> <span class='ocrx_word' id='word_1_527' title='bbox 1324 4470 1439 4524; x_wconf 84' lang='lat' dir='ltr'><strong>fieri</strong></span> <span class='ocrx_word' id='word_1_528' title='bbox 1462 4479 1552 4525; x_wconf 91' lang='lat' dir='ltr'><strong>aut</strong></span> <span class='ocrx_word' id='word_1_529' title='bbox 1583 4472 1795 4525; x_wconf 81' lang='lat' dir='ltr'><strong>firmare</strong></span> 
     </span>
    </p>
   </div>
   <div class='ocr_carea' id='block_1_77' title="bbox 1900 3364 3473 3434">
    <p class='ocr_par' dir='ltr' id='par_1_77' title="bbox 1900 3364 3473 3434">
     <span class='ocr_line' id='line_1_77' title="bbox 1900 3364 3473 3434; baseline -0.003 -11"><span class='ocrx_word' id='word_1_530' title='bbox 1900 3368 2114 3423; x_wconf 90' lang='lat' dir='ltr'><strong>domine</strong></span> <span class='ocrx_word' id='word_1_531' title='bbox 2144 3367 2301 3421; x_wconf 85' lang='lat' dir='ltr'><strong>Pater</strong></span> <span class='ocrx_word' id='word_1_532' title='bbox 2326 3376 2381 3421; x_wconf 90' lang='lat' dir='ltr'><strong>et</strong></span> <span class='ocrx_word' id='word_1_533' title='bbox 2410 3366 2650 3434; x_wconf 81' lang='lat' dir='ltr'><strong>pontifex</strong></span> <span class='ocrx_word' id='word_1_534' title='bbox 2688 3364 2800 3431; x_wconf 88' lang='lat' dir='ltr'><strong>W.,</strong></span> <span class='ocrx_word' id='word_1_535' title='bbox 2835 3365 2901 3421; x_wconf 90' lang='lat' dir='ltr'><strong>de</strong></span> <span class='ocrx_word' id='word_1_536' title='bbox 2925 3368 3084 3420; x_wconf 88' lang='lat' dir='ltr'><strong>rebus</strong></span> <span class='ocrx_word' id='word_1_537' title='bbox 3112 3365 3247 3420; x_wconf 91' lang='lat' dir='ltr'><strong>meis</strong></span> <span class='ocrx_word' id='word_1_538' title='bbox 3276 3366 3473 3420; x_wconf 64' lang='lat' dir='ltr'><strong>dou-are</strong></span> 
     </span>
    </p>
   </div>
   <div class='ocr_carea' id='block_1_78' title="bbox 1898 3455 3471 3525">
    <p class='ocr_par' dir='ltr' id='par_1_78' title="bbox 1898 3455 3471 3525">
     <span class='ocr_line' id='line_1_78' title="bbox 1898 3455 3471 3525; baseline -0.002 -12"><span class='ocrx_word' id='word_1_539' title='bbox 1898 3459 2133 3525; x_wconf 81' lang='lat' dir='ltr'><strong>decrevi,</strong></span> <span class='ocrx_word' id='word_1_540' title='bbox 2166 3458 2308 3525; x_wconf 93' lang='lat' dir='ltr'><strong>quod</strong></span> <span class='ocrx_word' id='word_1_541' title='bbox 2348 3466 2401 3512; x_wconf 89' lang='lat' dir='ltr'><strong>et</strong></span> <span class='ocrx_word' id='word_1_542' title='bbox 2431 3458 2501 3511; x_wconf 90' lang='lat' dir='ltr'><strong>ita</strong></span> <span class='ocrx_word' id='word_1_543' title='bbox 2547 3455 2685 3511; x_wconf 88' lang='lat' dir='ltr'><strong>feci:</strong></span> <span class='ocrx_word' id='word_1_544' title='bbox 2718 3456 2818 3511; x_wconf 87' lang='lat' dir='ltr'><strong>hoc</strong></span> <span class='ocrx_word' id='word_1_545' title='bbox 2864 3464 2966 3520; x_wconf 87' lang='lat' dir='ltr'><strong>est,</strong></span> <span class='ocrx_word' id='word_1_546' title='bbox 3018 3456 3069 3509; x_wconf 90' lang='lat' dir='ltr'><strong>iu</strong></span> <span class='ocrx_word' id='word_1_547' title='bbox 3103 3470 3236 3525; x_wconf 88' lang='lat' dir='ltr'><strong>pago</strong></span> <span class='ocrx_word' id='word_1_548' title='bbox 3265 3456 3471 3511; x_wconf 76' lang='lat' dir='ltr'><strong>Texan-</strong></span> 
     </span>
    </p>
   </div>
   <div class='ocr_carea' id='block_1_79' title="bbox 1898 3548 3473 3621">
    <p class='ocr_par' dir='ltr' id='par_1_79' title="bbox 1898 3548 3473 3621">
     <span class='ocr_line' id='line_1_79' title="bbox 1898 3548 3473 3621; baseline -0.004 -12"><span class='ocrx_word' id='word_1_549' title='bbox 1898 3554 2058 3621; x_wconf 74' lang='lat' dir='ltr'><strong>drim,</strong></span> <span class='ocrx_word' id='word_1_550' title='bbox 2108 3555 2161 3607; x_wconf 93' lang='lat' dir='ltr'><strong>in</strong></span> <span class='ocrx_word' id='word_1_551' title='bbox 2208 3554 2325 3607; x_wconf 90' lang='lat' dir='ltr'><strong>loco</strong></span> <span class='ocrx_word' id='word_1_552' title='bbox 2372 3558 2712 3619; x_wconf 90' lang='lat' dir='ltr'><strong>nuncupante</strong></span> <span class='ocrx_word' id='word_1_553' title='bbox 2760 3548 3013 3616; x_wconf 88' lang='lat' dir='ltr'><strong>Alfheim,</strong></span> <span class='ocrx_word' id='word_1_554' title='bbox 3067 3549 3209 3617; x_wconf 86' lang='lat' dir='ltr'><strong>quod</strong></span> <span class='ocrx_word' id='word_1_555' title='bbox 3254 3548 3473 3603; x_wconf 80' lang='lat' dir='ltr'><strong>mihiex</strong></span> 
     </span>
    </p>
   </div>
   <div class='ocr_carea' id='block_1_80' title="bbox 1899 3641 3474 3717">
    <p class='ocr_par' dir='ltr' id='par_1_80' title="bbox 1899 3641 3474 3717">
     <span class='ocr_line' id='line_1_80' title="bbox 1899 3641 3474 3717; baseline -0.004 -18"><span class='ocrx_word' id='word_1_556' title='bbox 1899 3657 2119 3717; x_wconf 89' lang='lat' dir='ltr'><strong>paterno</strong></span> <span class='ocrx_word' id='word_1_557' title='bbox 2157 3645 2277 3715; x_wconf 84' lang='lat' dir='ltr'><strong>jure</strong></span> <span class='ocrx_word' id='word_1_558' title='bbox 2326 3643 2561 3713; x_wconf 89' lang='lat' dir='ltr'><strong>legitime</strong></span> <span class='ocrx_word' id='word_1_559' title='bbox 2591 3641 2851 3710; x_wconf 90' lang='lat' dir='ltr'><strong>provenit,</strong></span> <span class='ocrx_word' id='word_1_560' title='bbox 2886 3642 2989 3695; x_wconf 89' lang='lat' dir='ltr'><strong>hoc</strong></span> <span class='ocrx_word' id='word_1_561' title='bbox 3038 3649 3119 3694; x_wconf 86' lang='lat' dir='ltr'><strong>est</strong></span> <span class='ocrx_word' id='word_1_562' title='bbox 3165 3649 3369 3694; x_wconf 89' lang='lat' dir='ltr'><strong>casatas</strong></span> <span class='ocrx_word' id='word_1_563' title='bbox 3401 3656 3474 3706; x_wconf 70' lang='grc' dir='ltr'><strong>χι,</strong></span> 
     </span>
    </p>
   </div>
   <div class='ocr_carea' id='block_1_81' title="bbox 1899 3731 3471 3801">
    <p class='ocr_par' dir='ltr' id='par_1_81' title="bbox 1899 3731 3471 3801">
     <span class='ocr_line' id='line_1_81' title="bbox 1899 3731 3471 3801; baseline -0.004 -9"><span class='ocrx_word' id='word_1_564' title='bbox 1899 3753 2019 3793; x_wconf 92' lang='lat' dir='ltr'><strong>cum</strong></span> <span class='ocrx_word' id='word_1_565' title='bbox 2062 3738 2175 3791; x_wconf 89' lang='lat' dir='ltr'><strong>sala</strong></span> <span class='ocrx_word' id='word_1_566' title='bbox 2202 3744 2253 3790; x_wconf 92' lang='lat' dir='ltr'><strong>et</strong></span> <span class='ocrx_word' id='word_1_567' title='bbox 2292 3733 2513 3789; x_wconf 89' lang='lat' dir='ltr'><strong>curticle</strong></span> <span class='ocrx_word' id='word_1_568' title='bbox 2556 3746 2695 3800; x_wconf 89' lang='lat' dir='ltr'><strong>meo,</strong></span> <span class='ocrx_word' id='word_1_569' title='bbox 2729 3746 2884 3801; x_wconf 90' lang='lat' dir='ltr'><strong>quem</strong></span> <span class='ocrx_word' id='word_1_570' title='bbox 2914 3731 2980 3785; x_wconf 88' lang='lat' dir='ltr'><strong>ad</strong></span> <span class='ocrx_word' id='word_1_571' title='bbox 3011 3745 3245 3800; x_wconf 62' lang='lat' dir='ltr'><strong>praesens</strong></span> <span class='ocrx_word' id='word_1_572' title='bbox 3279 3731 3471 3785; x_wconf 79' lang='lat' dir='ltr'><strong>habere</strong></span> 
     </span>
    </p>
   </div>
   <div class='ocr_carea' id='block_1_82' title="bbox 1903 3820 3469 3893">
    <p class='ocr_par' dir='ltr' id='par_1_82' title="bbox 1903 3820 3469 3893">
     <span class='ocr_line' id='line_1_82' title="bbox 1903 3820 3469 3893; baseline -0.003 -11"><span class='ocrx_word' id='word_1_573' title='bbox 1903 3832 2047 3884; x_wconf 89' lang='lat' dir='ltr'><strong>visus</strong></span> <span class='ocrx_word' id='word_1_574' title='bbox 2076 3843 2214 3893; x_wconf 90' lang='lat' dir='ltr'><strong>sum,</strong></span> <span class='ocrx_word' id='word_1_575' title='bbox 2247 3842 2367 3881; x_wconf 91' lang='lat' dir='ltr'><strong>cum</strong></span> <span class='ocrx_word' id='word_1_576' title='bbox 2409 3824 2686 3892; x_wconf 84' lang='lat' dir='ltr'><strong>mancipiis</strong></span> <span class='ocrx_word' id='word_1_577' title='bbox 2730 3832 2784 3876; x_wconf 91' lang='lat' dir='ltr'><strong>et</strong></span> <span class='ocrx_word' id='word_1_578' title='bbox 2829 3822 2974 3875; x_wconf 88' lang='lat' dir='ltr'><strong>omni</strong></span> <span class='ocrx_word' id='word_1_579' title='bbox 3007 3820 3215 3889; x_wconf 89' lang='lat' dir='ltr'><strong>peculio</strong></span> <span class='ocrx_word' id='word_1_580' title='bbox 3262 3836 3469 3877; x_wconf 86' lang='lat' dir='ltr'><strong>eorum.</strong></span> 
     </span>
    </p>
   </div>
   <div class='ocr_carea' id='block_1_83' title="bbox 1904 3912 3468 3983">
    <p class='ocr_par' dir='ltr' id='par_1_83' title="bbox 1904 3912 3468 3983">
     <span class='ocr_line' id='line_1_83' title="bbox 1904 3912 3468 3983; baseline -0.006 -8"><span class='ocrx_word' id='word_1_581' title='bbox 1904 3922 2027 3975; x_wconf 66' lang='lat' dir='ltr'><strong>llaec</strong></span> <span class='ocrx_word' id='word_1_582' title='bbox 2058 3918 2233 3974; x_wconf 89' lang='lat' dir='ltr'><strong>omnia</strong></span> <span class='ocrx_word' id='word_1_583' title='bbox 2264 3917 2355 3972; x_wconf 92' lang='lat' dir='ltr'><strong>tibi</strong></span> <span class='ocrx_word' id='word_1_584' title='bbox 2411 3930 2440 3969; x_wconf 87' lang='lat' dir='ltr'><strong>a</strong></span> <span class='ocrx_word' id='word_1_585' title='bbox 2471 3916 2557 3969; x_wconf 89' lang='lat' dir='ltr'><strong>die</strong></span> <span class='ocrx_word' id='word_1_586' title='bbox 2601 3912 2853 3983; x_wconf 67' lang='lat' dir='ltr'><strong>prtesenti</strong></span> <span class='ocrx_word' id='word_1_587' title='bbox 2916 3912 3069 3967; x_wconf 88' lang='lat' dir='ltr'><strong>trado</strong></span> <span class='ocrx_word' id='word_1_588' title='bbox 3110 3922 3266 3981; x_wconf 90' lang='lat' dir='ltr'><strong>atque</strong></span> <span class='ocrx_word' id='word_1_589' title='bbox 3294 3921 3468 3967; x_wconf 66' lang='lat' dir='ltr'><strong>trans—</strong></span> 
     </span>
    </p>
   </div>
   <div class='ocr_carea' id='block_1_84' title="bbox 1904 4003 3472 4075">
    <p class='ocr_par' dir='ltr' id='par_1_84' title="bbox 1904 4003 3472 4075">
     <span class='ocr_line' id='line_1_84' title="bbox 1904 4003 3472 4075; baseline -0.006 -9"><span class='ocrx_word' id='word_1_590' title='bbox 1904 4012 2106 4075; x_wconf 89' lang='lat' dir='ltr'><strong>fundo,</strong></span> <span class='ocrx_word' id='word_1_591' title='bbox 2147 4024 2268 4065; x_wconf 85' lang='lat' dir='ltr'><strong>cuin</strong></span> <span class='ocrx_word' id='word_1_592' title='bbox 2322 4007 2469 4062; x_wconf 91' lang='lat' dir='ltr'><strong>omni</strong></span> <span class='ocrx_word' id='word_1_593' title='bbox 2530 4006 2829 4074; x_wconf 84' lang='lat' dir='ltr'><strong>integritate</strong></span> <span class='ocrx_word' id='word_1_594' title='bbox 2878 4003 2962 4058; x_wconf 87' lang='lat' dir='ltr'><strong>vel</strong></span> <span class='ocrx_word' id='word_1_595' title='bbox 3015 4004 3327 4072; x_wconf 83' lang='lat' dir='ltr'><strong>adjaceutiis</strong></span> <span class='ocrx_word' id='word_1_596' title='bbox 3382 4020 3472 4057; x_wconf 90' lang='lat' dir='ltr'><strong>eo-</strong></span> 
     </span>
    </p>
   </div>
   <div class='ocr_carea' id='block_1_85' title="bbox 1903 4096 3467 4171">
    <p class='ocr_par' dir='ltr' id='par_1_85' title="bbox 1903 4096 3467 4171">
     <span class='ocr_line' id='line_1_85' title="bbox 1903 4096 3467 4171; baseline -0.008 -9"><span class='ocrx_word' id='word_1_597' title='bbox 1903 4122 2040 4171; x_wconf 89' lang='lat' dir='ltr'><strong>rum,</strong></span> <span class='ocrx_word' id='word_1_598' title='bbox 2076 4105 2177 4159; x_wconf 90' lang='lat' dir='ltr'><strong>boc</strong></span> <span class='ocrx_word' id='word_1_599' title='bbox 2222 4112 2324 4167; x_wconf 90' lang='lat' dir='ltr'><strong>est,</strong></span> <span class='ocrx_word' id='word_1_600' title='bbox 2358 4100 2514 4165; x_wconf 88' lang='lat' dir='ltr'><strong>casis,</strong></span> <span class='ocrx_word' id='word_1_601' title='bbox 2548 4098 2805 4163; x_wconf 87' lang='lat' dir='ltr'><strong>eurticlis,</strong></span> <span class='ocrx_word' id='word_1_602' title='bbox 2851 4096 3018 4162; x_wconf 87' lang='lat' dir='ltr'><strong>silvis,</strong></span> <span class='ocrx_word' id='word_1_603' title='bbox 3055 4098 3231 4161; x_wconf 90' lang='lat' dir='ltr'><strong>terris,</strong></span> <span class='ocrx_word' id='word_1_604' title='bbox 3283 4097 3467 4165; x_wconf 80' lang='lat' dir='ltr'><strong>pratis,</strong></span> 
     </span>
    </p>
   </div>
   <div class='ocr_carea' id='block_1_86' title="bbox 1904 4188 3471 4270">
    <p class='ocr_par' dir='ltr' id='par_1_86' title="bbox 1904 4188 3471 4270">
     <span class='ocr_line' id='line_1_86' title="bbox 1904 4188 3471 4270; baseline -0.007 -17"><span class='ocrx_word' id='word_1_605' title='bbox 1904 4199 2137 4270; x_wconf 85' lang='lat' dir='ltr'><strong>pascuis,</strong></span> <span class='ocrx_word' id='word_1_606' title='bbox 2165 4205 2219 4251; x_wconf 91' lang='lat' dir='ltr'><strong>et</strong></span> <span class='ocrx_word' id='word_1_607' title='bbox 2244 4196 2472 4249; x_wconf 86' lang='lat' dir='ltr'><strong>aratoria</strong></span> <span class='ocrx_word' id='word_1_608' title='bbox 2504 4200 2668 4256; x_wconf 84' lang='lat' dir='ltr'><strong>terra,</strong></span> <span class='ocrx_word' id='word_1_609' title='bbox 2695 4191 2847 4260; x_wconf 89' lang='lat' dir='ltr'><strong>aquis</strong></span> <span class='ocrx_word' id='word_1_610' title='bbox 2888 4203 3253 4258; x_wconf 87' lang='lat' dir='ltr'><strong>aquarumque</strong></span> <span class='ocrx_word' id='word_1_611' title='bbox 3283 4188 3471 4243; x_wconf 71' lang='lat' dir='ltr'><strong>decui~</strong></span> 
     </span>
    </p>
   </div>
   <div class='ocr_carea' id='block_1_87' title="bbox 1904 4281 3475 4355">
    <p class='ocr_par' dir='ltr' id='par_1_87' title="bbox 1904 4281 3475 4355">
     <span class='ocr_line' id='line_1_87' title="bbox 1904 4281 3475 4355; baseline -0.006 -9"><span class='ocrx_word' id='word_1_612' title='bbox 1904 4293 2070 4355; x_wconf 88' lang='lat' dir='ltr'><strong>sibus,</strong></span> <span class='ocrx_word' id='word_1_613' title='bbox 2113 4286 2294 4343; x_wconf 91' lang='lat' dir='ltr'><strong>mobili</strong></span> <span class='ocrx_word' id='word_1_614' title='bbox 2322 4295 2376 4341; x_wconf 94' lang='lat' dir='ltr'><strong>et</strong></span> <span class='ocrx_word' id='word_1_615' title='bbox 2404 4283 2683 4352; x_wconf 81' lang='lat' dir='ltr'><strong>immobili,</strong></span> <span class='ocrx_word' id='word_1_616' title='bbox 2715 4296 2931 4351; x_wconf 87' lang='lat' dir='ltr'><strong>egressu</strong></span> <span class='ocrx_word' id='word_1_617' title='bbox 2978 4281 3060 4335; x_wconf 91' lang='lat' dir='ltr'><strong>vel</strong></span> <span class='ocrx_word' id='word_1_618' title='bbox 3106 4282 3370 4351; x_wconf 86' lang='lat' dir='ltr'><strong>ingressu,</strong></span> <span class='ocrx_word' id='word_1_619' title='bbox 3422 4293 3475 4336; x_wconf 86' lang='lat' dir='ltr'><strong>et</strong></span> 
     </span>
    </p>
   </div>
   <div class='ocr_carea' id='block_1_88' title="bbox 1902 4369 3476 4442">
    <p class='ocr_par' dir='ltr' id='par_1_88' title="bbox 1902 4369 3476 4442">
     <span class='ocr_line' id='line_1_88' title="bbox 1902 4369 3476 4442; baseline -0.006 -8"><span class='ocrx_word' id='word_1_620' title='bbox 1902 4380 2235 4435; x_wconf 75' lang='lat' dir='ltr'><strong>\vatrischafo</strong></span> <span class='ocrx_word' id='word_1_621' title='bbox 2272 4388 2317 4431; x_wconf 73' lang='grc' dir='ltr'><strong>α.</strong></span> <span class='ocrx_word' id='word_1_622' title='bbox 2352 4376 2477 4431; x_wconf 68' lang='lat' dir='ltr'><strong>Ilmc</strong></span> <span class='ocrx_word' id='word_1_623' title='bbox 2499 4371 2675 4429; x_wconf 88' lang='lat' dir='ltr'><strong>omnia</strong></span> <span class='ocrx_word' id='word_1_624' title='bbox 2723 4371 2814 4425; x_wconf 91' lang='lat' dir='ltr'><strong>tibi</strong></span> <span class='ocrx_word' id='word_1_625' title='bbox 2842 4370 2939 4435; x_wconf 89' lang='lat' dir='ltr'><strong>do,</strong></span> <span class='ocrx_word' id='word_1_626' title='bbox 2972 4369 3331 4442; x_wconf 88' lang='lat' dir='ltr'><strong>donatumque</strong></span> <span class='ocrx_word' id='word_1_627' title='bbox 3357 4387 3476 4427; x_wconf 62' lang='lat' dir='ltr'><strong>esse</strong></span> 
     </span>
    </p>
   </div>
   <div class='ocr_carea' id='block_1_89' title="bbox 1901 4460 3474 4545">
    <p class='ocr_par' dir='ltr' id='par_1_89' title="bbox 1901 4460 3474 4545">
     <span class='ocr_line' id='line_1_89' title="bbox 1901 4460 3474 4545; baseline -0.009 -17"><span class='ocrx_word' id='word_1_628' title='bbox 1901 4473 2187 4545; x_wconf 84' lang='lat' dir='ltr'><strong>perltennis</strong></span> <span class='ocrx_word' id='word_1_629' title='bbox 2240 4466 2570 4537; x_wconf 87' lang='lat' dir='ltr'><strong>temporibus</strong></span> <span class='ocrx_word' id='word_1_630' title='bbox 2636 4460 2931 4517; x_wconf 80' lang='lat' dir='ltr'><strong>volozhoe</strong></span> <span class='ocrx_word' id='word_1_631' title='bbox 2977 4462 3208 4529; x_wconf 89' lang='lat' dir='ltr'><strong>habeas,</strong></span> <span class='ocrx_word' id='word_1_632' title='bbox 3270 4471 3474 4521; x_wconf 75' lang='lat' dir='ltr'><strong>teneas.</strong></span> 
     </span>
    </p>
   </div>
   <div class='ocr_carea' id='block_1_90' title="bbox 213 4552 3477 4658">
    <p class='ocr_par' dir='ltr' id='par_1_90' title="bbox 213 4552 3477 4658">
     <span class='ocr_line' id='line_1_90' title="bbox 213 4552 3477 4658; baseline -0.002 -47"><span class='ocrx_word' id='word_1_633' title='bbox 213 4560 537 4628; x_wconf 84' lang='lat' dir='ltr'><strong>rogavimus,</strong></span> <span class='ocrx_word' id='word_1_634' title='bbox 560 4562 742 4616; x_wconf 90' lang='lat' dir='ltr'><strong>venire</strong></span> <span class='ocrx_word' id='word_1_635' title='bbox 766 4563 1103 4619; x_wconf 88' lang='lat' dir='ltr'><strong>volueritaut</strong></span> <span class='ocrx_word' id='word_1_636' title='bbox 1133 4562 1515 4634; x_wconf 86' lang='lat' dir='ltr'><strong>infringere,ct</strong></span> <span class='ocrx_word' id='word_1_637' title='bbox 1533 4564 1632 4620; x_wconf 91' lang='lat' dir='ltr'><strong>ista</strong></span> <span class='ocrx_word' id='word_1_638' title='bbox 1650 4574 1792 4620; x_wconf 90' lang='lat' dir='ltr'><strong>carta</strong></span> <span class='ocrx_word' id='word_1_639' title='bbox 1819 4596 1872 4658; x_wconf 64' lang='grc' dir='ltr'><strong>Β</strong></span> <span class='ocrx_word' id='word_1_640' title='bbox 1904 4564 2177 4637; x_wconf 88' lang='lat' dir='ltr'><strong>possideas</strong></span> <span class='ocrx_word' id='word_1_641' title='bbox 2199 4602 2214 4629; x_wconf 94' lang='lat'><strong>,</strong></span> <span class='ocrx_word' id='word_1_642' title='bbox 2267 4560 2474 4629; x_wconf 90' lang='lat' dir='ltr'><strong>tuisque</strong></span> <span class='ocrx_word' id='word_1_643' title='bbox 2526 4555 2591 4611; x_wconf 89' lang='lat' dir='ltr'><strong>ad</strong></span> <span class='ocrx_word' id='word_1_644' title='bbox 2646 4553 3023 4624; x_wconf 87' lang='lat' dir='ltr'><strong>possidendum</strong></span> <span class='ocrx_word' id='word_1_645' title='bbox 3075 4552 3367 4622; x_wconf 87' lang='lat' dir='ltr'><strong>relinquas,</strong></span> <span class='ocrx_word' id='word_1_646' title='bbox 3426 4564 3477 4605; x_wconf 68' lang='lat' dir='ltr'><strong>et</strong></span> 
     </span>
    </p>
   </div>
   <div class='ocr_carea' id='block_1_91' title="bbox 212 4650 1794 4725">
    <p class='ocr_par' dir='ltr' id='par_1_91' title="bbox 212 4650 1794 4725">
     <span class='ocr_line' id='line_1_91' title="bbox 212 4650 1794 4725; baseline 0.005 -24"><span class='ocrx_word' id='word_1_647' title='bbox 212 4650 257 4702; x_wconf 91' lang='lat' dir='ltr'><strong>ei</strong></span> <span class='ocrx_word' id='word_1_648' title='bbox 288 4660 508 4706; x_wconf 70' lang='lat' dir='ltr'><strong>ostensa</strong></span> <span class='ocrx_word' id='word_1_649' title='bbox 539 4652 697 4707; x_wconf 89' lang='lat' dir='ltr'><strong>fuerit</strong></span> <span class='ocrx_word' id='word_1_650' title='bbox 720 4653 785 4707; x_wconf 87' lang='lat' dir='ltr'><strong>ad</strong></span> <span class='ocrx_word' id='word_1_651' title='bbox 818 4655 1186 4725; x_wconf 85' lang='lat' dir='ltr'><strong>relcgendum,</strong></span> <span class='ocrx_word' id='word_1_652' title='bbox 1216 4666 1271 4711; x_wconf 88' lang='lat' dir='ltr'><strong>et</strong></span> <span class='ocrx_word' id='word_1_653' title='bbox 1299 4670 1359 4710; x_wconf 93' lang='lat' dir='ltr'><strong>se</strong></span> <span class='ocrx_word' id='word_1_654' title='bbox 1405 4670 1470 4711; x_wconf 83' lang='lat' dir='ltr'><strong>ex</strong></span> <span class='ocrx_word' id='word_1_655' title='bbox 1502 4656 1603 4712; x_wconf 89' lang='lat' dir='ltr'><strong>hoc</strong></span> <span class='ocrx_word' id='word_1_656' title='bbox 1647 4672 1794 4712; x_wconf 90' lang='lat' dir='ltr'><strong>com-</strong></span> 
     </span>
    </p>
   </div>
   <div class='ocr_carea' id='block_1_92' title="bbox 214 4744 1794 4818">
    <p class='ocr_par' dir='ltr' id='par_1_92' title="bbox 214 4744 1794 4818">
     <span class='ocr_line' id='line_1_92' title="bbox 214 4744 1794 4818; baseline 0.004 -21"><span class='ocrx_word' id='word_1_657' title='bbox 214 4756 439 4810; x_wconf 84' lang='lat' dir='ltr'><strong>pescere</strong></span> <span class='ocrx_word' id='word_1_658' title='bbox 489 4744 743 4813; x_wconf 87' lang='lat' dir='ltr'><strong>uoluerit,</strong></span> <span class='ocrx_word' id='word_1_659' title='bbox 776 4746 1098 4816; x_wconf 86' lang='lat' dir='ltr'><strong>imprimitus</strong></span> <span class='ocrx_word' id='word_1_660' title='bbox 1127 4746 1219 4802; x_wconf 65' lang='lat' dir='ltr'><strong>ira</strong></span> <span class='ocrx_word' id='word_1_661' title='bbox 1270 4746 1364 4802; x_wconf 89' lang='lat' dir='ltr'><strong>Dei</strong></span> <span class='ocrx_word' id='word_1_662' title='bbox 1418 4750 1794 4818; x_wconf 84' lang='lat' dir='ltr'><strong>omnipotentis</strong></span> 
     </span>
    </p>
   </div>
   <div class='ocr_carea' id='block_1_93' title="bbox 284 4873 1790 4953">
    <p class='ocr_par' dir='ltr' id='par_1_93' title="bbox 284 4873 1790 4953">
     <span class='ocr_line' id='line_1_93' title="bbox 284 4873 1790 4953; baseline 0.007 -26"><span class='ocrx_word' id='word_1_663' title='bbox 284 4880 309 4908; x_wconf 79' lang='grc'><strong>⁸</strong></span> <span class='ocrx_word' id='word_1_664' title='bbox 350 4873 561 4953; x_wconf 76' lang='lat' dir='ltr'><strong>Eodem</strong></span> <span class='ocrx_word' id='word_1_665' title='bbox 591 4876 677 4930; x_wconf 91' lang='lat' dir='ltr'><strong>die</strong></span> <span class='ocrx_word' id='word_1_666' title='bbox 704 4891 807 4944; x_wconf 93' lang='lat' dir='ltr'><strong>quo</strong></span> <span class='ocrx_word' id='word_1_667' title='bbox 836 4877 1055 4953; x_wconf 4' lang='lat' dir='ltr'><strong>Pgipintts</strong></span> <span class='ocrx_word' id='word_1_668' title='bbox 1083 4879 1322 4935; x_wconf 86' lang='lat' dir='ltr'><strong>chartam</strong></span> <span class='ocrx_word' id='word_1_669' title='bbox 1378 4894 1497 4948; x_wconf 62' lang='lat' dir='ltr'><strong>quae</strong></span> <span class='ocrx_word' id='word_1_670' title='bbox 1556 4882 1790 4949; x_wconf 85' lang='lat' dir='ltr'><strong>proxima</strong></span> 
     </span>
    </p>
   </div>
   <div class='ocr_carea' id='block_1_94' title="bbox 214 4944 1792 5017">
    <p class='ocr_par' dir='ltr' id='par_1_94' title="bbox 214 4944 1792 5017">
     <span class='ocr_line' id='line_1_94' title="bbox 214 4944 1792 5017; baseline 0.007 -19"><span class='ocrx_word' id='word_1_671' title='bbox 214 4944 471 5017; x_wconf 73' lang='lat' dir='ltr'><strong>przccedit</strong></span> <span class='ocrx_word' id='word_1_672' title='bbox 504 4944 1242 5012; x_wconf 70' lang='lat' dir='ltr'><strong>Epternaeeusimonasterio</strong></span> <span class='ocrx_word' id='word_1_673' title='bbox 1269 4944 1626 5017; x_wconf 78' lang='lat' dir='ltr'><strong>concesserat,</strong></span> <span class='ocrx_word' id='word_1_674' title='bbox 1658 4957 1792 5009; x_wconf 89' lang='lat' dir='ltr'><strong>hanc</strong></span> 
     </span>
    </p>
   </div>
   <div class='ocr_carea' id='block_1_95' title="bbox 211 5016 1790 5094">
    <p class='ocr_par' dir='ltr' id='par_1_95' title="bbox 211 5016 1790 5094">
     <span class='ocr_line' id='line_1_95' title="bbox 211 5016 1790 5094; baseline 0.008 -27"><span class='ocrx_word' id='word_1_675' title='bbox 211 5016 445 5094; x_wconf 37' lang='lat' dir='ltr'><strong>alteram.</strong></span> <span class='ocrx_word' id='word_1_676' title='bbox 475 5017 679 5094; x_wconf 79' lang='lat' dir='ltr'><strong>emisit.</strong></span> <span class='ocrx_word' id='word_1_677' title='bbox 731 5034 911 5094; x_wconf 75' lang='lat' dir='ltr'><strong>quam</strong></span> <span class='ocrx_word' id='word_1_678' title='bbox 940 5020 1345 5094; x_wconf 27' lang='lat' dir='ltr'><strong>Marteninshex</strong></span> <span class='ocrx_word' id='word_1_679' title='bbox 1404 5022 1790 5094; x_wconf 77' lang='lat' dir='ltr'><strong>Epternaeeusi</strong></span> 
     </span>
    </p>
   </div>
   <div class='ocr_carea' id='block_1_96' title="bbox 211 5086 1788 5162">
    <p class='ocr_par' dir='ltr' id='par_1_96' title="bbox 211 5086 1788 5162">
     <span class='ocr_line' id='line_1_96' title="bbox 211 5086 1788 5162; baseline 0.006 -23"><span class='ocrx_word' id='word_1_680' title='bbox 211 5086 488 5162; x_wconf 74' lang='lat' dir='ltr'><strong>chartario</strong></span> <span class='ocrx_word' id='word_1_681' title='bbox 512 5086 859 5162; x_wconf 78' lang='lat' dir='ltr'><strong>deprompsit,</strong></span> <span class='ocrx_word' id='word_1_682' title='bbox 886 5090 1141 5162; x_wconf 75' lang='lat' dir='ltr'><strong>Ampliss.</strong></span> <span class='ocrx_word' id='word_1_683' title='bbox 1171 5091 1381 5146; x_wconf 90' lang='lat' dir='ltr'><strong>collect.</strong></span> <span class='ocrx_word' id='word_1_684' title='bbox 1416 5086 1465 5145; x_wconf 65' lang='grc' dir='ltr'><strong>ιζ</strong></span> <span class='ocrx_word' id='word_1_685' title='bbox 1484 5092 1523 5159; x_wconf 87' lang='lat' dir='ltr'><strong>l,</strong></span> <span class='ocrx_word' id='word_1_686' title='bbox 1558 5106 1673 5162; x_wconf 87' lang='lat' dir='ltr'><strong>pag.</strong></span> <span class='ocrx_word' id='word_1_687' title='bbox 1700 5094 1788 5161; x_wconf 78' lang='grc'><strong>15,</strong></span> 
     </span>
    </p>
   </div>
   <div class='ocr_carea' id='block_1_97' title="bbox 210 5154 1789 5232">
    <p class='ocr_par' dir='ltr' id='par_1_97' title="bbox 210 5154 1789 5232">
     <span class='ocr_line' id='line_1_97' title="bbox 210 5154 1789 5232; baseline 0.007 -22"><span class='ocrx_word' id='word_1_688' title='bbox 210 5168 262 5211; x_wconf 90' lang='lat' dir='ltr'><strong>et</strong></span> <span class='ocrx_word' id='word_1_689' title='bbox 289 5154 624 5232; x_wconf 72' lang='lat' dir='ltr'><strong>recuderunt</strong></span> <span class='ocrx_word' id='word_1_690' title='bbox 656 5154 1075 5232; x_wconf 27' lang='lat' dir='ltr'><strong>‘lloutheimius,</strong></span> <span class='ocrx_word' id='word_1_691' title='bbox 1121 5163 1260 5217; x_wconf 86' lang='lat' dir='ltr'><strong>Ilist.</strong></span> <span class='ocrx_word' id='word_1_692' title='bbox 1315 5154 1521 5232; x_wconf 69' lang='lat' dir='ltr'><strong>&#39;l‘revir.</strong></span> <span class='ocrx_word' id='word_1_693' title='bbox 1558 5154 1789 5232; x_wconf 53' lang='lat' dir='ltr'><strong>&#39;dipiotr:</strong></span> 
     </span>
    </p>
   </div>
   <div class='ocr_carea' id='block_1_98' title="bbox 212 5225 1790 5305">
    <p class='ocr_par' dir='ltr' id='par_1_98' title="bbox 212 5225 1790 5305">
     <span class='ocr_line' id='line_1_98' title="bbox 212 5225 1790 5305; baseline 0.008 -29"><span class='ocrx_word' id='word_1_694' title='bbox 212 5238 251 5305; x_wconf 44' lang='grc' dir='ltr'>ξ</span> <span class='ocrx_word' id='word_1_695' title='bbox 298 5225 339 5289; x_wconf 92' lang='lat' dir='ltr'><strong>I,</strong></span> <span class='ocrx_word' id='word_1_696' title='bbox 390 5238 525 5305; x_wconf 78' lang='lat' dir='ltr'><strong>pag.</strong></span> <span class='ocrx_word' id='word_1_697' title='bbox 574 5228 697 5293; x_wconf 68' lang='grc'><strong>104,</strong></span> <span class='ocrx_word' id='word_1_698' title='bbox 723 5244 807 5305; x_wconf 76' lang='lat' dir='ltr'><strong>_a_c</strong></span> <span class='ocrx_word' id='word_1_699' title='bbox 854 5229 1555 5305; x_wconf 54' lang='lat' dir='ltr'><strong>Colleetoresscriptorum</strong></span> <span class='ocrx_word' id='word_1_700' title='bbox 1610 5225 1790 5289; x_wconf 76' lang='lat' dir='ltr'><strong>rerum</strong></span> 
     </span>
    </p>
   </div>
   <div class='ocr_carea' id='block_1_99' title="bbox 213 5298 1791 5371">
    <p class='ocr_par' dir='ltr' id='par_1_99' title="bbox 213 5298 1791 5371">
     <span class='ocr_line' id='line_1_99' title="bbox 213 5298 1791 5371; baseline 0.005 -20"><span class='ocrx_word' id='word_1_701' title='bbox 213 5298 620 5371; x_wconf 77' lang='lat' dir='ltr'><strong>Francicarum,</strong></span> <span class='ocrx_word' id='word_1_702' title='bbox 650 5310 690 5353; x_wconf 89' lang='lat' dir='ltr'><strong>t.</strong></span> <span class='ocrx_word' id='word_1_703' title='bbox 720 5298 811 5365; x_wconf 85' lang='lat' dir='ltr'><strong>IV,</strong></span> <span class='ocrx_word' id='word_1_704' title='bbox 842 5315 960 5371; x_wconf 85' lang='lat' dir='ltr'><strong>pag.</strong></span> <span class='ocrx_word' id='word_1_705' title='bbox 993 5304 1116 5358; x_wconf 65' lang='lat'><strong>665.</strong></span> <span class='ocrx_word' id='word_1_706' title='bbox 1171 5302 1279 5357; x_wconf 71' lang='lat' dir='ltr'><strong>Nos</strong></span> <span class='ocrx_word' id='word_1_707' title='bbox 1328 5304 1626 5357; x_wconf 90' lang='lat' dir='ltr'><strong>accuratius</strong></span> <span class='ocrx_word' id='word_1_708' title='bbox 1678 5307 1791 5359; x_wconf 85' lang='lat' dir='ltr'><strong>edi-</strong></span> 
     </span>
    </p>
   </div>
   <div class='ocr_carea' id='block_1_100' title="bbox 214 5368 1785 5451">
    <p class='ocr_par' dir='ltr' id='par_1_100' title="bbox 214 5368 1785 5451">
     <span class='ocr_line' id='line_1_100' title="bbox 214 5368 1785 5451; baseline 0.007 -32"><span class='ocrx_word' id='word_1_709' title='bbox 214 5379 349 5451; x_wconf 70' lang='lat' dir='ltr'><strong>mus,</strong></span> <span class='ocrx_word' id='word_1_710' title='bbox 377 5368 463 5451; x_wconf 31' lang='lat' dir='ltr'><strong>ﬁnd</strong></span> <span class='ocrx_word' id='word_1_711' title='bbox 506 5368 664 5451; x_wconf 57' lang='lat' dir='ltr'><strong>fidem</strong></span> <span class='ocrx_word' id='word_1_712' title='bbox 700 5368 1064 5442; x_wconf 80' lang='lat' dir='ltr'><strong>transsumpti,</strong></span> <span class='ocrx_word' id='word_1_713' title='bbox 1100 5389 1219 5451; x_wconf 80' lang='lat' dir='ltr'><strong>eum</strong></span> <span class='ocrx_word' id='word_1_714' title='bbox 1272 5372 1460 5451; x_wconf 79' lang='lat' dir='ltr'><strong>eodem</strong></span> <span class='ocrx_word' id='word_1_715' title='bbox 1496 5375 1785 5441; x_wconf 89' lang='lat' dir='ltr'><strong>chartario,</strong></span> 
     </span>
    </p>
   </div>
   <div class='ocr_carea' id='block_1_101' title="bbox 213 5435 1788 5517">
    <p class='ocr_par' dir='ltr' id='par_1_101' title="bbox 213 5435 1788 5517">
     <span class='ocr_line' id='line_1_101' title="bbox 213 5435 1788 5517; baseline 0.007 -27"><span class='ocrx_word' id='word_1_716' title='bbox 213 5447 247 5490; x_wconf 90' lang='lat' dir='ltr'><strong>t.</strong></span> <span class='ocrx_word' id='word_1_717' title='bbox 270 5435 476 5517; x_wconf 43' lang='grc' dir='ltr'><strong>μέθῃ</strong></span> <span class='ocrx_word' id='word_1_718' title='bbox 505 5436 597 5506; x_wconf 75' lang='lat'><strong>50,</strong></span> <span class='ocrx_word' id='word_1_719' title='bbox 642 5449 699 5493; x_wconf 88' lang='lat' dir='ltr'><strong>v°</strong></span> <span class='ocrx_word' id='word_1_720' title='bbox 730 5450 782 5517; x_wconf 82' lang='lat' dir='ltr'><strong>et</strong></span> <span class='ocrx_word' id='word_1_721' title='bbox 813 5435 1123 5517; x_wconf 30' lang='lat' dir='ltr'><strong>sequiquogl</strong></span> <span class='ocrx_word' id='word_1_722' title='bbox 1144 5453 1361 5517; x_wconf 74' lang='lat' dir='ltr'><strong>vocatur</strong></span> <span class='ocrx_word' id='word_1_723' title='bbox 1394 5445 1533 5517; x_wconf 74' lang='lat' dir='ltr'><strong>liber</strong></span> <span class='ocrx_word' id='word_1_724' title='bbox 1572 5435 1788 5511; x_wconf 72' lang='lat' dir='ltr'><strong>aureus,</strong></span> 
     </span>
    </p>
   </div>
   <div class='ocr_carea' id='block_1_102' title="bbox 211 5506 1788 5591">
    <p class='ocr_par' dir='ltr' id='par_1_102' title="bbox 211 5506 1788 5591">
     <span class='ocr_line' id='line_1_102' title="bbox 211 5506 1788 5591; baseline 0.005 -28"><span class='ocrx_word' id='word_1_725' title='bbox 211 5524 239 5591; x_wconf 85' lang='lat' dir='ltr'><strong>a_</strong></span> <span class='ocrx_word' id='word_1_726' title='bbox 356 5506 572 5578; x_wconf 86' lang='lat' dir='ltr'><strong>Colloz,</strong></span> <span class='ocrx_word' id='word_1_727' title='bbox 607 5512 779 5591; x_wconf 72' lang='lat' dir='ltr'><strong>sancti</strong></span> <span class='ocrx_word' id='word_1_728' title='bbox 820 5506 1053 5591; x_wconf 49' lang='lat' dir='ltr'><strong>Ag&#39;ericl</strong></span> <span class='ocrx_word' id='word_1_729' title='bbox 1077 5514 1434 5591; x_wconf 83' lang='lat' dir='ltr'><strong>_Virdu_ucns_is</strong></span> <span class='ocrx_word' id='word_1_730' title='bbox 1490 5506 1788 5591; x_wconf 76' lang='lat' dir='ltr'><strong>subpriore,</strong></span> 
     </span>
    </p>
   </div>
   <div class='ocr_carea' id='block_1_103' title="bbox 212 5582 1789 5655">
    <p class='ocr_par' dir='ltr' id='par_1_103' title="bbox 212 5582 1789 5655">
     <span class='ocr_line' id='line_1_103' title="bbox 212 5582 1789 5655; baseline 0.007 -23"><span class='ocrx_word' id='word_1_731' title='bbox 212 5582 496 5647; x_wconf 78' lang='lat' dir='ltr'><strong>diligenter</strong></span> <span class='ocrx_word' id='word_1_732' title='bbox 537 5583 716 5637; x_wconf 80' lang='lat' dir='ltr'><strong>collati</strong></span> <span class='ocrx_word' id='word_1_733' title='bbox 752 5594 921 5655; x_wconf 48' lang='lat' dir='ltr'><strong>anno</strong></span> <span class='ocrx_word' id='word_1_734' title='bbox 954 5587 1116 5651; x_wconf 70' lang='lat' dir='ltr'><strong>178i,</strong></span> <span class='ocrx_word' id='word_1_735' title='bbox 1146 5597 1201 5641; x_wconf 92' lang='lat' dir='ltr'><strong>et</strong></span> <span class='ocrx_word' id='word_1_736' title='bbox 1240 5589 1289 5639; x_wconf 90' lang='lat' dir='ltr'><strong>in</strong></span> <span class='ocrx_word' id='word_1_737' title='bbox 1350 5582 1789 5655; x_wconf 79' lang='lat' dir='ltr'><strong>chartopliylacio</strong></span> 
     </span>
    </p>
   </div>
   <div class='ocr_carea' id='block_1_104' title="bbox 212 5652 1787 5733">
    <p class='ocr_par' dir='ltr' id='par_1_104' title="bbox 212 5652 1787 5733">
     <span class='ocr_line' id='line_1_104' title="bbox 212 5652 1787 5733; baseline 0.004 -27"><span class='ocrx_word' id='word_1_738' title='bbox 212 5663 399 5733; x_wconf 53' lang='lat' dir='ltr'><strong>{rastro</strong></span> <span class='ocrx_word' id='word_1_739' title='bbox 425 5657 650 5733; x_wconf 71' lang='lat' dir='ltr'><strong>repositi</strong></span> <span class='ocrx_word' id='word_1_740' title='bbox 688 5669 718 5708; x_wconf 89' lang='lat' dir='ltr'><strong>a</strong></span> <span class='ocrx_word' id='word_1_741' title='bbox 737 5652 1139 5733; x_wconf 24' lang='grc' dir='ltr'><strong>Τειιιολυίίιρι</strong></span> <span class='ocrx_word' id='word_1_742' title='bbox 1161 5658 1592 5733; x_wconf 69' lang='lat' dir='ltr'><strong>congregationis</strong></span> <span class='ocrx_word' id='word_1_743' title='bbox 1618 5652 1787 5733; x_wconf 81' lang='lat' dir='ltr'><strong>sancti</strong></span> 
     </span>
    </p>
   </div>
   <div class='ocr_carea' id='block_1_105' title="bbox 216 5720 1787 5796">
    <p class='ocr_par' dir='ltr' id='par_1_105' title="bbox 216 5720 1787 5796">
     <span class='ocr_line' id='line_1_105' title="bbox 216 5720 1787 5796; baseline 0.004 -21"><span class='ocrx_word' id='word_1_744' title='bbox 216 5720 410 5776; x_wconf 81' lang='lat' dir='ltr'><strong>V&#39;itoni.</strong></span> <span class='ocrx_word' id='word_1_745' title='bbox 438 5724 635 5796; x_wconf 80' lang='lat' dir='ltr'><strong>Iisdem</strong></span> <span class='ocrx_word' id='word_1_746' title='bbox 668 5724 893 5796; x_wconf 75' lang='lat' dir='ltr'><strong>vallatur</strong></span> <span class='ocrx_word' id='word_1_747' title='bbox 911 5720 1389 5795; x_wconf 66' lang='lat' dir='ltr'><strong>subscriptiouibus</strong></span> <span class='ocrx_word' id='word_1_748' title='bbox 1411 5728 1600 5796; x_wconf 88' lang='lat' dir='ltr'><strong>quibus</strong></span> <span class='ocrx_word' id='word_1_749' title='bbox 1628 5728 1787 5781; x_wconf 68' lang='lat' dir='ltr'><strong>ehar~</strong></span> 
     </span>
    </p>
   </div>
   <div class='ocr_carea' id='block_1_106' title="bbox 214 5791 1787 5867">
    <p class='ocr_par' dir='ltr' id='par_1_106' title="bbox 214 5791 1787 5867">
     <span class='ocr_line' id='line_1_106' title="bbox 214 5791 1787 5867; baseline 0.004 -22"><span class='ocrx_word' id='word_1_750' title='bbox 214 5803 260 5845; x_wconf 76' lang='lat' dir='ltr'><strong>ta</strong></span> <span class='ocrx_word' id='word_1_751' title='bbox 290 5796 459 5852; x_wconf 79' lang='lat' dir='ltr'><strong>altera</strong></span> <span class='ocrx_word' id='word_1_752' title='bbox 500 5793 747 5864; x_wconf 85' lang='lat' dir='ltr'><strong>ejusdem</strong></span> <span class='ocrx_word' id='word_1_753' title='bbox 789 5791 914 5852; x_wconf 89' lang='lat' dir='ltr'><strong>diei.</strong></span> <span class='ocrx_word' id='word_1_754' title='bbox 949 5800 1088 5854; x_wconf 89' lang='lat' dir='ltr'><strong>Inter</strong></span> <span class='ocrx_word' id='word_1_755' title='bbox 1109 5791 1244 5852; x_wconf 81' lang='lat' dir='ltr'><strong>alios</strong></span> <span class='ocrx_word' id='word_1_756' title='bbox 1279 5791 1564 5856; x_wconf 76' lang='lat' dir='ltr'><strong>subscribit</strong></span> <span class='ocrx_word' id='word_1_757' title='bbox 1592 5797 1787 5867; x_wconf 86' lang='lat' dir='ltr'><strong>Drogo,</strong></span> 
     </span>
    </p>
   </div>
   <div class='ocr_carea' id='block_1_107' title="bbox 216 5866 1784 5939">
    <p class='ocr_par' dir='ltr' id='par_1_107' title="bbox 216 5866 1784 5939">
     <span class='ocr_line' id='line_1_107' title="bbox 216 5866 1784 5939; baseline 0.001 -20"><span class='ocrx_word' id='word_1_758' title='bbox 216 5866 347 5935; x_wconf 77' lang='lat' dir='ltr'><strong>quod</strong></span> <span class='ocrx_word' id='word_1_759' title='bbox 381 5869 437 5926; x_wconf 89' lang='lat' dir='ltr'><strong>in</strong></span> <span class='ocrx_word' id='word_1_760' title='bbox 467 5867 796 5926; x_wconf 85' lang='lat' dir='ltr'><strong>chartulario</strong></span> <span class='ocrx_word' id='word_1_761' title='bbox 821 5882 917 5938; x_wconf 82' lang='lat' dir='ltr'><strong>per</strong></span> <span class='ocrx_word' id='word_1_762' title='bbox 956 5870 1325 5939; x_wconf 89' lang='lat' dir='ltr'><strong>compcudimu</strong></span> <span class='ocrx_word' id='word_1_763' title='bbox 1351 5869 1597 5925; x_wconf 84' lang='lat' dir='ltr'><strong>scribitur</strong></span> <span class='ocrx_word' id='word_1_764' title='bbox 1626 5866 1784 5938; x_wconf 64' lang='lat' dir='ltr'><strong>Drya,</strong></span> 
     </span>
    </p>
   </div>
   <div class='ocr_carea' id='block_1_108' title="bbox 1903 4641 3473 4730">
    <p class='ocr_par' dir='ltr' id='par_1_108' title="bbox 1903 4641 3473 4730">
     <span class='ocr_line' id='line_1_108' title="bbox 1903 4641 3473 4730; baseline -0.015 -15"><span class='ocrx_word' id='word_1_765' title='bbox 1903 4657 2152 4730; x_wconf 89' lang='lat' dir='ltr'><strong>quicquid</strong></span> <span class='ocrx_word' id='word_1_766' title='bbox 2183 4653 2375 4709; x_wconf 85' lang='lat' dir='ltr'><strong>exinde</strong></span> <span class='ocrx_word' id='word_1_767' title='bbox 2405 4651 2576 4704; x_wconf 86' lang='lat' dir='ltr'><strong>facere</strong></span> <span class='ocrx_word' id='word_1_768' title='bbox 2616 4644 2847 4701; x_wconf 86' lang='lat' dir='ltr'><strong>volueris</strong></span> <span class='ocrx_word' id='word_1_769' title='bbox 2877 4643 3098 4698; x_wconf 86' lang='lat' dir='ltr'><strong>liberam</strong></span> <span class='ocrx_word' id='word_1_770' title='bbox 3129 4650 3183 4697; x_wconf 89' lang='lat' dir='ltr'><strong>et</strong></span> <span class='ocrx_word' id='word_1_771' title='bbox 3230 4641 3473 4696; x_wconf 78' lang='lat' dir='ltr'><strong>firmissi-</strong></span> 
     </span>
    </p>
   </div>
   <div class='ocr_carea' id='block_1_109' title="bbox 1902 4735 3470 4807">
    <p class='ocr_par' dir='ltr' id='par_1_109' title="bbox 1902 4735 3470 4807">
     <span class='ocr_line' id='line_1_109' title="bbox 1902 4735 3470 4807; baseline -0.013 0"><span class='ocrx_word' id='word_1_772' title='bbox 1902 4766 2043 4807; x_wconf 89' lang='lat' dir='ltr'><strong>mam</strong></span> <span class='ocrx_word' id='word_1_773' title='bbox 2090 4748 2142 4802; x_wconf 90' lang='lat' dir='ltr'><strong>in</strong></span> <span class='ocrx_word' id='word_1_774' title='bbox 2172 4743 2423 4801; x_wconf 88' lang='lat' dir='ltr'><strong>omnibus</strong></span> <span class='ocrx_word' id='word_1_775' title='bbox 2452 4738 2649 4794; x_wconf 86' lang='lat' dir='ltr'><strong>habeas</strong></span> <span class='ocrx_word' id='word_1_776' title='bbox 2686 4744 3026 4807; x_wconf 87' lang='lat' dir='ltr'><strong>potestatem.</strong></span> <span class='ocrx_word' id='word_1_777' title='bbox 3068 4735 3126 4790; x_wconf 90' lang='lat' dir='ltr'><strong>Si</strong></span> <span class='ocrx_word' id='word_1_778' title='bbox 3160 4735 3281 4805; x_wconf 89' lang='lat' dir='ltr'><strong>quis</strong></span> <span class='ocrx_word' id='word_1_779' title='bbox 3323 4748 3470 4801; x_wconf 77' lang='lat' dir='ltr'><strong>vero,</strong></span> 
     </span>
    </p>
   </div>
   <div class='ocr_carea' id='block_1_110' title="bbox 1899 4868 3471 4941">
    <p class='ocr_par' dir='ltr' id='par_1_110' title="bbox 1899 4868 3471 4941">
     <span class='ocr_line' id='line_1_110' title="bbox 1899 4868 3471 4941; baseline -0.013 1"><span class='ocrx_word' id='word_1_780' title='bbox 1899 4886 2038 4941; x_wconf 89' lang='lat' dir='ltr'><strong>male</strong></span> <span class='ocrx_word' id='word_1_781' title='bbox 2082 4884 2132 4938; x_wconf 90' lang='lat' dir='ltr'><strong>in</strong></span> <span class='ocrx_word' id='word_1_782' title='bbox 2167 4878 2335 4935; x_wconf 84' lang='lat' dir='ltr'><strong>Editis</strong></span> <span class='ocrx_word' id='word_1_783' title='bbox 2364 4873 2561 4930; x_wconf 86' lang='lat' dir='ltr'><strong>Drodo.</strong></span> <span class='ocrx_word' id='word_1_784' title='bbox 2624 4872 2698 4925; x_wconf 87' lang='lat' dir='ltr'><strong>De</strong></span> <span class='ocrx_word' id='word_1_785' title='bbox 2751 4868 3085 4939; x_wconf 88' lang='lat' dir='ltr'><strong>Gaimundis,</strong></span> <span class='ocrx_word' id='word_1_786' title='bbox 3136 4868 3253 4925; x_wconf 84' lang='lat' dir='ltr'><strong>vide</strong></span> <span class='ocrx_word' id='word_1_787' title='bbox 3291 4884 3471 4939; x_wconf 73' lang='lat' dir='ltr'><strong>supra,</strong></span> 
     </span>
    </p>
   </div>
   <div class='ocr_carea' id='block_1_111' title="bbox 1898 4953 2162 5010">
    <p class='ocr_par' dir='ltr' id='par_1_111' title="bbox 1898 4953 2162 5010">
     <span class='ocr_line' id='line_1_111' title="bbox 1898 4953 2162 5010; baseline -0.015 0"><span class='ocrx_word' id='word_1_788' title='bbox 1898 4964 2079 5010; x_wconf 85' lang='lat' dir='ltr'><strong>annot.</strong></span> <span class='ocrx_word' id='word_1_789' title='bbox 2124 4953 2162 5007; x_wconf 94' lang='lat' dir='ltr'><strong>I.</strong></span> 
     </span>
    </p>
   </div>
   <div class='ocr_carea' id='block_1_112' title="bbox 1972 5011 3467 5090">
    <p class='ocr_par' dir='ltr' id='par_1_112' title="bbox 1972 5011 3467 5090">
     <span class='ocr_line' id='line_1_112' title="bbox 1972 5011 3467 5090; baseline -0.009 -13"><span class='ocrx_word' id='word_1_790' title='bbox 1972 5025 1999 5065; x_wconf 67' lang='grc' dir='ltr'>δ</span> <span class='ocrx_word' id='word_1_791' title='bbox 2030 5022 2274 5090; x_wconf 85' lang='lat' dir='ltr'><strong>Vulgavit</strong></span> <span class='ocrx_word' id='word_1_792' title='bbox 2311 5016 2630 5090; x_wconf 79' lang='lat' dir='ltr'><strong>Illartenius,</strong></span> <span class='ocrx_word' id='word_1_793' title='bbox 2663 5012 3074 5090; x_wconf 83' lang='lat' dir='ltr'><strong>Atnpliss._coll.</strong></span> <span class='ocrx_word' id='word_1_794' title='bbox 3107 5020 3145 5065; x_wconf 89' lang='grc'><strong>1.</strong></span> <span class='ocrx_word' id='word_1_795' title='bbox 3178 5011 3351 5090; x_wconf 38' lang='grc'><strong>1,.901,</strong></span> <span class='ocrx_word' id='word_1_796' title='bbox 3384 5012 3467 5090; x_wconf 66' lang='lat' dir='ltr'><strong>lli,</strong></span> 
     </span>
    </p>
   </div>
   <div class='ocr_carea' id='block_1_113' title="bbox 1898 5083 3473 5155">
    <p class='ocr_par' dir='ltr' id='par_1_113' title="bbox 1898 5083 3473 5155">
     <span class='ocr_line' id='line_1_113' title="bbox 1898 5083 3473 5155; baseline -0.013 -2"><span class='ocrx_word' id='word_1_797' title='bbox 1898 5114 1965 5153; x_wconf 80' lang='lat' dir='ltr'><strong>ex</strong></span> <span class='ocrx_word' id='word_1_798' title='bbox 1996 5083 2318 5150; x_wconf 62' lang='lat' dir='ltr'><strong>chariulario</strong></span> <span class='ocrx_word' id='word_1_799' title='bbox 2341 5083 2718 5155; x_wconf 82' lang='lat' dir='ltr'><strong>Epternaeensi</strong></span> <span class='ocrx_word' id='word_1_800' title='bbox 2745 5083 3103 5153; x_wconf 57' lang='lat' dir='ltr'><strong>{recuderunt</strong></span> <span class='ocrx_word' id='word_1_801' title='bbox 3126 5096 3190 5135; x_wconf 80' lang='lat' dir='ltr'><strong>ex</strong></span> <span class='ocrx_word' id='word_1_802' title='bbox 3217 5083 3473 5155; x_wconf 79' lang='lat' dir='ltr'><strong>.\_l_arteniu</strong></span> 
     </span>
    </p>
   </div>
   <div class='ocr_carea' id='block_1_114' title="bbox 1902 5152 3470 5235">
    <p class='ocr_par' dir='ltr' id='par_1_114' title="bbox 1902 5152 3470 5235">
     <span class='ocr_line' id='line_1_114' title="bbox 1902 5152 3470 5235; baseline -0.01 -14"><span class='ocrx_word' id='word_1_803' title='bbox 1902 5152 2212 5235; x_wconf 65' lang='lat' dir='ltr'><strong>I’tippenus,</strong></span> <span class='ocrx_word' id='word_1_804' title='bbox 2260 5152 2494 5235; x_wconf 14' lang='lat' dir='ltr'><strong>Upe‘rum</strong></span> <span class='ocrx_word' id='word_1_805' title='bbox 2546 5161 2673 5235; x_wconf 82' lang='lat' dir='ltr'><strong>di_p_l_.</strong></span> <span class='ocrx_word' id='word_1_806' title='bbox 2709 5152 2872 5235; x_wconf 50' lang='lat' dir='ltr'><strong>Mirari</strong></span> <span class='ocrx_word' id='word_1_807' title='bbox 2917 5156 3114 5235; x_wconf 41' lang='lat' dir='ltr'><strong>suppl.“</strong></span> <span class='ocrx_word' id='word_1_808' title='bbox 3145 5162 3182 5235; x_wconf 44' lang='lat' dir='ltr'><strong>tl.</strong></span> <span class='ocrx_word' id='word_1_809' title='bbox 3232 5152 3470 5235; x_wconf 68' lang='lat' dir='ltr'><strong>lII,_pag.</strong></span> 
     </span>
    </p>
   </div>
   <div class='ocr_carea' id='block_1_115' title="bbox 1898 5222 3469 5301">
    <p class='ocr_par' dir='ltr' id='par_1_115' title="bbox 1898 5222 3469 5301">
     <span class='ocr_line' id='line_1_115' title="bbox 1898 5222 3469 5301; baseline -0.009 -11"><span class='ocrx_word' id='word_1_810' title='bbox 1898 5222 2029 5301; x_wconf 48' lang='lat'><strong>2:55,.</strong></span> <span class='ocrx_word' id='word_1_811' title='bbox 2057 5246 2110 5289; x_wconf 87' lang='lat' dir='ltr'><strong>et</strong></span> <span class='ocrx_word' id='word_1_812' title='bbox 2156 5222 2737 5301; x_wconf 53' lang='lat' dir='ltr'><strong>IIontl&#39;teimius,Ilist.</strong></span> <span class='ocrx_word' id='word_1_813' title='bbox 2810 5226 3017 5301; x_wconf 85' lang='lat' dir='ltr'><strong>Trevir.</strong></span> <span class='ocrx_word' id='word_1_814' title='bbox 3054 5222 3284 5301; x_wconf 39' lang='lat' dir='ltr'><strong>.diplom.</strong></span> <span class='ocrx_word' id='word_1_815' title='bbox 3335 5231 3373 5277; x_wconf 92' lang='lat' dir='ltr'><strong>t.</strong></span> <span class='ocrx_word' id='word_1_816' title='bbox 3431 5222 3469 5285; x_wconf 87' lang='lat' dir='ltr'><strong>I,</strong></span> 
     </span>
    </p>
   </div>
   <div class='ocr_carea' id='block_1_116' title="bbox 1899 5292 3473 5377">
    <p class='ocr_par' dir='ltr' id='par_1_116' title="bbox 1899 5292 3473 5377">
     <span class='ocr_line' id='line_1_116' title="bbox 1899 5292 3473 5377; baseline -0.01 -15"><span class='ocrx_word' id='word_1_817' title='bbox 1899 5292 2022 5377; x_wconf 52' lang='lat' dir='ltr'><strong>pag:</strong></span> <span class='ocrx_word' id='word_1_818' title='bbox 2069 5303 2191 5360; x_wconf 66' lang='lat'><strong>103.</strong></span> <span class='ocrx_word' id='word_1_819' title='bbox 2246 5302 2493 5377; x_wconf 50' lang='lat' dir='ltr'><strong>fidimus</strong></span> <span class='ocrx_word' id='word_1_820' title='bbox 2522 5300 2586 5353; x_wconf 83' lang='lat' dir='ltr'><strong>ad</strong></span> <span class='ocrx_word' id='word_1_821' title='bbox 2629 5301 2823 5377; x_wconf 86' lang='lat' dir='ltr'><strong>_f‘tdem_</strong></span> <span class='ocrx_word' id='word_1_822' title='bbox 2846 5292 3107 5377; x_wconf 78' lang='lat' dir='ltr'><strong>blartenii.</strong></span> <span class='ocrx_word' id='word_1_823' title='bbox 3146 5293 3349 5372; x_wconf 78' lang='lat' dir='ltr'><strong>llirecta</strong></span> <span class='ocrx_word' id='word_1_824' title='bbox 3392 5304 3473 5347; x_wconf 84' lang='lat' dir='ltr'><strong>est</strong></span> 
     </span>
    </p>
   </div>
   <div class='ocr_carea' id='block_1_117' title="bbox 1898 5364 3468 5435">
    <p class='ocr_par' dir='ltr' id='par_1_117' title="bbox 1898 5364 3468 5435">
     <span class='ocr_line' id='line_1_117' title="bbox 1898 5364 3468 5435; baseline -0.011 -3"><span class='ocrx_word' id='word_1_825' title='bbox 1898 5364 2080 5432; x_wconf 66' lang='lat' dir='ltr'><strong>charta</strong></span> <span class='ocrx_word' id='word_1_826' title='bbox 2109 5380 2221 5428; x_wconf 64' lang='lat' dir='ltr'><strong>haec</strong></span> <span class='ocrx_word' id='word_1_827' title='bbox 2243 5372 2307 5426; x_wconf 90' lang='lat' dir='ltr'><strong>ad</strong></span> <span class='ocrx_word' id='word_1_828' title='bbox 2334 5370 2759 5435; x_wconf 85' lang='lat' dir='ltr'><strong>Willibrordum,</strong></span> <span class='ocrx_word' id='word_1_829' title='bbox 2781 5366 3141 5435; x_wconf 81' lang='lat' dir='ltr'><strong>Trajectiuum</strong></span> <span class='ocrx_word' id='word_1_830' title='bbox 3163 5364 3468 5428; x_wconf 74' lang='lat' dir='ltr'><strong>episcotium</strong></span> 
     </span>
    </p>
   </div>
   <div class='ocr_carea' id='block_1_118' title="bbox 1898 5440 3472 5510">
    <p class='ocr_par' dir='ltr' id='par_1_118' title="bbox 1898 5440 3472 5510">
     <span class='ocr_line' id='line_1_118' title="bbox 1898 5440 3472 5510; baseline -0.013 -6"><span class='ocrx_word' id='word_1_831' title='bbox 1898 5458 1955 5503; x_wconf 91' lang='lat' dir='ltr'><strong>et</strong></span> <span class='ocrx_word' id='word_1_832' title='bbox 1998 5447 2241 5501; x_wconf 81' lang='lat' dir='ltr'><strong>abbatem</strong></span> <span class='ocrx_word' id='word_1_833' title='bbox 2277 5442 2746 5510; x_wconf 89' lang='lat' dir='ltr'><strong>Epternaeeusem,</strong></span> <span class='ocrx_word' id='word_1_834' title='bbox 2777 5448 2832 5493; x_wconf 89' lang='lat' dir='ltr'><strong>ut</strong></span> <span class='ocrx_word' id='word_1_835' title='bbox 2868 5440 3030 5505; x_wconf 82' lang='lat' dir='ltr'><strong>liquet</strong></span> <span class='ocrx_word' id='word_1_836' title='bbox 3058 5449 3122 5510; x_wconf 81' lang='lat' dir='ltr'><strong>ex</strong></span> <span class='ocrx_word' id='word_1_837' title='bbox 3155 5442 3472 5487; x_wconf 85' lang='lat' dir='ltr'><strong>testamento</strong></span> 
     </span>
    </p>
   </div>
   <div class='ocr_carea' id='block_1_119' title="bbox 1899 5507 3468 5583">
    <p class='ocr_par' dir='ltr' id='par_1_119' title="bbox 1899 5507 3468 5583">
     <span class='ocr_line' id='line_1_119' title="bbox 1899 5507 3468 5583; baseline -0.013 -10"><span class='ocrx_word' id='word_1_838' title='bbox 1899 5521 2063 5583; x_wconf 85' lang='lat' dir='ltr'><strong>ipsius</strong></span> <span class='ocrx_word' id='word_1_839' title='bbox 2087 5507 2437 5583; x_wconf 80' lang='lat' dir='ltr'><strong>Willibrordi,</strong></span> <span class='ocrx_word' id='word_1_840' title='bbox 2461 5511 2604 5579; x_wconf 86' lang='lat' dir='ltr'><strong>quod</strong></span> <span class='ocrx_word' id='word_1_841' title='bbox 2633 5512 2820 5583; x_wconf 86' lang='lat' dir='ltr'><strong>ordine</strong></span> <span class='ocrx_word' id='word_1_842' title='bbox 2847 5507 3468 5583; x_wconf 80' lang='lat' dir='ltr'><strong>suo_profer_emus,__p_ag.</strong></span> 
     </span>
    </p>
   </div>
   <div class='ocr_carea' id='block_1_120' title="bbox 1898 5575 3473 5653">
    <p class='ocr_par' dir='ltr' id='par_1_120' title="bbox 1898 5575 3473 5653">
     <span class='ocr_line' id='line_1_120' title="bbox 1898 5575 3473 5653; baseline -0.01 -10"><span class='ocrx_word' id='word_1_843' title='bbox 1898 5575 2021 5652; x_wconf 56' lang='lat'><strong>349,</strong></span> <span class='ocrx_word' id='word_1_844' title='bbox 2055 5596 2109 5640; x_wconf 83' lang='lat' dir='ltr'><strong>et</strong></span> <span class='ocrx_word' id='word_1_845' title='bbox 2132 5600 2238 5653; x_wconf 88' lang='lat' dir='ltr'><strong>quo</strong></span> <span class='ocrx_word' id='word_1_846' title='bbox 2266 5582 2439 5636; x_wconf 75' lang='lat' dir='ltr'><strong>villam</strong></span> <span class='ocrx_word' id='word_1_847' title='bbox 2469 5575 2657 5649; x_wconf 62' lang='lat' dir='ltr'><strong>Alfeim</strong></span> <span class='ocrx_word' id='word_1_848' title='bbox 2695 5582 2747 5634; x_wconf 88' lang='lat' dir='ltr'><strong>in</strong></span> <span class='ocrx_word' id='word_1_849' title='bbox 2774 5596 2905 5649; x_wconf 81' lang='lat' dir='ltr'><strong>pago</strong></span> <span class='ocrx_word' id='word_1_850' title='bbox 2934 5576 3243 5631; x_wconf 73' lang='lat' dir='ltr'><strong>Toxandrite</strong></span> <span class='ocrx_word' id='word_1_851' title='bbox 3281 5575 3379 5628; x_wconf 86' lang='lat' dir='ltr'><strong>sibi</strong></span> <span class='ocrx_word' id='word_1_852' title='bbox 3406 5578 3473 5629; x_wconf 83' lang='lat' dir='ltr'><strong>ah</strong></span> 
     </span>
    </p>
   </div>
   <div class='ocr_carea' id='block_1_121' title="bbox 1898 5656 2808 5728">
    <p class='ocr_par' dir='ltr' id='par_1_121' title="bbox 1898 5656 2808 5728">
     <span class='ocr_line' id='line_1_121' title="bbox 1898 5656 2808 5728; baseline -0.014 -13"><span class='ocrx_word' id='word_1_853' title='bbox 1898 5659 2222 5728; x_wconf 74' lang='lat' dir='ltr'><strong>Engelberto</strong></span> <span class='ocrx_word' id='word_1_854' title='bbox 2247 5656 2497 5728; x_wconf 80' lang='lat' dir='ltr'><strong>donatam</strong></span> <span class='ocrx_word' id='word_1_855' title='bbox 2528 5662 2808 5728; x_wconf 52' lang='lat' dir='ltr'><strong>memorat,</strong></span> 
     </span>
    </p>
   </div>
   <div class='ocr_carea' id='block_1_122' title="bbox 1970 5719 3467 5793">
    <p class='ocr_par' dir='ltr' id='par_1_122' title="bbox 1970 5719 3467 5793">
     <span class='ocr_line' id='line_1_122' title="bbox 1970 5719 3467 5793; baseline -0.009 -10"><span class='ocrx_word' id='word_1_856' title='bbox 1970 5719 2010 5770; x_wconf 65' lang='grc' dir='ltr'><strong>ε’</strong></span> <span class='ocrx_word' id='word_1_857' title='bbox 2026 5726 2370 5793; x_wconf 77' lang='lat' dir='ltr'><strong>Watrischafo</strong></span> <span class='ocrx_word' id='word_1_858' title='bbox 2394 5724 2769 5791; x_wconf 84' lang='lat' dir='ltr'><strong>interpretatur</strong></span> <span class='ocrx_word' id='word_1_859' title='bbox 2800 5719 3189 5782; x_wconf 83' lang='lat' dir='ltr'><strong>lluutheimius,</strong></span> <span class='ocrx_word' id='word_1_860' title='bbox 3222 5719 3467 5790; x_wconf 75' lang='lat' dir='ltr'><strong>pisciumu</strong></span> 
     </span>
    </p>
   </div>
   <div class='ocr_carea' id='block_1_123' title="bbox 1895 5792 3465 5866">
    <p class='ocr_par' dir='ltr' id='par_1_123' title="bbox 1895 5792 3465 5866">
     <span class='ocr_line' id='line_1_123' title="bbox 1895 5792 3465 5866; baseline -0.016 -8"><span class='ocrx_word' id='word_1_861' title='bbox 1895 5819 1985 5857; x_wconf 75' lang='lat' dir='ltr'><strong>seu</strong></span> <span class='ocrx_word' id='word_1_862' title='bbox 2030 5792 2424 5855; x_wconf 77' lang='lat' dir='ltr'><strong>reurvalorittm</strong></span> <span class='ocrx_word' id='word_1_863' title='bbox 2471 5795 2791 5866; x_wconf 79' lang='lat' dir='ltr'><strong>aqualicum;</strong></span> <span class='ocrx_word' id='word_1_864' title='bbox 2844 5792 2961 5848; x_wconf 87' lang='lat' dir='ltr'><strong>vide</strong></span> <span class='ocrx_word' id='word_1_865' title='bbox 3006 5796 3192 5847; x_wconf 81' lang='lat' dir='ltr'><strong>annot.</strong></span> <span class='ocrx_word' id='word_1_866' title='bbox 3239 5793 3300 5855; x_wconf 75' lang='grc' dir='ltr'><strong><em>ὃ,</em></strong></span> <span class='ocrx_word' id='word_1_867' title='bbox 3353 5803 3465 5858; x_wconf 62' lang='lat' dir='ltr'><strong>pag.</strong></span> 
     </span>
    </p>
   </div>
   <div class='ocr_carea' id='block_1_124' title="bbox 1889 5872 2010 5929">
    <p class='ocr_par' dir='ltr' id='par_1_124' title="bbox 1889 5872 2010 5929">
     <span class='ocr_line' id='line_1_124' title="bbox 1889 5872 2010 5929; baseline -0.041 0"><span class='ocrx_word' id='word_1_868' title='bbox 1889 5872 2010 5929; x_wconf 61' lang='lat'><strong>“281.</strong></span> 
     </span>
    </p>
   </div>
  </div>
