4168 6528
669 444 771 501 643

1476 438 1536 494 S.
1577 433 2107 492 WILLIBRORDUS
2150 428 2717 489 ULTRAJECTINUS
2761 428 3156 483 EPISCUI’US.

3860 430 3962 485 5M

669 558 810 628 quod
842 557 1077 613 futurum
1106 568 1225 610 esse
1257 567 1363 607 non
1394 550 1579 616 credo,
1613 565 1715 622 ego
1742 550 1857 619 ipse
1887 558 1979 602 aut
2006 546 2147 601 ullus
2185 546 2254 601 de
2283 548 2331 611 Α
2360 546 2460 597 boc
2481 553 2585 606 est,
2616 542 2777 607 rasis,
2804 542 3065 610 curticlis,
3094 544 3272 607 silvis,
3305 545 3483 611 terri~,
3514 546 3699 613 pratis,
3728 552 3963 615 pascuis,

671 652 961 709 heredibus
986 661 1077 704 aut
1121 646 1437 717 propinquis
1473 643 1699 711 nostris,
1742 658 1837 699 seu
1868 640 2120 709 quaelibet
2169 655 2259 695 ex.

669 755 859 800 tranea
898 751 991 797 aut
1032 744 1279 811 opposita
1327 753 1579 809 persona,
1611 753 1730 808 qua:
1778 745 1967 791 contra
1999 734 2136 789 hanc
2167 748 2263 787 no-

669 844 836 890 stram
875 831 1358 896 confirmatirnem,
1390 843 1548 899 quam
1583 841 1680 883 nos
1718 841 1815 897 pro
1838 826 2025 882 divino
2068 824 2262 880 intuitu

671 929 758 985 vel
788 927 983 984 animm
1013 936 1209 982 nostra:
1240 924 1483 981 remedio
1529 922 1644 978 fieri
1683 931 1779 977 aut
1807 921 2022 976 lirrnare
2049 916 2260 988 rogavi-

674 1032 817 1084 mus,
845 1019 1033 1074 venire
1062 1015 1291 1073 voluerit
1320 1025 1412 1071 aut
1457 1012 1772 1085 infringere,
1804 1021 1859 1068 et
1901 1012 2001 1066 ista
2038 1019 2185 1065 carta
2213 1006 2263 1064 ei

671 1118 889 1166 ostensa
940 1108 1103 1165 fuerit
1145 1108 1211 1163 ad
1261 1106 1630 1176 relegendum,
1678 1115 1733 1160 et
1773 1119 1833 1160 se
1860 1118 1923 1161 ex
1971 1102 2075 1158 hoc
2116 1116 2265 1157 com-

672 1215 896 1272 pescere
944 1201 1199 1265 noluerit,
1234 1198 1543 1269 inprimitus
1592 1198 1686 1252 ine
1738 1194 1834 1252 Dei
1882 1193 2265 1263 omnipotentis

674 1295 911 1349 incurrat
953 1292 1236 1356 offensam,
1269 1300 1326 1349 et
1353 1308 1381 1346 a
1413 1290 1682 1346 liminibus
1724 1297 2034 1344 sanctorum
2066 1287 2265 1342 efficia-

675 1395 763 1441 tur
782 1397 1096 1449 extrahens,
1128 1397 1178 1440 et
1211 1385 1403 1440 inferat
1433 1383 1550 1450 tibi,
1576 1399 1678 1438 una
1706 1398 1827 1439 cum
1856 1391 2083 1454 cogente
2113 1382 2263 1446 fisco,

674 1481 793 1533 auri
820 1479 980 1533 libras
1007 1493 1064 1545 ν,
1098 1477 1304 1549 argenti
1352 1477 1531 1547 pondo
1563 1493 1629 1541 x;
1662 1487 1715 1533 et
1746 1491 1844 1531 nec
1881 1477 1958 1530 sic
1986 1475 2127 1545 quod
2171 1489 2269 1530 re-

676 1569 808 1635 petit
835 1568 1140 1625 evindicare
1169 1569 1363 1632 Valeat,
1406 1568 1502 1624 sed
1546 1566 1699 1621 firma
1735 1577 1788 1621 et
1836 1566 2123 1620 immobilis
2155 1566 2269 1621 hmc

678 1669 860 1714 nostra
907 1659 1123 1715 donatio
1167 1668 1504 1730 permaneat,
1553 1657 1971 1727 adstipulatione
2018 1658 2267 1712 subnixa.

677 1755 871 1807 Actum
923 1752 1133 1820 publice
1185 1751 1536 1823 Tllliburgis,
1588 1767 1661 1806 xu
1718 1750 1982 1807 Calendas
2040 1752 2268 1813 lunias,

681 1859 824 1899 anno
854 1859 921 1899 xv
963 1843 1293 1900 Clrildeberti
1323 1844 1701 1915 gloriosissimi
1745 1846 1909 1913 regis.
1959 1844 2025 1898 Et
2073 1844 2140 1897 do
2177 1844 2269 1897 tibi

2360 644 2414 689 et
2443 636 2675 688 aratoria
2710 643 2870 699 terra,
2907 634 3065 703 aquis
3091 649 3463 705 aquarumque
3498 635 3844 705 decursibus,
3883 636 3967 692 fa-

2364 726 2590 788 rinariis,
2640 726 2826 781 mobili
2861 738 2918 782 et
2946 727 3231 792 immobili,
3265 741 3389 783 cum
3429 727 3672 798 ingressu
3702 740 3757 785 et
3779 745 3965 801 egres-

2362 836 2447 883 su,
2479 829 2533 873 et
2558 818 2868 875 watriscafo
2894 829 2944 884 ε,
2976 826 3032 875 et
3051 818 3315 874 vassallos
3345 834 3419 888 vr,
3463 835 3585 875 cum
3614 820 3784 876 tribus
3812 824 3960 891 puel-

2368 914 2453 977 lis,
2485 921 2541 968 et
2590 913 2779 968 silvam
2809 913 2863 969 in
2897 913 3017 967 loco
3065 913 3386 982 Hulislaum,
3430 923 3487 969 ct
3526 913 3780 985 quicquid
3830 915 3960 970 mihi

2365 1004 2559 1059 ibidem
2586 1005 2820 1077 legitime
2853 1005 3131 1075 provenit;
3163 1014 3217 1061 et
3252 1008 3305 1062 in
3335 1008 3441 1063 alio
3472 1007 3615 1076 loco,
3652 1007 3796 1063 dicto
3824 1006 3966 1064 fleo-

2366 1098 2612 1169 purdum,
2641 1108 2834 1167 terras,
2867 1109 2916 1156 et
2951 1100 3134 1166 silvas,
3167 1108 3222 1153 et
3252 1098 3507 1169 quicquid
3538 1116 3603 1157 ex
3652 1112 3823 1156 matre
3846 1116 3963 1157 mea

2367 1193 2436 1248 ibi
2482 1192 2759 1263 possidere
2808 1195 2923 1249 visa
2972 1209 3115 1260 sum,
3151 1194 3251 1249 hoc
3301 1194 3398 1248 tibi
3446 1193 3539 1262 do,
3592 1194 3963 1265 donatumque

2369 1287 2618 1355 perennis
2652 1286 2981 1357 temporibus
3013 1289 3159 1342 τοῖο.
3203 1287 3260 1343 Si
3307 1287 3429 1357 quis
3456 1302 3606 1352 vero,
3650 1287 3791 1357 quod
3823 1286 3967 1342 futu-

2366 1394 2482 1432 rnnr
2513 1393 2633 1434 esse
2662 1395 2766 1433 nun
2797 1381 2981 1446 credo,
3011 1394 3112 1451 ego
3143 1379 3257 1449 ipse
3285 1388 3377 1434 aut
3406 1378 3548 1435 ullrrs
3579 1379 3646 1434 de
3676 1379 3967 1435 heredibus

2368 1481 2460 1525 aut
2504 1472 2817 1543 propinquis
2870 1473 3094 1538 nostris,
3128 1487 3225 1527 seu
3276 1472 3530 1541 quaelibet
3577 1483 3831 1529 extranea
3875 1485 3971 1528 aut

2370 1565 2609 1632 Opposita
2643 1580 2893 1635 persona,
2922 1580 3041 1629 qua.
3068 1575 3256 1621 centra
3309 1566 3443 1621 hanc
3487 1581 3725 1621 nosrrarn
3768 1569 3964 1622 confir-

2375 1662 2689 1725 mationem,
2722 1677 2885 1730 quam
2940 1678 3037 1715 nos
3088 1676 3182 1729 pro
3226 1662 3411 1716 divino
3440 1660 3635 1716 intuitu
3666 1661 3744 1716 vel
3776 1662 3971 1716 artiznze

2376 1765 2576 1807 nostra:
2609 1753 2852 1808 rerrredio
2884 1752 2996 1807 fieri
3043 1763 3137 1807 aut
3182 1757 3396 1807 firmare
3432 1756 3754 1823 rogavimus,
3788 1757 3971 1809 venire

2378 1845 2613 1900 voluerit
2642 1857 2731 1900 aut
2769 1846 3078 1915 infringere,
3108 1856 3159 1900 et
3192 1846 3290 1900 ista
3318 1856 3460 1900 earta
3490 1847 3537 1901 ei
3569 1857 3784 1901 ostensa
3811 1845 3972 1901 fuerit

686 1938 740 1990 in
773 1951 907 2008 pago
932 1937 1241 1992 Testeventi
1286 1952 1447 2003 super
1489 1936 1713 2004 Μοετιιη,
1744 1936 1863 1990 loco
1906 1935 2072 1999 Birni,
2117 1952 2268 1991 casa-
2306 1917 2349 1974 Β
2378 1937 2443 1990 ad
2492 1938 2874 2007 relegendum,
2906 1948 2961 1993 et
3000 1953 3059 1992 se
3088 1954 3151 1991 ex
3186 1938 3287 1992 hoc
3332 1952 3675 2004 compesrerc
3716 1940 3970 2004 noluerit,

682 2040 792 2083 tam
846 2044 1047 2094 uuam,
1101 2044 1221 2084 cum
1284 2028 1431 2084 omni
1487 2029 1719 2099 peculio.
1754 2028 1959 2100 —Ego
2016 2028 2271 2098 Virgilius

683 2121 965 2191 presbyter
998 2121 1213 2190 scripsi.
1251 2151 1322 2161 -—
1356 2121 1766 2190 Aengelbertus.
1808 2156 1880 2167 —-
1923 2122 2273 2192 Wirrcngatto

684 2212 849 2267 frater
894 2212 1033 2280 ejus.
1065 2242 1135 2253 ——-
1158 2213 1353 2267 Paulus
1407 2214 1703 2283 presbyter.
1730 2244 1798 2254 —
1823 2214 2041 2268 Aldrao.
2075 2246 2142 2253 —-
2182 2216 2271 2269 AI-

682 2304 864 2358 duino.
885 2334 952 2344 --
975 2304 1261 2374 Nargaoto.
1286 2334 1353 2343 —
1378 2303 1657 2374 Egisgaro.
1687 2334 1754 2343 —
1776 2302 2113 2360 Nandniano.

1427 2418 1534 2477 VII.

692 2514 882 2569 Charta
943 2532 1042 2580 qua
1097 2513 1437 2576 Bcrtilendis,
1491 2512 1600 2566 Deo
1648 2525 1881 2574 sacrata,
1940 2512 2275 2566 ll'illibrorrlo

761 2588 997 2650 (‘plSCuhO
1020 2587 1177 2637 «leuat
1213 2584 1461 2653 quidquid
1489 2584 1552 2636 de
1577 2594 1807 2653 ntatet'na
1842 2585 2139 2636 haereditate
2165 2601 2278 2636 vcs-

762 2656 891 2709 sirlet
919 2656 972 2709 in
998 2652 1292 2708 Toxaudria
1318 2664 1343 2689 δι
1376 2656 1518 2725 (anu.
1553 2652 1704 2722 7H3).

768 2750 823 2805 lu
851 2749 1050 2804 Christi
1079 2750 1312 2803 nomine.
1348 2747 1576 2802 Domino
1602 2748 1941 2802 sanctissimo
1976 2757 2028 2799 et
2059 2763 2279 2801 Venerato

690 2845 786 2899 bili
833 2843 967 2913 patri
1016 2842 1104 2899 W.
1153 2844 1429 2912 episcopo,
1480 2840 1789 2896 Bertilindis
1838 2840 1944 2894 filia
1974 2840 2277 2910 Wigibalrli,

698 2944 1011 2991 consecrata
1044 2935 1174 2999 Deo,
1207 2934 1474 2989 donatrix.
1506 2932 1757 3001 Quisquis
1782 2930 1848 2985 ad
1874 2931 1966 2986 Dei
1997 2940 2175 3000 partes
2200 2932 2281 2987 vel

695 3025 764 3081 ad
799 3027 914 3081 loca
961 3038 1265 3081 sanctorum
1313 3024 1509 3095 aliquid
1555 3024 1625 3080 de
1658 3022 1817 3079 rebus
1860 3024 1972 3078 suis
2015 3023 2145 3079 dare
2201 3026 2281 3079 vel

698 3119 949 3188 delegare
993 3117 1243 3181 voluerit,
1296 3116 1396 3172 hoc
1439 3116 1665 3171 solemni
1711 3116 1973 3185 scriptura
2019 3115 2278 3180 firmetur,

697 3222 757 3267 ut
788 3221 1176 3283 praeceptorum
1212 3210 1354 3266 serie
1394 3209 1528 3265 ﬁdes
1559 3218 1673 3265 rata
1700 3218 1861 3279 atque
1895 3208 2114 3279 probata
2145 3209 2283 3264 cele-

699 3277 1089 3373 brc‘turzquod
1137 3312 1190 3358 et
1240 3300 1544 3358 faciendum
1595 3277 1906 3369 aestimans,
1941 3311 1997 3358 et
2045 3277 2362 3357 conside.c

704 3411 828 3449 rans
862 3395 1019 3465 hujus
1049 3397 1170 3450 vitze
1210 3394 1473 3450 incertum
1527 3395 1879 3466 fragilemque
1926 3404 2144 3461 statum,
2192 3394 2293 3450 ali-

705 3485 832 3557 quid
862 3486 957 3541 tibi
986 3488 1054 3543 de
1095 3488 1254 3542 rebus
1294 3487 1452 3557 meis,
1485 3486 1683 3543 domne
1714 3499 1865 3557 pater
1898 3489 2157 3557 pontifex,
2196 3504 2292 3558 pro

704 3577 944 3633 remedio
971 3580 1162 3633 anima:
1189 3593 1345 3648 mete,
1377 3594 1471 3634 seu
1498 3580 1800 3633 orationum
1827 3588 2038 3634 tuarum
2077 3580 2294 3634 immar-

708 3670 946 3725 eescibili
975 3670 1175 3737 fructu,
1204 3670 1510 3727 donandum
1556 3672 1791 3739 decrevi,
1820 3672 1961 3742 quod
1990 3682 2045 3728 et
2065 3674 2134 3727 ita
2167 3672 2289 3740 feci,

705 3762 840 3817 dans
863 3762 955 3815 tibi
989 3762 1041 3816 in
1075 3776 1210 3831 pago
1237 3763 1766 3831 'l'etrandrensi,loeo
1788 3764 2168 3832 lluccascaute,
2193 3780 2297 3820 su-

705 3866 804 3923 per
834 3851 994 3907 fluvio
1022 3852 1298 3920 Dudmala,
1328 3853 1470 3924 quod
1503 3854 1634 3909 mibi
1678 3866 1851 3911 mater
1897 3870 2015 3912 mea
2048 3856 2291 3911 Oadrada

708 3943 1034 3998 hereditario
1058 3943 1180 4014 jure
1201 3944 1440 4014 legitime
1468 3946 1681 4016 reliquit
1709 3965 1721 3999 :
1748 3948 1848 4001 hoc
1870 3954 1969 4013 est,
1998 3958 2210 4002 casatas
2238 3963 2291 4013 v,

706 4051 828 4091 cum
859 4036 971 4091 sala
999 4034 1029 4075 ιο
1060 4047 1112 4091 et
1133 4036 1354 4092 curticle
1384 4052 1535 4104 meo,
1567 4038 1707 4107 quod
1737 4038 1801 4093 ad
1827 4053 2065 4106 praesens
2096 4038 2293 4094 habere

708 4129 822 4183 visa
851 4144 991 4195 smn,
1026 4144 1146 4184 cum
1174 4129 1449 4200 mancipiis
1471 4130 1726 4200 quinque,
1757 4140 1813 4187 et
1842 4131 2094 4187 uxnribus
2133 4141 2187 4186 et
2215 4130 2294 4186 in-

707 4221 944 4276 fantibus
971 4237 1178 4276 eorum.
1212 4222 1338 4276 "rec
1367 4223 1544 4277 omnia
1576 4223 1670 4278 tibi
1708 4239 1737 4278 a
1780 4222 1868 4279 die
1900 4223 2168 4293 praesenti,
2197 4241 2294 4292 pro

708 4313 974 4369 mercedis
1004 4328 1136 4368 mea:
1181 4328 1467 4383 augmento
1504 4315 1667 4380 dono,
1716 4330 1778 4370 ac
1808 4315 1875 4370 de
1915 4331 2029 4370 mea
2064 4317 2115 4371 in
2151 4325 2293 4370 tuam

708 4404 1028 4462 transfundo
1058 4414 1397 4477 poleslatcm,
1443 4421 1564 4461 cum
1610 4407 1755 4463 omni
1800 4407 2055 4476 peculiari
2088 4422 2292 4472 eorum,

787 4527 809 4553 δ
846 4520 1133 4576 Martenius
1164 4520 1350 4584 edidit,
1387 4519 1637 4588 Arupliss.
1672 4521 1882 4576 collect.
1920 4531 1960 4575 t.
1990 4521 2031 4584 1,
2066 4523 2169 4575 col.
2205 4522 2289 4589 l7,

714 4607 779 4643 ex
831 4591 1099 4644 chartario
1158 4593 1568 4656 Epternacensi;
1627 4593 1833 4646 ri-r-ndit
1890 4594 2253 4646 llnntheinrim

713 4636 850 4714 nisi.
883 4636 1093 4714 Trevir.
1122 4636 1640 4730 iniit.‘ifth’iiioI
1672 4636 2287 4717 ιιείἶιέἓηςῖιὶί”ιῖἰ“ἕὲιῖ.ί;ιὶ
2322 4643 2368 4700 ὓ

715 4743 821 4784 tem
862 4734 1041 4802 donat
1091 4732 1406 4786 Ilertilendis
1462 4733 1806 4787 Willibrordo
1860 4749 2147 4801 epzscopo,
2199 4738 2287 4802 qui

715 4801 871 4854 simul
904 4801 1000 4855 fuit
1030 4803 1194 4856 abbas
1226 4804 1648 4870 Eptrrnacensis.
1686 4804 1733 4858 Is
1760 4806 1866 4871 jam
1902 4807 2038 4857 tluua
2072 4801 2293 4873 accepe-

718 4881 800 4925 rat
828 4873 897 4945 ab
928 4875 1290 4941 Aengilherto,
1330 4874 1482 4941 cujus
1526 4875 1767 4928 chartam
1799 4891 1982 4942 supra,
2011 4892 2130 4945 pag.
2162 4878 2289 4941 “.180,

717 4942 1011 5006 edidimus;
1071 4954 1121 4996 ιιι
1173 4945 1289 5011 ipse
1338 4945 1711 5011 Aengilhertus
1768 4942 2097 5000 Ilertilwudis
2133 4945 2294 5001 derra-

719 5014 848 5064 tioui
879 5014 1180 5068 sub~crihil.
1218 5016 1289 5069 Ea
1331 5027 1511 5068 autem
1543 5016 1640 5069 frtit
1669 5019 1914 5071 trionialis
1941 5018 2202 5078 Calensis,
2240 5028 2295 5072 ut

720 5083 988 5155 conjicere
1016 5085 1138 5139 licet
1164 5102 1229 5140 ex
1261 5101 1326 5139 eo
1354 5087 1492 5155 quod
1541 5088 1685 5141 (ialm
1716 5089 1899 5141 charta
1948 5088 2071 5142 data
2116 5091 2291 5143 fuerit.

721 5153 847 5206 fiala
878 5169 1005 5207 vero
1025 5167 1149 5210 ante
1178 5153 1383 5210 annum
1408 5155 1546 5212 1789
1587 5169 1702 5211 erat
1743 5158 2122 5212 monasterium
2152 5161 2296 5215 cele-

724 5224 819 5297 bre
848 5222 1105 5292 virginum
1138 5242 1243 5281 non
1273 5230 1455 5293 procul
1485 5245 1514 5283 a
1561 5228 1797 5284 l‘arrsiis.
1834 5230 1874 5283 Ε
1917 5229 2080 5283 nobili
2109 5245 2294 5297 prosa-

725 5294 808 5362 pia
837 5305 1007 5347 ortam
1058 5297 1222 5351 fuisse
1273 5297 1629 5353 Bertilendetu
1664 5309 1807 5363 patet
1835 5315 1899 5353 ex
1936 5300 2052 5367 ipso
2097 5294 2297 5354 charta:

726 5372 978 5440 contextu
998 5377 1093 5440 ;_et
1124 5367 1174 5440 in
1218 5368 1611 5436 subscriptione
1656 5370 1939 5440 insignitur
1969 5370 2123 5425 titulo
2154 5375 2295 5424 femi-

729 5449 811 5488 na:
842 5434 1085 5490 illustris.
1143 5439 1250 5491 Etsi
1280 5434 1488 5508 dicatur
1534 5440 1642 5493 Deo
1689 5434 1893 5494 saerata
1937 5444 2105 5507 virgo,
2161 5444 2298 5495 bona

730 5520 918 5572 magna
950 5509 1269 5572 possidebat.
1294 5525 1521 5579 quorum
1572 5521 1776 5579 partem
1829 5512 2035 5580 delegat
2068 5513 2132 5566 ad
2183 5512 2299 5579 pios

726 5590 868 5648 usus.
918 5580 1060 5648 (.Iave
1090 5594 1157 5633 ne
1198 5580 1363 5648 ipsam
1395 5580 1688 5635 confundas
1729 5598 1849 5635 cum
1897 5582 2159 5637 Bertilana
2200 5583 2301 5636 Ca-

726 5645 858 5721 ιςσιιεί
899 5646 1166 5703 abbatissa
1195 5645 1360 5715 prima
1394 5668 1405 5702 :
1443 5655 1555 5705 haec
1580 5653 1721 5706 enim
1746 5653 1855 5721 jam
1896 5653 1963 5707 ab
1996 5664 2118 5707 oeto
2146 5656 2301 5708 annis

725 5714 1047 5792 decesserat,
1080 5714 1204 5774 cum
1234 5722 1356 5775 data
1380 5723 1478 5776 fuit
1502 5722 1688 5777 charta
1717 5714 1874 5792 quam
1904 5724 2243 5778 exhibemus.

752 5857 757 5865 ν
799 5783 837 5867 ι’.
861 5786 969 5867 llac
988 5803 1287 5867 vocc,_gqu:e
1321 5794 1553 5867 nondum
1578 5783 1892 5867 occurrerat
1934 5795 1987 5848 iu
2010 5795 2299 5850 documen.

728 5856 1043 5931 tis_hujusce
1073 5860 1425 5923 collcrtionis,
1458 5863 1742 5931 significari
1773 5865 1981 5918 domum
2007 5879 2165 5921 nemo
2195 5881 2298 5918 non

728 5927 949 5983 dubitat.
990 5927 1134 5985 Unde
1184 5932 1467 5987 terat-dus.
1510 5927 1558 5989 in
1590 5936 1718 6001 legis
1759 5934 1946 5989 Szrltca-
1978 5945 2299 5991 commenta-

2379 2028 2685 2097 inprimitus
2718 2028 2812 2083 ira:
2844 2028 2937 2084 Dei
2976 2030 3362 2096 omnipotentis
3411 2029 3645 2084 incurrat
3686 2030 3973 2094 offensam,

2378 2128 2432 2174 et
2464 2134 2493 2172 a
2518 2118 2792 2174 liminibus
2823 2129 3132 2175 sanctorum
3168 2119 3435 2175 efficiatur
3470 2130 3781 2188 extraneus,
3815 2135 3866 2176 et
3894 2122 3977 2175 iu-

2380 2210 2511 2266 ferat
2542 2211 2659 2277 tibi,
2691 2227 2792 2265 una
2824 2227 2944 2265 cum
2986 2221 3210 2279 cogente
3259 2212 3409 2275 fisco,
3448 2211 3563 2265 auri
3612 2212 3775 2266 libras
3807 2230 3857 2279 v,
3890 2228 3981 2268 ar-

2378 2303 2524 2372 genti
2576 2302 2752 2372 pondo
2783 2319 2842 2366 x;
2882 2313 2935 2358 et
2983 2316 3082 2356 nec
3127 2302 3205 2357 sic
3252 2300 3396 2367 quod
3425 2304 3620 2372 repetit
3662 2303 3969 2358 evindicare

2381 2394 2570 2455 valeat,
2602 2392 2697 2447 sed
2746 2393 2896 2447 firma
2942 2404 2997 2448 et
3043 2392 3332 2447 immobilis
3366 2395 3480 2449 b'nc
3529 2403 3707 2450 nostra
3747 2394 3968 2450 donatio

2382 2495 2691 2554 permaneat
2718 2486 3128 2551 adstipulatione
3155 2486 3401 2539 subnixa.

2452 2577 2643 2631 Actum
2676 2576 2887 2646 publice
2920 2578 2970 2629 in
3001 2577 3121 2630 loco
3150 2574 3313 2642 Culte,
3350 2592 3398 2627 tv
3438 2574 3700 2629 Calondas
3725 2578 3976 2645 Augusti,

2383 2681 2522 2721 anno
2553 2681 2639 2720 xvt
2682 2668 2831 2737 regni
2877 2665 3060 2721 domui
3107 2668 3276 2721 ηοδηί
3307 2665 3651 2728 Childirherti,
3695 2667 3979 2733 gloriosis-

2384 2760 2501 2813 simi
2534 2760 2698 2829 regis,
2727 2775 2847 2813 cum
2884 2761 3113 2815 testibus
3153 2759 3448 2819 Ansltaido,
3484 2758 3792 2822 Folebaldo,
3832 2759 3981 2813 Aen-

2387 2854 2650 2920 gelberto,
2700 2850 2959 2919 Iioberto,
3009 2852 3219 2918 Adlefo,
3272 2850 3619 2921 Wereugztto,
3675 2851 3980 2915 Nanthiuo,

2387 2942 2685 3012 Wigbrto.
2716 2974 2775 2985 ι-
2803 2944 2915 3013 Ego
2965 2943 3284 2999 Laurentius
3315 2988 3329 3012 ,
3382 2943 3661 3013 presbyter
3683 2987 3697 3010 ,
3749 2953 3978 3012 rogante

2390 3036 2727 3096 Bertilende.
2786 3036 2976 3090 illustri
3025 3035 3222 3090 femina
3276 3048 3436 3106 atque
3503 3036 3610 3091 Deo
3657 3044 3978 3090 consecrata

2391 3128 2620 3197 virgine,
2649 3128 2835 3195 scripsi
2869 3140 2915 3181 et
2948 3127 3265 3193 subscripsi.

3129 3241 3257 3297 Vill.

2399 3333 2587 3390 Charta
2631 3351 2730 3405 qua
2769 3335 3084 3399 Ausbaldns,
3127 3334 3428 3405 monac/ins,
3464 3334 3551 3387 ιν.
3595 3333 3986 3404 (Willibrcrdo)

2680 3408 2915 3475 episcopo
2940 3408 3074 3459 dona
3103 3405 3300 3475 confert
3318 3403 3344 3442 ιι
3367 3405 3514 3475 (ann.
3549 3405 3609 3459 7|
3631 3407 3699 3476 l).

2470 3496 2527 3550 lu
2548 3495 2749 3550 Christi
2774 3496 3025 3560 nomine;
3062 3493 3415 3550 dilectissimo
3444 3505 3501 3550 et
3524 3494 3865 3550 sanctissimo
3894 3509 3987 3563 pa-

2408 3590 2471 3642 tri
2520 3588 2610 3643 W.
2647 3587 2904 3659 pontifici,
2952 3586 3258 3643 Ansbaldus
3297 3586 3615 3651 monachus,
3645 3586 3784 3641 filius
3822 3586 3988 3657 Wigi-

2399 3682 2545 3737 baldi
2596 3682 2888 3751 quondam,
2939 3682 3186 3735 donator.
3243 3679 3413 3751 Leges
3461 3689 3516 3735 et
3547 3681 3665 3749 jura
3704 3682 3887 3734 sinunt
3933 3692 3987 3735 et

2402 3769 2779 3825 convenientia
2804 3768 3142 3824 surculariqu
3177 3783 3525 3837 personarum
3547 3777 3631 3823 est
3657 3779 3714 3824 ut
3731 3768 3798 3824 de
3825 3769 3987 3825 rebus

2400 3864 2514 3917 Suis
2545 3861 2779 3931 proririis
2812 3862 3182 3931 unusquisque
3221 3861 3365 3931 quod
3395 3860 3571 3917 facere
3600 3862 3829 3917 voluerit
3855 3864 3987 3919 libe-

2399 3968 2513 4007 ram
2539 3953 2734 4007 habcat
2757 3961 3103 4022 potestatem,
3123 3958 3180 4006 et
3201 3952 3301 4005 hoc
3326 3951 3553 4007 solemni
3578 3952 3840 4021 scriptura
3893 3968 3990 4021 pro

2401 4056 2698 4114 temporum
2726 4045 2886 4107 serie,
2920 4045 3183 4099 firmetur.
3209 4043 3361 4111 Quod
3387 4058 3511 4099 cum
3534 4046 3604 4099 ita
3628 4054 3732 4109 est,
3754 4060 3854 4114 ego
3877 4046 3988 4101 An-

2398 4138 2640 4201 shaldus,
2675 4138 3020 4206 perpendens
3050 4137 3102 4191 in
3131 4146 3314 4192 mente
3336 4152 3455 4191 mea
3478 4132 3822 4206 fragilitatem
3857 4154 3987 4205 pra:-

2400 4227 2566 4280 sentis
2597 4228 2739 4291 vitae,
2776 4226 3005 4296 cogitavi
3048 4226 3246 4296 aliquid
3276 4226 3345 4283 de
3382 4226 3543 4283 rebus
3587 4228 3720 4284 meis
3753 4227 3845 4283 tibi
3891 4244 3991 4299 pro

2402 4319 2635 4373 remedio
2685 4321 2879 4372 animm
2926 4334 3062 4373 mea:
3109 4332 3204 4374 seu
3244 4320 3548 4374 orationum
3593 4328 3800 4374 tuarum
3842 4321 3993 4376 lucro

2399 4410 2525 4464 dare
2572 4420 2620 4465 el
2654 4409 2925 4481 delegare,
2960 4410 3100 4480 quod
3145 4419 3199 4465 et
3244 4409 3318 4464 ita
3347 4411 3503 4466 facio.
3552 4410 3665 4466 Hoc
3707 4420 3813 4478 est,
3845 4412 3987 4477 quod

2402 4526 2501 4583 rio,
2534 4539 2653 4591 pag.
2699 4524 2823 4587 lti'i,
2869 4527 3061 4578 asserit
3110 4532 3295 4577 (errant
3326 4525 3536 4578 salicum
3568 4524 3634 4577 de
3663 4538 3763 4591 qua
3806 4524 3988 4586 agitur

2402 4598 2452 4648 in
2497 4598 2592 4647 hac
2626 4600 2758 4664 lege,
2811 4595 3033 4648 liccard.
3066 4594 3151 4659 fil,
3214 4595 3540 4650 Feucrhaelt.
3590 4594 3677 4657 59,
3726 4594 3987 4649 Schilter.

2398 4666 2483 4726 9‘3,
2521 4665 2697 4720 llerol.
2729 4665 2818 4727 (52,
2864 4666 2991 4717 nihil
3032 4664 3177 4718 aliud
3215 4683 3323 4720 esse
3351 4683 3503 4733 quam
3543 4675 3731 4720 terram
3771 4682 3888 4732 qua:
3918 4667 3987 4718 ad

2394 4741 2557 4790 solum
2603 4737 2706 4789 sive
2753 4737 2961 4788 domum
3010 4739 3170 4790 curtis
3216 4739 3527 4803 prrccinuam
3594 4738 3829 4803 pertinet.
3882 4736 3984 4790 Cui

2397 4809 2696 4866 sementim.
2726 4807 2829 4860 etsi
2870 4823 3083 4861 summo
3115 4824 3229 4860 viro
3255 4808 3325 4860 de
3369 4808 3729 4875 Montesqnicu
3759 4807 3981 4874 placue~

2400 4878 2758 4943 rit,a»se:rtiri
2820 4892 2922 4930 non
2976 4892 3212 4945 possmn.
3245 4878 3351 4933 Sed
3402 4882 3466 4932 de
3517 4877 3619 4931 hoc
3662 4888 3987 4946 argumento

2396 4949 2695 5003 disserendi
2725 4949 2809 5001 hic
2841 4963 2945 5002 non
2973 4958 3055 5003 est
3097 4949 3267 5005 locus.

2471 5034 2491 5058 ο
2531 5020 2658 5072 Vide
2704 5033 2821 5087 quae
2850 5020 2917 5072 de
2949 5021 3047 5072 hac
3078 5034 3207 5074 voce
3235 5020 3375 5073 dicta
3422 5027 3545 5072 sunt
3579 5033 3699 5087 pag.
3725 5016 3855 5077 380.
3889 5033 3982 5072 an-

2398 5101 2509 5143 not.
2537 5091 2590 5141 9..
2622 5090 2890 5155 Uriginenr
2920 5091 3120 5144 dueere
3148 5090 3358 5144 videtur
3393 5104 3458 5144 ex
3508 5091 3773 5143 Saxonico
3803 5087 3988 5142 Water

2398 5171 2452 5215 et
2484 5160 2649 5227 Sco/7‘,
2682 5161 3110 5230 significa-reque,
3136 5172 3193 5214 ut
3222 5162 3412 5216 scribit
3449 5159 3844 5226 llnutlrcimius,
3879 5162 3983 5228 pis-

2398 5248 2563 5300 rtaam
2591 5248 2676 5285 seu
2705 5232 3093 5284 reservatorium
3113 5234 3423 5300 aquatisum.

2469 5299 2496 5338 ἀ
2515 5302 2590 5355 Ex
2613 5303 2882 5355 chartario
2896 5302 3280 5370 Eptvrnaeensi
3304 5304 3446 5357 eruit
3463 5300 3772 5366 hlartenius,
3802 5303 3982 5369 Ampi.

2399 5374 2609 5426 collect.
2643 5381 2681 5427 t.
2711 5372 2748 5431 Ι,
2773 5373 2878 5427 cnl.
2921 5374 3022 5433 l8;
3050 5374 3117 5426 ad
3148 5373 3308 5427 fidem
3334 5372 3575 5427 Martenii
3600 5374 3809 5425 recudit
3833 5371 3985 5424 flun-

2403 5443 2676 5507 theinrius,
2708 5442 2846 5497 lltst.
2874 5442 3081 5497 Trevir.
3126 5442 3255 5512 dipl.
3282 5452 3321 5498 t.
3353 5443 3399 5504 l.
3435 5458 3553 5511 pag.
3586 5442 3711 5496 107.
3748 5443 3985 5495 Ansbal-

2400 5515 2498 5567 dus
2527 5514 2736 5567 videtur
2779 5515 2942 5568 frater
2973 5514 3294 5569 Bertilendis
3336 5515 3607 5574 monialr’s,
3640 5513 3793 5579 cujus
3822 5512 3989 5566 char-

2403 5597 2509 5637 tam
2539 5599 2718 5651 supra,
2749 5600 2867 5651 pag.
2896 5583 3025 5649 9.54,
3053 5587 3379 5648 recudimus,
3413 5585 3536 5638 filia:
3570 5582 3853 5651 Vigilraldi,
3897 5584 3987 5650 qui

2403 5655 2489 5709 hic
2510 5657 2703 5707 dicitur
2725 5655 2981 5711 Ansbaldr
3005 5664 3177 5722 pater.
3202 5656 3441 5710 Alteram
3462 5655 3701 5722 ejusdem
3726 5655 3989 5708 Anshaldi

2401 5726 2640 5780 chartam
2659 5727 3014 5795 proferemus,
3035 5740 3156 5795 pag.
3170 5725 3301 5791 291,
3318 5742 3421 5795 qua
3439 5726 3612 5782 eidem
3636 5722 3886 5779 Willibro
3898 5729 3993 5779 relo

2403 5809 2539 5851 nova
2566 5796 2706 5851 dona
2756 5796 2998 5867 largitur.
3035 5797 3158 5851 llaec
3207 5796 3523 5852 confirmant
3558 5809 3684 5851 tunc
3714 5796 3765 5849 id
3822 5798 3990 5849 tttm‘is

2404 5868 2563 5921 fuisse
2592 5875 2649 5919 ut
2672 5882 2910 5934 personat
2936 5867 3045 5922 Deo
3066 5878 3286 5922 sacratm
3305 5868 3460 5923 milia
3485 5868 3637 5924 benis
3658 5868 3989 5929 fruerentur,

2404 5947 2456 5992 et
2488 5940 2668 5994 liceret
2699 5940 2825 6008 ipsis
2850 5954 2909 5994 ea
2942 5938 3085 5995 dono
3117 5940 3348 5996 tradere.
