4168 6592
176 432 278 485 545

755 426 1147 485 οινιοηλτιλ
1188 426 1276 481 AD
1318 427 1373 481 S.
1424 422 1965 478 Wll.l.lflRORDUll
2012 422 2143 478 γει.
2186 425 2271 479 ΑΒ
2313 425 2399 481 EO
2436 424 2777 485 COLl.AT.-\.

3370 435 3474 492 516

178 550 267 602 tibi
296 550 444 602 dono
470 548 521 601 in
552 549 664 602 loco
699 547 978 615 llaeslaos,
1012 549 1065 601 in
1095 562 1228 617 pago
1252 547 1578 602 Toxandria:
1610 562 1773 615 super
1804 548 1848 606 Α
1882 548 2131 613 extinguit
2166 559 2450 614 peccatum.
2486 551 2821 620 Quapropter
2848 566 2949 621 ego
2980 556 3305 619 Ambenus,
3334 552 3473 611 Illius

176 643 336 696 fluvio
370 640 653 703 Dudmala,
689 651 857 697 totum
883 642 946 695 ad
975 643 1264 710 integrum,
1290 642 1433 710 quod
1466 641 1595 694 tuihi
1627 643 1775 710 genio

176 745 259 788 tor
279 747 435 787 meus
464 732 807 803 Wigibaldus
827 734 1096 803 quondam
1128 732 1591 802 hcreditariojure
1621 732 1776 787 dere-

175 830 353 896 liquit,
407 830 491 885 vel
520 829 775 900 quicquid
806 846 905 899 ego
949 830 1143 883 ibidem
1178 830 1323 899 juste
1355 830 1600 883 laborare
1630 832 1775 883 usus

174 936 339 985 sum;
396 923 497 975 hoc
540 930 643 984 est,
695 921 858 989 casis,
889 922 1151 986 curticlis,
1186 922 1412 990 campis,
1447 923 1632 991 pratis,
1686 938 1776 989 pa-

174 1015 345 1078 scuis,
380 1015 534 1085 aquis
562 1028 933 1084 aquarumque
961 1014 1316 1080 decursibus,
1344 1030 1465 1069 cum
1500 1016 1773 1069 watrisca-

176 1121 245 1175 po
273 1115 327 1171 ⁸,
361 1114 415 1160 et
458 1106 695 1160 aratoria
726 1114 888 1169 terra,
940 1106 1126 1161 mobili
1176 1122 1294 1160 cum
1336 1106 1617 1170 immobili,
1652 1121 1774 1160 cum

177 1198 522 1252 manentibus
548 1198 747 1252 ibidem
770 1198 1176 1267 aspicientibus.
1210 1215 1243 1251 χ
1270 1200 1574 1253 servientes
1600 1200 1777 1268 galer-

171 1288 357 1357 garias
385 1288 434 1354 5,
470 1288 844 1353 hocholinuas,
875 1304 995 1344 cum
1026 1290 1269 1360 ingressu
1294 1299 1344 1344 ct
1376 1305 1622 1359 egressu,
1653 1306 1775 1345 cum

174 1384 427 1437 omnibus
452 1382 794 1453 adjaceutiis,
826 1398 854 1436 a
885 1383 973 1438 die
998 1385 1248 1451 presenti
1287 1383 1376 1436 tibi
1410 1383 1476 1439 ad
1510 1382 1773 1453 integrum

172 1475 345 1540 dono,
384 1476 754 1546 donatumque
793 1477 1044 1544 perennis
1090 1478 1424 1546 temporibus
1454 1492 1574 1531 esse
1608 1479 1727 1531 volo
1759 1496 1769 1530 :

174 1568 277 1623 hoc
316 1569 538 1635 habeas,
572 1579 783 1634 teneas,
815 1569 1111 1637 possideas,
1144 1581 1301 1639 alque
1326 1571 1603 1634 delendas,
1642 1574 1774 1625 tuis-

171 1675 277 1723 que
318 1659 702 1726 possidendum
736 1660 1096 1728 derelinquas,
1148 1660 1230 1713 vel
1280 1676 1327 1728 q-
1357 1660 1531 1727 icquid
1582 1662 1775 1715 exinde

173 1752 353 1804 lacere
384 1748 618 1804 volueris
663 1750 889 1803 liberam
922 1758 1243 1817 potestatem
1286 1750 1507 1807 habeas.
1557 1752 1611 1805 Si
1658 1754 1776 1820 quis

172 1854 324 1903 vero,
358 1839 500 1909 quod
532 1837 769 1893 futurum
798 1854 917 1894 esse
958 1854 1061 1892 non
1086 1839 1272 1903 credo,
1310 1854 1408 1907 ego
1434 1840 1544 1908 ipse
1570 1848 1663 1894 aut
1692 1842 1775 1893 ul-

1881 635 2179 693 Willibaldi
2212 640 2503 709 quondam,
2539 642 2679 696 dono
2714 659 2809 713 pro
2834 644 3073 699 remedio
3102 646 3291 700 animat
3313 661 3473 714 mete,

1883 740 1937 783 et
1985 745 2081 797 pro
2130 733 2487 787 retributione
2516 744 2733 788 aterna:
2786 737 2975 791 salutis
3024 753 3119 792 seu
3168 739 3472 794 orationum

1891 828 2126 887 tuarum,
2158 820 2252 876 tibi
2283 822 2481 879 domno
2510 826 2643 892 patri
2674 842 2736 880 ac
2766 828 3025 895 pontifici,
3055 828 3255 897 aliquid
3291 830 3357 886 de
3388 847 3474 885 re-

1891 914 1989 968 bus
2021 915 2155 967 meis
2188 915 2416 983 propriis
2466 918 2518 970 in
2562 934 2695 988 pago
2728 918 3071 988 Texaudria',
3104 921 3222 975 loco
3257 921 3472 984 Dicsne,

1882 1014 2090 1058 casatas
2120 1020 2171 1058 vr
2200 1020 2322 1061 cunt
2365 1006 2498 1074 sala,
2533 1011 2756 1065 curticle
2794 1026 2918 1065 meo
2946 1026 3066 1065 cum
3099 1027 3153 1066 Vt
3192 1013 3475 1081 mancipiis

1880 1105 1934 1149 et
1982 1096 2275 1152 infantibus
2306 1114 2513 1155 eorum.
2570 1099 2677 1153 llos
2726 1103 2818 1156 tibi
2846 1118 2968 1157 cum
3015 1104 3161 1157 omni
3207 1106 3473 1174 peculiare

1886 1202 2005 1252 suo,
2042 1202 2163 1242 cum
2207 1191 2350 1244 omni
2397 1193 2701 1261 integritate
2733 1194 2902 1259 trado,
2954 1196 3115 1264 casis,
3162 1195 3473 1260 curtilibvts,

1889 1278 2112 1346 campis,
2166 1283 2365 1348 pratis,
2415 1286 2647 1352 pascuis,
2695 1284 2867 1348 silvis,
2917 1288 3071 1353 aquis
3108 1300 3474 1356 aquarumque

1882 1371 2223 1439 decursibus,
2274 1384 2328 1426 et
2368 1375 2601 1427 aratoria
2652 1385 2817 1441 terra,
2870 1377 3055 1431 mobili
3092 1388 3147 1433 et
3185 1379 3470 1443 immobili,

1881 1481 2001 1519 cum
2048 1481 2291 1535 egressu,
2341 1468 2424 1522 vel
2473 1469 2736 1536 ingreSsu,
2782 1470 2862 1523 vel
2908 1470 3196 1525 vatriscafo
3226 1479 3273 1525 ⁸.
3317 1470 3472 1535 ltetu,

1883 1558 1952 1611 do
2003 1561 2094 1614 tibi
2146 1562 2197 1615 in
2244 1577 2375 1631 pago
2408 1563 2751 1628 Texandriae,
2807 1564 2921 1617 loco
2972 1566 3276 1634 Levetlaus,
3311 1581 3475 1636 super

1889 1648 2054 1704 fluvio
2086 1652 2352 1715 Dutmala,
2385 1666 2591 1707 cas-atas
2616 1671 2684 1707 vn
2714 1671 2832 1707 cum
2857 1656 2969 1708 sala
2998 1665 3052 1711 et.
3082 1656 3304 1712 Curticle
3331 1673 3473 1723 meo,

1884 1757 2007 1797 cum
2043 1761 2133 1798 vttt
2163 1746 2465 1813 mancipiis,
2499 1756 2552 1798 et
2584 1748 2840 1800 uxoribus
2867 1758 2916 1801 et
2949 1748 3236 1803 infantibus
3260 1766 3470 1811 eorum,

1887 1850 2006 1887 cum
2043 1836 2205 1900 casis,
2238 1837 2497 1901 curticlis,
2534 1838 2768 1904 campis,
2800 1840 2987 1905 pratis,
3023 1841 3255 1907 pascuis,
3299 1840 3472 1907 silvis,

171 1931 255 1983 lus
284 1931 355 1984 de
387 1930 674 1984 heredibus
704 1939 795 1983 aut
832 1930 1148 1999 propinquis
1180 1932 1377 1983 nostris
1399 1971 1413 1995 ,
1450 1946 1545 1983 seu
1588 1933 1772 1999 qnmli-
1805 1920 1848 1978 Β
1882 1928 2033 1991 aquis
2066 1944 2432 1995 aquarumque
2459 1928 2798 1991 decursibus,
2828 1940 2879 1981 et
2909 1931 3140 1983 oratoria
3168 1940 3333 1994 terra,
3362 1948 3475 1984 ntu-

170 2023 262 2074 l«et
292 2029 551 2075 extranea
583 2028 679 2074 aut
706 2022 949 2088 opposita
985 2036 1236 2089 persona,
1268 2037 1385 2090 qua:
1414 2032 1601 2075 contra
1634 2023 1769 2075 hanc

169 2123 414 2166 nostram
438 2114 929 2178 conﬁrmationem,
966 2129 1125 2180 quam
1151 2128 1249 2168 nos
1274 2129 1369 2182 pro
1396 2116 1579 2169 divino
1611 2116 1771 2169 intui-

173 2216 225 2258 tu
257 2208 340 2260 vel
366 2207 567 2260 animae
596 2215 797 2259 nostra:
828 2206 1066 2259 remedio
1096 2206 1206 2260 fieri
1236 2216 1325 2259 aut
1360 2207 1571 2263 firmare
1611 2224 1769 2277 roga-

172 2296 373 2360 vimus,
409 2296 596 2351 venire
625 2296 855 2349 voluerit
896 2303 988 2349 aut
1037 2295 1350 2365 infringere,
1387 2307 1444 2351 et
1483 2299 1580 2352 ista
1626 2310 1769 2352 carta

172 2390 219 2442 ei
250 2397 471 2443 ostensa
520 2387 676 2441 fuerit
716 2387 782 2441 ad
814 2387 1179 2456 relegendum,
1212 2397 1267 2441 et
1298 2404 1356 2443 se
1386 2403 1450 2442 ex
1482 2389 1583 2442 hoc
1624 2406 1772 2443 cont-

172 2495 399 2548 pescere
450 2480 709 2543 noluerit,
757 2477 1063 2545 inprimitus
1109 2478 1204 2532 ira:
1249 2478 1342 2531 Dei
1388 2479 1772 2547 omnipotentis

174 2573 420 2627 incurrat
447 2570 731 2636 oﬂensam,
775 2580 829 2625 et
855 2586 883 2624 a
918 2570 1194 2625 liminibus
1232 2580 1538 2625 sanctorum
1572 2572 1773 2627 efﬁcia-

173 2675 257 2719 tur
283 2676 602 2727 extraneus,
638 2672 692 2717 et
715 2660 907 2716 inferat
938 2662 1054 2728 tibi,
1083 2678 1184 2716 una
1218 2678 1339 2717 cum
1369 2674 1595 2733 cogente
1618 2665 1769 2733 ﬁsco,

173 2755 289 2809 auri
326 2755 493 2807 libras
516 2769 571 2818 v,
602 2753 811 2821 argenti
837 2754 1014 2821 pondo
1043 2769 1099 2815 x,
1136 2764 1189 2807 et
1218 2768 1317 2807 nec
1347 2755 1425 2808 sic
1453 2755 1593 2820 quod
1620 2772 1772 2824 repe-

174 2849 235 2901 tit
278 2847 609 2902 erendicare
660 2846 855 2908 valeat,
906 2846 997 2897 sed
1043 2846 1295 2899 firma.et
1338 2847 1628 2901 immobilis
1657 2850 1803 2903 hat-c‘

180 2950 359 2992 nostra
386 2936 609 2990 donatio
639 2944 972 3004 permaneat,
1007 2934 1425 3003 adstipulatione
1456 2936 1707 2990 subnixa.

248 3028 447 3081 Actum
484 3025 698 3093 publice
730 3026 783 3079 in
813 3026 1137 3080 monasterio
1171 3024 1413 3089 Sucstra,
1455 3041 1596 3081 anno
1627 3044 1641 3081 t
1671 3028 1772 3081 Da-

173 3115 380 3185 goberti
412 3114 554 3184 regis
582 3128 624 3179 ε,
660 3115 748 3170 die
780 3130 874 3168 rtzt
901 3115 1259 3169 Calendarum
1297 3117 1773 3171 Novembrium.—

181 3211 291 3278 Ego
320 3209 664 3273 Laurentius,
698 3208 945 3278 indignus
970 3208 1270 3279 presbyter,
1294 3218 1518 3278 rogante
1549 3212 1773 3265 Ansbal-

174 3301 244 3357 do
276 3301 370 3356 Dei
402 3315 581 3365 servo,
609 3299 818 3369 rCl‘lPSl.

932 3389 1020 3445 IX.

174 3486 370 3542 Charta
398 3504 504 3557 qua
532 3485 826 3557 Ansltaldus
856 3486 1134 3557 monacjms
1169 3485 1505 3541 Willibrordo
1534 3491 1773 3557 episcopo

206 3575 338 3611 nova
373 3556 513 3611 dono
543 3556 743 3625 confert
772 3558 824 3608 in
850 3573 983 3626 pago
1011 3556 1325 3610 Toxandria:
1351 3559 1372 3594 ά
1404 3559 1553 3627 (ann.
1580 3561 1732 3628 71:2).

250 3670 304 3723 ln
339 3668 542 3723 Christi
591 3670 839 3731 nomine,
869 3667 1071 3721 domno
1099 3668 1439 3723 sanctissimo
1481 3684 1544 3723 ac
1576 3668 1773 3725 beatis-

174 3763 308 3815 simo
339 3759 487 3815 Patri
518 3758 891 3823 Willibrordo,
919 3759 1223 3814 Ausbaldus
1248 3774 1528 3815 servorum
1557 3761 1655 3815 Dei
1687 3762 1768 3816 fa-

174 3854 377 3907 mulus.
410 3850 551 3905 Dum
585 3850 813 3919 quisque
849 3850 903 3905 in
942 3851 1192 3920 praesenti
1225 3852 1427 3907 saeculo
1465 3855 1774 3909 conversari

176 3943 418 4007 titletur,
452 3942 693 4013 cogitare
720 3940 886 3996 debet
923 3949 1192 4011 quatenus
1216 3943 1412 3997 anima:
1440 3957 1553 3998 suae
1580 3959 1773 4000 conso-

175 4034 434 4088 lationem
463 4048 560 4102 pro
580 4034 929 4104 eleemosyna
951 4046 1263 4088 sanctorum
1287 4035 1527 4089 locorum
1549 4036 1630 4089 vel
1654 4053 1774 4093 ora-

174 4129 385 4181 tionum
405 4125 650 4181 subsidia
677 4125 767 4181 hic
783 4126 1069 4195 adquirere
1089 4127 1253 4194 possit
1271 4125 1482 4182 dicente
1507 4127 1732 4183 Domino
1760 4149 1769 4183 :

174 4218 310 4273 Date
349 4219 747 4288 elemosynam,
785 4227 831 4271 et
857 4234 973 4272 ecce
999 4220 1173 4273 omnia
1204 4220 1400 4274 munda
1443 4228 1564 4273 sunt
1612 4224 1773 4277 vobis.

171 4314 240 4368 Et
264 4313 463 4368 iterum
491 4330 503 4364 :
537 4310 687 4368 Sicut
709 4328 841 4381 aqua
864 4313 1116 4383 extinguit
1145 4312 1339 4384 ignem,
1359 4314 1433 4366 ita
1458 4313 1775 4385 elecmosyna

246 4457 272 4483 ι
306 4446 455 4569 Ιὲἓῧι
508 4459 571 4500 ac
620 4444 983 4514 watriultafo,
1043 4444 1109 4501 de
1159 4459 1266 4516 quo
1308 4446 1433 4500 vide
1484 4457 1668 4500 annot.
1717 4447 1771 4513 2,

246 4534 299 4569 ιι.
447 4555 461 4569 .

195 4534 299 4571 iatr.
328 4522 461 4571 280.

173 4534 695 4650 Pagllzlit‘t'beimius,
721 4586 809 4642 ubi
834 4601 1016 4655 supra,
1043 4587 1365 4657 gafergarias
1389 4586 1775 4657 interpretatur

170 4661 450 4726 pomaria;
475 4657 833 4725 hochoﬁnnas,
863 4654 997 4712 forte
1025 4654 1131 4710 alta
1159 4654 1427 4724 arboreta,
1457 4654 1595 4714 forte
1619 4662 1770 4730 patu-

166 4737 284 4784 des.

282 4797 584 4855 θυηδηίιηί
635 4797 1170 4867 cbronographorum
1226 4812 1536 4858 consensu.
1595 4799 1776 4855 obitus

166 4869 535 4937 Childeberti,
567 4870 654 4923 cui
684 4871 943 4925 successit
964 4869 1317 4939 Dagobertus,
1340 4885 1485 4922 anno
1508 4870 1603 4924 “Ill
1637 4873 1775 4925 assi-

168 4951 399 5012 gnatur,
434 4949 491 4995 ut
522 4949 684 5012 notat
722 4939 1144 5012 Lougueruaeus,
1174 4940 1366 5012 Annal.
1406 4941 1677 5005 Francic.,
1707 4942 1772 4996 ad

167 5010 386 5069 calcem
437 5020 475 5066 t.
526 5010 615 5076 Ill,
646 5010 870 5066 Collect.
900 5011 1084 5080 script.
1112 5025 1223 5066 rer.
1254 5010 1450 5066 Frane.
1484 5026 1601 5076 pag.
1638 5014 1775 5077 (507;

168 5086 322 5138 diem
349 5082 509 5137 docet
530 5081 829 5136 chronicon
854 5082 1227 5146 Medardense,
1253 5083 1303 5135 in
1329 5082 1517 5149 Spicil.
1542 5081 1772 5138 Dacher.

169 5166 215 5210 ι.
248 5154 315 5219 ll,
351 5168 475 5222 pag.
506 5152 636 5222 785,
667 5154 870 5208 scilicet
903 5154 969 5207 18
997 5152 1117 5207 Kal.
1146 5153 1265 5207 Mali
1298 5154 1390 5219 (14
1422 5153 1661 5220 Aprilis).

246 5224 276 5263 ἀ
319 5221 440 5290 Qui
470 5223 527 5277 in
578 5221 806 5278 formula
860 5223 1045 5277 initiali
1106 5224 1397 5277 Ambaldus
1450 5226 1662 5287 dicitur,
1726 5223 1777 5278 in

166 5298 386 5349 charte
412 5302 668 5349 contextu
693 5295 993 5362 appellatur
1018 5292 1322 5353 Ambenus.
1347 5294 1485 5362 ﬁlius
1514 5293 1777 5347 Willlbal-

170 5368 267 5431 di;
322 5366 553 5420 omnino
610 5364 894 5435 legendum
925 5365 1235 5419 Ansbaldus
1282 5364 1417 5419 [ilius
1463 5364 1777 5435 Wigibaldi,

170 5437 352 5493 frater
379 5435 725 5506 Bertilendis,
759 5434 1050 5506 Wigibaldi
1078 5436 1222 5490 filim.
1252 5434 1577 5500 Marteuius,
1597 5439 1774 5502 Ampl.

169 5510 307 5563 coll.
345 5517 383 5561 t.
416 5504 459 5575 Ι,
490 5506 598 5563 col.
631 5508 719 5571 l9,
750 5504 898 5580 recte
934 5507 1063 5580 ltuic
1101 5508 1306 5563 charta:
1336 5508 1627 5580 genuinum
1666 5513 1774 5562 Au-

171 5580 361 5634 sbalui
392 5592 595 5634 nomen
630 5576 882 5647 praefixit.
931 5577 1079 5633 llanc
1105 5576 1437 5648 deprompsit
1478 5594 1546 5633 ex
1587 5576 1779 5648 Epicr-

173 5652 404 5705 naceusi
429 5648 779 5705 nicttasterio.

257 5732 281 5759 ο
328 5719 705 5785 Wom'scalum
744 5720 1130 5788 interpretatur
1169 5719 1530 5785 llonteimius,
1580 5721 1778 5775 llistor.

173 5793 391 5847 Trevir.
430 5800 469 5846 t.
504 5792 543 5853 Ι,
578 5807 698 5861 pag.
725 5790 851 5852 107,
879 5801 997 5844 not.
1027 5792 1308 5861 piscinam,
1345 5806 1437 5844 seu
1484 5802 1783 5861 reservato-

176 5870 320 5919 riunt
348 5860 681 5929 aquativum.
718 5861 849 5915 Vide
884 5876 1001 5930 pag.
1030 5860 1136 5916 280
1163 5872 1216 5917 et
1244 5863 1370 5921 289.
1401 5875 1585 5915 annm.
1619 5860 1672 5913 2.

260 5933 438 6002 luna
471 5933 546 5988 ibi
575 5935 771 5988 desunt
806 5934 1093 6002 repetenda
1129 5948 1248 5989 esse
1276 5944 1457 5987 mouet
1499 5932 1781 5987 Malleolus

1802 3278 1850 3342 Ο

1881 2015 1968 2067 bili
2027 2026 2081 2069 et
2136 2018 2420 2083 immobili,
2455 2018 2694 2087 ingressu
2744 2028 2795 2071 et
2840 2035 3079 2088 egressu.
3128 2020 3181 2075 Si
3230 2024 3348 2090 quis
3384 2038 3473 2075 ve-

1880 2120 1939 2158 ro
1980 2104 2021 2167 ί,
2056 2116 2157 2159 etv.

1956 2196 2149 2248 Actum
2184 2196 2395 2263 publice
2426 2196 2738 2263 Waderloe,
2774 2198 2889 2252 Cal.
2924 2198 3086 2265 Junii,
3119 2216 3259 2254 anno
3300 2218 3334 2257 tt
3372 2202 3477 2256 Da-

1878 2289 2088 2355 goberti
2122 2290 2283 2358 regis.
2320 2290 2429 2356 Ego
2462 2292 2763 2345 Ansbaldus
2789 2294 3082 2346 monachus
3108 2302 3132 2340 8
3158 2294 3293 2349 hanc
3318 2297 3472 2350 cltar-

1876 2388 1981 2433 tam
2014 2396 2043 2432 a
2080 2396 2167 2435 me
2196 2381 2386 2436 factam
2418 2382 2582 2449 relegi
2615 2391 2669 2436 et
2702 2384 2912 2450 prepria
2957 2400 3119 2438 manu
3150 2386 3465 2458 subscripsi.

2641 2515 2705 2567 Χ.

1876 2609 2069 2665 Charta
2111 2625 2213 2677 qua
2248 2608 2623 2681 Aenqelbertus
2671 2608 2753 2681 W.
2800 2607 3168 2681 (Willibrordo
3211 2610 3470 2681 episcopo)

1947 2684 2105 2733 donat
2138 2685 2193 2731 id
2229 2682 2365 2743 quod
2404 2679 2690 2747 passidebat
2740 2680 2790 2729 in
2849 2696 2981 2746 pago
3034 2679 3469 2748 Texandrire,ritt

1948 2754 2060 2804 loco
2097 2750 2357 2811 Ereslor/t,
2385 2760 2430 2801 et
2463 2752 2515 2801 in
2545 2750 2653 2801 loco
2687 2750 2749 2801 de
2782 2751 2916 2803 Ome
2944 2748 2972 2788 δ
3004 2754 3147 2819 (ann.
3175 2754 3323 2822 715).

1952 2844 2005 2897 In
2038 2842 2237 2897 Christi
2284 2842 2520 2906 nomine,
2557 2843 2755 2897 domno
2793 2843 3132 2898 sanctissimo
3160 2856 3212 2899 et
3238 2847 3473 2901 dilectis-

1876 2934 2014 2988 simo
2044 2936 2180 3005 patri
2226 2932 2311 2988 W.
2357 2938 2630 3004 episcopo,
2676 2934 3098 3001 Aengelbertus,
3146 2937 3287 2989 lilius
3327 2936 3471 2992 Gaoo

1876 3028 2012 3082 berti
2038 3026 2327 3095 quondam,
2366 3027 2612 3080 donator.
2651 3025 2782 3079 Dum
2816 3028 2957 3094 leges
3006 3036 3059 3081 et
3099 3028 3220 3095 jura
3267 3031 3471 3093 sinunt,

1876 3126 1928 3170 et
1958 3118 2328 3169 convenientia
2363 3115 2689 3169 FrauCorum
2716 3124 2799 3167 εει
2826 3128 2879 3168 ut
2907 3115 2972 3168 de
3000 3116 3339 3171 facultatibus
3360 3122 3473 3173 suis

1880 3207 2101 3275 quisque
2148 3206 2290 3274 quod
2336 3205 2513 3259 facere
2565 3206 2793 3259 voluerit
2833 3205 3054 3259 liberam
3100 3206 3291 3262 habeat
3322 3220 3472 3275 pote-

1880 3310 2094 3363 statem,
2123 3310 2175 3354 et
2210 3313 2437 3353 necesse
2466 3309 2547 3351 est
2580 3308 2634 3350 ut
2664 3298 2904 3368 quisquis
2950 3314 3044 3366 pro
3076 3298 3281 3355 incerto
3312 3301 3472 3371 hujus

1879 3393 1999 3445 vine
2022 3392 2165 3445 exitu
2200 3391 2265 3444 de
2296 3392 2456 3444 rebus
2486 3392 2599 3443 suis
2628 3392 2691 3443 ad
2718 3390 2809 3443 Dei
2839 3400 3044 3459 partem
3091 3393 3289 3459 aliquid
3320 3411 3472 3450 com-

1880 3484 2072 3546 mittat,
2100 3494 2156 3537 ut
2180 3498 2273 3551 per
2296 3482 2397 3537 hoc
2423 3482 2803 3552 indulgentiam
2844 3482 3142 3537 facinorum
3175 3486 3470 3555 percipiat;

1880 3576 2079 3630 idcirco
2127 3591 2226 3645 ego
2275 3576 2687 3645 Aengelbertus,
2720 3589 2843 3628 cum
2886 3575 3113 3629 consilio
3156 3586 3207 3630 et
3257 3576 3469 3631 licentia

1880 3667 2058 3723 fratris
2110 3669 2217 3723 mei
2274 3668 2621 3737 Verengaoti,
2674 3682 2769 3735 pro
2815 3668 3059 3721 remedio
3118 3667 3311 3723 anima:
3356 3686 3470 3724 sum

1880 3775 1975 3815 seu
2019 3762 2377 3816 retributione
2425 3772 2648 3821 mterna,
2681 3758 2882 3827 aliquid
2936 3758 3050 3824 tibi,
3082 3758 3281 3816 domne
3314 3760 3473 3816 Pater

1877 3863 1934 3907 et
1962 3851 2220 3922 pontifex,
2249 3854 2317 3908 de
2365 3854 2523 3907 rebus
2558 3851 2692 3905 meis
2721 3850 3033 3905 donandum
3061 3850 3298 3917 decreti,
3328 3854 3470 3921 quod

1878 3956 1931 4001 et
1962 3947 2031 3999 ita
2066 3944 2185 4000 feci.
2217 3945 2328 4000 Hoc
2351 3954 2453 4009 est,
2491 3945 2540 3998 in
2572 3957 2707 4013 pago
2727 3942 3067 4004 Texandrize.
3095 3944 3146 3999 in
3170 3944 3287 3999 loco
3316 3945 3476 4001 Ercs-

1879 4038 2021 4102 loch,
2050 4038 2190 4107 quod
2220 4038 2347 4091 mihi
2378 4053 2441 4091 ex
2481 4048 2702 4102 paterno
2738 4035 2861 4104 jure
2908 4036 3145 4105 legitime
3191 4041 3468 4107 provenit:

1880 4129 1979 4182 hoc
2009 4139 2090 4183 est
2119 4139 2325 4183 casatas
2356 4141 2485 4193 tres,
2518 4142 2639 4180 cum
2673 4128 2784 4179 sala
2814 4136 2869 4180 et
2896 4126 3118 4182 curticle
3155 4142 3299 4192 meo,
3329 4132 3470 4197 quod

1877 4221 1944 4273 ad
1996 4234 2232 4286 praesens
2277 4220 2474 4273 habere
2522 4223 2669 4272 visus
2714 4233 2866 4282 sum;
2903 4218 3002 4272 tria
3052 4220 3313 4287 mancipia
3346 4237 3467 4276 cum

1882 4314 2139 4366 uxoribus
2161 4322 2215 4367 et
2244 4311 2566 4376 infantibus;
2599 4320 2671 4373 et,
2704 4307 2756 4363 iu
2792 4310 2909 4364 loco
2940 4310 3008 4365 de
3036 4310 3201 4375 Osue,
3232 4323 3465 4367 casatatu

1879 4469 1942 4506 ex
1996 4452 2419 4518 praecedentibus
2461 4450 2685 4505 chartis.
2749 4447 2882 4503 Vide
2926 4448 3164 4518 ejusdem
3210 4449 3465 4505 Ansbaldi

1879 4523 2143 4585 chartam,
2174 4537 2291 4589 pag.
2324 4521 2452 4575 239.

1953 4604 1977 4641 ε
2005 4596 2083 4649 An
2116 4588 2328 4660 prOprie
2370 4593 2648 4644 monachus
2691 4588 2788 4642 fuit
2817 4588 3144 4655 Ansltaldus,
3178 4589 3267 4658 qui
3300 4592 3468 4656 priori

1879 4664 2059 4717 charta
2085 4664 2211 4716 dum
2235 4678 2292 4715 se
2318 4664 2637 4714 monachum
2667 4660 2919 4725 appellat,
2946 4660 3021 4714 oti
3053 4677 3112 4714 se
3139 4660 3212 4714 ait
3240 4664 3467 4717 saecula-

1880 4740 2011 4788 rium
2041 4735 2183 4800 jure.
2212 4734 2323 4787 Vox
2356 4734 2639 4785 monachus
2666 4730 2955 4799 aliquando
2986 4732 3343 4797 usurpabatur
3371 4747 3467 4799 pro

1878 4806 2082 4859 clerico.
2138 4804 2276 4859 llinc
2330 4804 2469 4858 forte
2511 4802 2846 4856 emendmda
2895 4814 3018 4853 nuta
3076 4812 3256 4855 nostra
3304 4806 3466 4869 priori

1879 4877 2080 4931 chartze
2116 4877 2381 4942 subjecta.
2416 4876 2528 4928 Non
2562 4874 2832 4939 equidem,
2876 4887 2993 4925 mea
3045 4875 3345 4940 settleutia,
3386 4890 3471 4928 re-

1879 4948 2018 5001 ctius
2045 4949 2400 5015 quastiouem
2428 4946 2593 4999 solvit
2642 4943 2725 5015 vir
2751 4946 2929 4997 clarus
2958 4945 3008 4995 in
3054 4943 3467 5013 prolegomenis,

1879 5026 2015 5089 part.
2041 5012 2117 5081 Ill,
2148 5026 2283 5070 sect.
2323 5017 2372 5079 Ι,
2397 5030 2518 5083 cap.
2548 5015 2601 5079 2,
2632 5014 2660 5084 §
2694 5012 2749 5068 ὅ.

1952 5090 1976 5125 δ
2006 5088 2251 5155 Vulgavit
2273 5087 2587 5145 Marteuius.
2615 5084 2841 5151 Amplis.
2862 5084 3071 5155 collect.
3103 5093 3143 5137 ι.
3176 5083 3216 5146 l,
3243 5084 3349 5138 col.
3374 5085 3470 5155 719.

1880 5174 1948 5213 ex
2018 5153 2287 5212 chartario
2330 5156 2759 5224 Epternacensi;
2808 5153 3016 5208 recudit
3078 5154 3475 5220 llontheimius,

1882 5230 2018 5284 Hist.
2056 5228 2261 5283 Trevir.
2306 5229 2419 5289 dip.
2472 5236 2511 5281 t.
2567 5226 2608 5291 Ι,
2664 5242 2783 5292 pag.
2833 5224 2956 5280 108.
2998 5225 3200 5280 Vitlesis
3252 5227 3475 5280 alteram

1880 5300 2121 5366 ejusdem
2146 5298 2493 5365 Aengelberti
2510 5297 2776 5359 chartam,
2802 5311 2960 5355 quam
2986 5310 3168 5363 supra,
3200 5294 3416 5366 pag.728
3437 5301 3475 5357 ι.

1882 5365 2325 5439 retulimus,qua
2375 5369 2477 5422 alia
2524 5368 2665 5422 dona
2705 5366 3053 5439 conferuntur
3098 5366 3275 5420 eidem
3304 5365 3478 5420 Willi-

1884 5442 2113 5505 brordo;
2141 5435 2263 5495 vide
2293 5452 2344 5493 et
2378 5448 2533 5493 notas
2561 5441 2609 5493 ei
2636 5438 2923 5508 subjectos.
2960 5435 3268 5508 Lectionem
3293 5441 3475 5503 sequi-

1884 5529 2003 5568 mur
2029 5513 2269 5567 Martenii
2295 5527 2359 5566 ex
2384 5526 2492 5581 quo
2513 5507 2756 5564 chartam
2790 5507 3047 5581 tuutuavit
3078 5508 3471 5581 Homheimius.

1886 5585 2101 5647 I‘Irrure,
2130 5591 2190 5639 ut.
2220 5576 2452 5647 videtur,
2477 5581 2861 5652 typographico
2890 5579 3262 5652 lloutlteitnius
3286 5576 3471 5652 [Egeb-

1885 5657 2081 5710 berlum
2125 5654 2310 5710 scribit
2357 5668 2452 5723 pro
2500 5649 2859 5723 'Aeugeloerlo.
2905 5649 3478 5723 Duplicisdonationis

1886 5726 2225 5796 Aengelberti
2284 5718 2547 5796 memoria
2579 5718 2675 5796 est
2704 5722 2757 5776 iu
2798 5718 3120 5796 testamento
3149 5718 3475 5796 Willibrordl

1885 5791 2029 5853 inlra'
2050 5797 2281 5861 edendo,
2331 5810 2446 5865 pag.
2494 5792 2621 5858 3559,
2653 5791 2920 5860 corruptis
2958 5791 3345 5865 aliquantulum
3386 5803 3485 5842 no-

1887 5868 2115 5923 minibus
2149 5862 2417 5931 locorum,
2434 5876 2491 5921 ut
2521 5868 2587 5920 ad
2620 5869 2720 5921 hoc
2745 5873 3123 5919 testamentum
3154 5862 3479 5916 notabimus.
