4168 6528
694 475 726 527 εἰ
740 474 793 528 Π

1509 454 1566 509 S.
1612 442 2132 506 WILLIBHURDES
2174 433 2726 494 L'LTRAJlLCTlNLIS
2765 430 3152 487 EPISCOPUS.

3870 423 3977 481 Sis

696 601 854 641 unam
893 590 946 637 et
988 574 1336 645 mancipium,
1366 583 1484 623 cum
1519 584 1684 621 uxore
1721 574 1775 618 et
1804 560 2112 616 infantibus.
2157 555 2280 609 llaec
2311 554 2359 611 Λ
2388 550 2537 605 nobis
2565 558 2624 605 ut
2651 549 2946 619 apostolico
2977 546 3108 616 patri
3139 545 3490 599 Willibrordo
3522 545 3772 614 episcopo
3801 544 3976 613 ips-am

694 679 875 735 «nnnia
897 673 1040 728 tibi-a
1063 669 1153 723 die
1176 662 1423 736 praesenti
1445 662 1599 715 trado
1622 666 1779 726 atque
1809 653 2142 713 transfundo,
2160 664 2278 703 cum

697 767 844 824 omni
892 758 1151 834 peculiari
1195 765 1250 811 et
1297 753 1598 823 integritate
1636 760 1690 804 et
1717 745 2028 816 adjacentiis
2059 755 2277 807 eorum,

701 864 803 915 hoc
833 866 919 913 est
966 855 1124 916 casis,
1174 847 1472 910 curticuiis,
1504 842 1684 906 silvis,
1735 840 1910 903 terris,
1964 836 2160 905 pratis,
2192 848 2283 902 pt-

701 953 845 1007 scuis
873 959 928 1004 et
953 943 1181 1000 aratoria
1210 949 1371 1003 terra,
1390 936 1541 1005 aquis
1562 944 1924 1003 aquarmnque
1946 924 2278 989 decursibus,

701 1043 884 1099 mobili
910 1048 966 1094 et
992 1034 1277 1097 immobili,
1296 1042 1515 1100 egressu
1541 1034 1596 1080 et
1626 1028 1890 1094 ingressu,
1923 1028 1976 1074 et
2005 1017 2281 1070 watrisca.

698 1138 785 1202 fo;
839 1136 955 1188 haec
1007 1129 1190 1186 omnia
1227 1126 1318 1180 tibi
1361 1124 1452 1190 do,
1500 1121 1859 1183 donatumque
1888 1128 2008 1168 esse
2038 1107 2284 1180 perennis

701 1223 1030 1295 temporibus
1056 1219 1204 1274 volo.
1253 1215 1309 1270 Si
1341 1214 1459 1282 quis
1493 1225 1650 1270 vero,
1700 1206 1841 1275 Quod
1893 1202 2127 1258 futurum
2168 1211 2285 1252 esse

703 1335 808 1375 non
831 1315 1014 1381 credo,
1045 1328 1146 1383 ego
1174 1312 1287 1379 ipse
1319 1315 1412 1361 aut
1442 1304 1582 1358 ullus
1619 1301 1689 1355 de
1728 1297 2011 1354 heredibus
2038 1299 2129 1345 aut
2155 1306 2288 1359 pru-

702 1415 915 1485 pinquis
946 1410 1173 1469 nostris,
1206 1418 1305 1459 seu
1343 1398 1593 1470 qumlibct
1620 1404 1870 1450 extranea
1910 1395 2003 1441 aut
2046 1384 2284 1454 Opposita

705 1479 930 1574 persona
953 1546 969 1570 ,
1016 1515 1135 1570 qua:
1164 1504 1348 1551 contra
1382 1493 1521 1545 hanc
1548 1497 1785 1542 nostram
1824 1479 2286 1537 conﬁrma'ionetn

703 1613 861 1667 quam
894 1611 992 1649 nos
1020 1607 1111 1661 pro
1133 1587 1313 1643 divino
1343 1584 1537 1638 intuitu
1563 1580 1645 1634 vel
1673 1578 1866 1632 animo:
1893 1583 2093 1629 nostra:
2120 1583 2292 1622 reme-

702 1694 795 1744 olio
827 1689 940 1743 ﬁeri
968 1694 1060 1739 aut
1108 1684 1325 1737 ﬁrmare
1352 1677 1678 1748 rogavimus,
1720 1671 1905 1727 venire
1946 1666 2175 1721 voluerit
2205 1671 2293 1714 aut

706 1784 1017 1852 infringere,
1051 1786 1107 1834 et
1135 1778 1236 1832 ista
1272 1782 1419 1829 carta
1459 1771 1507 1825 ei
1537 1779 1751 1824 ostensa
1780 1764 1939 1818 fuerit
1964 1762 2026 1815 ad
2058 1759 2293 1823 relegen-

707 1848 945 1939 tlum,‘et
977 1888 1051 1927 .se
1081 1886 1146 1926 ex
1194 1872 1295 1921 hoc
1333 1874 1674 1931 compescere
1703 1854 1958 1918 noluerit,
1993 1848 2292 1918 inprimitus

708 1971 800 2023 ine
828 1968 917 2022 Dei
948 1958 1330 2030 omnipotentis
1370 1956 1607 2009 incurrat
1644 1949 1923 2009 offensam,
1956 1952 2062 1996 eta
2100 1938 2297 1993 limini-

710 2031 821 2114 bus
852 2029 1155 2112 sanctorum
1196 2049 1455 2105 efficiatur
1489 2055 1807 2106 extraneas,
1844 2045 1909 2121 .et
1954 2034 2148 2088 inferat
2179 2029 2291 2090 tibi,

712 2166 813 2205 una
844 2165 963 2202 cum
993 2154 1218 2212 cogente
1245 2143 1393 2203 fisco,
1436 2138 1551 2190 auri
1594 2137 1757 2189 libras
1787 2147 1840 2195 ν,
1886 2128 2091 2198 argenti
2122 2123 2295 2192 pondo

710 2256 768 2305 ι,
797 2250 852 2293 et
879 2251 978 2291 nec
1000 2237 1077 2289 sic
1105 2232 1247 2301 quod
1278 2226 1473 2297 repetit
1511 2224 1814 2279 evindicare
1846 2220 2041 2279 valeat,
2074 2215 2166 2269 sed
2202 2216 2293 2266 lir-

712 2304 798 2385 rna
839 2337 893 2383 et
913 2323 1205 2381 immobilis
1232 2321 1349 2374 haec
1388 2326 1569 2373 nostra
1599 2313 1813 2369 donatio
1842 2317 2174 2380 permaneat,
2205 2304 2297 2357 ad-

711 2419 1054 2490 Stipuiatione
1082 2414 1327 2468 subnixa.

786 2514 974 2564 Actum
1018 2505 1229 2573 publice
1261 2501 1377 2554 loco
1408 2497 1475 2552 de
1502 2497 1667 2559 Osne,
1698 2492 1804 2548 cal.
1850 2490 2056 2553 Martii,
2097 2503 2234 2542 anno
2263 2502 2298 2540 ιι

717 2604 866 2675 regni
901 2599 1084 2657 domni
1116 2598 1283 2652 nostri
1314 2589 1596 2662 Dagoberti
1629 2587 1768 2655 regis
1799 2580 2199 2653 gloriosissimi.
2230 2609 2299 2618 —

718 2672 827 2768 Ego
858 2695 1242 2764 Aengelbertns
1272 2688 1409 2741 hanc
1430 2691 1632 2739 cartam
1660 2695 1688 2733 a
1715 2694 1801 2732 me
1833 2678 2028 2731 factam
2053 2672 2212 2741 relegi
2246 2680 2301 2725 et

719 2766 927 2857 propria
972 2798 1132 2838 manu
1172 2776 1411 2841 ﬁrmavi,
1454 2788 1632 2828 coram
1683 2770 1932 2832 testibus,
1964 2766 2301 2833 Verengaoto

716 2854 878 2935 fratre
908 2891 1049 2936 meo,
1083 2870 1395 2933 Volchaldo,
1431 2863 1751 2926 Framundn,
1785 2858 2055 2919 (Rutulae,
2086 2854 2300 2918 Adlefo,

718 2970 982 3027 Naualino.
1011 2995 1081 3007 —
1114 2964 1222 3029 ligo
1272 2958 1433 3015 Docta
1482 2954 1761 3025 presbyter
1786 2993 1802 3019 ,
1853 2957 2075 3018 rogante
2113 2945 2302 2999 illustri

720 3065 835 3119 viro
865 3057 1217 3130 Aengelbcrto
1272 3052 1409 3107 hanc
1445 3054 1644 3103 cartam
1677 3041 1865 3111 scripsi
1898 3047 1951 3095 et
1991 3034 2300 3104 subscripsi.

1467 3158 1555 3213 ΧΙ.

724 3290 909 3345 Charta
934 3301 1033 3353 qua
1064 3280 1281 3353 Pipintts
1309 3280 1435 3353 dum,
1478 3290 1592 3325 cum
1621 3279 1851 3353 matrona
1878 3283 1985 3349 .sua
2013 3264 2304 3353 rfflrct‘rude,

981 3335 1314 3407 ii’iffibrordo
1349 3349 1585 3416 cpismpo
1617 3340 1977 3393 monasterium
2008 3335 2307 3390 Sucstrensc

791 3440 815 3463 δι
848 3430 993 3487 (nun.
1026 3423 1177 3490 7H).

857 3489 865 3498 ι

801 3493 908 3586 Ego
938 3518 989 3569 in
1024 3514 1116 3567 Dei
1138 3509 1351 3564 nomine
1370 3505 1592 3559 inluster
1616 3502 1694 3553 vir
1722 3495 2153 3567 Pippinnsflilius
2177 3493 2314 3546 Aus-

726 3582 867 3681 gisiii
893 3605 1192 3676 quondam,
1225 3609 1280 3655 et
1323 3595 1548 3651 illustris
1578 3601 1820 3644 matrona
1850 3602 1968 3641 mea
2009 3582 2306 3647 Blictrudis,

735 3680 842 3759 filia
876 3698 1186 3770 llugoberti,
1211 3692 1400 3747 intuitu
1431 3686 1638 3742 timoris
1667 3684 1782 3747 Dei,
1811 3692 1864 3737 et
1891 3680 2085 3735 anima:
2112 3687 2311 3731 nostrae

732 3769 981 3852 remedio
1017 3791 1313 3861 cogitantes
1358 3791 1415 3837 ttt
1445 3779 1737 3836 oratorium
1766 3789 1829 3829 ac
1856 3774 2102 3828 cellulam
2129 3771 2182 3824 in
2212 3769 2313 3821 ho-

733 3903 865 3944 nore
917 3860 1213 3940 Salvatoris
1265 3886 1322 3932 et
1361 3883 1667 3929 sanctorum
1720 3867 1862 3923 Petri
1907 3873 1961 3921 et
2006 3862 2177 3928 Pauli,
2230 3860 2315 3914 vel

733 3989 1035 4033 ceterorum
1091 3969 1489 4039 apostolorum,
1544 3971 1598 4018 et
1666 3959 1910 4027 reliquiis
1965 3963 2313 4017 sanctorum,

735 4069 1048 4129 mansiouilc
1078 4065 1316 4123 Suestra,
1344 4060 1503 4113 situm
1532 4056 1585 4109 in
1611 4069 1745 4123 pago
1778 4050 2128 4106 .‘tlosatiurum
2157 4061 2318 4116 super

740 4161 957 4218 ﬁuvioio
1000 4160 1241 4219 SneStra,
1283 4150 1423 4221 quod
1474 4143 1757 4201 Blictrudis
1782 4142 1907 4197 dato
1936 4141 2105 4210 pretio
2131 4137 2195 4190 ab
2223 4136 2316 4189 Al-

738 4257 919 4313 berico
957 4263 1010 4308 et
1040 4248 1301 4306 lladerico
1331 4240 1693 4310 comparavit,
1744 4250 1771 4289 a
1826 4249 1964 4289 novo
2011 4228 2320 4286 fundamine

736 4338 1000 4401 :vtl'iﬁcare
1028 4339 1367 4400 deberemus,
1396 4330 1538 4401 quod
1586 4329 1655 4381 ita
1701 4334 1754 4379 ct
1786 4324 2031 4387 fecimus,
2072 4329 2125 4375 ct
2149 4320 2319 4387 ipsum

736 4435 1053 4495 mansionile
1104 4431 1170 4485 ad
1221 4429 1387 4497 ipsam
1436 4423 1628 4478 cellam
1676 4416 2071 4487 delegavimus;
2126 4411 2321 4483 placuit

809 4579 833 4606 ³·
874 4566 1079 4633 Smpius
1121 4561 1319 4615 editum
1353 4557 1913 4633 iustrumentumner.
1951 4548 2177 4633 archivo
2214 4548 2319 4609 Ep-

2383 643 2656 697 basilicam
2690 641 3115 702 tradidissemus,
3164 637 3307 705 quod
3340 638 3409 690 ita
3440 647 3493 688 et
3542 634 3787 697 fecimus,
3822 635 3877 686 in
3907 647 3941 688 e
3962 650 3977 681 ι

2384 736 2541 790 modo
2571 743 2630 787 ut
2660 734 2858 787 ibidem
2909 731 3105 784 fratres
3137 732 3448 798 peregrinos
3491 728 3576 783 vel
3625 728 3758 782 alios
3805 724 3976 780 Deum

2385 826 2634 879 timentes
2670 835 2995 891 congregare
3022 820 3239 874 debeat.
3284 820 3348 873 Et
3379 818 3507 873 illud
3538 818 3689 872 nobis
3728 817 3979 871 inseren-

2384 917 2507 973 dum
2539 915 2739 986 placuit
2786 923 2865 980 ut,
2896 927 3018 969 cum
3051 912 3165 982 ipse
3195 911 3574 966 Willibrordns
3604 911 3669 965 de
3714 909 3812 963 hac
3859 910 3981 962 luce

2386 1008 2713 1075 migraverit,
2745 1005 2843 1075 ipsi
2874 1004 3067 1061 fratres
3108 1019 3267 1075 quem
3300 1002 3438 1058 inter
3483 1018 3543 1059 se
3586 1002 3844 1071 elegerint
3874 1002 3979 1055 sibi

2385 1100 2710 1153 constituant
2751 1098 3022 1161 abbatem,
3054 1097 3105 1150 in
3139 1110 3201 1150 ea
3232 1094 3438 1149 ratione
3461 1103 3517 1148 ut
3543 1094 3696 1149 nobis
3740 1093 3825 1148 vel
3871 1091 3983 1145 lilio

2388 1201 2572 1247 nostro
2611 1189 2921 1245 Grimoaldo
2969 1199 3023 1245 et
3056 1189 3177 1242 filiis
3228 1189 3361 1255 suis,
3415 1187 3497 1243 vel
3544 1187 3663 1242 ﬁliis
3695 1186 3980 1255 Drogonis,

2390 1285 2671 1351 nepotibus
2718 1282 2915 1338 nostris
2944 1326 2959 1348 ,
3008 1283 3062 1337 in
3110 1282 3359 1335 omnibus
3401 1280 3575 1335 ﬁdelis
3620 1288 3894 1348 appareat,
3928 1284 3985 1329 et

2390 1377 2584 1431 ibidem
2609 1375 2903 1430 secundum
2920 1374 3162 1430 ordinem
3186 1382 3369 1428 sancte
3394 1372 3572 1441 degat,
3602 1379 3654 1425 ct
3677 1371 3775 1424 sub
3796 1377 3985 1423 nostro

2393 1466 2772 1520 mundiburdio
2797 1475 2851 1520 et.
2878 1467 3043 1535 ipsius
3071 1465 3366 1520 Grimoaldi
3401 1465 3735 1531 filiorumque
3758 1477 3985 1517 suorum

2392 1569 2445 1614 et
2473 1559 2755 1626 Drogouis,
2791 1567 3045 1627 nepotum
3076 1569 3404 1621 nostrorum,
3457 1555 3767 1613 defensione
3813 1554 3983 1623 persi-

2394 1660 2537 1703 stere
2568 1649 2789 1708 debeat;
2821 1658 2895 1715 et,
2933 1649 2979 1702 si
3021 1648 3140 1716 quis
3182 1647 3347 1702 Deum
3381 1647 3717 1711 timentium,
3765 1653 3872 1698 tam
3919 1644 3987 1697 de

2398 1750 2547 1806 parte
2573 1747 2774 1803 nostra,
2808 1740 3059 1807 quamde
3090 1740 3307 1809 reliquis
3341 1739 3644 1793 hominibus
3665 1780 3678 1803 ,
3726 1737 3795 1791 de
3826 1738 3990 1791 rebus

2397 1829 2508 1883 suis
2534 1828 2612 1884 eis
2643 1829 2842 1898 aliquid
2866 1831 3267 1891 eondonaverit,
3309 1830 3414 1885 Deo
3446 1831 3694 1898 propitio,
3719 1827 3796 1881 eis
3829 1826 3990 1893 proﬁ-

2331 1922 2375 1981 ει
2403 1922 2507 1974 ciat
2536 1921 2587 1973 in
2616 1920 2937 1988 augmentis.
2967 1921 3022 1976 Si
3052 1921 3173 1988 quis
3202 1934 3353 1986 vero,
3386 1920 3525 1987 quod
3561 1919 3782 1971 minime
3812 1915 3987 1971 credi-

2396 2026 2512 2066 mus
2537 2026 2655 2066 esse
2688 2010 2943 2074 futurum,
2974 2010 3233 2065 heredum
3275 2012 3358 2065 vel
3390 2009 3745 2078 proheredum
3772 2019 3990 2062 nostro-

2395 2119 2549 2165 rum,
2597 2102 2678 2157 vel
2725 2104 2981 2174 quzelibet
3031 2104 3272 2172 opposita
3326 2117 3575 2172 perstma,
3622 2112 3809 2156 contra
3854 2101 3992 2154 hanc

2396 2198 2699 2252 donationis
2750 2198 3012 2252 cartulam
3056 2198 3239 2251 venire
3291 2196 3633 2266 temptaverit
3665 2205 3720 2249 et
3760 2208 3882 2249 eam
3915 2194 3993 2247 in-

2397 2286 2630 2358 fringere
2670 2289 2985 2354 conaverit,
3022 2289 3269 2356 primitus
3300 2287 3438 2340 iram
3469 2287 3563 2340 Dei
3607 2283 3992 2353 onmipotentis

2400 2381 2669 2446 incurrat,
2718 2388 2771 2434 et
2815 2390 3125 2433 sanctorum
3179 2379 3517 2448 angelorum,
3548 2387 3603 2432 et
3663 2391 3692 2430 a
3721 2375 3994 2431 liminibus

2409 2473 2657 2528 Ecclesia:
2704 2473 2985 2538 alienetur,
3030 2481 3348 2541 partemque
3393 2470 3583 2525 habeat
3625 2485 3747 2525 cum
3775 2469 3911 2524 .luda
3941 2479 3995 2524 et

2402 2562 2606 2617 ultione
2634 2561 2856 2615 Ananiae
2884 2570 2939 2615 et
2967 2560 3232 2630 Sophim,
3265 2564 3345 2615 vel
3375 2561 3519 2628 lepra
3547 2559 3693 2616 Giezi
3733 2560 3996 2629 percutia-

2402 2663 2519 2719 tur;
2546 2654 2765 2722 iusupcr
2814 2649 3007 2708 inferat
3033 2650 3148 2708 ﬁsci
3191 2650 3399 2721 juribus
3436 2652 3550 2705 auri
3582 2650 3767 2705 libram
3800 2665 3997 2717 uuam,

2403 2747 2609 2817 argenti
2631 2747 2807 2816 pondo
2832 2746 3052 2810 decem;
3080 2760 3180 2800 nec
3208 2745 3285 2800 sic
3313 2744 3455 2814 quod
3477 2745 3669 2812 repetit
3687 2744 3995 2799 evindicare

2402 2843 2594 2909 valeat,
2618 2842 2712 2896 sed
2747 2839 2899 2894 ﬁrma
2921 2849 2983 2895 'et
3004 2838 3291 2895 immobilis
3315 2837 3663 2893 ltmctlunatiu
3706 2840 3997 2907 perhennis

2408 2932 2739 3001 tempOribus
2766 2938 3100 3000 permaneat.

2480 3028 2665 3079 Acturo
2691 3022 2949 3091 Bagoluso
2978 3020 3103 3074 villa
3135 3019 3363 3090 publice,
3395 3019 3483 3073 die
3530 3017 3767 3073 secundo
3797 3017 3993 3083 Martii,

2407 3132 2546 3171 anno
2578 3134 2628 3171 tv
2660 3115 2810 3185 regni
2839 3114 3023 3169 domui
3057 3112 3226 3167 nostri
3258 3111 3541 3182 Dagoberti
3575 3111 3734 3179 regis.
3779 3110 3846 3164 Et
3871 3111 3998 3177 quia

2413 3222 2530 3273 nos,
2580 3218 2798 3276 propter
2840 3203 3248 3275 tegritutlinem,
3305 3203 3356 3256 in
3406 3202 3520 3268 ipsa
3569 3213 3715 3256 carta
3757 3201 4000 3256 scribere

2335 3277 2375 3342 (ἶ
2414 3316 2517 3353 non
2559 3300 2849 3369 potuimus,
2884 3296 3203 3350 Blittrudem
3246 3292 3528 3362 coniugem
3572 3301 3803 3346 nostram
3843 3305 3998 3360 roga-

2414 3392 2617 3456 vimus,
2664 3400 2718 3444 ct
2749 3394 3067 3456 potestatein
3097 3385 3363 3448 dedimus,
3396 3392 3452 3437 ut
3483 3384 3654 3450 ipsam
3686 3382 3900 3436 firmare
3930 3380 3999 3435 ad

2417 3488 2656 3534 nostram
2705 3480 2874 3532 vicem
2929 3476 3183 3538 deberet;
3234 3473 3379 3541 quod
3427 3474 3497 3527 ita
3542 3479 3596 3526 et
3639 3472 3780 3538 fecit,
3814 3483 3867 3527 ct
3911 3471 4001 3539 qui

2415 3570 2814 3625 subscriberent
2856 3568 2937 3623 vel
2970 3567 3244 3637 signarent
3290 3565 3340 3620 in
3374 3565 3621 3634 praesenti
3672 3562 3999 3633 rogavimus.

2422 3662 2718 3717 Blittrudis.
2743 3690 2811 3700 —
2834 3660 3165 3714 Blendumen
3195 3657 3570 3712 abbatissa.—
3594 3657 4002 3712 llelmoinns.-—

2419 3755 2711 3822 ltemigius.
2738 3782 2808 3793 -—
2829 3750 3221 3806 Chrodoaldus.
3241 3779 3312 3790 —
3332 3749 3607 3815 Ceraldus,
3656 3750 4000 3815 Adalbertus,

2420 3846 2733 3900 abbates.-—
2755 3842 3107 3913 Chammingo
3135 3840 3868 3912 comes.-,Crodcgerus.—;-
3891 3843 4002 3909 ligo

2420 3935 2790 3999 Adricharius,
2816 3936 2966 4004 jussu
2995 3934 3195 3988 domini
3225 3933 3331 3988 mei
3362 3932 3571 4002 Pippini
3600 3943 3654 3988 et
3688 3932 3995 3999 Plectrude,

2421 4030 2558 4085 bane
2587 4030 2928 4085 donationem
2957 4030 3148 4097 scripsi
3181 4037 3235 4083 et
3260 4026 3571 4086 subscripsi.

3159 4139 3266 4193 ΧΗ.

2425 4261 2617 4315 Charta
2652 4274 2757 4327 qua
2794 4255 3028 4309 ησάεηιις
3075 4257 3181 4308 dua:
3205 4256 3537 4310 ii'illitrorda
3572 4255 3854 4325 apostolico
3894 4256 4000 4308 viro

2835 4330 2969 4380 dona
2997 4328 3191 4396 confert
3221 4332 3243 4362 δ
3274 4329 3417 4396 (ann.
3443 4328 3590 4394 7N).

2501 4423 2613 4492 Ego
2645 4422 2697 4476 in
2733 4420 2824 4476 Dei
2854 4418 3072 4473 nomine
3108 4419 3313 4473 illuster
3339 4419 3421 4471 vir
3450 4417 3700 4471 lledenus
3724 4415 3829 4471 dux
3858 4416 4000 4471 dono

2431 4556 2683 4609 Ansbaldi
2712 4553 3010 4621 cujusdam,
3042 4567 3158 4620 qua:
3189 4552 3358 4619 primo
3401 4549 3679 4622 Dagoberti
3710 4564 3850 4604 anno
3876 4550 3997 4605 data

739 4620 1035 4695 ιθτητὶὶέιῖεί
1065 4633 1457 4697 ιιυρτυηιιιιιειυξ
1481 4632 1654 4697 ειεξῑῖη
1681 4620 1819 4697 ³η¹¹⁴¹
1850 4621 2109 4697 Μὶιζίυωιρη
2139 4622 2310 4697 υνθιζα
2342 4633 2396 4693 D
2418 4628 2609 4681 dicitur
2649 4628 2701 4678 in
2728 4620 3032 4697 ntonusterio
3065 4623 3316 4697 βαίνειν-ἕω.
3353 4624 3460 4697 lloc
3483 4620 3867 4697 intortasterinm
3886 4662 3899 4681 ,
3927 4624 4000 4673 si-

732 4690 981 4779 ξιῖᾖίιίόιίιήἸ
1012 4716 1052 4758 t.
1085 4690 1185 4779 ill,
1198 4690 1329 4779 pag;
1356 4695 1465 4779 28b
1484 4711 1513 4776 ς.
1534 4692 1869 4779 Mttrlelli‘tt‘tlt‘,
1921 4690 2170 4779 ἑιιιιιξίδε.
2197 4692 2311 4779 ευξ-

886 4760 931 4831 t.
966 4760 1133 4842 i,col.
1157 4760 1888 4842 2i)filuutheitnium,.llist.
1921 4760 2127 4842 Trevir.
2179 4760 2308 4842 dipl.

738 4830 1699 4918 ίίῖξνρήαῘΪΟΟς*ϐςξὶιηυιιιηετοὶιῃίδῑξπ.
1722 4832 1940 4918 Lollmr.
1975 4830 2072 4918 thll
2102 4832 2307 4918 probat.

739 4899 989 4990 mirati,
1030 4899 1411 4990 liet'tltoletum,
1445 4907 1579 4987 ψει.
1616 4903 1873 4990 [.axe'mb.
1909 4911 1949 4954 t.
1989 4899 2309 4990 lunarem”.

883 4971 1062 5051 Ἥξει
1094 4986 1144 5038 in
1185 4982 1321 5035 Coll.
1370 4978 1555 5042 script.
1595 4991 1713 5056 rer.
1750 4973 2026 5056 Francut.
2074 4971 2159 5056 IY,
2193 4987 2307 5039 pag.

889 5040 1211 5114 birexttoratur
1240 5068 1268 5104 a
1293 5040 1565 5112 Browero,
1595 5046 1791 5098 llistnr.
1818 5042 2023 5096 Ττονῖτο
2050 5049 2088 5097 ί·
2118 5040 2159 5116 Ῐν
2196 5059 2311 5116 ff"?

893 5113 979 5198 qui
1010 5125 1136 5180 illttd
1180 5124 1233 5176 in
1279 5116 1653 5198 Eptt-rnaeensi
1686 5124 2006 5198 tuo-nastertu
2034 5128 2091 5167 se
2124 5113 2315 5192 legisse

744 5183 983 5255 testatur.
1018 5198 1127 5249 Nos
1171 5208 1235 5246 ex
1284 5183 1589 5258 apugrapho
1620 5186 1942 5258 recudimus.
1995 5184 2230 5258 reposito
2263 5183 2313 5235 in

741 5253 1174 5337 -:bartophylaeio
1208 5253 1755 5337 nostinﬂebaccurate
1780 5255 1974 5306 collato
2003 5270 2121 5305 cmn
2154 5253 2315 5337 clatri-

747 5324 1336 5405 tulariu'lﬂpteruacensi
1364 5331 1501 5394 quod
1527 5330 1715 5405 librum
1744 5341 1959 5405 aureum
1987 5332 2194 5405 vocant,
2223 5324 2313 5377 l’ul.

744 5414 832 5473 36,
858 5412 932 5472 v",
967 5397 1183 5461 eiamtu
1212 5414 1441 5456 exeunte
1469 5400 1663 5473 sarculo
1693 5412 1786 5473 xit.
1826 5397 1932 5473 llac
1960 5397 2317 5473 cltartapatet

750 5466 1007 5550 Pipittnur
1038 5476 1428 5550 iieristalliutn,
1469 5469 1686 5550 Alpaide
1734 5466 1974 5550 dimissa,
2019 5466 2168 5518 UXOIl
2209 5480 2318 5517 sua:

751 5539 1014 5605 I’lectrudi
1056 5560 1147 5598 seu
1182 5544 1431 5597 ltlietrutli
1479 5540 1632 5605 paulo
1661 5549 1781 5590 ante
1812 5539 2013 5587 obitum
2056 5551 2207 5587 suum
2238 5550 2320 5587 re-

748 5620 1081 5674 conciziatum
1112 5612 1439 5668 l'uisse.V'ide
1466 5626 1625 5676 supra
1669 5623 1784 5676 pag.
1812 5606 1917 5658 ἕζιὸ
1944 5614 1997 5659 et
2024 5606 2148 5659 “liti.
2178 5606 2322 5659 Obiit

754 5691 963 5758 l’ipinus
1005 5689 1103 5758 sub
1145 5686 1302 5738 tinem
1349 5683 1472 5758 anni
1519 5678 1646 5758 7H,
1679 5678 1932 5758 quultacc
1978 5678 2089 5758 ipsa
2139 5677 2318 5729 charta

748 5747 867 5813 da'ta
895 5768 994 5812 cst.
1024 5757 1139 5811 Jam
1168 5770 1197 5808 a
1232 5752 1468 5820 pluribus
1509 5752 1658 5803 annis
1687 5747 1957 5800 conditum
2005 5748 2172 5820 fuerat
2211 5762 2319 5799 mo-

751 5830 1038 5883 nasterium
1086 5840 1244 5893 super
1289 5824 1504 5876 lluviolu
1533 5820 1772 5893 Stlt'Sll‘1t,
1820 5820 1955 5893 unde
2005 5819 2321 5873 Snestreuse

752 5902 946 5954 dictum
980 5900 1106 5959 fuit;
1135 5889 1252 5949 nam
1276 5910 1452 5964 ettpra,
1492 5908 1604 5960 pag.
1632 5892 1754 5954 ἰιδῖδ,
1790 5889 2051 5942 edidimus
2084 5893 2319 5940 ('il'.lli:;ttl

2422 4709 2528 4750 tmn
2574 4698 2623 4749 in
2650 4698 2840 4749 ducatu
2871 4694 3113 4755 Juliensi,
3145 4702 3324 4760 postea
3358 4696 3406 4745 in
3434 4694 3712 4758 cuilegium
3739 4693 3996 4745 nobilimn

2416 4770 2791 4821 canonicaruut
2833 4778 3154 4820 Conversum
3202 4777 3305 4825 Bal,
3362 4764 3427 4817 de
3476 4780 3580 4832 quo
3623 4766 3744 4817 virle
3798 4765 3996 4815 Novam

2418 4841 2641 4893 Galliam
2685 4835 3073 4901 Christianam,
3128 4843 3167 4887 t.
3222 4834 3317 4899 Ill,
3368 4850 3487 4903 pag.
3532 4834 3657 4888 996.
3712 4834 3998 4899 Scriptoris

2417 4908 2725 4964 chattttlatii
2752 4906 3032 4960 nscitantia
3061 4906 3290 4958 notanda
3311 4916 3421 4975 ρει,
3452 4906 3537 4972 qui
3570 4919 3787 4959 uxorem
3824 4904 3989 4975 ξηιιὶκὶ

2418 4978 2697 5045 aliquando
2770 4976 3079 5029 Bt’ictrudem
3136 4984 3225 5029 aut
3300 4974 3641 5040 Blittrmlem,
3713 4974 4000 5043 aliqttando

2419 5053 2613 5105 rectius
2642 5048 2967 5101 Plectrudem
2993 5048 3238 5115 appellat.

2491 5121 2516 5159 υ
2553 5120 2896 5184 Exstutapud
2926 5118 3263 5177 Marteuinut,
3318 5117 3564 5183 Ampliss.
3613 5115 3822 5171 collect.
3874 5123 3911 5168 t.
3959 5115 3996 5176 l,

2418 5192 2521 5245 cui.
2568 5192 2637 5243 :22
2660 5232 2673 5255 ,
2712 5200 2763 5242 et
2799 5190 3184 5250 lierthuletum,
3216 5186 3350 5241 Hist.
3385 5188 3643 5241 Luxemb.
3678 5194 3716 5238 t.
3752 5186 3811 5248 ll,
3841 5189 3994 5255 prob.

2422 5280 2541 5332 pag.
2568 5265 2657 5327 εις,
2699 5277 2763 5313 ex
2814 5261 3082 5313 chartario
3124 5257 3541 5332 l‘lpteruact-ttsi;
3581 5259 3736 5332 apud
3796 5254 3994 5332 lit-kar-

2422 5326 2568 5393 dum,
2602 5333 2790 5385 Frauc.
2826 5335 3019 5383 oricnt.
3053 5338 3090 5382 t.
3123 5329 3161 5393 Ι,
3194 5343 3312 5396 pag.
3341 5330 3471 5383 525;
3504 5326 3824 5380 Caltttelnm.
3858 5327 3991 5379 llist.

2423 5406 2639 5456 Loth-ar.
2688 5410 2727 5455 t.
2777 5401 2837 5461 ll,
2888 5406 3037 5462 που.
3091 5415 3207 5469 pag.
3238 5402 3360 5463 tltl,
3395 5409 3449 5451 et
3476 5396 3894 5469 lluutzteimiupi,
3929 5411 3995 5452 ex:

2423 5475 2699 5527 Matutino.
2755 5477 2831 5525 Ad
2866 5473 3019 5523 fidem
3057 5468 3297 5523 Μαι-ιεηῆ
3350 5468 3682 5528 recudiutus;
3735 5468 3994 5529 lectiones

2423 5547 2596 5597 varias
2633 5543 2946 5601 Ut'f'lhtiiell,
2993 5541 3126 5595 llist.
3156 5539 3365 5595 Trevir.
3396 5540 3523 5606 dipl.
3556 5550 3592 5605 t.
3629 5538 3689 5597 Il.
3720 5553 3838 5607 pag.
3874 5540 3995 5601 ill,

2423 5615 2560 5667 inter
2607 5629 2771 5666 unc-os
2817 5612 3156 5666 ascribimus.
3206 5612 3276 5663 De
3308 5610 3527 5663 iledeno
3560 5610 3680 5663 vide
3711 5626 3828 5673 qua:
3858 5609 3995 5661 dixi.

2424 5703 2540 5738 Inus
2574 5686 2623 5736 iu
2658 5685 2793 5738 notis
2823 5683 3020 5737 nostris
3043 5683 3108 5733 ad
3130 5684 3365 5735 chartam
3397 5683 3554 5734 aliam
3585 5678 3848 5749 ejusdem,
3878 5693 3998 5747 pag.

2421 5758 2548 5820 tibi},
2606 5770 2701 5816 qua
2744 5756 2916 5810 eidem
2952 5753 3296 5808 thlibrordo
3346 5751 3446 5805 alia
3499 5753 3634 5807 dona
3684 5753 3994 5805 COltiet‘clmt

2423 5842 2562 5879 anno
2596 5828 2714 5879 τοι.
