4168 6528
207 425 308 475 δίη

842 417 1230 473 IllPl.0.\IATA
1272 416 1361 470 AD
1404 417 1463 469 S.
1507 413 2039 469 WILLIBROBDUM
2084 414 2212 467 Vl'll.
2254 414 2341 467 AB
2368 415 2452 469 EO
2473 413 2789 467 COLI..\T.\

3368 418 3472 473 553

206 552 231 584 :i
264 534 350 587 die
390 531 659 601 pra-senti,
694 543 789 599 pro
821 528 909 583 Dei
944 529 1135 583 timore
1174 538 1229 582 et
1258 526 1518 581 mercedis
1554 525 1661 578 mei
1690 540 1787 579 att-
1818 535 1856 585 Λ
1890 526 2040 578 nachi
2073 523 2381 591 possideant
2410 522 2519 593 [B.,
2550 524 2800 585 habeant,
2830 534 3113 579 teneantet
3140 529 3473 602 possideant}

202 635 442 692 armento,
490 623 859 688 donatumque
912 621 1308 688 inperpetuum
1360 631 1479 671 esse
1509 616 1657 681 volo,
1690 615 1788 667 do-

205 730 330 769 mno
372 726 425 771 et
468 716 519 769 iu
551 714 768 767 Christo
800 712 943 767 Patri
974 710 1322 765 \Villibrordo
1370 709 1423 763 in
1463 721 1610 763 mero
1645 708 1785 776 quod

204 808 423 877 respicit
452 807 518 861 ad
543 798 777 862 Hamqu
800 805 1225 871 castellum,'ubi
1268 814 1322 859 et
1348 802 1570 874 [Berth.,
1605 800 1786 869 etiam]

200 900 376 966 cogito
423 898 519 953 Dei
566 898 958 963 misericordia,
1010 907 1104 964 per
1156 891 1632 963 ipsius'apostolici
1688 890 1785 943 viri

199 990 508 1056 consilium,
550 992 935 1045 monasterium
982 997 1315 1053 construere,
1364 987 1416 1040 in
1448 996 1595 1055 parte
1642 986 1785 1039 occi-

198 1081 424 1146 dentali,
475 1097 634 1152 super
681 1083 845 1137 fluvio
884 1081 1031 1147 Sala,
1085 1082 1140 1134 in
1188 1093 1319 1149 pago
1350 1078 1634 1140 Salveuse,
1678 1086 1783 1130 tam

197 1176 428 1242 campis,
476 1190 633 1245 quam
681 1174 869 1243 pratis,
914 1174 1147 1242 pascuis,
1193 1172 1366 1233 silvis,
1397 1170 1571 1239 aquis,
1621 1183 1786 1237 aqua-

197 1290 429 1344 rumque
478 1274 816 1341 decursibus,
866 1274 1006 1343 ipsas
1053 1288 1141 1328 res
1190 1285 1322 1341 quas
1352 1280 1505 1339 pater
1535 1284 1685 1323 meus
1730 1278 1785 1323 et

200 1379 377 1421 mater
424 1367 556 1421 mihi
604 1365 718 1439 [B.,
749 1364 890 1437 mea]
929 1366 1325 1434 dereliquerunt
1363 1377 1483 1416 cum
1526 1364 1693 1415 servis
1729 1370 1785 1413 et

194 1461 409 1516 ancillis
439 1475 553 1525 vin,
583 1468 1074 1529 quantumcumque
1122 1456 1193 1509 ibi
1224 1455 1422 1508 habere
1462 1454 1668 1518 videor,
1703 1461 1782 1505 to-

194 1563 306 1606 tum
358 1562 416 1608 et
467 1553 531 1605 ad
580 1554 845 1620 integrum
898 1548 1050 1603 trado
1116 1558 1277 1617 atque
1329 1545 1674 1607 translundo,
1728 1553 1782 1596 ut

192 1644 453 1712 quicquid
505 1642 630 1698 in'de
680 1644 856 1697 facere
906 1640 1153 1705 voluerit,
1185 1639 1405 1692 liberam
1456 1637 1507 1691 in
1536 1635 1781 1689 omnibus

195 1736 397 1790 habeat
443 1745 785 1805 potestatem.
818 1732 873 1788 Si
902 1733 1021 1802 quis
1051 1746 1200 1795 vero,
1231 1728 1371 1799 quod
1403 1729 1632 1781 futurum
1663 1740 1780 1780 CSse

193 1846 305 1885 non
340 1833 527 1895 credo,
559 1840 663 1886 etc.
687 1860 758 1870 —-
782 1832 971 1883 Actum
1002 1829 1235 1898 publice,
1267 1824 1496 1879 llamulo
1534 1825 1775 1889 castello,

191 1938 340 1977 anno
386 1938 401 1975 ι
449 1922 738 1986 Chilperici
784 1920 947 1990 regis,
991 1935 1078 1973 XIV
1122 1916 1384 1972 Calendas
1414 1916 1597 1970 Maias.
1645 1916 1777 1970 Cato

192 2029 402 2069 comes.
453 2012 724 2081 Sigericus
772 2026 972 2066 comes.
1029 2010 1141 2079 Ego
1181 2009 1383 2063 illuster
1422 2007 1501 2061 vir
1532 2007 1777 2061 lledenus

192 2109 299 2162 dux
326 2106 674 2161 donationem
701 2103 815 2173 |B.,
848 2105 983 2158 hanc
1004 2102 1371 2165 donationem]
1418 2101 1528 2154 ﬁeri
1556 2098 1697 2151 volui
1727 2108 1781 2151 et

190 2196 487 2265 subscripsi
521 2210 638 2249 cum
670 2193 985 2248 Theudrada
1014 2191 1241 2261 conjuge
1270 2205 1409 2245 mea.
1445 2189 1581 2254 Ado,
1616 2187 1777 2242 nutri-

194 2291 310 2345 cius
344 2288 573 2354 Ilcdeni,
623 2295 677 2342 et
712 2286 979 2354 Tiringus,
1031 2286 1167 2339 liiius
1210 2284 1410 2339 llcdcni
1459 2283 1661 2357 [desunt
1702 2282 1780 2334 lue

191 2396 414 2454 quatuor
449 2399 592 2436 voces
615 2398 702 2448 ap.
727 2380 952 2449 Berlin],
983 2381 1225 2448 Adogoto
1246 2376 1332 2448 [Β.
1368 2374 1646 2446 Adagelo],
1680 2376 1782 2428 Ile-

194 2478 390 2532 rerico.
438 2475 551 2543 Ego
601 2472 847 2525 Richisus
892 2468 1239 2541 [Richarius]
1287 2468 1521 2523 clericus
1571 2476 1784 2536 rogatus

194 2569 386 2637 scripsi
416 2576 470 2620 et
502 2562 816 2632 subscripsi.

933 2649 1070 2703 XIII.

196 2750 383 2800 Cimrta
411 2762 515 2814 qua
547 2746 794 2808 Amulius
823 2745 949 2803 (lux,
985 2741 1409 2814 Droqoniaducis
1440 2741 1597 2814 ﬁlius,
1630 2741 1786 2795 dcunt

263 2812 573 2870 nmnaSlerio
599 2814 970 2879 Epternacemi
1000 2812 1249 2877 quidquid
1291 2812 1385 2863 sibi
1428 2826 1461 2865 α
1496 2812 1649 2865 Patre
1694 2827 1788 2865 suo

262 2890 533 2941 obvenerat
562 2888 615 2939 in
640 2885 764 2939 villa
786 2884 1001 2936 Bollane
1020 2886 1044 2911 ·³
1072 2882 1218 2951 (αηη.
1245 2882 1396 2950 716).

266 2980 317 3031 lu
364 2978 582 3047 nomine
637 2974 845 3029 Domini
905 2972 996 3026 Dei
1042 2973 1205 3026 nostri
1254 2971 1380 3026 Jesu
1412 2972 1630 3027 Christi.
1679 2972 1789 3044 Ego

199 3070 456 3123 Amulius
502 3068 630 3131 dux,
684 3054 819 3119 filius
869 3064 1126 3132 Drogonis
1177 3065 1445 3129 quondam
1492 3064 1662 3127 ducis,
1694 3080 1790 3133 pro

198 3161 393 3213 animm
420 3174 557 3212 mea:
580 3156 819 3211 remedio
840 3162 895 3209 et
913 3162 1109 3208 aeterna
1130 3154 1495 3217 retributione,
1527 3154 1668 3207 dono
1700 3170 1791 3223 per

1890 622 1947 667 et
1998 614 2107 666 suis
2162 615 2541 679 possidendum
2586 615 2976 683 derelinquant.
3026 617 3112 684 (Si
3164 621 3281 688 quis
3322 637 3470 692 vero,

1890 705 2031 774 quod
2080 704 2193 758 fieri
2236 721 2341 759 non
2393 706 2577 767 credo,
2613 722 2709 761 nos
2761 718 2853 761 aut
2882 708 3042 776 aliqui
3072 709 3138 763 de
3189 712 3473 772 heredibus

1895 798 2091 850 nostris
2128 798 2210 851 vel
2255 798 2359 850 ulla
2392 798 2639 867 opposita
2672 812 2896 866 persona
2944 813 3128 854 contra
3162 803 3263 857 hoc
3307 816 3473 860 testa~

1888 897 2126 941 mentum
2160 887 2347 942 venire
2399 889 2684 942 tentaverit
2729 899 2819 942 aut
2864 900 3098 946 emutare
3136 892 3385 958 voluerit,
3420 896 3469 949 in

1888 980 2075 1049 primis
2102 996 2127 1033 a
2156 982 2357 1034 sanctis
2389 979 2547 1035 Petro
2585 992 2638 1035 et
2672 982 2836 1036 Paulo
2873 986 3237 1039 excommunis
3266 987 3386 1051 fiat,
3420 997 3473 1040 ct

1889 1072 2105 1137 insuper
2131 1071 2321 1125 inferat
2349 1071 2480 1125 ﬁsco
2510 1074 2621 1125 auri
2656 1073 2816 1125 libras
2845 1074 3000 1140 duas,
3029 1077 3232 1142 argenti
3265 1079 3469 1145 pondtts

1886 1164 2028 1225 teris,
2055 1174 2106 1216 et
2133 1164 2271 1231 quod
2307 1165 2501 1232 repetit
2528 1178 2633 1217 non
2661 1164 2830 1217 valeat
2855 1166 3173 1221 evendicare
3196 1164 3270 1234 ι’.)
3300 1170 3385 1234 Ει,
3413 1179 3471 1221 ut

1886 1255 1983 1309 hoc
2012 1265 2386 1309 testamentum
2418 1255 2528 1326 [B.,
2561 1266 2939 1311 testamentum
2982 1258 3182 1330 memn]
3209 1261 3345 1329 apud
3392 1260 3471 1313 Io-

1882 1360 2001 1399 cum
2038 1356 2281 1399 sanctmn
2333 1346 2545 1399 firmum
2588 1357 2643 1400 et
2689 1348 2881 1402 stabile
2938 1361 3269 1416 permaneat,
3305 1365 3465 1405 manu

1884 1436 2093 1503 propria
2149 1436 2639 1500 siihterscribinius,
2684 1450 2737 1491 et
2796 1447 2956 1490 testes
3011 1441 3101 1507 qui
3159 1442 3467 1497 subscribe-

1882 1534 2000 1579 rent
2023 1526 2103 1580 vel
2127 1529 2399 1597 signarent
2422 1529 2471 1581 in
2497 1529 2747 1597 praesenti
2774 1529 3097 1599 rogavimus,
3123 1532 3467 1602 stipulatione

1881 1619 2123 1672 subnixa.

1950 1713 2139 1765 Actum
2198 1713 2405 1780 publice
2456 1723 2634 1767 castro
2692 1714 2931 1769 Bedense
2982 1715 3112 1787 [B.,
3159 1717 3466 1786 Bedeesel,

1880 1820 2020 1859 anno
2076 1822 2090 1859 ι
2136 1805 2419 1876 Chilperici
2472 1804 2606 1879 [B.,
2658 1807 2859 1863 domini
2919 1810 3089 1863 nostri
3141 1807 3465 1881 Chilpericii

1815 1884 1858 1943 Β
1888 1898 2046 1964 regis.

2604 1992 2742 2046 XIV.

1881 2105 2071 2159 Charta
2113 2124 2212 2175 qua
2260 2106 2493 2168 Carolus,
2533 2104 2707 2172 Pipini
2754 2106 2913 2175 ﬁlius,
2946 2107 3249 2159 monasterio
3284 2106 3467 2173 Epter-

1954 2180 2430 2318 Ziacerisiifgmcedit
2488 2178 2731 2245 quidquid
2778 2180 2923 2230 habet
2978 2180 3032 2230 in
3084 2177 3463 2232 b‘ollumvilluc

1979 2266 2101 2301 «mn.
2138 2270 2150 2299 ι
2210 2273 2221 2298 ι
2266 2289 2275 2303 .

1979 2266 2101 2301 «mn.
2138 2270 2150 2299 Α
2172 2266 2188 2301 l
2210 2273 2221 2298 ι
2242 2266 2275 2303 1.

1957 2338 2014 2390 In
2066 2337 2157 2391 Dei
2211 2338 2446 2401 nomine,
2502 2337 2747 2390 Karolus.
2811 2336 2915 2389 Pro
2965 2335 3056 2389 Dei
3114 2336 3336 2402 intuitu,
3386 2354 3469 2392 ve.

1886 2441 2084 2484 teterna
2130 2431 2503 2497 retributione,
2544 2441 2596 2484 et
2642 2447 2737 2499 pro
2778 2432 2970 2485 annua:
3018 2447 3151 2484 mea:
3204 2433 3463 2497 remedin,

1886 2523 2031 2577 dono
2059 2522 2123 2575 ad
2170 2521 2425 2575 ecclesias
2466 2522 2632 2575 sancti
2678 2521 2819 2575 Petri
2856 2531 2909 2575 et
2942 2523 3109 2576 sancti
3156 2522 3303 2576 Pauli
3348 2539 3470 2578 cum

1886 2617 2046 2671 sociis
2077 2630 2283 2678 eorum,
2326 2614 2506 2668 villam
2534 2630 2652 2682 qua:
2701 2623 2919 2667 vocatur
2970 2614 3300 2668 Dollumvilla
3352 2617 3472 2670 sive

1889 2707 2194 2761 Bolluntorf
2223 2747 2236 2769 ,
2271 2717 2737 2773 quantumcunque
2764 2706 2893 2759 milii
2929 2705 3127 2760 ibidem
3160 2707 3376 2761 obvenit
3403 2706 3472 2762 de

1888 2798 2131 2868 genitore
2166 2812 2285 2851 meo
2317 2796 2560 2863 Pippino,
2596 2798 2736 2865 quod
2779 2808 2962 2852 contra
2994 2799 3293 2854 allodioues
3321 2816 3473 2856 meos

1893 2886 2101 2957 recepi,
2141 2896 2307 2941 totum
2351 2887 2417 2940 ad
2450 2887 2712 2957 integrum
2762 2887 2903 2941 dono
2947 2896 3105 2955 atque
3138 2890 3471 2955 transfundo,

1894 2982 2073 3045 terris,
2119 2979 2286 3044 silvis,
2336 2980 2561 3048 campis,
2614 2983 2800 3049 pratis,
2855 2982 3154 3049 mancipiis,
3205 2984 3469 3049 ecclesiis,

1894 3070 2067 3136 aquis,
2105 3084 2473 3139 aquarumque
2504 3070 2842 3135 decursibus,
2878 3073 3163 3126 mobilibus
3188 3084 3241 3127 et
3273 3076 3470 3128 immo-

1897 3160 2111 3227 bilibus,
2160 3170 2325 3214 totum
2368 3161 2435 3215 ad
2486 3162 2786 3233 integrum,
2829 3175 3291 3235 quantumcunque
3341 3167 3473 3222 mihi

201 3252 335 3304 hanc
365 3248 629 3303 cartulam
675 3245 974 3301 testamenti
1006 3244 1071 3299 ad
1118 3246 1501 3298 monasterium
1544 3244 1785 3300 El‘terna-
1815 3238 1860 3299 C
1891 3249 2085 3305 ibidem
2130 3251 2369 3317 obvenit,
2421 3252 2474 3305 in
2524 3266 2585 3306 ea
2628 3255 2835 3308 ratione
2883 3264 2941 3309 ut
2996 3254 3063 3308 ab
3114 3255 3215 3309 hac
3246 3258 3331 3311 die
3359 3258 3473 3326 ipsa

201 3358 317 3393 cum
367 3338 627 3411 [BerthoL
664 3333 1072 3405 Fpternacum],
1113 3334 1252 3404 quod
1299 3344 1381 3388 est
1422 3346 1787 3391 constructum

206 3450 252 3482 in
300 3432 513 3484 honore
558 3438 865 3481 sanctorum
921 3425 1061 3479 Petri
1118 3435 1170 3479 et
1226 3424 1375 3478 Pauli
1418 3439 1577 3490 seper
1627 3424 1787 3481 fluvio

204 3524 358 3587 Sura,
394 3520 483 3573 ubi
513 3518 597 3574 W.
635 3516 862 3590 [Berth.,
893 3514 1290 3584 Willibrordus]
1320 3513 1601 3583 episc0pus
1652 3530 1787 3585 prte-

198 3628 316 3667 esse
366 3611 600 3676 videtur,
634 3610 685 3663 in
733 3608 858 3661 villa
909 3607 1152 3675 Bollane,
1201 3606 1303 3660 hoc
1342 3615 1443 3671 est,
1472 3615 1582 3661 tam
1623 3609 1778 3674 casis,

204 3701 430 3764 mansis,
464 3698 693 3768 campis,
740 3697 924 3767 pratis,
962 3695 1130 3760 silvis,
1166 3695 1397 3764 pascuis,
1430 3696 1583 3764 aquis
1627 3714 1784 3766 aqua-

198 3808 387 3846 rumve
436 3790 772 3855 decursibus,
820 3787 1103 3856 mancipiis
1157 3786 1352 3842 ibidem
1405 3788 1784 3855 aspicientibus

197 3893 671 3953 quantumcunque
724 3880 776 3935 in
837 3879 960 3934 villa
1011 3878 1123 3951 [B.,
1176 3879 1288 3948 ipsa
1334 3879 1498 3950 villa]
1566 3880 1783 3936 Bollane

201 3977 331 4031 mihi
374 3976 583 4044 legibus
611 3972 847 4037 obvenit,
882 3986 1056 4026 meam
1106 3972 1397 4039 portionem
1438 3974 1491 4026 in
1523 3973 1780 4043 integrum

201 4065 341 4120 dono
374 4077 540 4133 atque
569 4061 740 4127 trado,
773 4073 830 4115 ut
866 4075 893 4114 a
925 4060 1172 4130 praesenti
1200 4060 1285 4115 die
1315 4061 1486 4130 ipsam
1519 4078 1630 4117 rem
1660 4078 1780 4117 mo-

268 4209 293 4235 ⁸
333 4199 557 4267 Vulgata
604 4211 633 4251 a
678 4192 959 4267 Marteniu,
987 4194 1240 4267 Ampliss.
1270 4195 1488 4267 collect.
1522 4204 1560 4250 ι.
1591 4196 1631 4259 1,
1677 4198 1780 4251 enl.

197 4271 288 4336 2|,
314 4279 369 4324 et
395 4264 720 4330 Bérthnleto,
754 4265 890 4319 llist.
918 4265 1175 4318 Luxemb.
1203 4271 1239 4316 t.
1267 4264 1330 4327 ll,
1364 4268 1511 4336 prob.
1546 4282 1663 4335 pag.
1690 4269 1780 4330 27,

200 4359 260 4395 ex
314 4341 537 4393 arcltivo
586 4336 1013 4403 EptcrnacenSc;
1042 4350 1071 4388 a
1100 4336 1358 4398 Calmeto,
1392 4335 1525 4388 IIist.
1558 4336 1779 4391 Lotbar.

203 4423 237 4465 t.
271 4412 343 4476 ll,
380 4407 537 4478 prob.
569 4412 673 4461 col.
725 4405 815 4468 δι),
860 4405 1336 4478 et__llonthein_tio,
1391 4407 1525 4478 llist.
1574 4408 1779 4461 Trevir.

198 4474 337 4549 dipl.
369 4474 408 4533 ί.
439 4479 479 4541 1,
515 4492 635 4547 pag.
666 4478 788 4539 Ill),
821 4474 1195 4549 ev_hlat~teni_o.
1227 4475 1383 4529 Juxta
1436 4476 1677 4531 Martenii
1709 4479 1784 4549 Ie-

206 4545 436 4606 rtionem
471 4545 795 4607 recu'dimus,
825 4545 1076 4599 adhibitis
1132 4546 1269 4599 inter
1319 4549 1665 4613 parentheses
1714 4545 1774 4601 ex

568 4592 1270 4694 discrepantiis."Arnulphi
1320 4592 1509 4694 ducis,
1545 4619 1631 4694 qui
1684 4592 1859 4673 fuitD

203 4693 359 4747 ducis
395 4690 660 4757 DrugOnis
694 4689 830 4739 filius
858 4696 912 4740 et
955 4683 1779 4757 llugmiis__sacerd0tis'frater,

204 4763 467 4816 memoria
508 4755 591 4811 est
622 4760 675 4811 in
704 4757 883 4811 charta
917 4755 1159 4824 ejusdem
1210 4755 1459 4825 Ilngouis,
1491 4773 1651 4823 quam
1695 4775 1785 4812 su-

205 4848 293 4901 pra
342 4831 793 4901 edidimus,_pag.
826 4826 953 4887 501,
997 4834 1052 4878 et
1090 4841 1236 4901 cum
1273 4826 1486 4901 Cointio
1529 4829 1595 4881 de
1650 4828 1784 4883 falso

204 4897 609 4954 damnavimus.
643 4898 809 4965 Ipsius
840 4910 1049 4965 quoque
1074 4898 1334 4963 Arnulphi
1364 4897 1602 4950 chartam
1632 4901 1781 4953 exhi-

207 4974 442 5033 buimus,
476 4970 541 5022 ad
593 4982 789 5021 annum
842 4968 964 5028 706,
999 4981 1113 5033 pag.
1152 4968 1279 5030 275,
1324 4983 1479 5035 quam
1524 4984 1626 5021 non
1669 4985 1783 5023 me-

206 5045 351 5096 lioris
382 5050 526 5095 nota:
556 5039 825 5093 duximus.
858 5037 1069 5089 Nullum
1097 5048 1276 5090 autem
1306 5039 1491 5091 subest
1520 5038 1571 5091 in
1602 5041 1782 5093 charta

208 5127 365 5180 quam
418 5126 559 5164 nunc
607 5109 899 5176 promimus
951 5108 1076 5180 falsi
1119 5108 1369 5180 indicium
1424 5110 1563 5180 unde
1618 5113 1784 5176 ipsam

207 5177 445 5250 Spuriam
481 5181 635 5233 nobis
665 5179 1010 5245 pronuntiare
1052 5177 1132 5230 fas
1162 5181 1251 5232 sit.
1280 5178 1389 5232 Imo
1422 5179 1543 5232 huic
1584 5184 1784 5233 charta:

210 5253 444 5307 concinit
477 5252 583 5304 alia
616 5255 822 5315 charta,
856 5262 1011 5315 quam
1048 5252 1341 5313 proximam
1372 5250 1598 5311 edimus.
1628 5268 1655 5303 a
1688 5254 1786 5303 Ca-

209 5327 323 5375 rulu
375 5324 630 5377 emissam
666 5322 777 5372 tilio
826 5318 997 5384 l’ipini
1029 5329 1083 5372 et
1114 5330 1305 5388 nepote
1356 5318 1637 5386 Drogiuis.
1680 5322 1787 5377 llac

210 5396 432 5447 ilarnlus
456 5392 701 5458 ejusdem
738 5389 873 5443 villa
907 5390 1137 5442 Bollane.-
1172 5398 1378 5458 partem
1405 5405 1521 5456 (iure
1553 5394 1649 5457 ipsi
1683 5393 1788 5443 ha:-

210 5466 464 5519 reditario
489 5463 612 5531 jure
638 5468 901 5523 cesserat,
935 5458 1317 5531 Epternaeensi
1344 5463 1671 5515 monasterio
1693 5463 1790 5515 du-

214 5545 319 5594 nat.
349 5538 435 5590 cui
468 5530 675 5601 partem
705 5545 854 5584 suam
888 5530 1214 5597 Arnulphus,
1239 5530 1357 5599 ejus
1388 5542 1627 5597 patruus,
1656 5548 1788 5586 cou-

214 5608 353 5659 cedit
379 5608 736 5658 instrumento
758 5603 831 5671 de
862 5615 966 5671 quo
991 5603 1213 5667 agimus.
1239 5608 1424 5671 Annus
1470 5613 1647 5655 autem
1682 5606 1787 5671 pri-

211 5690 331 5729 mus
360 5676 507 5743 regni
548 5670 838 5740 Chilperici
862 5670 927 5723 Ill
958 5685 987 5722 a
1016 5685 1207 5743 Iliense
1241 5669 1398 5725 Juniu
1443 5673 1564 5724 anni
1596 5669 1792 5729 Christi

212 5748 314 5801 715
343 5750 406 5800 ad
427 5741 695 5799 eumdem
727 5756 965 5795 mensem
994 5742 1120 5795 anui
1152 5741 1255 5795 7w
1287 5742 1644 5807 protenditur.

282 5820 306 5855 υ
341 5819 393 5871 In
422 5816 737 5869 Bertboleto
767 5813 959 5865 desunt
989 5813 1391 5879 parenthesibus
1421 5813 1644 5866 inclusa.

287 5912 305 5928 ι
339 5889 603 5944 lneditam
638 5886 912 5954 vulgamus
943 5897 1005 5937 ex
1036 5884 1345 5952 apogwplio
1390 5882 1527 5953 quiod
1560 5883 1783 5941 domnus

1890 3342 2115 3396 ecclesia
2148 3342 2363 3405 habeat,
2398 3352 2595 3408 teneat,
2629 3343 2917 3412 possideat,
2948 3346 3028 3400 vel
3065 3346 3315 3415 quiequid
3349 3348 3473 3403 inde

1891 3432 2070 3489 facere
2102 3436 2326 3489 voluerit
2358 3436 2580 3490 liberam
2624 3449 2680 3491 et
2730 3436 3087 3494 firmissimam
3129 3441 3179 3492 iu
3226 3442 3472 3495 omnibus

1890 3523 2086 3577 habeat
2114 3534 2469 3593 potestatem;
2498 3534 2571 3590 et,
2606 3526 2651 3579 si
2678 3544 2777 3595 ego
2808 3528 2943 3595 ipse,
2976 3539 3070 3582 aut
3100 3529 3235 3583 ullus
3275 3529 3341 3586 de
3374 3531 3469 3586 he-

1888 3617 2104 3670 redibus
2149 3617 2230 3670 vel
2263 3632 2361 3685 pro
2391 3617 2677 3671 heredibus
2716 3618 2873 3680 meis,
2903 3620 2989 3673 vel
3018 3622 3265 3686 qumlibet
3304 3638 3472 3691 oppu-

1888 3708 1987 3760 sila
2026 3721 2270 3775 persona,
2308 3718 2487 3760 contra
2514 3708 2650 3760 hanc
2682 3708 3025 3762 dooationcm
3059 3710 3141 3763 vel
3175 3718 3469 3765 testamen-

1893 3806 2000 3851 tum
2053 3798 2237 3851 venirc
2277 3796 2648 3864 temptaverit,
2687 3797 2764 3849 Vel
2814 3807 3059 3851 emutare
3113 3800 3361 3866 voluerit,
3416 3803 3466 3854 iu

1892 3888 2072 3956 primis
2094 3904 2123 3942 a
2150 3898 2338 3943 sancto
2369 3889 2528 3943 Petro
2555 3897 2608 3943 et
2654 3898 2838 3943 sancto
2886 3890 3051 3944 Paulo
3100 3896 3472 3947 excommuuis

1890 3980 1979 4033 fiat
2007 3989 2059 4034 et
2090 3979 2253 4034 sociis
2282 3994 2489 4041 eorum,
2515 3990 2567 4035 et
2599 3979 2727 4033 iram
2756 3980 2847 4033 Dei
2878 3983 3134 4047 incurrat,
3165 3994 3217 4036 et
3247 3984 3466 4052 insuper

1889 4072 2078 4124 inferat
2104 4071 2210 4125 illis
2251 4071 2495 4125 ecclesiis
2536 4082 2589 4125 et
2616 4071 2745 4126 fisco
2785 4073 2896 4126 auri
2942 4072 3133 4127 libram
3169 4090 3351 4140 uuam,
3383 4093 3472 4129 ar-

1888 4200 2066 4254 Colloz
2094 4202 2355 4263 expressit
2382 4203 2794 4271 expellartulario
2829 4204 3215 4271 Epternaceusi
3248 4209 3331 4260 cui
3371 4223 3464 4261 no-

1890 4286 2009 4323 men
2056 4272 2278 4348 inditurn
2308 4284 2430 4348 est.
2445 4270 2592 4324 Liber
2621 4290 2830 4348 aureus,
2859 4270 2986 4328 etin
3020 4278 3463 4348 chartopbylai-iu

1891 4352 2072 4395 nostro
2102 4342 2362 4406 deposuit.
2400 4342 2559 4395 Deest
2601 4345 2722 4396 auui
2762 4348 2926 4407 'nota,
2955 4346 3048 4398 Sed
3092 4342 3229 4399 huic'
3264 4342 3467 4401 exscri-

1891 4422 2007 4476 ptor
2039 4415 2261 4483 prazlixit
2291 4428 2487 4466 annum
2515 4414 2640 4477 7l7,
2668 4415 2801 4468 forte
2822 4414 2889 4468 ad
2922 4416 3079 4468 fidem
3104 4416 3272 4483 ipsius
3301 4420 3462 4473 char-

1890 4483 2087 4559 tularii.
2120 4482 2287 4559 Certe
2312 4484 2431 4535 huic
2466 4498 2619 4559 anno
2644 4487 2773 4537 satis
2802 4488 3086 4559 commode
3126 4482 3331 4559 alligari
3364 4505 3457 4552 pu-

1890 4562 1991 4603 test
2039 4553 2221 4604 charta
2273 4556 2418 4625 hzec:
2461 4555 2686 4625 Carolus
2736 4555 2902 4617 enim,
2934 4558 3070 4609 filius
3132 4553 3321 4624 l’ipiui,
3350 4560 3463 4625 jam

1891 4632 2037 4691 patre
2068 4638 2163 4676 suo
2209 4623 2423 4675 orbatus
2455 4623 2626 4676 fuerat
2657 4640 2776 4677 cum
2811 4626 2944 4677 hanc
2969 4623 3208 4679 chartam
3255 4623 3464 4688 etinsit;

1888 4692 2017 4744 obiit
2044 4706 2223 4745 autem
2270 4693 2485 4759 Pultibus‘
2527 4709 2668 4746 anno
2711 4696 2851 4759 7H;
2883 4696 3108 4749 Carolus
3161 4714 3303 4750 anno
3356 4698 3460 4752 7I5

1889 4764 1985 4815 fuit
2014 4763 2190 4815 divino
2213 4765 2409 4815 auxilio
2438 4764 2692 4819 liberatus
2722 4781 2750 4817 a
2780 4766 3017 4819 custodia
3048 4782 3097 4819 IIl
3128 4782 3284 4832 quam
3314 4784 3340 4819 a
3372 4785 3467 4821 no-

1888 4848 2041 4885 verca
2071 4849 2163 4885 sua
2202 4835 2373 4886 fuerat
2400 4833 2695 4902 enujectus,
2732 4844 2805 4897 et,
2841 4851 2941 4888 u0n
2976 4839 3142 4889 multo
3173 4847 3310 4904 post,
3348 4841 3465 4891 tlte-

1889 4919 2075 4954 saurus
2104 4919 2230 4957 suos
2279 4920 2521 4957 noverca:
2574 4920 2686 4958 sua:
2732 4908 2945 4972 eripuit.
2988 4906 3128 4975 Ergo
3167 4912 3296 4961 satis
3344 4924 3465 4975 pro-

1888 4974 2129 5027 babiliter
2154 4975 2345 5037 COinlCl
2391 4984 2585 5040 potest,
2628 4975 2842 5028 ineunte
2882 4993 3021 5028 anno
3061 4974 3185 5038 7l7,
3210 4974 3460 5034 Carolum

1888 5049 2221 5099 concessisse
2251 5045 2351 5100 bS.
2382 5046 2520 5098 l’etri
2560 5056 2615 5098 et
2647 5046 2789 5098 l’auli
2824 5047 3098 5108 Ecclesiae,
3132 5048 3182 5100 id
3226 5062 3305 5101 εει
3363 5050 3459 5113 lip-

1890 5119 2206 5177 teruacensi,
2248 5127 2446 5178 partem
2489 5118 2643 5167 avita:
2674 5119 2997 5169 haereditatis
3022 5134 3140 5184 quae
3168 5122 3265 5182 ipsi
3298 5119 3459 5172 obveo

1892 5194 2038 5237 uerat
2084 5186 2133 5236 in
2182 5187 2545 5247 Uollumvilla;
2594 5186 2685 5255 qui
2728 5188 2874 5239 locus
2923 5190 3129 5241 Videtur
3174 5189 3312 5240 idem
3343 5203 3465 5245 esse

1889 5272 2007 5307 cum
2042 5257 2255 5309 Bollana
2287 5261 2429 5318 villa,
2455 5262 2607 5321 cujus
2643 5260 2807 5311 altera
2843 5274 2962 5320 pars
2993 5274 3055 5311 ex
3098 5270 3315 5325 paterna
3350 5262 3459 5313 ha:-

1891 5326 2115 5379 redilate
2170 5337 2408 5379 cesserat
2457 5327 2734 5392 Aruulpho
2788 5330 2964 5381 Caroli
3022 5339 3240 5393 patruo,
3292 5328 3462 5394 Pipini

1889 5396 2092 5449 scil.cet
2124 5396 2294 5457 fratri.
2326 5407 2379 5450 et
2416 5412 2575 5465 quam
2619 5399 2686 5449 ab
2734 5400 2919 5450 eodem
2968 5414 3279 5452 concessam
3328 5401 3461 5452 vidi-

1891 5481 2029 5528 mus,
2064 5482 2182 5534 pag.
2214 5469 2339 5531 510,
2364 5470 2557 5521 .eidetn
2593 5469 2863 5521 liettlesias.
2916 5468 3003 5538 [In
3049 5484 3284 5538 errorem
3333 5469 3464 5523 inci-

1889 5537 2033 5589 disse
2071 5540 2278 5591 videtnr
2317 5540 2489 5591 clarus
2519 5538 2635 5589 vir:
2673 5552 2776 5591 non
2812 5536 3114 5606 Arttulphus
3141 5536 3340 5603 Caroli,
3364 5542 3457 5593 sed

1890 5606 2112 5660 Carolus
2138 5610 2431 5676 Arnulphi,
2463 5619 2681 5675 patruus
2708 5618 2848 5672 erat,
2882 5613 3084 5663 scilicet
3124 5611 3289 5662 frater
3321 5610 3461 5663 Dro-

1888 5678 2072 5743 gonis,
2132 5682 2284 5747 cujus
2349 5677 2654 5747 Arnulphus
2718 5680 2855 5733 filius
2919 5694 3052 5732 erat.
3107 5681 3204 5731 llic
3271 5681 3464 5739 Arnol-

1894 5750 2041 5889 plitlts]
2086 5765 2190 5805 non
2242 5752 2441 5815 frater,
2498 5749 2593 5805 sed
2638 5764 2805 5819 nepos
2872 5749 3043 5821 Pipini
3118 5749 3464 5822 (lleristalii)

1914 5835 1965 5872 ut
1996 5858 2005 5869 .

1892 5819 2005 5872 fuit.
