4168 6542
780 425 875 483 551

1598 423 1656 480 8.
1703 421 2229 478 WlLLIBliOliDUS
2273 421 2789 479 UTRAJECTlNL‘S
2829 421 3225 481 El'lSCOi’L’S.

3938 428 4031 484 552

777 547 922 617 genii
972 544 1145 613 pondo
1186 541 1294 597 duo
1340 551 1558 595 coactus
1606 540 1866 603 exsolvat,
1897 549 1949 593 et
1979 537 2116 607 quod
2165 538 2354 606 repetit
2384 544 2429 601 Λ
2461 538 2710 591 omnibus
2761 538 2990 592 habeant
3043 547 3386 608 petestatcm.
3436 539 3490 592 Si
3536 542 3654 609 quis
3706 556 3854 607 vero,
3901 546 4026 611 quod

775 654 881 692 non
928 636 1216 701 eviudicet,
1249 635 1341 689 scd
1376 649 1613 704 praesens
1663 633 1882 687 donatio
1923 632 2068 684 oumi
2119 639 2357 697 tempore

775 731 925 783 ﬁrma
976 737 1032 784 ct
1107 726 1357 782 inviolata
1427 733 1769 796 permaneat,
1825 720 2173 789 stipulatione
2230 718 2356 773 sub-

773 821 914 875 nixa.

849 918 1036 970 Actum
1071 914 1300 984 publice,
1332 913 1382 966 in
1411 911 1533 965 villa
1564 925 1681 979 qua:
1715 916 1932 965 vocatur
1967 907 2234 970 Fidiacus,
2267 904 2354 958 die

771 1007 974 1061 mensis
1008 1005 1279 1062 Februarii
1312 1004 1570 1075 vigesimo
1603 1005 1779 1058 tertio.

1504 1118 1620 1173 XV.

763 1230 958 1286 Charta
992 1249 1094 1301 qua
1123 1232 1364 1296 Carolus,
1403 1231 1772 1302 majordomus,
1835 1230 1970 1282 dona
2012 1229 2207 1297 con/ert
2246 1242 2354 1279 mo-

840 1305 1063 1356 nasterio
1118 1307 1256 1356 intra
1312 1319 1483 1356 muros
1527 1303 1754 1374 'l'rajccti
1797 1303 1955 1354 castri
2016 1306 2350 1353 constructo“

835 1376 982 1443 (amt.
1015 1375 1167 1443 7'22).

839 1466 949 1535 Ego
993 1465 1046 1519 in
1088 1465 1178 1520 Dei
1222 1467 1459 1530 nomine,
1493 1464 1698 1518 illuster
1745 1463 1823 1518 vir
1864 1463 2110 1524 Carolus,
2144 1464 2351 1528 major-

765 1562 978 1625 domus,
1017 1560 1158 1614 ﬁlius
1187 1561 1392 1628 Pippini
1424 1559 1711 1626 quondam,
1746 1559 1986 1624 cngitans
2018 1570 2198 1608 casum
2256 1553 2352 1605 hu-

763 1667 933 1706 mana:
982 1649 1305 1720 fragilitatis,
1339 1650 1569 1720 qualiter
1617 1658 1832 1718 peccata
1865 1647 2064 1716 possim
2113 1645 2347 1706 abluere,

762 1753 815 1798 et
843 1742 1076 1798 donante
1109 1741 1218 1796 Deo
1258 1741 1323 1796 ad
1354 1751 1554 1796 interna
1587 1741 1774 1810 gaudia
1809 1739 2112 1808 pervenire,
2151 1739 2349 1790 ideirco

759 1835 1023 1889 donamus
1069 1849 1098 1886 a
1147 1834 1232 1888 die
1281 1833 1530 1901 prmsenti
1582 1848 1676 1900 per
1725 1833 1857 1883 hanc
1892 1833 2133 1898 paginam
2188 1837 2349 1880 testa-

760 1925 946 1989 menti,
982 1935 1037 1978 et
1064 1924 1319 1976 donatum
1368 1923 1418 1975 iu
1452 1931 1762 1990 perpetuum
1805 1936 1924 1974 esse
1954 1921 2217 1978 volumus.
2251 1920 2348 1972 hoc
2385 1923 2426 1980 Β

761 2023 843 2069 est
871 2015 935 2067 ad
970 2013 1372 2077 monasterium,
1405 2013 1546 2081 quod
1589 2025 1670 2066 est
1703 2012 1837 2067 intra
1865 2026 2046 2064 muros
2083 2011 2134 2064 in
2163 2010 2346 2078 Traje-

757 2120 846 2162 cto
886 2119 1064 2162 castro
1107 2110 1298 2171 situm,
1349 2118 1752 2171 constructum;
1787 2107 1873 2159 ubi
1922 2115 1977 2160 et
2023 2104 2345 2172 apostolicus

756 2202 838 2252 vir
870 2199 929 2252 D.
969 2207 1024 2252 et
1064 2199 1116 2252 in
1161 2197 1374 2251 Christo
1407 2199 1562 2250 Pater
1607 2207 1787 2249 noster
1820 2195 2216 2248 Willebrortlus
2260 2209 2344 2245 ar-

752 2289 1152 2359 chiepiscopus,
1201 2289 1304 2344 sub
1328 2299 1526 2345 sancta:
1574 2289 1994 2343 conversationis
2037 2287 2342 2341 cmuobitali

755 2382 943 2435 ordine
973 2391 1156 2436 custos
1180 2397 1416 2451 praeesse
1459 2382 1692 2445 videtur,
1726 2396 1939 2434 omnem
1973 2394 2086 2432 rem
2143 2379 2196 2432 in
2231 2377 2342 2431 ﬁsci

753 2474 1065 2540 ditiouihus,
1119 2474 1374 2542 quidquid
1428 2472 1479 2526 in
1530 2474 1646 2541 ipso
1687 2472 1933 2536 Trajecto
1983 2479 2178 2532 castro,
2235 2480 2340 2523 tam

753 2567 888 2620 infra
921 2579 1101 2620 muros
1142 2581 1301 2635 quam
1345 2581 1374 2618 a
1414 2565 1565 2630 loris,
1595 2580 1715 2620 cum
1745 2564 1993 2618 omnibus
2025 2563 2340 2632 adjacentiis

755 2659 840 2713 vel
895 2657 1241 2725 appcnditiis,
1290 2673 1409 2710 cum
1459 2657 1551 2712 illo
1599 2672 1798 2725 pascuo
1845 2656 2206 2725 Graveningo,
2255 2656 2338 2709 vel

749 2751 1003 2822 quiequid
1035 2751 1103 2805 ibi
1129 2751 1284 2804 liscus
1314 2749 1380 2802 ad
1411 2765 1647 2820 prtesens
1673 2749 1871 2804 habere
1901 2750 2134 2813 videtur,
2159 2748 2336 2802 omnia

753 2857 807 2901 ct
835 2862 898 2900 ex
931 2845 1203 2909 omnibus,
1241 2853 1409 2898 totum
1439 2853 1494 2898 et
1523 2843 1589 2898 ad
1635 2844 1923 2912 integrum,
1957 2858 2078 2897 cum
2105 2843 2248 2896 omni
2281 2856 2339 2896 re

753 2937 977 3006 qumsita
1020 2947 1075 2991 ct
1122 2933 1394 3003 inquisita,
1451 2942 1506 2989 et
1552 2934 1796 2989 similiter
1849 2934 1974 2988 villa
2027 2934 2110 2986 vel
2161 2943 2337 2986 castro

754 3037 1094 3098 nuncupante
1138 3027 1363 3088 Fethna,
1393 3025 1550 3080 situm
1603 3027 1656 3080 in
1705 3039 1841 3094 pago
1871 3024 2182 3091 lnsterlaco,
2215 3039 2332 3076 cum

752 3121 896 3175 omni
944 3120 1066 3188 jure
1095 3128 1148 3173 et
1186 3118 1454 3173 soliditate
1484 3133 1612 3184 sua,
1642 3132 1830 3172 omnes
1873 3116 2205 3187 adjacentias
2250 3116 2332 3171 vel

749 3211 1104 3282 appenditias,
1135 3211 1278 3280 quod
1306 3221 1412 3264 tam
1450 3211 1516 3264 ad
1548 3211 1716 3278 ipsam
1747 3211 1927 3264 villam
1957 3210 2214 3264 Fethnam
2245 3224 2332 3262 ca-

2465 632 2698 684 luturnm
2743 645 2862 686 esse
2904 647 3006 685 non
3051 631 3336 694 credimus,
3371 636 3483 687 sive
3517 650 3610 688 nes
3656 637 3775 701 ipsi,
3807 638 3886 692 vel
3935 640 4024 692 ali-

2460 719 2576 789 quis
2606 722 2672 772 de
2701 719 3004 776 ha'redibus
3050 722 3132 776 vel
3175 725 3600 791 proha:rcd:bus,
3649 739 3741 780 seu
3793 729 4025 796 quaelibt

2459 815 2702 880 Opposita
2739 812 2823 865 vel
2856 821 3108 868 extranea
3144 829 3389 881 persona,
3424 818 3510 884 qui
3555 832 3739 872 contra
3770 819 3904 874 hanc
3929 823 4020 875 do-

2458 906 2750 969 nationem,
2799 919 2953 974 quam
3004 921 3102 961 nos
3152 922 3246 974 pro
3293 906 3475 961 divino
3524 911 3714 966 intuitu
3763 922 3816 966 et
3845 915 4022 970 anima:

2459 1007 2653 1050 nostra
2697 998 2956 1064 remedio,
2988 996 3055 1051 ad
3103 998 3273 1052 inStar
3324 1001 3627 1054 testamenti
3669 1003 3780 1058 ﬁeri
3812 1014 3865 1059 et
3889 1006 4024 1059 alﬁr-

2459 1090 2588 1142 mari
2620 1089 2975 1154 decrevimus,
3011 1090 3193 1144 venire
3238 1101 3328 1144 aut
3357 1107 3534 1160 agere,
3565 1094 3645 1148 vel
3677 1111 3792 1148 eam
3840 1097 4020 1152 infrin-

2455 1200 2581 1254 gere
2611 1185 2908 1250 conaverit,
2943 1186 3186 1254 inprimis
3217 1189 3350 1242 iram
3386 1189 3476 1242 Dei
3507 1189 3742 1244 cualestis
3775 1191 4020 1257 incurrat,

2455 1294 2483 1330 a
2515 1278 2784 1332 liminibus
2821 1289 3132 1334 sanctorum
3179 1282 3258 1335 Vel
3303 1283 3576 1337 consortio
3607 1283 4023 1340 Christianorum

2456 1370 2718 1425 efﬁciatur
2747 1383 3074 1438 extraneos;
3110 1375 3326 1442 insuper
3359 1374 3571 1439 inferat,
3604 1393 3705 1430 una
3736 1393 3854 1432 cum
3887 1381 4026 1432 socio

2458 1464 2586 1515 list-0
2621 1474 2825 1530 nostro,
2862 1467 2976 1519 auri
3007 1466 3169 1519 libras
3198 1467 3456 1535 quinque,
3485 1470 3687 1536 argenti
3718 1471 3876 1524 etiam
3903 1487 4024 1538 puti-

2455 1555 2578 1609 dera
2597 1559 2794 1615 decem
2825 1571 3039 1611 coactus
3069 1563 3326 1624 exstilvat,
3360 1570 3412 1614 et
3440 1564 3580 1629 quod
3605 1561 3798 1630 repetit
3826 1566 4030 1616 evindi-

2454 1666 2576 1703 care
2607 1666 2708 1704 non
2755 1651 2950 1716 valeat,
2989 1653 3080 1706 scd
3115 1670 3353 1720 praesens
3383 1656 3620 1717 donatio,
3653 1657 3716 1710 ad
3765 1658 3926 1710 instar
3958 1668 4028 1709 le-

2453 1742 2703 1794 stamcnti
2749 1758 2776 1794 a
2809 1757 2893 1796 me
2929 1741 3090 1808 facta,
3125 1745 3268 1798 omni
3301 1755 3540 1813 tempore
3575 1747 3723 1800 ﬁrma
3751 1759 3804 1802 et
3833 1750 4028 1803 stabilis

2462 1842 2790 1896 permaneat,
2827 1848 2946 1886 cum
2981 1835 3322 1903 stipulatione
3351 1838 3602 1893 subnixa.

2529 1927 2721 1976 Actum
2754 1924 3098 1987 llerestallio,
3132 1928 3252 1980 villa
3288 1931 3520 1995 publica,
3555 1931 3668 1996 ipso
3697 1930 3781 1984 die
3812 1931 4026 1986 Kalend.

2450 2012 2716 2076 Januarii,
2753 2029 2894 2067 anno
2925 2031 2959 2068 ιι
2995 2029 3251 2084 regnante
3281 2021 3514 2085 glorioso
3550 2021 3760 2076 domino
3791 2023 4029 2076 Theodo‘

2452 2104 2564 2157 rica
2608 2120 2756 2173 rege.
2793 2105 3015 2174 Signum
3061 2108 3282 2160 illustris
3323 2110 3422 2162 viri
3465 2110 3641 2163 Karnli
3684 2113 3901 2180 majoris
3936 2113 4026 2165 dn-

2449 2213 2588 2259 mus,
2619 2198 2713 2266 qui
2749 2198 2883 2251 hanc
2913 2201 3252 2254 donationem
3285 2201 3398 2254 ﬁeri
3429 2215 3479 2254 et
3519 2201 3771 2254 :.l'lirmari
3806 2206 4025 2273 rogavit.

2448 2294 2670 2362 Signum
2719 2293 3098 2348 liarolomanni
3155 2296 3244 2348 lilii
3294 2297 3428 2360 eius.
3483 2297 4026 2362 SignnmGarimnis.

2447 2386 2672 2453 Signum
2716 2385 2939 2439 Odonis.
2984 2385 3204 2454 Signum
3231 2386 3476 2440 Daldrici.
3524 2389 3742 2457 Signum
3770 2389 4023 2444 Abbonis.

2449 2478 2664 2546 Signum
2692 2478 3012 2545 Eugilbaldi.

3164 2569 3299 2624 XVI.

2445 2681 2635 2736 Charm
2662 2697 2762 2746 qua
2793 2680 3028 2744 Carolus,
3062 2683 3413 2752 majordomus
3438 2723 3453 2744 ,
3495 2682 3670 2735 villam
3698 2695 3843 2736 mea
3870 2687 4024 2735 donat

2517 2753 2859 2806 Wiit’ibrordo
2887 2755 3130 2818 cpisc0po
3159 2763 3202 2805 ct
3234 2755 3453 2806 (insiliat:
3483 2754 3882 2823 (l.‘l.‘rnjec:imr)
3904 2773 4028 2808 sun-

2510 2825 2580 2876 cti
2607 2824 2893 2877 Saluatoris
2929 2834 2950 2861 ε
2985 2828 3128 2895 (ann.
3163 2823 3311 2893 79.0).

2490 2919 2617 3000 Ῥςο
2651 2937 2702 2989 iu
2749 2936 2841 2989 Dei
2871 2937 3094 2990 nomine
3145 2937 3367 2990 inluster
3414 2937 3494 2989 vir
3536 2936 3782 2998 Karolus,
3815 2936 4013 3004 major-

2436 3023 2652 3088 tiomus,
2699 3024 2841 3080 [ilius
2870 3025 3074 3094 Pippini
3105 3027 3402 3095 quondam,
3439 3027 3677 3095 cogitans
3704 3042 3883 3080 casum
3917 3029 4027 3081 hu-

2437 3131 2607 3169 mante
2659 3115 2982 3186 fragilitatis,
3019 3118 3245 3186 qualiter
3283 3128 3504 3186 peccata
3552 3118 3769 3172 abluere
3799 3118 4021 3184 possim,

2439 3216 2492 3262 ct
2521 3209 2757 3261 donante
2790 3206 2900 3261 Deo
2931 3209 2996 3262 ad
3032 3220 3228 3262 (eterna
3273 3210 3461 3277 gaudia
3495 3211 3788 3277 pervenire,
3825 3209 4023 3264 idcirco

747 3315 939 3367 strnm,
970 3303 1051 3356 vel
1083 3303 1242 3357 etiam
1276 3303 1342 3357 ad
1384 3301 1699 3372 jamdictum
1731 3300 2039 3372 Traiectum
2069 3310 2329 3364 castrum,
2362 3291 2405 3351 C
2439 3296 2588 3350 trado
2620 3314 2646 3348 a
2679 3298 2768 3351 die
2801 3297 3048 3365 praesenti
3079 3314 3169 3367 per
3198 3300 3335 3352 hanc
3363 3300 3603 3368 paginam
3633 3297 3938 3354 testamenti
3968 3297 4018 3365 δ,

745 3407 803 3450 ut
826 3395 1076 3458 diximus,
1101 3393 1342 3462 aspicere
1375 3395 1458 3447 vel
1485 3393 1750 3461 pertinere
1773 3393 2006 3458 videtur,
2038 3406 2158 3445 cum
2186 3391 2329 3444 omni

746 3492 1050 3561 integritate
1076 3501 1288 3554 eorum,
1317 3486 1565 3557 quicquid
1598 3486 1706 3541 dici
1727 3485 1812 3540 vel
1840 3486 2104 3539 nominari
2136 3493 2327 3552 potest,

744 3583 848 3636 hoc
897 3591 1000 3647 est,
1048 3594 1152 3635 una
1197 3593 1319 3633 cum
1368 3576 1592 3643 mansis,
1644 3577 1822 3642 terris,
1869 3576 2028 3639 casis,
2058 3575 2326 3638 domibus,

743 3671 1026 3734 anliﬁciis,
1072 3668 1379 3735 accolabus,
1430 3667 1574 3722 luitis
1630 3664 1681 3732 ι),
1741 3666 2044 3734 mancipiis,
2101 3665 2326 3732 campis,

748 3763 937 3830 pratis,
966 3761 1196 3832 pascuis,
1223 3760 1394 3828 silvis,
1425 3761 1574 3828 aquis
1598 3773 1962 3829 aquarumque
1990 3757 2324 3821 decursibus,

742 3857 920 3927 gregis
963 3870 1083 3909 cum
1125 3853 1430 3924 pastoribus
1473 3854 1757 3921 utriusque
1796 3853 2005 3923 generis
2048 3863 2101 3905 et
2143 3865 2326 3914 sexus,

748 3946 1038 4001 mobilibus
1079 3952 1135 4000 et
1166 3945 1550 4010 immobilibus,
1583 3953 1750 3998 totum
1778 3954 1832 3998 et
1860 3948 1924 3997 ad
1954 3944 2238 4010 integrum,
2272 3953 2327 3995 ut

741 4037 997 4102 diximus,
1047 4051 1076 4090 a
1107 4035 1197 4091 die
1245 4034 1522 4104 prmsenti,
1575 4034 1640 4089 ad
1694 4036 1866 4103 ipsum
1917 4035 2321 4100 monasterium,

738 4131 823 4183 vcl
853 4127 920 4182 ad
957 4128 1125 4196 ipsam
1155 4140 1333 4181 casam
1366 4125 1460 4178 Dei
1495 4124 1770 4188 tradimus,
1804 4134 1961 4194 atque
1991 4125 2318 4195 delegamus,

739 4219 1120 4288 perpetualiter
1150 4219 1201 4272 in
1247 4216 1340 4272 Dei
1391 4217 1605 4270 nomine
1634 4215 1697 4269 ad
1731 4216 2134 4285 possidendum,
2167 4215 2236 4268 ita
2268 4225 2324 4269 ut

737 4310 935 4364 ibidem
985 4308 1134 4364 omni
1169 4315 1410 4377 tempore
1455 4322 1550 4376 pro
1576 4316 1757 4361 nostra
1801 4307 2047 4361 mercede
2078 4307 2322 4376 proﬁciat

736 4401 786 4453 in
820 4399 1141 4469 augmentis.
1175 4398 1240 4452 Et
1265 4397 1517 4466 quchuid
1547 4397 1738 4452 exinde
1759 4407 1935 4464 patres
1965 4409 2087 4453 ante
2118 4398 2320 4467 jamdi-

735 4493 805 4545 cti
849 4490 1181 4557 monaSterii,
1227 4489 1308 4544 vel
1343 4500 1598 4553 rectores,
1633 4505 1733 4558 pro
1763 4506 1952 4543 eorum
2003 4492 2320 4560 opportuni-

732 4592 844 4637 tate
889 4581 1064 4636 facere
1108 4580 1465 4643 decreverint,
1517 4581 1735 4634 liberam
1766 4590 1818 4634 et
1859 4577 2218 4634 ﬁrmissimam
2263 4579 2316 4634 in

804 4770 828 4797 ³·
863 4760 1103 4829 angavit
1127 4757 1277 4814 Will.
1313 4758 1482 4822 Heda,
1516 4758 1708 4812 Hister.
1747 4757 2023 4826 Ultraject.
2059 4772 2177 4825 pag.
2207 4756 2313 4829 28f,
2345 4757 2395 4817 ι)

732 4832 796 4885 ad
829 4828 980 4897 enjns
1011 4833 1165 4885 ﬁdem
1219 4830 1535 4882 recuderunt
1573 4829 1805 4891 Mirmns,
1836 4832 2005 4890 Opera
2039 4830 2168 4895 dipl.
2203 4839 2243 4881 t.
2271 4828 2312 4894 l,

735 4917 855 4971 pag.
885 4899 982 4954 491
1010 4919 1024 4966 ;
1072 4901 1340 4962 Quintius,
1369 4901 1564 4953 Annal.
1613 4909 1649 4952 t.
1700 4899 1784 4971 l\_",
1831 4915 1948 4967 pag.
1980 4900 2087 4952 6ὃῦ
2119 4913 2168 4953 et
2200 4913 2314 4971 seq.

736 4969 791 5026 et
817 4973 1147 5026 Colleetores
1179 4976 1497 5035 scriptorum
1528 4985 1702 5023 rerqu
1731 4969 2131 5030 Franciearum.
2160 4978 2198 5022 t.
2226 4969 2314 5034 IV,

734 5059 855 5110 pag.
888 5046 1010 5096 (:97.
1048 5043 1227 5096 Monet
1252 5039 1589 5094 Mahillonius
1613 5081 1625 5103 ,
1665 5042 1858 5092 Annal.
1906 5051 1945 5093 ι.
1981 5041 2044 5104 Il,
2076 5056 2194 5109 pag.
2227 5040 2314 5093 (59.

735 5113 982 5168 Caroluni
1003 5157 1015 5178 ,
1054 5127 1200 5165 more
1231 5115 1402 5178 regio,
1437 5112 1646 5164 titulum
1677 5113 1770 5164 ιιὶνὶ
1807 5112 2020 5163 iliustris
2047 5111 2317 5172 alla-ctare,

740 5187 956 5236 inverso
993 5194 1170 5236 tamen
1211 5184 1496 5235 verborum
1529 5182 1713 5234 ordine
1757 5197 1770 5233 :
1815 5183 1902 5235 hic
1941 5184 2082 5234 enim
2127 5183 2320 5233 diu-itur

737 5255 938 5307 illuster
979 5255 1074 5316 τὶν,
1102 5264 1153 5306 et
1209 5253 1287 5306 sie
1336 5261 1454 5320 post
1503 5253 1670 5319 ipsum
1721 5254 1806 5304 alii
1859 5254 2312 5316 majoresdomus:

737 5326 876 5393 quod
926 5323 1310 5378 observandum
1356 5323 1621 5393 duxerunt
1660 5335 1905 5375 auctores
1950 5322 2316 5390 Diplomata-ie

735 5391 905 5454 novze.
941 5405 976 5447 ι.
1005 5394 1090 5456 ιν,
1123 5408 1243 5460 pag.
1277 5391 1401 5445 616.
1455 5395 1518 5446 Et
1565 5404 1712 5446 certe
1760 5393 1996 5459 Pipinus,
2045 5394 2170 5446 dum
2222 5393 2316 5447 fuit

737 5466 1120 5530 tuaiordomns,
1177 5465 1379 5517 illustcr
1409 5465 1482 5515 vir
1511 5464 1788 5517 dicebatur
1813 5481 1826 5528 ;
1856 5480 1973 5517 cum
2018 5465 2158 5530 regis
2191 5462 2313 5516 titu-

730 5536 841 5588 lun.
881 5536 1200 5600 aSsumpsit,
1241 5537 1312 5588 vir
1348 5536 1546 5587 illuster
1585 5536 1757 5587 dietus
1786 5543 1886 5587 est.
1925 5535 2312 5588 Animadvertit

733 5606 996 5669 Cointius,
1026 5605 1115 5657 ubi
1161 5619 1341 5673 supra,
1372 5606 1661 5658 Elii-uinum
1717 5617 1870 5658 nOtas
1900 5605 2307 5674 cbrouologicas

727 5687 972 5740 repetere
1014 5691 1117 5732 non
1158 5674 1228 5730 ab
1256 5679 1405 5728 annis
1451 5676 1743 5745 majoratus
1774 5677 1876 5736 sui,
1933 5675 2028 5729 sed
2058 5676 2125 5730 ab
2152 5677 2306 5730 annis

732 5746 879 5812 regni
906 5745 1508 5826 Tlieodorici._Ecclesia
1540 5750 1607 5801 de
1636 5749 1833 5826 (ιω-Ἦ
1853 5748 1950 5826 hac
1979 5747 2164 5826 charta
2191 5747 2308 5826 agi-

730 5826 903 5878 toi-,nt
926 5827 1068 5868 notat
1089 5816 1446 5880 Cointius,ubi
1472 5833 1714 5884 supra,n.
1732 5816 1857 5882 555,
1881 5820 1992 5885 ipsa
2021 5829 2106 5870 est
2123 5816 2308 5883 Traje-

730 5886 866 5939 ctina
891 5887 1133 5951 ecclesia,
1156 5902 1308 5956 quam
1337 5888 1648 5942 condiderat
1683 5887 2053 5943 \Viliibrordus
2079 5888 2295 5942 anﬂUT.

2438 3403 2533 3456 pro
2578 3389 2942 3456 redemptione
2987 3391 3179 3442 annuae
3231 3405 3383 3454 meae,
3416 3391 3774 3459 donatumque
3811 3391 3863 3443 iu
3891 3405 4016 3459 per-

2440 3492 2654 3551 petuum
2700 3498 2821 3537 esse
2851 3485 2991 3548 volo,
3033 3484 3083 3537 in
3128 3484 3250 3538 loco
3291 3492 3631 3552 nuncupante
3663 3482 4018 3548 Marlthaime,

2438 3575 2528 3628 ubi
2557 3585 2789 3628 castrum
2822 3573 2941 3642 luit,
2976 3574 3042 3628 ad
3074 3575 3342 3629 basilicam
3370 3591 3486 3643 qua:
3515 3586 3597 3629 est
3627 3583 3933 3628 constructa
3966 3574 4018 3629 in

2435 3668 2638 3720 honore
2685 3665 2978 3720 Salvatoris
3032 3666 3242 3720 Domini
3299 3665 3467 3721 nostri
3517 3663 3646 3720 Jesu
3675 3664 3912 3731 Christi,
3966 3673 4019 3718 ct

2436 3757 2605 3811 beata:
2655 3756 2833 3812 Mariae
2886 3758 3159 3828 genitricis
3191 3758 3306 3824 Dei,
3339 3757 3432 3813 sed
3477 3767 3532 3812 et
3574 3757 3846 3812 beatorum
3889 3771 4019 3826 apo-

2435 3855 2695 3909 stolorum
2728 3854 2870 3909 Petri
2919 3862 2974 3906 et
3022 3853 3188 3917 Pauli,
3227 3852 3572 3921 omniumque
3625 3850 4016 3921 apostolorum,

2431 3950 2706 4015 sanctique
2727 3947 2949 4002 Joannis
2980 3947 3230 4016 Baptista:
3257 3945 3340 4000 vel
3363 3955 3680 4000 crcterorum
3707 3955 4015 3999 sanctorum

2430 4038 2670 4090 noscitur
2699 4052 2818 4090 esse
2851 4035 3140 4103 :mliﬁcata,
3164 4050 3283 4106 qua:
3313 4046 3393 4090 est
3424 4036 3521 4088 sita
3551 4035 3604 4089 in
3635 4049 3764 4104 pago
3788 4035 4015 4099 Iiathua,

2432 4127 2610 4179 villam
2650 4125 2787 4194 juris
2819 4125 2987 4178 nostri
3039 4136 3394 4192 nuncupatam
3437 4124 3622 4188 Elistc,
3651 4125 3704 4178 in
3748 4127 3861 4192 ipso
3895 4125 4016 4178 loco

2431 4216 2785 4280 Marithaime,
2817 4224 3290 4284 quantumcunque
3331 4214 3402 4267 ibi
3445 4213 3625 4268 habuit
3651 4213 3730 4266 vel
3772 4214 4018 4282 possedit

2430 4309 2798 4370 Everbardus,
2829 4308 2955 4361 dum
3006 4309 3120 4376 ipse
3152 4307 3379 4360 infidelis
3423 4306 3529 4375 regi
3579 4307 3837 4374 apparuit,
3870 4314 3926 4358 et
3957 4307 4011 4358 in

2426 4400 2568 4469 regis
2601 4399 2927 4454 Francorum
2965 4397 3276 4452 inﬁdelitate
3315 4397 3442 4452 foris
3472 4399 3636 4464 patria
3665 4397 3730 4450 ad
3763 4397 4012 4449 inﬁdeles

2425 4506 2484 4546 se
2525 4491 2769 4560 sociavit,
2801 4500 2856 4546 et
2896 4500 3115 4560 propter
3144 4490 3246 4544 hoc
3285 4505 3471 4544 omnes
3511 4505 3597 4545 res
3640 4504 3749 4543 sua)
3793 4489 3843 4544 in
3877 4492 4010 4542 ﬁsco

2428 4584 2591 4655 regali
2624 4585 2836 4638 luerunt
2869 4583 3123 4650 redacta),
3156 4596 3286 4652 quas
3315 4581 3578 4653 gloriosus
3607 4596 3698 4636 rex
3729 4580 4012 4635 Hildeber-

2491 4759 2518 4798 δ
2556 4760 2722 4814 Iidem
2777 4761 2866 4828 qui
2918 4761 2967 4812 in
3016 4758 3230 4814 caeteris
3275 4757 3608 4828 documentis
3639 4766 4012 4824 nuncupantur

2421 4832 2520 4886 ιὶιὲ.
2555 4835 2633 4883 vel
2668 4827 2929 4891 lidifvid.
2965 4839 3146 4881 animt.
3180 4830 3236 4890 2,
3265 4845 3380 4895 pag.
3413 4827 3538 4880 275.

2498 4913 2520 4940 ε
2548 4903 2791 4972 Vulgavil
2813 4899 3131 4954 Wiilteltuus
3154 4899 3314 4962 Ileda,
3343 4899 3476 4952 llist.
3502 4897 3668 4972 epist).
3695 4897 4004 4972 Uliraje€l_.,

2425 4989 2544 5042 pag.
2577 4969 2679 5027 50':
2718 4973 3037 5026 recudet'unl.
3080 4973 3308 5032 ΜιΓεευδ,
3341 4971 3509 5035 Opera
3537 4969 3759 5042 diplntn.
3790 4978 3929 5042 torti.
3955 4970 4000 5029 ι,

2426 5038 2545 5111 ing.
2579 5044 2714 5106 492;
2750 5043 3010 5104 (lriintius,
3043 5043 3272 5111 Annals,
3317 5048 3353 5093 ι.
3399 5042 3484 5103 IV,
3518 5055 3636 5107 pag.
3672 5038 4001 5111 74l,Colle-

2425 5108 2604 5168 (tores
2656 5119 2974 5182 scriptorum
3029 5128 3202 5168 rerum
3235 5108 3632 5182 Francicarmu,
3667 5117 3706 5182 ι».
3741 5108 3827 5182 ιν,
3874 5124 3997 5178 pag.

2426 5185 2550 5248 705,
2585 5201 2648 5239 ex
2677 5179 2821 5238 Heda
2853 5197 3061 5236 omnes.
3104 5183 3368 5236 Observat
3395 5181 3634 5234 Cointius
3659 5179 3911 5232 Carolum
3945 5187 4001 5232 in

2426 5256 2526 5308 hoc
2580 5259 2935 5310 inStrumeuto
2986 5269 3084 5308 nec
3131 5250 3386 5320 principis
3429 5251 3752 5306 Frauconnu
3800 5264 4002 5305 nomen

2421 5327 2694 5392 allectare,
2723 5341 2820 5380 nec
2852 5336 3004 5379 notas
3047 5324 3454 5390 chronologicas
3481 5321 3730 5392 abiannis
3762 5321 3996 5392 majora-

2422 5407 2505 5450 tus
2549 5399 2630 5451 sni
2672 5389 2908 5458 sumere.
2942 5394 3034 5448 sed
3085 5395 3151 5448 ab
3180 5389 3334 5448 annis
3381 5394 3526 5461 regni
3559 5391 3875 5445 Theoderici
3907 5389 4002 5445 IV.

2419 5469 2568 5521 Adde
2605 5467 2853 5523 eumdem
2877 5469 3124 5520 Carolum
3156 5464 3256 5518 dici
3284 5463 3549 5517 inlustrem
3579 5463 3760 5525 virum,
3790 5477 3894 5516 non
3924 5465 4002 5515 ui-

2417 5555 2531 5591 rum
2557 5539 2845 5602 inlustrem,
2872 5547 2926 5590 ui
2951 5551 3064 5591 mos
3091 5545 3207 5589 erat
3230 5535 3443 5603 regibus
3466 5532 3503 5586 Ρ
3510 5547 3822 5598 raucorum;
3852 5531 4001 5603 quod

2417 5627 2538 5663 cum
2579 5609 2688 5680 jam
2733 5611 2893 5680 alias,
2922 5623 3039 5675 pag.
3073 5605 3212 5680 33o,
3250 5602 3318 5660 de
3360 5605 3475 5680 ipso
3517 5602 3908 5665 notaveritnus’,
3945 5602 4001 5656 id

2416 5697 2522 5735 non
2556 5677 2756 5735 terneie
2787 5679 3047 5733 accidisse
3077 5677 3384 5731 existimare
3410 5677 3489 5729 las
3515 5684 3614 5729 est.

2486 5750 2511 5788 ά
2536 5751 2684 5816 Vide,
2709 5749 2882 5820 quoad
2911 5751 3277 5820 hangvocem,
3306 5750 3534 5802 chartam
3552 5748 3859 5811 testamenti,
3877 5757 4001 5815 qua

2417 5824 2603 5893 seripsi
2638 5818 2817 5890 supra,
2855 5836 2971 5890 pag.
3007 5818 3130 5874 5'29.
