4168 6530
152 436 248 489 5353

776 431 1164 487 DII‘IMMATA
1212 431 1300 483 AD
1340 431 1391 483 5.
1440 421 1975 482 WIIJJBROllDUM
2022 420 2153 474 VICL
2194 419 2280 472 ΑΒ
2320 419 2407 475 ΕΟ
2446 418 2786 476 COLLATA.

3315 421 3416 475 554

151 567 228 607 tus
258 553 484 621 genitori
540 561 727 603 nostro
762 551 985 616 Pippino
1015 550 1081 601 de
1112 564 1209 598 suo
1244 552 1372 599 IIS(O
1403 558 1454 600 et
1484 561 1545 597 ex
1579 543 1736 609 largi-
1767 541 1811 593 A
1843 550 1937 600 est,
1972 539 2251 592 ecclesiam
2279 554 2395 607 qua:
2422 551 2722 594 constructa
2752 548 2834 595 est
2859 539 2991 593 infra
3022 547 3256 593 castrum
3285 543 3415 595 Ant-

150 650 261 699 ta:i~
308 662 420 699 suae
464 658 687 696 munere
737 642 1024 703 coiicessit,
1063 642 1299 708 mihique
1352 640 1560 706 genitor
1592 650 1741 688 meus

153 741 401 802 l‘ippinus
434 736 555 803 jure
590 733 917 787 hereditario
962 732 1012 784 in
1059 733 1443 799 proprietatem
1475 726 1741 781 concessit

147 831 635 897 Supranominatam
703 827 880 879 villam
935 828 1138 891 Eliste,
1192 840 1312 893 qure
1364 823 1469 875 alio
1518 820 1737 874 nomine

147 924 485 975 Marithainie
520 936 651 972 vota
681 936 735 983 a,
767 920 1012 985 quicquid
1042 918 1377 984 supradictus
1406 916 1738 968 I'lvetliardus

146 1014 206 1065 ibi
237 1016 498 1077 pnssed't,
526 1029 628 1063 una
658 1029 777 1063 cum
817 1014 1037 1071 ruaosis,
1068 1012 1245 1070 terris,
1278 1023 1434 1069 caus,
1466 1009 1733 1065 domibus,

142 1108 327 1176 sylvis,
378 1107 606 1172 eampis.
663 1104 943 1170 mancipiis
998 1103 1275 1166 utriusque
1332 1116 1513 1161 sexus,
1549 1097 1733 1166 pratis,

146 1202 380 1266 pascuis,
432 1199 585 1265 aquis
634 1211 1003 1264 aquarumque
1050 1196 1395 1256 tlecursibus,
1450 1192 1734 1245 mobilibus

140 1308 183 1347 et
230 1294 359 1345 inzni
405 1294 633 1349 lulilius.
669 1302 834 1343 totum
866 1303 918 1344 et
950 1292 1012 1342 ad
1058 1292 1321 1359 integrum
1367 1309 1377 1340 :
1413 1290 1525 1341 Ιιίῐξίξ
1558 1291 1732 1341 omnia

141 1384 404 1436 tradimus
453 1384 517 1435 ad
550 1384 825 1450 pra'lataut
879 1384 1183 1439 ecclesiam,
1214 1391 1267 1435 et
1298 1381 1544 1449 quicquid
1575 1380 1736 1432 Ever-

141 1478 345 1530 liardus
391 1478 575 1529 habuit
628 1478 679 1529 in
728 1478 923 1529 Bathua
957 1479 1037 1529 vel
1074 1476 1344 1543 possedit;
1399 1491 1458 1527 ea
1506 1476 1732 1536 ratione,

141 1580 193 1619 ut
222 1569 476 1621 dominus
516 1569 901 1620 Willebrordus
944 1570 1227 1635 episcopus
1274 1569 1520 1636 prml’atas
1568 1568 1733 1619 resin

136 1660 220 1727 jus
251 1672 304 1712 et
336 1662 631 1711 dominium
664 1675 817 1711 suum
852 1661 1071 1728 recipiat
1102 1677 1431 1726 snortttttqttc
1456 1674 1732 1712 successo-

141 1770 258 1806 rum
286 1796 302 1813 ,
350 1755 402 1805 in
441 1755 529 1805 Dei
566 1754 779 1805 nomine
808 1754 871 1804 ad
908 1754 1309 1818 possidendum,
1349 1755 1413 1805 ita
1452 1764 1506 1805 ut
1538 1753 1731 1806 ibidem

142 1844 289 1897 omni
338 1854 583 1911 tempore
629 1845 867 1909 proliciat
919 1849 967 1897 iu
1000 1857 1340 1911 augmentum
1373 1859 1469 1911 pro
1499 1844 1733 1896 remedio

142 1937 337 1986 anima:
371 1950 525 1987 mete.
582 1937 635 1985 Si
669 1936 785 2000 (illis
814 1950 961 1995 vero,
1008 1936 1145 2000 quod
1198 1934 1430 1985 futurum
1477 1948 1597 1985 e~se
1631 1946 1733 1983 non

140 2027 343 2087 credo,
395 2035 582 2077 contra
638 2026 773 2076 hanc
823 2026 1123 2077 tradition's
1172 2024 1452 2085 chartam,
1501 2024 1731 2090 aliquant

144 2120 394 2185 injustam
454 2118 937 2185 interpellationem
987 2118 1161 2170 facere
1213 2116 1458 2180 valuerit,
1495 2116 1733 2183 inprimis

145 2211 273 2261 iram
311 2211 400 2261 Dei
432 2211 817 2276 omnipotentis
860 2211 1129 2274 incurrat,
1163 2217 1216 2261 et
1246 2223 1274 2259 a
1308 2206 1578 2258 liminibus
1607 2220 1723 2257 sau-

143 2311 241 2351 ctze
276 2300 369 2353 Dei
407 2301 660 2352 Ecclesia:
692 2298 951 2352 elliciatur
988 2308 1304 2359 extraneus,
1335 2304 1389 2349 et
1418 2295 1484 2349 sit
1516 2295 1735 2346 anathe-

148 2392 468 2455 matizatus,
530 2391 706 2459 sitque
760 2392 1072 2443 maledictus
1121 2387 1309 2441 eadem
1364 2387 1733 2439 maledictione

147 2497 263 2548 qua:
295 2482 581 2534 de-i-endit
624 2496 788 2546 Super
820 2481 1022 2532 Dathan
1059 2488 1111 2532 et
1143 2479 1385 2543 Abyron.
1414 2491 1553 2543 quos
1594 2485 1733 2527 terra

147 2575 295 2626 vivos
344 2574 655 2635 absorbuit;
684 2584 740 2625 et
768 2572 906 2639 quod
937 2574 1127 2637 repetit
1174 2568 1477 2622 evindicare
1510 2580 1613 2619 non
1648 2580 1735 2617 va-

148 2668 279 2725 leat;
333 2666 428 2719 sed
487 2678 726 2733 pra-scus
780 2663 1016 2727 traditio,
1050 2661 1113 2713 ad
1172 2662 1341 2713 instar
1370 2658 1733 2712 testamentia

147 2760 298 2813 nobis
354 2759 516 2820 facta,
546 2758 689 2811 omni
735 2767 973 2824 tempore
1002 2757 1147 2808 lirma
1194 2762 1248 2807 et
1282 2752 1489 2805 stabilis
1527 2766 1735 2819 perma-

155 2861 291 2911 neat,
322 2850 671 2917 stipulationc
699 2847 943 2901 subnixa.

218 2947 411 2997 Actum
443 2943 702 3007 'l‘nlpiaco
728 2949 905 2992 castro
932 2938 1168 3006 publico,
1196 2952 1379 2991 mense
1404 2936 1567 2999 .lulio,
1597 2948 1734 2987 nona

150 3035 250 3097 the,
284 3050 428 3087 anno
471 3044 627 3087 sexto
660 3045 916 3099 regnante
958 3031 1189 3099 glorioso
1234 3045 1359 3098 rege
1405 3028 1731 3080 Francorum

149 3124 505 3177 Theodorico.
562 3123 783 3191 Signum
816 3121 992 3175 Κποιί
1044 3122 1265 3174 illustris
1304 3120 1428 3183 viri,
1474 3123 1561 3186 qui
1600 3120 1736 3171 hanc

150 3214 491 3267 traditionem
559 3212 727 3278 fecit,
802 3224 855 3265 et
903 3212 1159 3265 allirmari
1210 3212 1435 3281 rogavit.
1514 3211 1733 3278 Signum

149 3305 423 3359 Saleconis
456 3304 694 3358 comitis.
731 3303 951 3372 Signum
992 3302 1217 3357 Folcarii
1246 3304 1478 3357 comitis.
1509 3303 1732 3373 Signum

149 3395 545 3463 Bergetesionis
589 3394 829 3447 comitis.
884 3394 1103 3463 Signum
1148 3393 1461 3462 Maginharii
1503 3392 1735 3447 comitis.

147 3486 361 3555 Signum
399 3486 709 3553 Luidolphi.
761 3485 984 3553 Signum
1030 3484 1253 3539 Odonis.
1296 3486 1519 3553 Signum
1555 3485 1736 3553 Agilo-

148 3578 244 3629 nis.
297 3578 527 3646 Signum
589 3576 822 3644 llerigeri
878 3577 1112 3631 comitis.
1162 3576 1383 3643 Signum
1435 3575 1735 3627 Erkenh-idi

151 3668 381 3731 comitis,
421 3668 513 3735 qui
556 3668 846 3721 advocatus
892 3668 987 3721 luit
1028 3670 1283 3737 episcopi,
1318 3679 1370 3722 et
1407 3670 1542 3722 hanc
1575 3672 1735 3721 tradi-

146 3760 339 3812 tionem
376 3775 539 3811 manu
570 3774 664 3809 sua
696 3776 814 3811 cum
843 3760 1062 3813 domino
1088 3775 1186 3813 suo
1214 3764 1450 3827 su~cepit
1480 3771 1527 3809 η.

212 3854 353 3904 Aldo
382 3852 638 3913 clericus,
670 3850 851 3919 jussus
894 3868 922 3903 ει
952 3852 1171 3905 domino
1200 3866 1320 3905 meo
1344 3850 1566 3914 Karolo,
1604 3853 1736 3904 scri-

146 3946 221 4012 psi
250 3956 302 3997 et
334 3944 633 4010 subscripsi
668 3944 801 3997 banc
836 3944 1135 3997 testamenti
1167 3942 1405 3996 chartam
1435 3944 1485 3996 in
1520 3941 1609 3995 Dei
1644 3958 1736 3993 uo-

144 4052 282 4090 mne
317 4035 463 4090 felici
492 4052 571 4090 er.
598 4040 787 4090 Amen.

859 4127 1019 4181 XVII.

144 4237 337 4289 Charta
380 4254 484 4304 qua
528 4236 791 4305 Ruhiugus
838 4246 881 4289 et
930 4254 1061 4290 uxor
1110 4242 1221 4309 ejus
1265 4236 1504 4290 Bebelina
1556 4237 1733 4309 ινξειιί-

212 4312 405 4360 brordo
464 4310 704 4373 episcopo
749 4308 942 4360 donant
986 4307 1245 4360 ecclesiam
1275 4318 1565 4360 sanctorum
1596 4307 1735 4359 I‘clri

211 4393 257 4431 et
286 4379 444 4430 Pauli
486 4381 537 4429 in
566 4382 837 4447 Autwerpo
868 4377 891 4413 δ
917 4380 1066 4445 (ann.
1090 4379 1239 4445 Περ).

214 4491 507 4545 Credimus
553 4493 817 4546 mercedis
868 4493 1013 4547 Ittcra
1060 4494 1404 4557 conquirere,
1454 4494 1495 4545 si
1540 4494 1736 4560 aliquid

145 4582 213 4632 de
247 4582 411 4634 rebus
462 4581 679 4642 oosrris,
715 4597 809 4648 pro
858 4582 1091 4647 peccatis
1143 4584 1340 4636 nostris
1389 4582 1734 4647 redimendis,
1769 4625 1820 4684 Β

147 4673 523 4727 sacerdotibus
566 4673 655 4725 Dei
697 4674 1049 4729 conferimus.
1096 4678 1257 4743 Igitur
1285 4693 1385 4747 ego
1432 4677 1483 4730 in
1517 4678 1603 4731 Dei
1637 4696 1735 4733 no-

149 4768 292 4820 mine
353 4766 627 4833 liohingus
683 4776 736 4818 et
784 4767 973 4833 conjux
1025 4783 1139 4821 mea
1186 4770 1429 4822 llebelina
1478 4771 1739 4823 donamus

145 4858 451 4921 aposmlico
496 4857 715 4909 dtunitto
761 4868 813 4910 et
844 4858 983 4911 l’atri
1034 4869 1218 4913 nostro
1256 4861 1598 4913 \Villnbrordo
1626 4863 1739 4927 epi-

148 4964 340 5017 scopo,
366 4949 735 5015 donatumque
768 4951 817 5001 in
850 4960 1163 5019 perpetuum
1193 4967 1313 5006 esse
1342 4953 1607 5019 volumus,
1640 4954 1740 5007 hoc

223 5116 245 5144 ³
289 5106 502 5161 Nullam
535 5106 638 5160 huc
678 5122 844 5174 usque
875 5110 1047 5174 reperi
1080 5111 1382 5164 donationis
1413 5112 1648 5167 chartam
1682 5117 1733 5169 in

151 5194 252 5246 qua
285 5178 491 5231 mentio
520 5178 589 5229 sit
614 5179 995 5245 acceptatiunis
1024 5196 1052 5233 a
1085 5182 1363 5235 donatario
1398 5184 1567 5237 factm.

224 5248 250 5285 δ
289 5249 541 5322 Vulgavit
579 5248 812 5322 Mirmus.
845 5251 1194 5322 Operagdipl.
1239 5262 1280 5305 t.
1315 5253 1354 5318 Ι,
1410 5270 1527 5321 pag.
1555 5258 1640 5322 10,
1675 5273 1737 5311 ex

153 5320 542 5386 ΕρΙΡΓΙιτΙεΕΠΒί
577 5320 888 5388 tabulario;
932 5336 996 5373 ex
1029 5320 1211 5375 Mirato
1239 5320 1502 5388 Cointius,
1546 5320 1737 5382 Annal.

155 5401 191 5441 l.
230 5389 318 5451 IV,
375 5404 495 5456 pag.
529 5387 648 5441 74:2.
705 5391 1045 5443 llecuderunt
1096 5393 1488 5456 Hontheimius.
1539 5396 1736 5452 Ilistor.

151 5460 359 5513 Trevir.
378 5461 597 5523 diplom.
620 5470 655 5511 t.
678 5459 862 5528 Inpag.
882 5462 903 5514 1
922 5459 1076 5522 Μ.ει
1100 5462 1459 5527 Bertholetus,
1482 5466 1619 5520 Ilist.
1637 5468 1739 5521 Ltt-

156 5534 332 5583 xemb.
364 5539 401 5581 t.
430 5531 491 5593 ll,
522 5546 580 5595 pr
623 5533 728 5581 hat.
756 5548 871 5599 pag.
898 5532 987 5598 59.,
1016 5536 1209 5585 omissa
1244 5551 1293 5587 ιιι
1324 5538 1607 5589 violatores
1640 5540 1741 5591 im-

154 5600 488 5673 precatione.
525 5602 799 5668 ltobingus
844 5602 976 5655 alias
1008 5604 1347 5673 Rauchiugus
1378 5609 1650 5671 scribitur,
1684 5621 1742 5664 ut

160 5681 358 5743 monet
384 5671 631 5733 Mimos;
681 5682 735 5725 et
762 5674 857 5743 isic
904 5674 1095 5741 legitur
1141 5671 1280 5743 apud
1314 5678 1737 5733 Houtheiunum.

162 5741 395 5816 Ecclesia
424 5753 733 5816 sanctorum
761 5742 899 5816 I’etri
928 5751 982 5796 et
1006 5741 1189 5810 Pauli,
1208 5746 1273 5799 de
1302 5763 1403 5815 qua
1430 5750 1515 5802 hic
1541 5753 1735 5816 agitur,

154 5813 248 5889 sita
297 5814 839 5889 est,_tes_te_lllira:o,
890 5815 1135 5889 in_veter_i
1186 5813 1381 5883 oppido
1423 5836 1516 5873 seu
1572 5813 1739 5889 burgo

156 5883 571 5952 Antwerpiensi,
609 5883 748 5935 haud
792 5884 978 5950 procul
1014 5900 1042 5938 a
1076 5886 1188 5953 ripa
1220 5889 1488 5943 Schaldis.
1528 5883 1732 5946 Donuin

637 5979 901 6037 PATBOL.
952 5977 1303 6041 LXXXIX.

1845 634 2058 701 wcrpis,
2091 646 2245 698 super
2281 632 2495 685 ﬂuvium
2529 633 2738 694 Scalde,
2765 649 2922 701 quam
2951 633 3197 685 dominus
3224 636 3420 685 Aman-

1842 725 1939 776 dus
1985 723 2239 791 pontifex,
2297 726 2349 778 in
2400 726 2602 779 honore
2645 738 2947 779 sanctorum
2980 726 3120 779 Petri
3165 735 3217 778 et
3247 726 3418 789 Pauli,

1842 815 2204 881 apostolorum
2256 818 2586 885 principum,
2639 817 2718 869 vel
2765 827 3062 870 ceterormn
3116 827 3419 869 sanctorum

1839 908 2170 969 construxit;
2216 920 2267 959 et
2314 924 2409 959 nos
2464 926 2558 977 pro
2603 908 2715 976 ipsa
2756 910 3001 973 ecclesia,
3034 910 3115 961 vel
3166 910 3421 977 quidquid

1843 999 2039 1051 ibidem
2090 1001 2331 1067 aspicere
2376 1002 2607 1067 videtur,
2663 1002 2953 1056 venerabili
3003 1003 3116 1057 viro
3162 1004 3420 1066 Firmino,

1840 1093 2016 1145 abbati
2069 1094 2137 1144 de
2180 1094 2504 1147 monasterio
2534 1096 2929 1160 Quoreolodora
2958 1109 3005 1162 ε,
3040 1097 3286 1149 locellum
3328 1113 3422 1151 no-

1843 1197 2013 1239 strum
2065 1198 2421 1256 nuncupatum
2462 1188 2689 1243 Turnme
2720 1190 2769 1241 in
2801 1191 3116 1244 concambio
3144 1188 3421 1254 dedimus;

1843 1287 1897 1330 et
1939 1294 2036 1330 nos
2072 1289 2250 1345 postea
2286 1294 2313 1330 a
2345 1280 2429 1331 die
2461 1280 2706 1347 ptatsenti
2744 1280 2853 1349 jam
2894 1281 3087 1333 dictant
3118 1280 3421 1343 ecclesiam,

1840 1384 1941 1420 una
1971 1386 2091 1423 cum
2126 1371 2303 1433 terris,
2338 1371 2605 1435 domibus,
2638 1374 2900 1438 aediliciis,
2937 1373 3243 1437 accolabus,
3274 1388 3427 1426 inan-

1840 1461 2011 1526 cipiis,
2048 1460 2271 1523 mansis,
2304 1461 2474 1523 silvis,
2520 1465 2746 1529 campis,
2784 1466 2971 1531 pratis,
3012 1467 3240 1531 pascuis,
3273 1466 3424 1532 aquis

1840 1567 2204 1621 aquarumque
2237 1554 2573 1617 decursibus,
2603 1555 2941 1622 adjaceutiis,
2968 1557 3296 1623 appemliciis
3329 1557 3427 1609 ibi-

1840 1645 1959 1695 dem
2002 1644 2409 1711 aspicientibus,
2448 1646 2736 1707 farinarhs,
2770 1648 3017 1714 gregibus
3041 1661 3161 1700 cum
3196 1646 3423 1714 pastori-

1841 1734 2258 1797 bus,mobilibus
2277 1746 2326 1785 et
2348 1737 2728 1798 immobilibus,
2752 1754 2803 1788 re
2818 1739 3073 1806 acquisita
3108 1746 3162 1790 et
3189 1735 3426 1803 inaequi-

1842 1826 1961 1885 sita,
2004 1834 2169 1875 totum
2208 1836 2260 1876 et
2300 1825 2363 1876 ad
2397 1828 2655 1892 integrum
2694 1827 2948 1893 quidquid
2990 1828 3093 1879 dici
3124 1828 3204 1880 vel
3254 1826 3429 1879 nOmi-

1770 1913 1813 1969 Β
1846 1917 1955 1967 nari
2003 1928 2195 1982 potest,
2219 1926 2323 1969 tam
2354 1918 2420 1971 de
2452 1919 2573 1970 dote
2598 1934 2754 1986 quam
2783 1920 2849 1971 de
2884 1928 3215 1985 comparato,
3250 1919 3330 1971 \cl
3361 1921 3427 1971 dc

1839 2007 2080 2071 qualibet
2103 2023 2159 2059 re
2182 2008 2247 2059 ad
2273 2024 2369 2060 nos
2396 2011 2629 2061 noscitur
2654 2010 2980 2076 pervenisse,
3006 2023 3102 2062 nos
3124 2024 3151 2061 a
3174 2010 3261 2062 die
3287 2025 3425 2077 pra:-

1838 2107 1995 2161 senti,
2012 2104 2371 2165 soprascripto
2387 2102 2605 2152 domino
2622 2101 2971 2153 Willibrordo
2986 2102 3248 2153 donamus
3264 2112 3422 2167 atque

1840 2194 2131 2255 tradimus;
2162 2204 2213 2246 et
2248 2195 2374 2247 illud
2410 2196 2663 2248 telonium
2690 2198 2830 2265 quod
2860 2197 2921 2249 ad
2952 2208 3154 2264 partem
3184 2206 3423 2251 nostram

1840 2285 2037 2339 ibidem
2079 2298 2319 2350 venerat,
2366 2290 2465 2341 hic
2508 2300 2611 2353 est,
2660 2290 2802 2342 illam
2848 2294 3055 2344 tertiam
3105 2302 3329 2359 partem,
3360 2291 3424 2343 ad

1840 2378 2102 2445 integrum
2155 2381 2201 2433 ei
2254 2382 2617 2435 concessimus
2661 2393 2819 2450 atque
2878 2384 3216 2444 donavimus,
3268 2384 3317 2436 in
3362 2400 3425 2437 ea

1841 2476 2046 2525 ratione
2076 2483 2135 2525 ut
2185 2474 2255 2525 ibi
2297 2476 2417 2527 thus
2460 2476 2541 2527 vel
2578 2475 2859 2528 luminaria
2896 2475 3126 2529 debeant
3156 2490 3275 2530 esse
3307 2493 3428 2543 pro-

1839 2574 2044 2627 curata,
2077 2574 2129 2617 et
2179 2568 2472 2633 presbyteri
2520 2569 2607 2635 qui
2660 2569 2727 2619 ibi
2775 2570 3013 2621 serviunt
3047 2584 3143 2635 pro
3193 2570 3427 2636 peccatis

1843 2658 2038 2709 nostris
2072 2657 2277 2710 Domini
2336 2660 2757 2711 misericordiam
2783 2659 3012 2712 debeant
3055 2674 3312 2723 exorare;
3368 2669 3425 2713 et

1841 2757 1898 2800 ut
1948 2748 2063 2814 ipse
2106 2750 2498 2815 supr-ascriptus
2549 2749 2797 2801 dominus
2826 2747 3207 2805 Willibrordus
3256 2749 3425 2818 ipsam

1840 2839 2126 2893 ecclesiam
2162 2841 2241 2894 vel
2273 2841 2529 2909 quidquid
2579 2842 2772 2895 ibidem
2804 2843 3047 2910 aspicere
3086 2842 3299 2897 videtur
3328 2857 3425 2896 seu

1842 2932 2015 2999 ipsum
2066 2932 2319 2985 telonium
2369 2934 2596 2995 habeat,
2652 2944 2828 2987 teneat
2900 2943 3059 3003 atque
3128 2936 3423 3000 possideat,

1842 3026 2002 3078 dandi
2034 3026 2113 3079 vel
2162 3026 2523 3079 comumtamli
2574 3027 2653 3079 vel
2698 3027 2951 3095 quidquid
3000 3025 3195 3080 exinde
3242 3027 3423 3084 facere

1842 3118 2091 3178 voluerit,
2128 3118 2349 3170 liberam
2383 3126 2435 3171 et
2469 3118 2828 3171 liimissimam
2874 3119 2927 3171 in
2959 3119 3204 3173 omnibus
3232 3120 3428 3174 habeat

1846 3221 2182 3279 potestatem.
2233 3210 2287 3263 Si
2339 3212 2459 3279 quis
2509 3226 2659 3269 vero.
2690 3211 2833 3280 quod
2882 3211 3116 3265 futurum
3149 3226 3268 3267 esse
3315 3228 3420 3266 non

1842 3303 2022 3365 credo,
2052 3301 2307 3355 heredum
2338 3303 2421 3356 vel
2458 3303 2813 3371 proheredum
2863 3318 3127 3365 meorum,
3161 3304 3243 3357 vel
3272 3319 3421 3372 qua:-

1846 3395 1971 3448 libet
2003 3396 2243 3463 opposita
2278 3408 2525 3461 persona,
2556 3404 2740 3448 contra
2774 3394 2909 3448 hanc
2933 3394 3235 3447 donatiOais
3262 3395 3421 3448 char-

1844 3486 2005 3537 tulam
2060 3485 2243 3538 venire
2278 3486 2562 3537 tentavcrit
2610 3494 2665 3537 et
2712 3499 2829 3537 eam
2879 3484 3169 3553 infringere
3196 3495 3423 3539 conatus

1844 3578 2021 3641 fuerit,
2055 3578 2300 3643 primitus
2344 3578 2475 3631 iram
2519 3576 2611 3630 Dei
2652 3576 3040 3644 omnipotentis
3089 3578 3323 3631 incurrat
3370 3585 3426 3630 ct

1839 3679 2139 3723 sanctorum
2164 3668 2496 3736 angelorum,
2519 3678 2571 3722 et
2596 3684 2625 3721 a
2650 3668 2923 3722 liminibus
2946 3668 3195 3721 Ecclesiae
3216 3670 3425 3722 aliene-

1842 3770 1945 3820 tur,
1972 3770 2282 3826 partemque
2317 3758 2507 3811 habeat
2538 3772 2659 3810 cum
2688 3756 2849 3824 Juda,
2881 3766 2936 3811 et
2962 3757 3165 3811 ultione
3196 3756 3422 3811 Amnis:

1841 3860 1893 3903 et
1919 3850 2158 3916 Sapbiraa
2194 3849 2274 3902 vel
2310 3850 2459 3915 lepra
2493 3847 2643 3901 Giezi
2687 3849 3042 3915 percutiatur;
3077 3848 3295 3917 insuper
3341 3851 3425 3903 in-

1842 3944 1972 3997 ferat
2025 3943 2137 3997 lisci
2179 3943 2394 4011 juribus
2438 3942 2553 3995 ami
2602 3942 2765 3995 libras
2793 3941 2952 4007 duas,
3000 3942 3203 4011 argenti
3243 3942 3419 4009 pondo

1839 4039 2098 4106 quinque;
2134 4052 2233 4089 nec
2270 4038 2311 4090 si
2340 4037 2464 4105 quid
2508 4035 2721 4103 repetit,
2761 4036 3065 4091 evintlicare
3097 4034 3291 4102 valeat,
3325 4037 3421 4091 sed

1841 4130 1989 4179 lirma
2020 4136 2073 4180 et
2103 4128 2391 4180 immobilis
2422 4128 2534 4181 iure
2558 4126 2772 4181 donatio
2800 4126 3124 4195 perennibus
3165 4128 3423 4197 tempori-

1840 4218 1938 4271 bus
1969 4227 2303 4283 permaneat,
2331 4214 2672 4285 stipulatione
2704 4218 2950 4269 subnixa.

1910 4312 2100 4361 Actum
2148 4307 2359 4374 publice
2400 4316 2484 4362 est
2531 4308 2631 4361 hoc
2665 4305 2971 4371 Weimodo,
3022 4308 3167 4375 regia
3217 4309 3337 4362 villa
3371 4310 3417 4372 ά,

1840 4417 1961 4453 eum
1996 4402 2118 4455 fecit
2142 4402 2372 4453 October
2410 4400 2525 4455 dies
2566 4400 2775 4469 viginti,
2808 4410 3063 4470 regnante
3084 4402 3422 4457 Thcodorico

1844 4508 1965 4563 rege
1994 4508 2133 4545 anno
2166 4503 2337 4546 sexto.

2544 4582 2723 4638 XVIII.

1844 4680 2224 4733 Testamentum
2251 4678 2579 4731 Willibrordi
2609 4678 2853 4747 episcopi,
2900 4696 2999 4743 quo
3028 4680 3256 4746 plurima
3286 4682 3423 4734 dona

1947 4756 2143 4819 confert
2186 4750 2561 4817 Epternacensi
2591 4751 2898 4803 monasterio
2929 4760 2952 4787 °
2976 4751 3124 4818 (ann.
3158 4750 3313 4819 726).

1914 4864 1967 4916 In
1994 4863 2193 4918 Christi
2229 4863 2464 4917 nomine.
2496 4865 2719 4931 Oportet
2747 4861 3086 4916 Christianos
3114 4862 3255 4917 viain
3283 4862 3425 4917 veri-

1843 4957 1963 5009 tazis
1992 4970 2309 5025 agnoscere,
2345 4970 2440 5021 per
2475 4968 2634 5024 quam
2663 4953 2902 5008 Creatori
2929 4967 3030 5008 suo
3057 4954 3216 5023 digne
3261 4954 3425 5007 ineri-

1848 5110 2193 5162 Wilhbrordo
2224 5110 2322 5162 hic
2350 5110 2533 5161 charta
2562 5109 2817 5162 collatum
2850 5119 3179 5163 memoratur
3209 5110 3259 5161 io
3288 5108 3423 5162 Wil-

1849 5183 2070 5235 lihro.di
2100 5190 2421 5233 testamento
2452 5192 2574 5231 mox
2604 5195 2634 5231 a
2665 5180 2818 5231 nobis
2848 5179 3077 5241 edendo,
3113 5195 3232 5245 pag.
3260 5180 3385 5234 559.

1922 5262 1941 5289 ο
1975 5252 2087 5305 Non
2138 5250 2350 5303 aliunde
2392 5252 2663 5318 cognitum
2709 5252 3090 5302 mouasterimu
3141 5250 3425 5314 Quor-calo-

1848 5326 1993 5387 dom,
2022 5333 2078 5375 ut
2106 5321 2480 5375 animadvertit
2518 5318 2876 5379 Mabillonius,
2905 5322 3100 5374 Annal.
3133 5330 3171 5372 ι.
3206 5322 3269 5386 ll,
3303 5337 3422 5390 pag.

1858 5414 1934 5447 ὁ).

1919 5465 1941 5501 ά
1976 5464 2106 5517 Villa
2137 5464 2275 5529 regia
2302 5460 2635 5526 Weidomus,
2668 5461 2755 5514 ubi
2798 5461 2910 5514 haec
2934 5459 3121 5515 charta
3148 5460 3269 5515 data
3293 5460 3426 5513 dici-

1846 5547 1951 5600 tur,
1983 5550 2044 5588 ex
2076 5537 2177 5589 hoc
2205 5535 2319 5587 solo
2369 5534 2725 5586 instrumento
2758 5540 2879 5583 uota
2906 5544 3009 5595 est,
3040 5543 3099 5585 ut
3139 5533 3332 5585 latetur
3359 5532 3421 5584 ἰ).

1846 5606 2098 5661 (ὶετιιιειίη
2130 5608 2181 5659 in
2209 5605 2466 5671 npusculo
2495 5603 2561 5655 de
2588 5606 2728 5656 villis
2759 5604 2937 5669 regiis,
2973 5604 3112 5669 quod
3146 5602 3343 5654 videsis
3374 5606 3424 5655 in

1847 5694 1991 5745 saepe
2040 5676 2253 5730 laudato
2292 5674 2577 5727 Mabillonii
2624 5688 2807 5740 opere,
2841 5674 2907 5726 de
2940 5674 3018 5727 [te
3061 5673 3424 5741 diplomatica,

1844 5750 1910 5803 ad
1932 5744 2097 5803 linem
2129 5746 2247 5801 libri
2281 5760 2357 5809 tv,
2385 5760 2501 5811 pag.
2534 5745 2657 5798 34:2.
2781 5744 2792 5756 ’

1925 5832 1945 5857 ε
1974 5819 2154 5872 Edidit
2196 5818 2425 5879 Mirams,
2456 5814 2629 5883 Opera
2682 5815 2904 5881 diplom.
2948 5822 2985 5866 t.
3018 5814 3055 5876 l,
3085 5828 3204 5881 pag.
3241 5812 3329 5875 II,
3358 5828 3424 5865 ex

1848 5892 2069 5945 arebivo
2116 5886 2533 5956 Epicrnaceusi;
2582 5900 2828 5941 rccusum
2872 5896 3045 5947 exstat.
3089 5883 3228 5955 apud
3262 5883 3423 5937 Coin-

2960 5975 3037 6035 18
