4168 6528
781 390 878 442 558

1415 380 1802 436 DlI’LUM.-\TA
1847 381 1935 435 AD
1972 380 2026 434 S.
2076 378 2355 432 WlLthlll

2460 377 2608 431 DUM
2655 378 2784 431 Vill.
2826 379 2912 431 Alt
2959 381 3042 433 1·ῖο
3083 380 3420 436 CULIATA.

3959 387 4052 440 556

779 506 845 556 εἰς
878 503 986 557 suis
1023 503 1227 556 servire
1259 500 1488 569 possint,
1541 506 1599 550 ut
1649 497 1852 550 oblatio
1894 496 2356 563 eleetnosynarum
2393 496 2436 552 Λ
2467 491 2674 552 tltinda,
2717 491 2825 544 Deo
2879 503 3086 545 sacrata
3121 495 3339 558 femina,
3394 495 3521 550 mihi
3559 497 3925 562 contloiialtat,
3979 506 4051 554 vel

777 610 962 649 eorum
987 603 1040 647 et
1069 592 1286 646 devotio
1318 590 1601 658 perveniat
1627 590 1689 641 ad
1725 589 1972 652 salutem,
2011 589 2126 654 ipso
2151 602 2362 640 summo

775 685 990 742 dicente
1025 702 1037 737 :
1067 685 1192 737 Date
1227 694 1274 736 ιι
1301 683 1506 734 dabitur
1550 681 1706 745 vobis,
1745 693 1798 734 et
1828 699 1837 731 :
1874 677 2050 731 Facite
2087 679 2363 747 eleentosy-

777 793 916 841 nam,
950 786 996 829 et
1023 791 1138 829 ecce
1168 775 1342 826 omnia
1380 774 1572 825 munda
1603 780 1722 823 sunt
1756 772 1915 824 vobis.
1951 769 2152 822 Idcirco
2179 785 2276 837 ego
2311 770 2359 820 iit

777 873 867 927 Dei
899 871 1116 926 nomine
1162 870 1411 923 Clemens
1446 865 1833 920 Willibrordus
1868 865 2176 933 cpiscopus,
2219 861 2358 929 cogi-

776 973 892 1014 tans
949 975 1132 1014 casum
1192 959 1445 1013 humana:
1493 956 1821 1026 fragilitatis,
1870 954 2103 1023 qualiter
2150 961 2360 1021 peccata

773 1066 889 1107 mea
943 1066 1158 1121 possunt
1205 1051 1444 1114 abluere,
1500 1056 1554 1101 et
1601 1048 1837 1100 donante
1888 1045 2134 1112 Domino,
2179 1044 2244 1098 ad
2290 1059 2362 1096 a3-

772 1157 921 1199 t'erna
951 1145 1143 1216 gaudia
1182 1141 1486 1211 pervenire,
1521 1140 1663 1193 dono
1705 1154 1732 1191 a
1777 1139 1863 1192 die
1895 1136 2165 1205 pt-assenti,
2197 1137 2362 1190 dona-

773 1252 988 1307 tumque
1010 1251 1129 1291 esse
1153 1236 1478 1305 perennibus
1505 1232 1835 1301 temporibus
1863 1230 2004 1294 volo,
2034 1229 2137 1284 hoc
2163 1239 2265 1298 est,
2294 1232 2359 1284 ad

773 1331 1163 1383 monasterium
1193 1329 1571 1392 Epternacum,
1601 1323 1740 1392 quod
1770 1332 1854 1378 est
1885 1331 2249 1376 constructum
2275 1338 2362 1375 stt-

773 1438 864 1489 |.er
893 1423 1051 1474 tluvio
1075 1421 1230 1482 Sura,
1271 1421 1322 1471 in
1358 1435 1492 1488 pago
1540 1417 1790 1479 Brdettsi,
1828 1417 1879 1470 in
1918 1416 2132 1468 nomine
2163 1415 2360 1478 l’attis,

771 1523 821 1564 et
858 1510 1001 1576 Filii,
1036 1520 1091 1565 et
1137 1511 1372 1580 Spiritus
1424 1509 1622 1574 Sancti,
1669 1519 1723 1561 et
1768 1519 2081 1560 sanctorum
2127 1506 2268 1561 l‘etri
2309 1517 2361 1559 et

782 1606 930 1658 l‘auli
978 1604 1365 1672 apostolorum.
1399 1610 1452 1654 et
1502 1600 1674 1653 sancti
1705 1597 1930 1653 Joannis
1972 1597 2231 1666 Baptista:
2277 1596 2359 1649 vel

772 1706 1071 1750 ceterorum
1112 1701 1442 1757 sanctorum,
1477 1690 1565 1744 tibi
1612 1705 1708 1758 ego
1744 1689 1859 1758 ipse
1898 1687 2154 1742 Clemens
2182 1685 2359 1740 Willi-

779 1787 1007 1842 brot'dus
1039 1797 1220 1841 enatos
1249 1785 1329 1840 vel
1357 1786 1684 1854 gubernator
1709 1797 1940 1853 przecsse
1969 1782 2179 1844 videor,
2212 1793 2285 1846 et,
2317 1781 2360 1833 si

771 1882 988 1935 Christo
1019 1880 1212 1948 placet,
1237 1891 1434 1944 corpus
1459 1893 1638 1930 metnn
1671 1876 1864 1927 ibidem
1895 1875 2232 1942 requiescere
2259 1875 2349 1927 de-
2396 1855 2438 1912 Β

773 1977 882 2027 bet.
913 1973 1024 2027 lioc
1050 1969 1300 2038 estquod
1334 1969 1476 2022 dono
1501 1968 1583 2022 vel
1617 1967 1768 2019 trado
1799 1966 1862 2018 ad
1906 1967 2080 2032 ipsum
2112 1974 2354 2018 sanctum

772 2067 947 2118 locum
974 2063 1332 2132 Epternacum
1361 2076 1373 2110 :
1400 2072 1615 2112 omnem
1649 2073 1758 2110 rem
1791 2055 1875 2108 vel
1911 2056 2065 2107 villas
2088 2070 2182 2107 seu
2215 2070 2358 2106 man-

775 2156 933 2224 cipia,
967 2171 1087 2224 qua:
1110 2153 1238 2206 mihi
1263 2151 1478 2220 ingenui
1513 2151 1670 2203 liram
1691 2149 1727 2213 i,
1756 2163 1854 2217 pro
1883 2163 2067 2200 amore
2097 2163 2282 2202 eorum
2306 2157 2360 2200 et

774 2249 970 2312 salute,
1005 2244 1340 2299 tradiderunt
1367 2242 1450 2296 vel
1489 2241 1958 2294 condonaverunt.
1990 2238 2251 2292 Similiter
2289 2239 2355 2291 il-

776 2342 855 2394 las
896 2353 1008 2403 res,
1035 2351 1169 2406 quas
1198 2335 1448 2391 dominus
1482 2331 1701 2402 Pipinus
1733 2331 1861 2384 mihi
1904 2331 2247 2395 condonavit,
2274 2331 2356 2384 vel

766 2431 1058 2499 delegavit,
1113 2445 1205 2481 seu
1248 2437 1490 2480 matrona
1532 2439 1626 2479 sua
1675 2423 1984 2486 Plictrudis,
2043 2423 2159 2476 sive
2214 2422 2356 2476 titius

769 2534 898 2577 suus
944 2519 1195 2574 dominus
1244 2524 1430 2572 noster
1459 2516 1705 2580 Carolus,
1755 2514 1928 2582 major
1954 2515 2182 2580 domus;
2224 2531 2356 2584 quas

767 2629 853 2668 res
887 2613 1030 2682 ipsas
1072 2609 1326 2664 dominus
1356 2607 1599 2671 Carolus,
1633 2617 1688 2659 et
1717 2608 1928 2675 genitor
1967 2606 2213 2674 Pipinus,
2247 2616 2353 2660 tam

771 2719 855 2758 tne
886 2705 1123 2765 vivente,
1154 2717 1312 2770 quam
1342 2701 1411 2754 de
1442 2702 1538 2753 ista
1582 2701 1689 2752 vita
1721 2701 2006 2768 migrante,
2042 2715 2138 2768 pro
2167 2716 2356 2755 eorum

777 2794 1025 2850 mercede
1060 2794 1523 2848 condonaveront.
1563 2790 1627 2843 Et
1652 2791 1769 2844 illas
1810 2790 1943 2844 alias
1987 2805 2074 2845 res
2105 2806 2175 2845 ex
2209 2801 2356 2858 parte

769 2884 1084 2948 denomino,
1135 2885 1217 2938 vel
1270 2883 1516 2937 homines
1541 2881 1631 2951 qui
1678 2878 1808 2935 mihi
1854 2893 1947 2934 eas
1998 2880 2354 2946 tradiderunt,

771 2979 855 3034 vel
881 2977 1287 3048 delegaverant,
1338 2975 1388 3029 id
1441 2984 1547 3041 est,
1593 2983 1652 3027 ut
1682 2973 1796 3028 inec
1827 2976 2088 3044 scriptura
2119 2975 2355 3028 solenni-

773 3084 874 3141 ter,
910 3089 1004 3142 pro
1035 3081 1335 3141 temporum
1379 3071 1541 3134 serie,
1589 3069 1911 3124 conﬁrmare
1941 3068 2156 3124 debeat.
2202 3069 2265 3122 Et
2297 3069 2351 3123 lti

769 3175 894 3218 sunt
941 3164 1186 3218 homines
1245 3161 1552 3216 nominibus
1594 3161 1677 3214 his
1733 3160 1994 3214 n0minati
2028 3178 2040 3211 :
2075 3161 2353 3230 ltobingus

773 3257 904 3311 tnilti
962 3255 1290 3310 condonavit
1340 3255 1426 3309 vel
1483 3252 1705 3308 tradidit
1761 3252 2044 3307 ecclesiam
2095 3251 2350 3320 aliquam,

756 3367 876 3420 qua:
899 3361 980 3404 est
1010 3357 1320 3404 constructa
1355 3348 1408 3402 in
1442 3351 1716 3414 Antverpo
1765 3345 2009 3408 castello,
2057 3358 2219 3412 super
2247 3343 2349 3396 llu-

762 3443 849 3494 vio
893 3441 1109 3508 Scalde,
1161 3441 1213 3495 itt
1273 3455 1408 3510 pago
1461 3439 1812 3500 Renensiutn,
1859 3453 1979 3490 eum
2027 3437 2354 3504 appendiciis

764 3533 898 3596 suis,
935 3534 1087 3586 villas
1129 3532 1504 3585 denominatas
1553 3529 1636 3582 his
1679 3529 2004 3594 nominibus,
2049 3529 2350 3593 Bacwalde,

765 3622 1254 3685 Viuoelincheinte,
1297 3621 1610 3689 Furgalare,
1641 3630 1695 3674 et
1733 3621 1784 3672 in
1819 3620 1933 3686 ipso
1963 3619 2189 3672 castello
2224 3619 2354 3672 Ant-

761 3728 928 3783 vcrpo
954 3714 1170 3767 tertiam
1206 3721 1411 3780 partem
1442 3710 1509 3764 de
1542 3710 1632 3762 illo
1664 3719 1694 3762 t-
1719 3710 1898 3762 toneo.
1935 3709 1993 3762 Et
2030 3709 2352 3763 lleribaldas

763 3805 992 3860 clericus
1024 3804 1154 3856 mihi
1185 3803 1522 3857 condonabat
1553 3812 1605 3855 et
1641 3801 1859 3855 tradidit
1883 3801 2167 3855 ecclesiam
2191 3800 2349 3853 aliam

760 3899 813 3950 itt
842 3912 976 3966 pago
999 3896 1261 3960 Marsum,
1311 3895 1398 3949 ubi
1425 3893 1572 3948 Mosa
1617 3895 1779 3948 intrat
1805 3895 1856 3946 in
1899 3909 2066 3961 mare,
2099 3908 2220 3947 cum
2257 3907 2351 3961 ap-

761 3987 1024 4055 pendiciis
1057 3988 1190 4049 suis,
1233 3993 1290 4040 et
1330 3987 1620 4039 mariseutn
1665 3986 1805 4039 unde
1846 3984 2089 4039 berbiccs
2121 3999 2351 4038 nascun-

765 4091 869 4133 tur.
901 4079 966 4132 Et
1000 4078 1351 4146 Angilbaldus
1375 4078 1505 4131 tnibi
1528 4077 1863 4132 condonabat
1890 4078 1973 4132 vel
2003 4077 2222 4132 tradidit
2255 4078 2349 4132 vil-

761 4175 864 4224 tam
908 4187 1028 4240 qua:
1075 4181 1294 4224 vocatur
1324 4168 1688 4235 Wadradoclt,
1739 4171 1790 4224 in
1842 4184 1976 4240 pago
2026 4169 2345 4237 ’l‘axandro,

757 4280 919 4333 super
946 4264 1169 4318 ﬂumine
1209 4263 1518 4317 Dutltmala.
1554 4262 1622 4316 Et
1645 4263 1954 4316 Ansbaldus
1986 4263 2116 4316 mihi
2147 4263 2348 4318 condo-

760 4360 920 4412 nabat
950 4359 1030 4411 vel
1064 4356 1312 4412 tradebat
1341 4371 1555 4410 omnem
1599 4357 1904 4425 portionem
1950 4370 2101 4409 suam
2136 4357 2190 4409 in
2218 4355 2345 4410 villa

755 4467 876 4518 qua:
905 4459 1131 4502 vocatur
1179 4445 1425 4509 Buslotlt,
1460 4447 1511 4500 in
1554 4462 1690 4516 pago
1718 4446 2051 4501 Taxandrio.
2087 4447 2153 4500 Et
2186 4446 2348 4500 Bere-

2379 3213 2426 3278 C

761 4612 914 4673 tium,
962 4609 1151 4661 Annal.
1199 4618 1236 4660 t.
1273 4605 1357 4670 IV,
1407 4622 1526 4676 pag.
1578 4604 1723 4666 745;
1761 4603 2152 4676 Bertholetum,
2201 4603 2336 4676 ll‘ist.
2371 4613 2420 4671 ι)

757 4679 1017 4733 Luxetub.
1055 4688 1094 4732 t.
1120 4679 1182 4739 ll,
1216 4681 1366 4746 prob.
1407 4674 1524 4744 pag.
1558 4679 1660 4735 3‘5;
1695 4674 2336 4746 Caltnetum.rlrlisttLo-

757 4754 893 4805 tbar.
924 4760 963 4804 t.
1008 4749 1068 4812 ll,
1107 4745 1259 4816 prob.
1298 4749 1401 4801 rol.
1435 4747 1538 4807 9:2;
1573 4745 2162 4816 llontlteitnium,llisr.
2200 4745 2341 4816 Tre-

756 4822 857 4874 vir.
929 4820 1060 4887 dipl.
1096 4815 1133 4872 t.
1180 4819 1218 4882 Ι,
1272 4834 1388 4886 pag.
1425 4817 1547 4879 115,
1601 4820 1688 4885 qui
1740 4815 2130 4883 atttograpltutn
2183 4815 2339 4887 ltujus

755 4893 956 4944 charue
985 4885 1282 4943 etiamnum
1321 4889 1600 4955 Epternaci
1647 4897 1982 4940 asservatum
2027 4885 2241 4938 asserit.
2283 4887 2336 4938 tn

757 4963 858 5014 hoc
887 4961 1239 5014 instrumento
1267 4961 1448 5026 plures
1470 4962 1670 5013 charta:
1695 4960 1960 5010 donorum
1989 4955 2338 5010 Willibrordo

755 5031 1073 5084 collatorum
1121 5039 1524 5093 ||t8.tt0!'8ltllﬂ',
1575 5043 1800 5096 quarum
1863 5028 2118 5090 quasdam
2177 5043 2336 5094 supra

757 5102 1056 5164 retulimus,
1090 5102 1292 5154 scilicet
1363 5099 1556 5169 Pipini,
1593 5115 1712 5167 pag.
1745 5098 1885 5159 298;
1922 5097 2179 5169 Itoliiugi,
2213 5113 2333 5164 pag.

757 5170 862 5222 3t8
888 5180 942 5225 et
964 5171 1102 5233 359;
1134 5172 1406 5234 Ansbaldi,
1433 5168 1560 5240 pag.
1588 5169 1694 5222 2’83
1725 5178 1778 5222 et
1802 5170 1900 5221 21H
1933 5185 1947 5231 ;
1998 5168 2334 5236 Engelberti,

2469 583 2712 636 tradebat
2760 598 2972 636 omnem
3020 589 3322 652 portionem
3365 603 3514 640 suam
3565 591 3614 641 itt
3669 592 3792 644 villa
3844 591 4054 646 lioban-

2467 674 2640 737 scltot,
2675 673 2727 726 in
2763 691 2896 743 pago
2923 675 3258 730 Taxandrio.
3297 682 3354 732 lit
3391 681 3649 734 lletirit-us
3691 685 3818 738 tnilti
3852 687 4054 739 condo.

2468 767 2624 818 nabat
2669 767 2720 818 in
2753 769 2875 821 villa
2909 785 3027 838 qua:
3081 784 3301 824 vocatur
3347 771 3553 840 Pieplo.
3603 776 3666 827 tit
3699 774 4054 846 Engelbertus

2469 857 2596 910 mibi
2640 859 2911 926 quondam
2944 861 3175 914 donabat
3227 864 3307 917 vel
3357 866 3600 918 tradebat
3650 866 3779 920 tnilti
3833 884 4047 924 omnem

2474 951 2771 1018 portionem
2802 965 2951 1005 suam
2989 954 3037 1006 itt
3071 954 3193 1007 villa
3235 971 3352 1023 qua:
3384 967 3604 1011 vocatur
3634 958 3972 1027 Ilinesloten,
4001 965 4049 1018 itt

2468 1057 2601 1110 pago
2631 1042 2958 1096 'l‘axandrio.
3012 1045 3137 1099 Item
3168 1045 3308 1115 quod
3358 1046 3710 1117 Ettgelbertus
3749 1052 3876 1106 tnilti
3924 1067 4050 1106 eon-

2465 1134 2700 1188 donabat
2724 1135 2804 1188 vel
2837 1137 3080 1191 tradebat
3105 1137 3286 1192 villatn
3311 1155 3430 1203 quae
3459 1149 3676 1195 vocatur
3697 1143 3967 1211 Alplteitn,
3998 1148 4047 1199 itt

2468 1231 2582 1299 ipso
2615 1246 2748 1301 pago
2779 1231 3106 1286 Taxandrio.
3153 1233 3281 1288 Item
3313 1235 3616 1290 Ansbaldus
3655 1237 3884 1292 clericus
3923 1241 4048 1294 tnibi

2466 1323 2802 1376 condonabat
2834 1324 2916 1377 vel
2951 1323 3194 1378 tradebat
3223 1325 3401 1378 villam
3429 1341 3551 1395 qua:
3576 1337 3791 1380 vocatur
3818 1329 4038 1394 Diosna,

2467 1413 2517 1465 iti
2553 1427 2684 1481 pago
2713 1413 3044 1479 'l‘axandrio,
3093 1430 3253 1483 Super
3297 1416 3459 1468 tluvio
3491 1417 3708 1486 Digena.
3743 1420 3805 1473 Et
3854 1420 4035 1474 'l'lttet-

2469 1504 2657 1558 baldus
2687 1504 2814 1558 mihi
2843 1505 3183 1560 condonabat
3216 1508 3294 1561 vel
3335 1506 3580 1563 tradebat
3617 1512 3900 1565 ecclesiam
3948 1515 4046 1566 ali-

2467 1613 2626 1666 quam
2651 1614 2768 1667 qua:
2799 1610 2881 1653 est
2914 1600 2964 1653 in
2998 1601 3119 1652 villa
3161 1601 3518 1668 Montnahim,
3549 1619 3666 1674 qua:
3705 1605 3930 1660 Arariile
3963 1625 4052 1659 vo-

2467 1701 2637 1755 catur,
2671 1706 2792 1745 cum
2817 1694 3151 1759 διιμριιάίυἱίε
3183 1696 3312 1749 suis.
3352 1697 3412 1748 tit
3444 1697 3650 1751 illueter
3683 1699 3766 1752 vir
3799 1699 4052 1756 lledenus

2469 1781 2592 1833 mihi
2663 1781 3006 1836 condonabat
3055 1783 3137 1836 vel
3193 1786 3437 1838 tradebat
3477 1801 3690 1840 omnem
3747 1791 4049 1856 portionem

2466 1889 2616 1926 suam
2671 1873 2724 1928 in
2767 1874 2887 1926 villa
2941 1890 3060 1943 qtae
3105 1886 3322 1928 vocatur
3351 1875 3653 1943 Aimistadi,
3687 1893 3850 1948 super
3893 1883 4051 1936 ﬂuvio

2466 1964 2731 2032 Wiellteo,
2766 1967 2818 2019 in
2853 1982 3003 2038 pago.
3031 1967 3417 2037 ’l’uringasnes.
3448 1969 3706 2038 Supetius
3743 1975 4048 2030 nominatas

2464 2057 2546 2110 vel
2580 2057 2812 2125 scriptas
2845 2072 2929 2110 res
2956 2073 3056 2127 egi
3095 2061 3347 2112 Clemens
3380 2059 3758 2115 thlii.rortlus
3789 2065 3945 2118 trado
3975 2076 4052 2118 at-

2464 2161 2567 2214 que
2597 2147 2911 2200 transfundo
2937 2149 3000 2199 ad
3035 2147 3178 2201 illam
3203 2165 3378 2202 tasatu
3411 2149 3505 2204 Dei
3530 2154 3774 2219 superius
3806 2157 4052 2210 nomina-

2465 2248 2573 2291 tam
2614 2239 2994 2306 Epternacutn,
3041 2241 3120 2294 vel
3149 2243 3198 2294 al
3230 2241 3376 2294 illam
3409 2254 3649 2297 sanctam
3673 2253 4050 2317 congregatio-

2463 2346 2583 2385 nem
2617 2331 2841 2386 fratrum
2888 2334 3087 2386 ibidem
3136 2335 3245 2389 Deo
3295 2337 3667 2404 servientium,
3697 2355 3759 2394 ea
3807 2357 3938 2396 vero
3969 2360 4051 2396 ra-

2462 2424 2628 2489 tione,
2658 2433 2714 2478 ut
2735 2423 2994 2494 quidquid
3020 2424 3086 2479 de
3111 2423 3301 2480 iisdem
3327 2427 3489 2482 rebus
3517 2433 3766 2495 superius
3801 2433 4049 2487 nomina-

2467 2519 2534 2570 tis
2560 2517 2737 2571 lacere
2758 2516 3120 2579 decreverint,
3135 2517 3186 2571 in
3211 2519 3460 2573 omnibus
3473 2518 3706 2574 habeant
3729 2532 4047 2589 potestatem

2461 2605 2709 2670 faciendi,
2739 2617 2798 2660 ut
2827 2619 2878 2660 et
2912 2607 3111 2661 ibidem
3137 2609 3282 2663 omni
3312 2620 3552 2678 tempore
3583 2627 3679 2681 pro
3701 2625 3882 2668 nostra
3910 2631 4050 2670 mer-

2459 2699 2616 2765 cede,
2655 2700 2740 2754 vel
2771 2703 2984 2755 seniore
3015 2709 3202 2755 nostro
3237 2699 3432 2756 Carolo
3473 2703 3675 2772 majore
3705 2705 3917 2772 domus,
3952 2724 4048 2763 seu

2458 2804 2644 2843 eorum
2679 2789 2956 2843 hominum
2984 2791 3076 2859 qui
3106 2790 3232 2844 tttilti
3267 2805 3396 2844 suas
3424 2806 3510 2846 res
3541 2793 3896 2861 tradiderunt,
3926 2813 4047 2866 pro-

2461 2881 2644 2935 liciant
2675 2881 2726 2934 in
2755 2882 3078 2950 augmentis.
3111 2881 3176 2934 Et
3203 2881 3332 2936 illud
3365 2883 3565 2947 placuit
3592 2883 3746 2938 nobis
3789 2885 4046 2942 inseren-

2460 2972 2586 3026 dum
2618 2974 2705 3026 :.si
2735 2971 2900 3027 fuerit
2946 2972 3084 3026 ullus
3113 2972 3183 3026 de
3222 2973 3507 3028 heredibus
3539 2976 3618 3028 vel
3657 2977 4046 3046 protteredibus

2460 3066 2617 3125 meis,
2653 3077 2748 3117 seu
2780 3062 3033 3132 qua-libet
3080 3063 3328 3131 opposita
3369 3073 3462 3116 aut
3498 3074 3751 3119 extranea
3785 3084 4042 3134 persona.

2461 3170 2555 3212 seu
2595 3155 2876 3223 judiciaria
2909 3164 3170 3224 potestas,
3219 3171 3339 3224 quae
3383 3169 3571 3210 contra
3614 3159 3712 3213 hoe
3753 3169 4046 3217 testamen-

2461 3261 2570 3304 tum
2597 3250 2674 3304 vel
2701 3249 3045 3303 donationem
3069 3265 3242 3304 meatn
3270 3263 3430 3318 quam
3456 3265 3556 3320 ego
3577 3251 3825 3310 Clemens
3852 3263 3876 3288 ³
3908 3256 4045 3309 Wil-

2458 3342 2730 3394 librordus
2759 3341 3045 3410 episcopus
3067 3355 3196 3395 sana
3229 3350 3408 3396 tuente
3441 3343 3702 3413 plenoque
3730 3348 3964 3402 consilio
3990 3361 4046 3402 et

2456 3430 2745 3482 devotione
2789 3428 2993 3495 integra
3037 3428 3152 3481 lteri
3187 3427 3344 3496 jussi,
3381 3429 3565 3484 venire
3615 3441 3708 3485 aut
3742 3448 3922 3502 agere,
3959 3436 4043 3488 vel

2460 3541 2580 3578 eam
2613 3524 2908 3594 infringere
2941 3526 3190 3592 voluerit,
3222 3535 3296 3591 et,
3321 3527 3366 3580 si
3393 3529 3488 3581 ista
3522 3528 3705 3582 charta
3741 3528 3790 3583 ei
3819 3535 4039 3581 ostensa

2454 3619 2517 3669 ad
2540 3617 2883 3686 relegendum
2904 3617 3062 3672 fuerit
3089 3627 3429 3684 prtesentata,
3452 3633 3510 3672 se
3532 3619 3644 3686 ipse
3671 3619 3869 3674 exinde
3890 3634 4043 3672 com-

2455 3722 2676 3776 pescere
2721 3709 2972 3772 noluerit,
3028 3709 3272 3776 inprimis
3319 3711 3452 3763 iram
3509 3711 3600 3764 Dei
3646 3710 4034 3778 omnipotentis

2455 3798 2694 3854 incurrat
2744 3811 2796 3854 et
2847 3810 3155 3854 sanctorum
3201 3801 3533 3870 angelouun,
3586 3812 3639 3856 et
3686 3803 3755 3856 ab
3787 3803 4038 3856 omnibus

2454 3891 2720 3953 ecclesiis,
2755 3890 2839 3945 vel
2868 3891 3143 3945 consortio
3171 3890 3596 3945 Christianorum
3640 3891 3906 3947 et‘ticiatur
3939 3908 4040 3947 ex-

2457 3997 2698 4053 traneus,
2745 3998 2794 4042 et
2822 3988 3016 4041 habeat
3043 3999 3248 4055 partem
3290 4001 3408 4040 cum
3438 3987 3573 4042 Juda
3620 3988 3710 4058 qui
3755 3988 4040 4042 Dominum

2456 4081 2697 4143 tradidit,
2729 4090 2784 4135 et
2829 4094 2952 4134 cum
3003 4079 3212 4132 Datltan
3243 4089 3297 4132 et
3329 4081 3528 4134 Abiron
3559 4096 3692 4150 quos
3721 4091 3862 4135 terra
3891 4080 4040 4134 vivos

2453 4173 2774 4243 deglutivit;
2819 4181 2874 4227 et
2923 4171 3142 4238 insuper
3177 4169 3372 4224 inferat
3410 4186 3531 4224 cum
3581 4171 3729 4224 socio
3763 4171 3895 4224 tis-co
3921 4172 4038 4225 auri

2453 4266 2614 4320 libras
2653 4265 2868 4327 decem,
2918 4262 3126 4330 argenti
3159 4263 3339 4331 pondo
3387 4263 3768 4332 quinquaginta
3814 4271 4039 4318 coactus

2451 4359 2713 4422 exsolvat,
2772 4366 2827 4411 et
2880 4355 3022 4425 quod
3069 4353 3264 4423 repetit
3317 4353 3626 4408 «vindicare
3673 4368 3778 4408 non
3837 4353 4036 4409 valeat.

2452 4453 2639 4506 Actum
2665 4461 2808 4502 anno
2835 4463 2884 4500 vt
2913 4454 3174 4517 regnante
3211 4445 3552 4501 Theoderico
3585 4460 3733 4516 rege.

2452 4601 2558 4655 ‘280
2589 4610 2641 4654 et
2662 4597 2790 4660 295,
2821 4606 2874 4650 et
2908 4595 3130 4657 lledeni,
3166 4609 3285 4662 pag.
3311 4591 3416 4648 263
3446 4602 3498 4648 et
3537 4591 3676 4656 508;
3710 4593 4037 4662 Angilbaldi,

2451 4688 2568 4739 pag.
2618 4669 2763 4735 9.65;
2817 4669 3164 4727 Bertilendte,
3201 4681 3318 4733 pag.
3369 4665 3519 4727 284;
3563 4665 3738 4718 Caroli
3787 4664 4037 4739 Martelli,

2449 4733 2563 4810 pag.
2621 4733 2825 4794 Suet
2866 4739 3012 4803 5H;
3067 4743 3389 4790 caeterorum
3432 4749 3536 4790 non
3582 4743 3796 4790 exstant
3836 4733 4038 4788 instru-

2445 4823 2646 4867 menta.

2538 4895 2562 4917 ι·
2586 4881 2878 4936 Clementis
2915 4895 3210 4949 cognomen
3235 4874 3586 4949 Willibrordo
3612 4873 3836 4949 inditum
3864 4873 3964 4927 t’nit
4006 4890 4037 4929 a

2443 4957 2630 5017 Sergio
2656 4968 2788 5020 papa
2824 4950 2862 5014 Ι,
2905 4947 3026 5005 cum
3061 4953 3232 5020 ipsum
3267 4948 3542 5003 ordinaret
3568 4947 4034 5020 archiepiscomttn

2444 5027 2508 5077 ad
2542 5017 2831 5078 Frisiorum
2864 5017 3450 5090 getttetn'mittendum,
3487 5028 3542 5070 ut
3584 5017 4036 5090 testatttr_\tabi_l-

2446 5097 2644 5156 Ionius,
2695 5094 2746 5146 in
2805 5086 2951 5146 Actis
2998 5102 3307 5147 sanctorum
3357 5091 3533 5145 orttitt.
3589 5086 3762 5141 sancti
3805 5086 4034 5152 Bened.,

2448 5177 2490 5218 t.
2529 5166 2614 5228 lll,
2650 5180 2768 5233 pag.
2796 5163 2922 5218 565.
