4168 6540
186 445 289 498 5ῖῦ

945 443 1216 498 ΝΟΤΙΤΙΑ
1263 440 1621 495 IllS'l'UlillJA
1669 440 1729 491 IN
1765 442 1819 493 S.
1864 438 2274 492 CitECUlllCM
2321 439 2544 492 l‘.\l’.\.\l
2592 441 2674 492 ΙΙΙ.

3361 442 3464 497 57$

251 571 273 594 “
321 561 489 627 llujus
530 564 860 630 tctupottbus
889 561 1244 614 Galliensiutu
1273 568 1510 611 castrum
1543 573 1766 623 recupe-
1802 572 1842 626 λ
1874 557 1989 623 ejus
2020 553 2327 615 Ccnitricis,
2359 572 2666 608 sanctorum
2697 559 3082 624 apostolorum,
3115 556 3195 609 νει
3221 557 3461 610 omnium

182 663 356 704 ratum
401 662 504 718 cst,
551 667 645 720 pro
675 668 784 721 quo
816 653 1060 718 quotidie
1100 651 1508 718 expugnabalur
1549 649 1774 700 ducatus

184 747 460 797 lltnuanus
511 761 539 796 a
587 745 782 798 ducatu
832 746 1133 812 Spoletino,
1184 745 1318 796 dans
1370 743 1621 811 pecunias
1671 758 1771 794 non

179 852 372 902 parvas
403 835 764 890 Trasituuntlo
795 839 915 890 duci
958 853 1175 900 eorum,
1221 847 1277 887 ut
1319 845 1595 888 cesmrenl
1638 835 1773 888 bella

176 939 229 982 ct
260 932 609 997 quzuslioners,
646 930 660 960 ¹
695 933 866 998 potuit
907 945 1067 982 causa
1110 928 1284 992 linire,
1330 938 1383 982 et
1428 929 1475 980 i:i
1519 943 1776 993 compage

175 1029 378 1074 Sancta!
412 1021 746 1088 reipublicm,
792 1031 951 1089 atque
997 1026 1046 1073 in
1092 1035 1318 1087 corpore
1349 1019 1561 1073 Christo
1594 1019 1772 1071 dilecti

176 1115 457 1166 exercitus
487 1114 712 1166 Romani
745 1113 955 1166 annecti
987 1129 1128 1178 prasc
1169 1114 1262 1180 pit.

251 1203 351 1256 llic
396 1203 520 1256 fecit
561 1213 738 1258 vestes
772 1203 839 1258 de
869 1206 888 1234 ‘
921 1203 1072 1257 altari
1117 1205 1166 1256 in
1211 1204 1438 1257 ecclesia
1483 1202 1777 1258 Salvatoris

183 1294 273 1348 Dci
299 1294 617 1360 Gcnitricis,
639 1305 947 1348 sanctorum
973 1297 1337 1364 apostolorum
1365 1295 1504 1349 l’etri
1531 1304 1581 1348 cl
1608 1294 1773 1356 l’au-i,

178 1397 341 1454 atque
376 1388 648 1452 'Audrete,
682 1389 701 1418 ³
733 1398 786 1442 et
815 1399 1130 1442 ctnterorum
1164 1391 1213 1441 in
1249 1390 1476 1443 diversis
1508 1389 1773 1442 ccclesiis.

181 1477 315 1531 Nam
348 1490 404 1533 et
435 1481 485 1532 iti
517 1481 1065 1534 Centumcellensium
1096 1481 1315 1534 civitate
1357 1497 1540 1534 muros
1575 1481 1781 1533 dirutos

182 1585 318 1636 pene
348 1587 375 1623 a
405 1571 767 1625 fundamentis
795 1571 1087 1625 fortissime
1114 1572 1352 1625 construi
1378 1572 1520 1634 fecit,
1549 1569 1574 1608 δ
1600 1580 1652 1624 ct
1680 1572 1779 1624 hoc

178 1663 501 1716 constituit‘
525 1673 600 1728 ut,
630 1665 923 1719 secundum
947 1667 1297 1719 constitutum
1323 1665 1465 1734 quod
1496 1679 1525 1717 a
1550 1666 1780 1732 collegio

178 1755 519 1810 sacerdotum
545 1757 564 1786 '
585 1772 768 1810 coram
794 1772 948 1811 sacro
979 1773 1203 1826 corpore
1233 1757 1374 1812 beati
1407 1757 1550 1811 Petri
1580 1757 1776 1810 luctum

181 1858 297 1911 est,
329 1865 426 1915 pro
457 1851 799 1904 celebrandis
826 1850 1104 1904 soletnuiis
1135 1850 1429 1918 vigiliarum
1463 1858 1623 1915 atque
1654 1850 1781 1900 tuis-

179 1953 359 1992 sarum
390 1940 589 1994 Christi
625 1941 834 1994 Domini
876 1945 1045 1995 nostri
1087 1942 1214 1996 .Icsu
1247 1943 1441 1995 Christi
1474 1950 1776 2008 sanctasque
1811 1933 1856 1990 Β

1879 653 2184 697 sanctorum
2219 656 2546 714 martyrum,
2586 663 2646 698 ac
2676 649 3042 700 coiilessorum
3079 647 3466 711 perfectorutu-

1877 750 1980 802 que
2005 738 2271 803 justorutu
2306 739 2356 789 iit
2389 747 2500 790 toto
2530 737 2659 790 orbc
2684 748 2949 791 terrarqu
2984 737 3462 806 requiescentium,

1882 839 1932 879 ut
1961 828 2010 880 in
2035 828 2271 879 oratorio
2297 829 2494 880 nomini
2520 844 2705 880 eorum
2731 829 2993 891 dedicato,
3024 831 3159 881 intra
3182 829 3465 882 ecclesiam

1882 920 2018 971 Irculi
2064 919 2204 972 Petri
2246 923 2470 982 apostoli
2516 922 2614 973 sub
2644 936 2772 974 arcu
2816 922 3152 989 principalia
3185 924 3466 975 monachis

1882 1014 2069 1078 vigiliae
2099 1013 2523 1075 celebrarentur,
2551 1024 2601 1064 cl
2623 1031 2652 1066 a
2684 1013 3010 1082 presbyteris
3036 1014 3466 1068 hebdomadariis

1881 1108 2162 1160 missartnn
2206 1107 2498 1168 Soictnnia;
2537 1116 2558 1143 ο
2596 1107 2889 1174 iisdemque
2923 1107 3175 1159 institutis
3204 1106 3467 1176 disposuit

1882 1209 1933 1250 Ill
1982 1200 2030 1251 in
2063 1200 2385 1260 C(Btttctet'iis
2418 1201 2829 1265 circumquaque
2861 1199 3048 1267 positis
3081 1200 3261 1250 ltotnar
3295 1197 3346 1250 itt
3380 1197 3465 1250 die

1883 1293 2254 1345 Nilalitiorttttt
2286 1306 2472 1344 eorum
2510 1291 2791 1343 lttm'naria
2822 1292 2884 1342 ad
2919 1292 3126 1359 vigilias
3169 1290 3463 1351 faciendas.

1882 1396 1932 1436 ct
1978 1381 2274 1435 oblationes
2307 1382 2374 1434 dc
2424 1381 2744 1449 patriarcliio
2787 1397 2878 1447 per
2923 1380 3332 1434 oblationarium
3376 1379 3467 1433 de-

1884 1485 2225 1544 portarentur
2254 1476 2318 1527 ad
2351 1474 2700 1528 celebrandas
2747 1477 2958 1537 missas,
3004 1488 3095 1538 per
3123 1489 3283 1541 quem
3331 1487 3468 1538 pra-

1883 1571 2070 1622 viderit
2098 1569 2356 1635 pontifex,
2381 1568 2467 1633 qui
2490 1583 2585 1636 pro
2610 1580 2848 1633 tempore
2874 1565 3049 1623 fuerit.
3073 1565 3091 1592 ⁸
3109 1579 3248 1619 sacet
3263 1565 3464 1618 dotem.

1955 1662 2048 1714 llic
2096 1660 2221 1712 fecit
2261 1658 2626 1711 ordinationes
2671 1669 2780 1710 tres
2827 1672 2920 1723 per
2961 1670 3201 1709 mensem
3245 1654 3470 1708 Decem-

1885 1757 2061 1822 brem,
2106 1754 2447 1824 presbyteros
2480 1750 2660 1820 viginti
2700 1759 2947 1818 quatuor,
2978 1749 3229 1802 diaconos
3264 1757 3410 1810 tres,
3440 1745 3465 1782 α

1883 1852 2163 1918 episcopos
2211 1863 2302 1915 per
2343 1846 2551 1899 diversa
2598 1845 2710 1896 loca
2760 1856 2985 1895 numero
3024 1839 3348 1909 oetuaginla,
3379 1836 3468 1907 qui

1417 2031 1455 2083 Υ
1471 2031 1810 2084 AlllANTES
1851 2024 2134 2082 LlitlTlON
2147 2023 2248 2076 ES.

255 2124 271 2154 ¹
315 2124 398 2176 Al.
432 2134 478 2176 et
509 2123 668 2190 potuit
699 2140 904 2176 causam
934 2124 1101 2191 /inire.

253 2195 272 2223 ²
316 2196 451 2250 Cod.
480 2196 629 2255 Luc,
656 2198 722 2245 ad
749 2197 936 2245 altaria
959 2196 1012 2246 iu
1039 2195 1259 2246 ecclesiis
1281 2197 1442 2247 sancti
1465 2195 1773 2257 Salvatoris;

184 2265 276 2327 ab,
304 2265 459 2316 altari
489 2266 539 2316 in
566 2265 773 2316 ecclesia
801 2275 991 2317 sancta:
1019 2264 1113 2317 Dei
1142 2265 1432 2331 Genitricis,
1457 2278 1770 2320 sanctorum.

256 2335 276 2364 ³
315 2334 426 2400 AL,
461 2345 508 2388 et
539 2344 720 2388 actem
749 2335 800 2388 in
831 2337 1039 2388 diversis
1064 2337 1308 2389 ecclesiis.

1955 2121 1974 2147 ⁵
2019 2120 2121 2182 AL,
2140 2128 2192 2169 ut
2211 2127 2408 2170 serrata
2427 2123 2542 2165 sunt
2559 2114 2832 2166 secundum
2847 2112 3177 2163 constitutum
3191 2111 3347 2180 quod,
3363 2123 3463 2165 etc.

1955 2193 1974 2221 ⁵
2017 2193 2122 2250 AL,
2158 2191 2218 2240 tle
2248 2206 2390 2239 sacro
2422 2201 2648 2248 corpore,
2683 2194 2786 2235 etc.

1956 2263 1975 2293 ⁶
2018 2263 2069 2314 In
2101 2264 2196 2323 al.,
2227 2259 2548 2316 sacerdotes;
2592 2269 2644 2307 et
2674 2255 2867 2308 desont
2895 2267 3121 2318 caetera,
3153 2255 3245 2308 scd
3285 2255 3463 2306 statim

1884 2341 2222 2389 cootmuatur
2254 2331 2356 2382 vita
2388 2327 2714 2380 Zaccbariae.

1509 2424 1871 2482 VARIORUM
1912 2421 2145 2478 ΝυΤᾸί.

186 2523 351 2588 repit;
380 2521 704 2573 considerare
733 2522 885 2574 etiam
916 2537 976 2573 ac
1008 2520 1288 2574 describere
1317 2530 1461 2574 natos
1493 2535 1659 2572 mares
1680 2522 1769 2589 ju-

187 2599 326 2653 bens,
356 2602 408 2642 ut
440 2589 649 2644 Pharao
674 2595 929 2658 quondam
956 2607 1040 2644 eos
1064 2592 1150 2657 qui
1177 2602 1318 2644 erant
1345 2608 1407 2644 ea:
1433 2590 1685 2643 Hebreis.
1705 2619 1774 2630 -

184 2664 545 2731 Quamobrem
600 2664 888 2725 Imperium
940 2677 1077 2714 novo
1129 2663 1230 2716 hoc
1279 2664 1556 2716 Pharaone
1606 2663 1774 2730 impe-

187 2745 336 2788 rante
363 2733 631 2785 terribiles
655 2748 804 2796 teque
828 2734 1004 2800 plagas
1032 2741 1113 2785 est
1144 2747 1358 2798 passum
1384 2747 1448 2786 ac
1475 2732 1642 2786 veteri
1674 2733 1773 2784 sub

189 2807 468 2858 Pharaone
497 2802 626 2855 olim
666 2802 929 2870 A‘Lgyptus
960 2804 1152 2854 alllict-t
1186 2812 1319 2854 erat.
1367 2801 1421 2854 In
1455 2804 1581 2855 illud
1613 2802 1774 2855 Sara-

185 2877 302 2931 ceni
353 2877 712 2939 irrumpentes
755 2873 1054 2940 provincias
1093 2873 1526 2926 devastavertmt.
1578 2872 1771 2926 Fames

188 2947 418 3001 subinde
448 2959 510 2997 ac
553 2944 716 3008 pestis
746 2958 927 2996 earum
961 2945 1347 2998 desitlationem
1383 2947 1722 3009 perlecernnt
1757 2961 1767 2994 :

185 3029 346 3086 atque
385 3016 457 3067 ob
499 3013 817 3086 czilatititatis
865 3015 1255 3086 incrementum
1299 3014 1538 3086 horribtli
1583 3025 1770 3067 terra:-

189 3083 335 3139 tnotu
371 3085 655 3153 praecipua:
698 3083 840 3136 illius
871 3084 1030 3137 urbes
1061 3087 1332 3138 subversae
1377 3085 1660 3153 plerosque
1692 3086 1771 3136 in-

187 3161 335 3210 colas
376 3155 660 3210 ruderibus
687 3153 1069 3207 coutriveruut.
1113 3156 1375 3209 Ctetcrum
1415 3155 1554 3222 quod
1602 3155 1771 3208 malo-

1955 2529 1975 2553 ε
2022 2514 2308 2577 Iisdemque
2345 2513 2632 2565 constitutis
2672 2511 2956 2577 disposuit,
2996 2521 3050 2563 ut
3091 2511 3144 2563 iu
3176 2513 3466 2564 ccemeteri-"s

1879 2588 2271 2654 circumquaque
2300 2584 2478 2651 positis
2512 2583 2689 2635 Roma:
2719 2583 2771 2633 in
2803 2582 2882 2633 die
2908 2582 3254 2654 natalitiorum
3286 2598 3462 2654 eorum

1879 2652 2156 2710 luminaria
2184 2657 2248 2707 ad
2289 2656 2489 2723 vigilias
2531 2654 2818 2715 faciendas,
2852 2661 2904 2703 et
2937 2653 3220 2705 oblationes
3251 2654 3315 2704 de
3360 2652 3462 2705 Pn-

1880 2728 2123 2780 triarcltio
2155 2741 2241 2794 per
2270 2726 2659 2776 obtationarinm
2689 2724 3078 2794 deportarentur
3107 2726 3174 2775 ad
3199 2726 3457 2776 celebran-

1881 2800 1975 2852 das
2023 2798 2229 2855 missas.
2273 2810 2360 2860 per
2401 2810 2550 2862 quem
2597 2793 2881 2861 pra’viderit
2927 2795 3183 2861 pontifex,
3235 2797 3324 2861 qui
3373 2813 3466 2861 pro

1880 2879 2103 2937 tempore
2143 2869 2316 2935 fuerit,
2350 2867 2680 2918 sacerdotem.
2725 2865 2965 2937 Gregorii
3005 2863 3072 2918 ΙΙΙ
3115 2867 3460 2918 constitutum

1877 2950 1960 2994 est
1983 2934 2043 2991 ut
2076 2934 2242 2990 indie
2273 2937 2523 2989 natalium
2557 2934 2921 3005 apostolorum
2953 2942 3007 2987 ct
3047 2948 3371 3005 martyrum,
3407 2937 3457 2988 in

1877 3008 2206 3064 caameteriis
2257 3007 2541 3060 luminaria
2593 3003 2658 3058 ad
2716 3004 2922 3072 vigilias
2971 3003 3354 3069 celebrandas,
3406 3018 3461 3060 et

1877 3081 2197 3141 oblationes,
2241 3077 2289 3130 id
2329 3085 2436 3140 est,
2479 3077 2631 3140 panis
2661 3084 2716 3127 et
2744 3076 2958 3137 vinum,
2990 3077 3055 3127 ad
3091 3077 3282 3130 missas
3312 3078 3463 3132 cele-

1881 3151 2132 3213 brandas,
2165 3158 2219 3201 et
2251 3147 2574 3213 patriarcbio
2605 3145 2951 3198 Lateranensi
2985 3147 3336 3212 deportentur
3367 3164 3462 3214 per

189 3244 306 3282 rum
338 3227 589 3299 omnium
615 3224 904 3299 pessimum
935 3226 1019 3299 hic
1047 3225 1240 3278 divina:
1269 3227 1360 3278 ira:
1391 3218 1642 3299 manceps
1672 3226 1769 3277 im-
1801 3237 1844 3299 ρ
1879 3219 2288 3299 oblationarium
2308 3257 2322 3280 .
2357 3219 2495 3299 quod
2527 3227 2650 3299 ante
2688 3227 3030 3299 constitutum
3069 3232 3098 3269 a
3127 3218 3332 3299 Joanne
3365 3219 3424 3271 Ill
3445 3259 3460 3281 ,

191 3307 411 3366 perator
438 3295 664 3366 subditis
698 3295 1041 3366 importavil,
1059 3309 1430 3349 successorem
1463 3296 1526 3348 iis
1557 3297 1772 3364 reliquit

190 3365 358 3422 lilium
388 3380 542 3420 suum
572 3365 975 3436 Constantntun
1005 3365 1439 3436 Copronymum,
1473 3371 1562 3433 qui
1593 3378 1646 3420 et
1679 3370 1777 3420 itit-

191 3441 390 3507 pietate
419 3447 474 3491 et
501 3435 646 3489 omni
676 3438 938 3490 scelerum
967 3450 1164 3506 genere
1191 3435 1398 3506 parenti
1437 3437 1596 3506 longe
1627 3446 1776 3491 ante-

188 3509 391 3564 celluit.
421 3508 686 3561 Soumea.

264 3590 291 3615 ι
334 3577 510 3647 Hujus
550 3577 856 3642 temporibus
884 3576 1220 3631 Galliensium
1251 3586 1476 3630 castrum
1510 3593 1775 3643 recupera-

188 3663 296 3701 tum
327 3660 432 3714 est,
472 3664 563 3716 pro
593 3665 692 3715 quo
722 3650 947 3710 quotidie
987 3649 1376 3716 eapugnabatur
1412 3651 1629 3700 ducatus
1673 3649 1776 3700 llo-

190 3737 376 3772 ntanus
405 3735 436 3770 a
474 3719 662 3768 ducatu
695 3719 980 3786 Spoletina,
1013 3720 1141 3770 dans
1173 3721 1410 3786 pecunias
1441 3735 1539 3769 non
1570 3734 1771 3786 parvas.

190 3793 459 3856 'l'etnpore
491 3789 965 3856 l.0ngob:trtlorum
1004 3789 1147 3840 Italia
1181 3790 1348 3841 divisa
1381 3799 1495 3842 erat
1529 3790 1578 3840 in
1617 3791 1778 3840 duca—

193 3872 278 3914 tus
313 3877 324 3911 :
360 3861 583 3928 singula:
626 3859 908 3925 provincia:
940 3861 1164 3912 ducatus
1195 3859 1532 3918 dieebantur,
1563 3869 1640 3928 fut
1679 3860 1777 3910 dti-

190 3942 342 3983 tzatus
378 3927 668 3991 lteitiiaittts,
693 3929 916 3983 ducatus
945 3930 1274 3995 Spoletinus,
1303 3931 1526 3981 ducatus
1559 3927 1777 3997 Foroju-

193 4003 402 4054 liensis.
426 4000 572 4051 Paul.
599 3997 918 4057 Varttcl'ritl..
943 4000 1008 4052 de
1031 4000 1176 4052 (ἐι-δι.
1207 3999 1567 4066 Longobard.,
1591 3998 1683 4050 lib.
1706 4016 1774 4058 tv.

192 4089 312 4134 cap.
341 4068 412 4125 52
442 4089 453 4121 ;
488 4067 767 4138 Circaibn‘c
788 4078 1013 4138 tempora
1036 4081 1236 4121 mortuo
1262 4065 1398 4138 apud
1431 4065 1624 4119 Forum
1651 4067 1780 4120 Julii

194 4154 224 4191 t.
244 4143 446 4205 rasutl'o
477 4145 603 4191 duce
633 4137 1014 4206 Forojulteusi,
1053 4142 1290 4192 ducatum
1322 4137 1474 4204 llago
1505 4141 1778 4206 regendum

193 4213 436 4278 suscepit.
465 4209 618 4278 Apud
643 4211 906 4278 Spoletina
933 4226 1125 4277 quoque
1156 4209 1516 4272 Tlieuldelupis
1541 4209 1798 4275 defuncto,

195 4284 312 4334 Atto
345 4282 504 4333 eidem
543 4280 732 4332 civitltti
770 4284 947 4332 ductor
989 4281 1218 4347 efficitur.
1253 4280 1350 4332 Per
1383 4284 1494 4331 hinc
1541 4291 1777 4346 tempora

197 4353 339 4406 Ditio
385 4351 622 4404 Romana
669 4350 834 4402 multa
881 4365 1033 4416 paesti
1083 4361 1163 4403 est
1210 4364 1240 4402 a
1289 4349 1614 4415 Luitprando
1654 4364 1779 4416 rege

197 4423 696 4492 Longobardorutu,
730 4421 800 4473 ob
825 4434 1040 4473 causam
1071 4420 1432 4481 'l‘rasimundi,
1457 4419 1618 4492 Aducis
1644 4420 1780 4487 Spo-

194 4489 395 4555 letatii,
427 4492 518 4559 qui
559 4491 780 4543 Romam
809 4505 932 4558 rege
965 4503 1316 4560 persequente
1345 4489 1688 4556 confugerat,
1729 4500 1781 4543 ct

196 4582 226 4618 a
283 4567 478 4616 dueum
532 4561 770 4614 ltomano
819 4562 1096 4615 obsidione
1142 4562 1332 4614 ablata:
1383 4570 1508 4614 sunt
1553 4571 1780 4628 quatuor

199 4635 393 4698 nrbes,
440 4631 679 4693 Ameria,
726 4630 944 4694 Ilortas,
995 4632 1357 4685 Politnartiutn
1397 4641 1450 4685 et
1491 4632 1675 4697 Blera,
1716 4633 1780 4684 de

198 4719 308 4774 quo
337 4706 586 4774 Amastris.
619 4701 670 4754 in
701 4699 921 4774 Zacbar.
954 4701 1296 4774 Annianus.

271 4773 298 4811 δ
342 4772 410 4827 Et
448 4772 542 4826 hoc
571 4772 829 4824 constituit
868 4781 954 4836 ut,
991 4773 1264 4827 secundum
1294 4775 1620 4826 constitutum
1649 4772 1783 4840 quod

197 4864 229 4899 a
259 4846 476 4917 collegio
504 4844 827 4917 sacerdotum
856 4857 1029 4917 coram
1054 4859 1204 4895 sacro
1229 4858 1453 4917 corpore;
1480 4842 1610 4895 beati
1640 4841 1784 4895 Petri

200 4913 409 4986 factum
431 4926 500 4967 est
517 4953 544 4986 ,_
569 4928 667 4986 pro;
689 4913 1001 4986 celebrandis
1028 4914 1283 4986 salentniis
1306 4913 1608 4986 vigiliarum
1636 4925 1785 4980 atque

202 4984 476 5041 missarum
519 4984 726 5036 Domini
765 4985 926 5037 nostri
961 4987 1084 5037 Iesu
1123 4984 1313 5037 Christi
1350 4995 1639 5052 sancteque
1678 4987 1784 5053 ejus

200 5059 497 5118 Genitricis,
520 5065 812 5108 sanctorum
833 5056 1204 5116 apostolorum,
1229 5056 1304 5108 vel
1334 5057 1559 5107 onmium
1585 5072 1784 5107 sancto-

203 5146 320 5182 rum
350 5138 633 5196 martyrum
664 5142 724 5177 ac
751 5127 1091 5192 confessortmt
1113 5169 1126 5188 ,
1160 5128 1595 5196 perfectorumque
1613 5127 1784 5195 justo-

206 5216 320 5252 rum
347 5207 450 5252 toto
480 5200 532 5249 in
561 5197 678 5248 orbe
704 5205 951 5248 tetrarum
982 5198 1419 5263 rcquiescentium,
1449 5208 1501 5248 ut
1532 5197 1584 5248 in
1616 5209 1783 5246 orato-

205 5272 281 5323 iio
311 5269 504 5322 nomini
531 5283 704 5319 eorum
733 5267 986 5328 dedicato,
1026 5270 1162 5318 intra
1193 5267 1456 5319 ecclesiam
1486 5269 1614 5320 beati
1643 5264 1784 5318 I’etii

205 5339 426 5407 apostoli
455 5338 546 5391 sub
569 5353 692 5390 arcu
721 5339 990 5405 principali
1012 5354 1042 5388 a
1070 5336 1332 5390 :llouacliis
1357 5339 1542 5406 vigilia:
1563 5339 1784 5390 celebra-

205 5423 402 5469 rentur,
450 5419 495 5461 et
533 5425 565 5460 a
605 5408 906 5476 presbyteris
943 5407 1350 5461 hebdomadariis
1387 5409 1659 5460 missarum
1699 5425 1785 5462 so-

209 5483 417 5535 lemnia.
449 5480 808 5533 Constitutum
838 5477 939 5532 hoc
966 5479 1204 5532 continet
1230 5483 1336 5532 duo
1362 5481 1554 5545 capita.
1590 5477 1783 5542 linmn,

212 5563 268 5606 ut
289 5551 487 5621 vigilia:
512 5557 820 5602 sanctorum
849 5549 1237 5621 apostolorum,
1265 5561 1556 5621 martyrum
1581 5560 1633 5603 et
1658 5564 1786 5604 coo-

211 5619 474 5678 lessorttm
524 5629 640 5676 toto
685 5622 815 5673 orbe
865 5619 1250 5688 quiescentium
1305 5620 1704 5676 celebrarentur
1757 5636 1785 5672 a

211 5692 538 5761 presbyteris
586 5689 1034 5744 liebdontatlariis.
1087 5690 1140 5743 lu
1187 5690 1411 5743 eet-lesia
1462 5692 1599 5743 beati
1645 5692 1784 5743 l’etri

207 5760 360 5818 erant
393 5762 691 5831 presbyteri
723 5760 1144 5825 belntomadarii,
1179 5762 1266 5826 qtti
1302 5777 1393 5826 per
1427 5763 1785 5814 hebdomadas

209 5841 396 5888 missas
425 5833 770 5886 celebrabant
804 5849 815 5883 :
849 5833 914 5886 de
941 5836 1131 5899 quibus
1178 5836 1422 5886 Anastas.
1471 5833 1522 5886 in
1567 5833 1782 5893 lttlario,

205 5909 289 5960 tibi
322 5904 451 5960 dixi.
491 5905 825 5957 At.1‘.isr.ntt.t.

1812 4597 1860 4656 D

1881 3305 1936 3345 ut
1966 3292 2304 3345 observatum
2336 3298 2422 3342 est
2443 3304 2506 3341 ex
2543 3292 2788 3341 Anastas.
2825 3291 2875 3338 itt
2903 3287 3125 3340 Joanne.
3157 3290 3463 3342 Oblattona-

1881 3365 1989 3415 tius
2017 3371 2099 3416 cst
2127 3360 2503 3420 subdiaconus,
2536 3360 2623 3426 qui
2657 3358 2972 3422 oblationes,
3008 3358 3057 3411 id
3089 3368 3174 3412 est
3238 3375 3460 3425 panem,

1879 3435 2060 3487 vinum
2109 3433 2432 3484 destinatum
2482 3431 2747 3481 sacriiicio
2796 3427 3006 3492 missze,
3059 3430 3385 3496 suscipiebat
3434 3448 3464 3482 e

1877 3519 2037 3557 manu
2082 3499 2368 3568 pontilicis,
2417 3509 2470 3554 et
2510 3501 2703 3552 deinde
2746 3513 2869 3551 eum
2912 3500 3152 3551 tradebat
3192 3501 3461 3554 archidiao

1877 3589 2032 3627 cono.
2085 3571 2228 3624 Urdo
2277 3571 2547 3623 ltomanus
2597 3571 2663 3623 de
2713 3569 2856 3622 oltic.
2910 3571 3130 3622 missas:
3169 3572 3460 3624 tib/aliane;

1877 3655 2042 3695 autem
2085 3659 2116 3694 a
2161 3641 2414 3707 Ponti/ire
2457 3643 2662 3707 suscipit
2712 3640 3102 3704 Snbn‘iaconus,
3142 3650 3189 3694 et
3230 3644 3369 3709 ponit
3412 3648 3464 3694 in

1877 3716 2141 3766 sindOnem
2179 3715 2266 3780 qui
2305 3729 2416 3763 eum
2456 3714 2702 3779 sequitur,
2736 3727 2888 3779 quam
2921 3720 3084 3762 tenent
3126 3716 3228 3764 duo
3257 3712 3463 3767 Acoliti.

1884 3786 1945 3837 lit
1975 3786 2096 3836 inlr.
2133 3783 2330 3835 Deinde
2364 3783 2765 3834 Arcludiaronus
2792 3781 3000 3842 suscipit
3033 3782 3226 3835 oblatas
3251 3787 3378 3836 duas
3403 3789 3466 3836 tle

1884 3853 2257 3914 Ublationario,
2287 3863 2333 3905 et
2359 3854 2448 3903 dat
2480 3851 2742 3918 Pontifici,
2773 3860 2867 3903 etc.
2905 3853 3248 3907 Amasenus.

1952 3928 1974 3960 ά
2022 3925 2298 3993 Episcopos
2341 3938 2429 3989 per
2464 3925 2659 3974 diversa
2702 3928 2833 3986 loca,
2864 3933 2968 3975 etc.
3019 3922 3320 3977 Bonifacius
3351 3927 3465 3993 epi-

1881 4011 2073 4062 seopus
2103 3995 2167 4047 ad
2198 3996 2498 4048 Germania.-
2529 3994 2934 4047 conversionem
2965 3993 3094 4045 olim
3127 3996 3338 4052 missus.
3379 4012 3464 4048 ra-

1882 4071 2078 4120 tionein
2101 4079 2285 4118 eorum
2309 4078 2427 4132 qua:
2450 4063 2555 4114 illic
2580 4071 2869 4115 etenerant
2893 4064 3129 4129 pontilici
3158 4065 3465 4118 reddiderat

1883 4153 1973 4204 per
2014 4150 2136 4188 suas
2181 4134 2405 4187 litteras.
2451 4135 2624 4198 Quare
2668 4134 2900 4200 pontifex
2941 4135 3076 4200 grati
3115 4135 3273 4186 animi
3316 4139 3462 4188 testi.

1882 4207 2235 4270 tnationisque
2273 4219 2430 4258 causa
2462 4205 2848 4271 archiepiscopi
2881 4204 3192 4272 dignitatem
3228 4205 3298 4256 illi
3337 4222 3464 4260 cou-

1883 4279 2020 4338 tulit,
2057 4278 2304 4342 misitque
2347 4274 2595 4343 pallium,
2637 4289 2742 4340 quo
2775 4287 3012 4341 tempore
3041 4273 3113 4326 tui
3150 4275 3339 4328 eodem
3372 4277 3465 4330 de-

1882 4351 2029 4401 beret
2060 4342 2367 4410 signiﬁcans
2407 4363 2416 4395 :
2452 4342 2563 4396 Tibi
2603 4347 2734 4396 sacri
2767 4344 2912 4405 pallii
2940 4345 3222 4398 direximus
3254 4362 3463 4408 munus.

1880 4419 2014 4482 quod
2044 4415 2105 4468 Β.
2142 4415 2279 4468 Petri
2307 4416 2523 4481 apostoli
2558 4416 2860 4468 auctoritate
2889 4416 3167 4482 suscipiens
3194 4416 3466 4481 induaris;

1882 4501 2028 4557 atque
2063 4491 2196 4539 inter
2225 4488 2628 4557 ανειιιεηίεευροδ
2662 4502 2822 4545 unus.
2857 4483 2965 4539 Deo
2992 4499 3202 4538 auctore
3227 4489 3466 4556 ρνίεσὶρὶ-

1884 4556 1993 4610 mus
2020 4567 2074 4610 ut
2100 4560 2367 4610 censeat-is.
2401 4556 2633 4620 Qualiter
2659 4567 2825 4608 autent
2849 4572 2909 4609 eo
2937 4557 3114 4619 utaris,
3140 4572 3204 4610 ea:
3225 4560 3466 4612 mandato

1884 4631 2160 4697 apostolico
2190 4632 2496 4692 informatus
2526 4643 2764 4694 agnosce.
2811 4626 2989 4696 Itaque
3031 4629 3152 4678 dum
3195 4629 3468 4682 missarum

1883 4703 2127 4752 solemnia
2166 4701 2308 4766 agis,
2348 4700 2424 4751 vel
2454 4698 2746 4766 episcopum
2775 4708 2821 4750 te
2849 4699 3111 4765 contigerit
3143 4715 3462 4764 consecrare,

1885 4771 1974 4826 illo
2001 4770 2352 4822 tantummodo
2376 4779 2599 4834 tempore
2622 4786 2679 4821 eo
2707 4771 2868 4822 utaris
2894 4771 3074 4839 (Greg.
3099 4769 3184 4832 ΙΙΙ,
3208 4784 3294 4838 ep.
3324 4770 3374 4832 1,
3401 4771 3467 4824 ad

1889 4840 2118 4907 Boniti).
2174 4839 2437 4894 Praiterea
2491 4841 2789 4893 lacullatem
2839 4840 2888 4894 ei
2935 4841 3202 4894 concessit
3251 4841 3468 4895 creandi

1886 4916 2162 4979 episc0pos
2198 4909 2350 4979 juxta
2391 4911 2536 4979 leges
2565 4925 2837 4964 sacrorum
2865 4923 3127 4963 canonum
3161 4927 3175 4964 :
3215 4909 3469 4979 Pracipi-

1887 5000 2019 5044 ntus,
2047 4991 2099 5035 ul
2119 4984 2271 5050 juxta
2291 4997 2552 5034 sacrorum
2575 4996 2829 5032 canonum
2852 4991 3063 5044 statuta,
3089 4981 3171 5034 ubi
3193 4983 3466 5034 multitudo

1888 5058 2158 5106 excreuerit
2194 5054 2454 5121 ﬁdelium,
2485 5068 2546 5105 ea:
2583 5053 2752 5120 vigore
2791 5052 3088 5120 apostolica:
3124 5053 3256 5104 sedis
3287 5051 3469 5106 debeas

1889 5126 2124 5177 trdinnre
2153 5128 2438 5192 episcopos,
2475 5123 2559 5191 pia
2599 5131 2765 5174 tamen
2795 5125 3247 5192 contemplatione,
3281 5134 3334 5174 ut
3365 5139 3466 5176 non

1887 5197 2087 5248 vilescat
2115 5191 2336 5262 dignitas
2361 5203 2681 5262 episcopatus
2703 5191 2906 5261 (lbid.).
2929 5191 3000 5236 -ὲ
3023 5192 3284 5258 Baptizari
3308 5207 3466 5259 apor-

1893 5279 2000 5320 tere
2039 5268 2190 5318 docet
2241 5267 2288 5316 in
2339 5265 2555 5318 nomine
2592 5265 2944 5317 sanctissimae
2985 5264 3282 5325 Trinitatis,
3328 5278 3463 5330 quos

1891 5341 2079 5404 pagani
2114 5337 2216 5388 alio
2249 5335 2406 5389 modo
2437 5334 2844 5400 baptizaverint.
2891 5335 3090 5400 Equina
3124 5350 3284 5387 carne
3311 5331 3467 5386 Chri-

1889 5403 2093 5460 stianos
2154 5409 2293 5459 vesci
2353 5408 2635 5474 prohibere
2688 5419 2808 5459 eum
2863 5403 3066 5474 jubet,
3117 5417 3468 5472 severamquo

1894 5473 2374 5544 transgressoribus
2427 5491 2636 5545 ptenatn
2692 5473 2985 5541 imponere.
3045 5473 3151 5530 Pro
3197 5475 3465 5530 defunctis

1891 5549 2184 5612 orandum,
2225 5563 2518 5615 eorumque
2559 5562 2587 5598 a
2631 5547 2957 5615 presbyteris
2999 5548 3048 5600 in
3089 5547 3263 5600 missa:
3301 5545 3467 5600 sacri-

1895 5622 2014 5672 licio
2054 5618 2377 5672 mensionem
2422 5619 2737 5670 laciendam.
2785 5617 3077 5675 Consilium
3119 5617 3349 5670 dandum
3399 5631 3466 5669 ne

1895 5693 2170 5758 pios-piam
2204 5690 2368 5741 semel
2410 5701 2460 5740 et
2506 5692 2696 5741 iterum
2731 5690 2847 5751 quis
2891 5689 3132 5743 nuberet.
3179 5685 3472 5742 Parricidio

1895 5764 2287 5828 paenitentiam.
2319 5759 2490 5824 quoad
2536 5761 2636 5812 vita
2681 5767 3018 5825 superesset,
3059 5759 3464 5828 iujungendatn.

1896 5848 1992 5884 nec
2015 5832 2113 5884 nisi
2138 5831 2188 5883 iit
2215 5830 2399 5884 mortis
2423 5832 2646 5884 articulo
2669 5831 3095 5883 communiooetu
3121 5831 3184 5884 iis
3207 5831 3457 5882 dandam.

1899 5903 2288 5957 llomicidaruttt
2331 5901 2497 5955 instar
2532 5917 2624 5956 cus
2665 5903 2935 5956 habendos
2978 5904 3065 5971 qui
3107 5900 3365 5970 mancipia
3398 5899 3467 5952 ad
