  <div class='ocr_page' id='page_1' title='image "/cluster/home/n/w/nwhite01/storage/ocr_20150623/88-89/uc1.31175000868714/966.png"; bbox 0 0 4168 6530; ppageno 0'>
   <div class='ocr_carea' id='block_1_1' title="bbox 172 434 269 487">
    <p class='ocr_par' dir='ltr' id='par_1_1' title="bbox 172 434 269 487">
     <span class='ocr_line' id='line_1_1' title="bbox 172 434 269 487; baseline 0.041 -4"><span class='ocrx_word' id='word_1_1' title='bbox 172 434 269 487; x_wconf 61' lang='lat'><strong>7.77</strong></span> 
     </span>
    </p>
   </div>
   <div class='ocr_carea' id='block_1_2' title="bbox 174 640 1760 709">
    <p class='ocr_par' dir='ltr' id='par_1_2' title="bbox 174 640 1760 709">
     <span class='ocr_line' id='line_1_2' title="bbox 174 640 1760 709; baseline -0.004 -17"><span class='ocrx_word' id='word_1_2' title='bbox 174 644 419 709; x_wconf 76' lang='lat' dir='ltr'><strong>partibus</strong></span> <span class='ocrx_word' id='word_1_3' title='bbox 464 641 528 691; x_wconf 89' lang='lat' dir='ltr'><strong>ad</strong></span> <span class='ocrx_word' id='word_1_4' title='bbox 582 650 785 692; x_wconf 78' lang='lat' dir='ltr'><strong>rectam</strong></span> <span class='ocrx_word' id='word_1_5' title='bbox 850 640 1005 690; x_wconf 68' lang='lat' dir='ltr'><strong>Iidem</strong></span> <span class='ocrx_word' id='word_1_6' title='bbox 1058 640 1253 690; x_wconf 69' lang='lat' dir='ltr'><strong>ﬂSSt‘l‘lS</strong></span> <span class='ocrx_word' id='word_1_7' title='bbox 1296 652 1414 688; x_wconf 77' lang='lat' dir='ltr'><strong>esse</strong></span> <span class='ocrx_word' id='word_1_8' title='bbox 1456 650 1760 699; x_wconf 61' lang='lat' dir='ltr'><strong>eottversas,</strong></span> 
     </span>
    </p>
   </div>
   <div class='ocr_carea' id='block_1_3' title="bbox 174 728 1763 798">
    <p class='ocr_par' dir='ltr' id='par_1_3' title="bbox 174 728 1763 798">
     <span class='ocr_line' id='line_1_3' title="bbox 174 728 1763 798; baseline -0.004 -16"><span class='ocrx_word' id='word_1_9' title='bbox 174 734 407 793; x_wconf 63' lang='lat' dir='ltr'><strong>ideoque.</strong></span> <span class='ocrx_word' id='word_1_10' title='bbox 440 731 657 798; x_wconf 63' lang='lat' dir='ltr'><strong>nequire</strong></span> <span class='ocrx_word' id='word_1_11' title='bbox 693 741 741 780; x_wconf 85' lang='grc' dir='ltr'>ιι·</span> <span class='ocrx_word' id='word_1_12' title='bbox 774 745 1058 781; x_wconf 69' lang='lat' dir='ltr'><strong>occurrere</strong></span> <span class='ocrx_word' id='word_1_13' title='bbox 1089 728 1361 783; x_wconf 75' lang='lat' dir='ltr'><strong>omnibus,</strong></span> <span class='ocrx_word' id='word_1_14' title='bbox 1396 737 1446 778; x_wconf 74' lang='lat' dir='ltr'><strong>et</strong></span> <span class='ocrx_word' id='word_1_15' title='bbox 1474 743 1594 790; x_wconf 70' lang='lat' dir='ltr'><strong>qtttt‘</strong></span> <span class='ocrx_word' id='word_1_16' title='bbox 1624 730 1763 776; x_wconf 75' lang='lat' dir='ltr'><strong>salu-</strong></span> 
     </span>
    </p>
   </div>
   <div class='ocr_carea' id='block_1_4' title="bbox 174 818 1761 887">
    <p class='ocr_par' dir='ltr' id='par_1_4' title="bbox 174 818 1761 887">
     <span class='ocr_line' id='line_1_4' title="bbox 174 818 1761 887; baseline -0.004 -13"><span class='ocrx_word' id='word_1_17' title='bbox 174 837 242 875; x_wconf 86' lang='lat' dir='ltr'><strong>tts</strong></span> <span class='ocrx_word' id='word_1_18' title='bbox 272 834 399 874; x_wconf 76' lang='lat' dir='ltr'><strong>sunt</strong></span> <span class='ocrx_word' id='word_1_19' title='bbox 428 821 636 887; x_wconf 76' lang='lat' dir='ltr'><strong>impead</strong></span> <span class='ocrx_word' id='word_1_20' title='bbox 662 837 735 870; x_wconf 83' lang='grc' dir='ltr'>-ι-ι·</span> <span class='ocrx_word' id='word_1_21' title='bbox 773 825 854 870; x_wconf 76' lang='lat' dir='ltr'><strong>vel</strong></span> <span class='ocrx_word' id='word_1_22' title='bbox 892 820 1163 879; x_wconf 71' lang='lat' dir='ltr'><strong>intimare,</strong></span> <span class='ocrx_word' id='word_1_23' title='bbox 1198 835 1319 870; x_wconf 77' lang='lat' dir='ltr'><strong>cum</strong></span> <span class='ocrx_word' id='word_1_24' title='bbox 1348 818 1458 883; x_wconf 87' lang='lat' dir='ltr'><strong>jnn</strong></span> <span class='ocrx_word' id='word_1_25' title='bbox 1493 819 1649 877; x_wconf 60' lang='lat' dir='ltr'><strong>longe</strong></span> <span class='ocrx_word' id='word_1_26' title='bbox 1685 821 1761 867; x_wconf 84' lang='lat' dir='ltr'><strong>la-</strong></span> 
     </span>
    </p>
   </div>
   <div class='ocr_carea' id='block_1_5' title="bbox 173 911 1765 983">
    <p class='ocr_par' dir='ltr' id='par_1_5' title="bbox 173 911 1765 983">
     <span class='ocr_line' id='line_1_5' title="bbox 173 911 1765 983; baseline -0.005 -14"><span class='ocrx_word' id='word_1_27' title='bbox 173 930 336 983; x_wconf 74' lang='lat' dir='ltr'><strong>teqt&#39;c</strong></span> <span class='ocrx_word' id='word_1_28' title='bbox 381 918 547 983; x_wconf 69' lang='lat' dir='ltr'><strong>gratia</strong></span> <span class='ocrx_word' id='word_1_29' title='bbox 599 914 793 966; x_wconf 73' lang='lat' dir='ltr'><strong>(Ihristi</strong></span> <span class='ocrx_word' id='word_1_30' title='bbox 848 913 962 980; x_wconf 86' lang='lat' dir='ltr'><strong>ejus</strong></span> <span class='ocrx_word' id='word_1_31' title='bbox 1012 913 1144 963; x_wconf 76' lang='lat' dir='ltr'><strong>fides</strong></span> <span class='ocrx_word' id='word_1_32' title='bbox 1200 912 1249 963; x_wconf 89' lang='lat' dir='ltr'><strong>in</strong></span> <span class='ocrx_word' id='word_1_33' title='bbox 1299 911 1399 963; x_wconf 69' lang='lat' dir='ltr'><strong>illis</strong></span> <span class='ocrx_word' id='word_1_34' title='bbox 1443 920 1765 979; x_wconf 80' lang='lat' dir='ltr'><strong>propagetur</strong></span> 
     </span>
    </p>
   </div>
   <div class='ocr_carea' id='block_1_6' title="bbox 172 1004 1760 1081">
    <p class='ocr_par' dir='ltr' id='par_1_6' title="bbox 172 1004 1760 1081">
     <span class='ocr_line' id='line_1_6' title="bbox 172 1004 1760 1081; baseline -0.003 -19"><span class='ocrx_word' id='word_1_35' title='bbox 172 1011 379 1081; x_wconf 57' lang='lat' dir='ltr'><strong>“imm,</strong></span> <span class='ocrx_word' id='word_1_36' title='bbox 421 1009 656 1076; x_wconf 80' lang='lat' dir='ltr'><strong>partibus</strong></span> <span class='ocrx_word' id='word_1_37' title='bbox 691 1004 1064 1077; x_wconf 85' lang='lat' dir='ltr'><strong>propagetur];</strong></span> <span class='ocrx_word' id='word_1_38' title='bbox 1116 1006 1456 1073; x_wconf 73' lang='lat' dir='ltr'><strong>ltrzl‘t&#39;ipilttlts</strong></span> <span class='ocrx_word' id='word_1_39' title='bbox 1482 1005 1593 1075; x_wconf 77' lang='lat' dir='ltr'><strong>(ili,</strong></span> <span class='ocrx_word' id='word_1_40' title='bbox 1625 1021 1674 1071; x_wconf 89' lang='lat' dir='ltr'><strong>q.</strong></span> <span class='ocrx_word' id='word_1_41' title='bbox 1714 1007 1760 1067; x_wconf 83' lang='grc' dir='ltr'>ι)</span> 
     </span>
    </p>
   </div>
   <div class='ocr_carea' id='block_1_7' title="bbox 174 1098 1762 1167">
    <p class='ocr_par' dir='ltr' id='par_1_7' title="bbox 174 1098 1762 1167">
     <span class='ocr_line' id='line_1_7' title="bbox 174 1098 1762 1167; baseline -0.006 -13"><span class='ocrx_word' id='word_1_42' title='bbox 174 1117 228 1156; x_wconf 92' lang='grc' dir='ltr'><strong>ιιι</strong></span> <span class='ocrx_word' id='word_1_43' title='bbox 276 1106 425 1167; x_wconf 71' lang='lat' dir='ltr'><strong>juxta</strong></span> <span class='ocrx_word' id='word_1_44' title='bbox 474 1112 751 1153; x_wconf 76' lang='lat' dir='ltr'><strong>sacrorum</strong></span> <span class='ocrx_word' id='word_1_45' title='bbox 795 1116 1062 1152; x_wconf 90' lang='lat' dir='ltr'><strong>canonum</strong></span> <span class='ocrx_word' id='word_1_46' title='bbox 1096 1108 1319 1156; x_wconf 83' lang='lat' dir='ltr'><strong>statuti,</strong></span> <span class='ocrx_word' id='word_1_47' title='bbox 1357 1100 1443 1150; x_wconf 81' lang='lat' dir='ltr'><strong>tibi</strong></span> <span class='ocrx_word' id='word_1_48' title='bbox 1478 1098 1762 1149; x_wconf 52' lang='lat' dir='ltr'><strong>tnult&#39;tutlu</strong></span> 
     </span>
    </p>
   </div>
   <div class='ocr_carea' id='block_1_8' title="bbox 172 1191 1762 1259">
    <p class='ocr_par' dir='ltr' id='par_1_8' title="bbox 172 1191 1762 1259">
     <span class='ocr_line' id='line_1_8' title="bbox 172 1191 1762 1259; baseline -0.006 -10"><span class='ocrx_word' id='word_1_49' title='bbox 172 1196 414 1249; x_wconf 74' lang='lat' dir='ltr'><strong>evrrevit</strong></span> <span class='ocrx_word' id='word_1_50' title='bbox 440 1196 695 1257; x_wconf 83' lang='lat' dir='ltr'><strong>fidelium,</strong></span> <span class='ocrx_word' id='word_1_51' title='bbox 731 1210 793 1247; x_wconf 75' lang='lat' dir='ltr'><strong>ev</strong></span> <span class='ocrx_word' id='word_1_52' title='bbox 836 1194 1016 1259; x_wconf 82' lang='lat' dir='ltr'><strong>vigore</strong></span> <span class='ocrx_word' id='word_1_53' title='bbox 1049 1194 1361 1259; x_wconf 62' lang='lat' dir='ltr'><strong>apostolicae</strong></span> <span class='ocrx_word' id='word_1_54' title='bbox 1392 1191 1535 1243; x_wconf 61' lang='lat' dir='ltr'><strong>sellis</strong></span> <span class='ocrx_word' id='word_1_55' title='bbox 1566 1191 1762 1244; x_wconf 75' lang='lat' dir='ltr'><strong>debeas</strong></span> 
     </span>
    </p>
   </div>
   <div class='ocr_carea' id='block_1_9' title="bbox 172 1282 1762 1351">
    <p class='ocr_par' dir='ltr' id='par_1_9' title="bbox 172 1282 1762 1351">
     <span class='ocr_line' id='line_1_9' title="bbox 172 1282 1762 1351; baseline -0.004 -13"><span class='ocrx_word' id='word_1_56' title='bbox 172 1290 427 1339; x_wconf 66' lang='lat' dir='ltr'><strong>ordinare</strong></span> <span class='ocrx_word' id='word_1_57' title='bbox 473 1286 758 1351; x_wconf 77' lang='lat' dir='ltr'><strong>episCoptis</strong></span> <span class='ocrx_word' id='word_1_58' title='bbox 807 1301 818 1335; x_wconf 88' lang='lat'><strong>:</strong></span> <span class='ocrx_word' id='word_1_59' title='bbox 872 1282 956 1349; x_wconf 85' lang='lat' dir='ltr'><strong>pia</strong></span> <span class='ocrx_word' id='word_1_60' title='bbox 992 1291 1169 1335; x_wconf 79' lang='lat' dir='ltr'><strong>latnt-ti</strong></span> <span class='ocrx_word' id='word_1_61' title='bbox 1195 1282 1674 1347; x_wconf 68' lang='lat' dir='ltr'><strong>CtIIIlClllpillllmtt‘,</strong></span> <span class='ocrx_word' id='word_1_62' title='bbox 1708 1290 1762 1331; x_wconf 90' lang='grc' dir='ltr'><strong>ιιι</strong></span> 
     </span>
    </p>
   </div>
   <div class='ocr_carea' id='block_1_10' title="bbox 176 1374 1763 1443">
    <p class='ocr_par' dir='ltr' id='par_1_10' title="bbox 176 1374 1763 1443">
     <span class='ocr_line' id='line_1_10' title="bbox 176 1374 1763 1443; baseline -0.004 -14"><span class='ocrx_word' id='word_1_63' title='bbox 176 1397 281 1430; x_wconf 79' lang='lat' dir='ltr'><strong>miti</strong></span> <span class='ocrx_word' id='word_1_64' title='bbox 322 1378 543 1430; x_wconf 84' lang='lat' dir='ltr'><strong>vilescat</strong></span> <span class='ocrx_word' id='word_1_65' title='bbox 565 1377 799 1443; x_wconf 81' lang='lat' dir='ltr'><strong>dignitas</strong></span> <span class='ocrx_word' id='word_1_66' title='bbox 825 1376 1182 1443; x_wconf 70' lang='lat' dir='ltr'><strong>episcopatus.</strong></span> <span class='ocrx_word' id='word_1_67' title='bbox 1216 1374 1590 1442; x_wconf 75' lang='lat' dir='ltr'><strong>Presbyterum</strong></span> <span class='ocrx_word' id='word_1_68' title='bbox 1617 1389 1763 1423; x_wconf 77' lang='grc' dir='ltr'>ιιςιιιι-</span> 
     </span>
    </p>
   </div>
   <div class='ocr_carea' id='block_1_11' title="bbox 173 1466 1763 1538">
    <p class='ocr_par' dir='ltr' id='par_1_11' title="bbox 173 1466 1763 1538">
     <span class='ocr_line' id='line_1_11' title="bbox 173 1466 1763 1538; baseline -0.003 -19"><span class='ocrx_word' id='word_1_69' title='bbox 173 1486 301 1537; x_wconf 77' lang='lat' dir='ltr'><strong>que,</strong></span> <span class='ocrx_word' id='word_1_70' title='bbox 334 1485 493 1538; x_wconf 89' lang='lat' dir='ltr'><strong>qttcm</strong></span> <span class='ocrx_word' id='word_1_71' title='bbox 526 1468 798 1537; x_wconf 68' lang='lat' dir='ltr'><strong>prmtcrito</strong></span> <span class='ocrx_word' id='word_1_72' title='bbox 827 1468 1104 1520; x_wconf 84' lang='lat' dir='ltr'><strong>asseru&#39;sti</strong></span> <span class='ocrx_word' id='word_1_73' title='bbox 1138 1480 1279 1517; x_wconf 88' lang='lat' dir='ltr'><strong>anno</strong></span> <span class='ocrx_word' id='word_1_74' title='bbox 1310 1466 1373 1517; x_wconf 87' lang='lat' dir='ltr'><strong>ad</strong></span> <span class='ocrx_word' id='word_1_75' title='bbox 1423 1480 1520 1517; x_wconf 91' lang='lat' dir='ltr'><strong>nos</strong></span> <span class='ocrx_word' id='word_1_76' title='bbox 1552 1466 1763 1517; x_wconf 58' lang='grc' dir='ltr'>νιειιιμςιι</span> 
     </span>
    </p>
   </div>
   <div class='ocr_carea' id='block_1_12' title="bbox 176 1554 1760 1625">
    <p class='ocr_par' dir='ltr' id='par_1_12' title="bbox 176 1554 1760 1625">
     <span class='ocr_line' id='line_1_12' title="bbox 176 1554 1760 1625; baseline -0.003 -15"><span class='ocrx_word' id='word_1_77' title='bbox 176 1570 470 1625; x_wconf 60' lang='lat' dir='ltr'><strong>nostroque</strong></span> <span class='ocrx_word' id='word_1_78' title='bbox 518 1557 722 1625; x_wconf 82' lang='lat' dir='ltr'><strong>judicio</strong></span> <span class='ocrx_word' id='word_1_79' title='bbox 776 1556 938 1609; x_wconf 84' lang='lat' dir='ltr'><strong>fuisse</strong></span> <span class='ocrx_word' id='word_1_80' title='bbox 979 1571 1007 1607; x_wconf 90' lang='lat' dir='ltr'><strong>a</strong></span> <span class='ocrx_word' id='word_1_81' title='bbox 1060 1557 1170 1609; x_wconf 73' lang='grc' dir='ltr'><strong>ειιίς</strong></span> <span class='ocrx_word' id='word_1_82' title='bbox 1215 1554 1427 1610; x_wconf 72' lang='lat' dir='ltr'><strong>nefariis</strong></span> <span class='ocrx_word' id='word_1_83' title='bbox 1456 1555 1760 1608; x_wconf 86' lang='lat' dir='ltr'><strong>absolutum</strong></span> 
     </span>
    </p>
   </div>
   <div class='ocr_carea' id='block_1_13' title="bbox 176 1646 1761 1715">
    <p class='ocr_par' dir='ltr' id='par_1_13' title="bbox 176 1646 1761 1715">
     <span class='ocr_line' id='line_1_13' title="bbox 176 1646 1761 1715; baseline -0.004 -13"><span class='ocrx_word' id='word_1_84' title='bbox 176 1652 476 1702; x_wconf 65' lang='lat' dir='ltr'><strong>motionibus</strong></span> <span class='ocrx_word' id='word_1_85' title='bbox 513 1692 526 1707; x_wconf 93' lang='lat'><strong>,</strong></span> <span class='ocrx_word' id='word_1_86' title='bbox 584 1649 776 1701; x_wconf 90' lang='lat' dir='ltr'><strong>credas</strong></span> <span class='ocrx_word' id='word_1_87' title='bbox 820 1663 990 1715; x_wconf 80' lang='lat' dir='ltr'><strong>neque</strong></span> <span class='ocrx_word' id='word_1_88' title='bbox 1044 1648 1195 1700; x_wconf 84' lang='lat' dir='ltr'><strong>nobis</strong></span> <span class='ocrx_word' id='word_1_89' title='bbox 1244 1646 1637 1699; x_wconf 63' lang='lat' dir='ltr'><strong>eonfeSsionem</strong></span> <span class='ocrx_word' id='word_1_90' title='bbox 1666 1647 1761 1696; x_wconf 85' lang='lat' dir='ltr'><strong>ali-</strong></span> 
     </span>
    </p>
   </div>
   <div class='ocr_carea' id='block_1_14' title="bbox 176 1737 1761 1811">
    <p class='ocr_par' dir='ltr' id='par_1_14' title="bbox 176 1737 1761 1811">
     <span class='ocr_line' id='line_1_14' title="bbox 176 1737 1761 1811; baseline -0.003 -19"><span class='ocrx_word' id='word_1_91' title='bbox 176 1759 333 1811; x_wconf 84' lang='lat' dir='ltr'><strong>quam</strong></span> <span class='ocrx_word' id='word_1_92' title='bbox 396 1742 493 1794; x_wconf 67' lang='lat' dir='ltr'><strong>fa-ci</strong></span> <span class='ocrx_word' id='word_1_93' title='bbox 527 1756 605 1800; x_wconf 87' lang='lat' dir='ltr'><strong>se,</strong></span> <span class='ocrx_word' id='word_1_94' title='bbox 656 1752 754 1794; x_wconf 90' lang='lat' dir='ltr'><strong>nee</strong></span> <span class='ocrx_word' id='word_1_95' title='bbox 800 1756 828 1792; x_wconf 93' lang='lat' dir='ltr'><strong>a</strong></span> <span class='ocrx_word' id='word_1_96' title='bbox 883 1741 1035 1792; x_wconf 84' lang='lat' dir='ltr'><strong>nobis</strong></span> <span class='ocrx_word' id='word_1_97' title='bbox 1089 1750 1145 1790; x_wconf 87' lang='grc' dir='ltr'><strong>ιιι</strong></span> <span class='ocrx_word' id='word_1_98' title='bbox 1185 1753 1310 1790; x_wconf 90' lang='lat' dir='ltr'><strong>suos</strong></span> <span class='ocrx_word' id='word_1_99' title='bbox 1340 1737 1761 1803; x_wconf 78' lang='lat' dir='ltr'><strong>expleatlihitus</strong></span> 
     </span>
    </p>
   </div>
   <div class='ocr_carea' id='block_1_15' title="bbox 176 1830 1761 1895">
    <p class='ocr_par' dir='ltr' id='par_1_15' title="bbox 176 1830 1761 1895">
     <span class='ocr_line' id='line_1_15' title="bbox 176 1830 1761 1895; baseline -0.003 -9"><span class='ocrx_word' id='word_1_100' title='bbox 176 1836 481 1887; x_wconf 82' lang='lat' dir='ltr'><strong>absolutum</strong></span> <span class='ocrx_word' id='word_1_101' title='bbox 508 1835 696 1886; x_wconf 66' lang='lat' dir='ltr'><strong>fuisse.</strong></span> <span class='ocrx_word' id='word_1_102' title='bbox 728 1831 831 1887; x_wconf 90' lang='lat' dir='ltr'><strong>Sed</strong></span> <span class='ocrx_word' id='word_1_103' title='bbox 863 1832 905 1884; x_wconf 83' lang='lat' dir='ltr'><strong>si</strong></span> <span class='ocrx_word' id='word_1_104' title='bbox 932 1846 1054 1884; x_wconf 91' lang='lat' dir='ltr'><strong>eum</strong></span> <span class='ocrx_word' id='word_1_105' title='bbox 1079 1832 1249 1883; x_wconf 83' lang='lat' dir='ltr'><strong>criori</strong></span> <span class='ocrx_word' id='word_1_106' title='bbox 1281 1830 1521 1882; x_wconf 89' lang='lat' dir='ltr'><strong>deditmn</strong></span> <span class='ocrx_word' id='word_1_107' title='bbox 1547 1845 1761 1895; x_wconf 80' lang='lat' dir='ltr'><strong>repere-</strong></span> 
     </span>
    </p>
   </div>
   <div class='ocr_carea' id='block_1_16' title="bbox 1633 428 2004 481">
    <p class='ocr_par' dir='ltr' id='par_1_16' title="bbox 1633 428 2004 481">
     <span class='ocr_line' id='line_1_16' title="bbox 1633 428 2004 481; baseline 0.008 -3"><span class='ocrx_word' id='word_1_108' title='bbox 1633 428 2004 481; x_wconf 60' lang='lat' dir='ltr'><strong>lil’lS&#39;l&#39;l)l..l’..</strong></span> 
     </span>
    </p>
   </div>
   <div class='ocr_carea' id='block_1_17' title="bbox 172 545 1847 612">
    <p class='ocr_par' dir='ltr' id='par_1_17' title="bbox 172 545 1847 612">
     <span class='ocr_line' id='line_1_17' title="bbox 172 545 1847 612; baseline -0.004 -15"><span class='ocrx_word' id='word_1_109' title='bbox 172 571 236 598; x_wconf 75' lang='grc' dir='ltr'>ι-ιι</span> <span class='ocrx_word' id='word_1_110' title='bbox 268 549 456 601; x_wconf 81' lang='lat' dir='ltr'><strong>utaris.</strong></span> <span class='ocrx_word' id='word_1_111' title='bbox 496 548 624 612; x_wconf 78' lang='lat' dir='ltr'><strong>Quia</strong></span> <span class='ocrx_word' id='word_1_112' title='bbox 680 562 807 601; x_wconf 81' lang='lat' dir='ltr'><strong>vero</strong></span> <span class='ocrx_word' id='word_1_113' title='bbox 842 546 1024 598; x_wconf 75' lang='lat' dir='ltr'><strong>turbas</strong></span> <span class='ocrx_word' id='word_1_114' title='bbox 1056 545 1265 597; x_wconf 78' lang='lat' dir='ltr'><strong>Domini</strong></span> <span class='ocrx_word' id='word_1_115' title='bbox 1293 546 1463 609; x_wconf 74' lang='lat' dir='ltr'><strong>gratia</strong></span> <span class='ocrx_word' id='word_1_116' title='bbox 1497 545 1544 594; x_wconf 87' lang='lat' dir='ltr'><strong>in</strong></span> <span class='ocrx_word' id='word_1_117' title='bbox 1577 545 1762 595; x_wconf 80' lang='lat' dir='ltr'><strong>iistle-n</strong></span> <span class='ocrx_word' id='word_1_118' title='bbox 1802 556 1847 611; x_wconf 52' lang='grc' dir='ltr'>Α</span> 
     </span>
    </p>
   </div>
   <div class='ocr_carea' id='block_1_18' title="bbox 3355 434 3455 485">
    <p class='ocr_par' dir='ltr' id='par_1_18' title="bbox 3355 434 3455 485">
     <span class='ocr_line' id='line_1_18' title="bbox 3355 434 3455 485; baseline 0.01 -1"><span class='ocrx_word' id='word_1_119' title='bbox 3355 434 3455 485; x_wconf 58' lang='grc'><strong>3³7⁸</strong></span> 
     </span>
    </p>
   </div>
   <div class='ocr_carea' id='block_1_19' title="bbox 1948 542 3459 617">
    <p class='ocr_par' dir='ltr' id='par_1_19' title="bbox 1948 542 3459 617">
     <span class='ocr_line' id='line_1_19' title="bbox 1948 542 3459 617; baseline 0.008 -24"><span class='ocrx_word' id='word_1_120' title='bbox 1948 542 2078 594; x_wconf 76' lang='lat' dir='ltr'><strong>Vill.</strong></span> <span class='ocrx_word' id='word_1_121' title='bbox 2120 543 2229 595; x_wconf 83' lang='lat' dir='ltr'><strong>llut‘.</strong></span> <span class='ocrx_word' id='word_1_122' title='bbox 2254 559 2465 609; x_wconf 65' lang='lat' dir='ltr'><strong>quo-itte</strong></span> <span class='ocrx_word' id='word_1_123' title='bbox 2493 546 2629 597; x_wconf 75' lang='lat' dir='ltr'><strong>inter</strong></span> <span class='ocrx_word' id='word_1_124' title='bbox 2656 546 2757 596; x_wconf 80' lang='lat' dir='ltr'><strong>alia</strong></span> <span class='ocrx_word' id='word_1_125' title='bbox 2790 547 3013 597; x_wconf 74' lang='lat' dir='ltr'><strong>eritnina</strong></span> <span class='ocrx_word' id='word_1_126' title='bbox 3049 549 3133 617; x_wconf 72' lang='lat' dir='ltr'><strong>agi</strong></span> <span class='ocrx_word' id='word_1_127' title='bbox 3154 548 3203 601; x_wconf 87' lang='lat' dir='ltr'><strong>in</strong></span> <span class='ocrx_word' id='word_1_128' title='bbox 3223 552 3459 617; x_wconf 78' lang='lat' dir='ltr'><strong>partibus</strong></span> 
     </span>
    </p>
   </div>
   <div class='ocr_carea' id='block_1_20' title="bbox 1869 634 3455 703">
    <p class='ocr_par' dir='ltr' id='par_1_20' title="bbox 1869 634 3455 703">
     <span class='ocr_line' id='line_1_20' title="bbox 1869 634 3455 703; baseline 0.007 -18"><span class='ocrx_word' id='word_1_129' title='bbox 1869 634 1973 685; x_wconf 79' lang='lat' dir='ltr'><strong>illis</strong></span> <span class='ocrx_word' id='word_1_130' title='bbox 2025 636 2228 695; x_wconf 70' lang='lat' dir='ltr'><strong>(“\lSll,</strong></span> <span class='ocrx_word' id='word_1_131' title='bbox 2277 636 2417 703; x_wconf 87' lang='lat' dir='ltr'><strong>quod</strong></span> <span class='ocrx_word' id='word_1_132' title='bbox 2461 638 2673 702; x_wconf 86' lang='lat' dir='ltr'><strong>quidam</strong></span> <span class='ocrx_word' id='word_1_133' title='bbox 2707 654 2768 691; x_wconf 73' lang='lat' dir='ltr'><strong>ex</strong></span> <span class='ocrx_word' id='word_1_134' title='bbox 2805 638 3052 691; x_wconf 81' lang='lat' dir='ltr'><strong>fidelibus</strong></span> <span class='ocrx_word' id='word_1_135' title='bbox 3078 643 3140 693; x_wconf 85' lang='lat' dir='ltr'><strong>ad</strong></span> <span class='ocrx_word' id='word_1_136' title='bbox 3171 642 3455 697; x_wconf 88' lang='lat' dir='ltr'><strong>immolan—</strong></span> 
     </span>
    </p>
   </div>
   <div class='ocr_carea' id='block_1_21' title="bbox 1866 726 3449 797">
    <p class='ocr_par' dir='ltr' id='par_1_21' title="bbox 1866 726 3449 797">
     <span class='ocr_line' id='line_1_21' title="bbox 1866 726 3449 797; baseline 0.008 -22"><span class='ocrx_word' id='word_1_137' title='bbox 1866 726 1990 777; x_wconf 88' lang='lat' dir='ltr'><strong>dum</strong></span> <span class='ocrx_word' id='word_1_138' title='bbox 2029 728 2248 792; x_wconf 87' lang='lat' dir='ltr'><strong>paganis</strong></span> <span class='ocrx_word' id='word_1_139' title='bbox 2288 742 2381 779; x_wconf 85' lang='lat' dir='ltr'><strong>sua</strong></span> <span class='ocrx_word' id='word_1_140' title='bbox 2414 730 2722 780; x_wconf 83' lang='lat' dir='ltr'><strong>vcnnndent</strong></span> <span class='ocrx_word' id='word_1_141' title='bbox 2754 732 3038 796; x_wconf 87' lang='lat' dir='ltr'><strong>tnancipia.</strong></span> <span class='ocrx_word' id='word_1_142' title='bbox 3074 734 3225 797; x_wconf 82' lang='lat' dir='ltr'><strong>Quod</strong></span> <span class='ocrx_word' id='word_1_143' title='bbox 3257 746 3311 785; x_wconf 89' lang='grc' dir='ltr'><strong>ιιι</strong></span> <span class='ocrx_word' id='word_1_144' title='bbox 3337 752 3449 786; x_wconf 89' lang='lat' dir='ltr'><strong>ma-</strong></span> 
     </span>
    </p>
   </div>
   <div class='ocr_carea' id='block_1_22' title="bbox 1866 820 3450 887">
    <p class='ocr_par' dir='ltr' id='par_1_22' title="bbox 1866 820 3450 887">
     <span class='ocr_line' id='line_1_22' title="bbox 1866 820 3450 887; baseline 0.004 -18"><span class='ocrx_word' id='word_1_145' title='bbox 1866 834 2103 885; x_wconf 66' lang='lat' dir='ltr'><strong>gnopere</strong></span> <span class='ocrx_word' id='word_1_146' title='bbox 2126 822 2393 884; x_wconf 78' lang='lat' dir='ltr'><strong>corrigere</strong></span> <span class='ocrx_word' id='word_1_147' title='bbox 2423 820 2505 871; x_wconf 70' lang='lat' dir='ltr'><strong>tle?</strong></span> <span class='ocrx_word' id='word_1_148' title='bbox 2530 836 2643 883; x_wconf 88' lang='lat' dir='ltr'><strong>eas,</strong></span> <span class='ocrx_word' id='word_1_149' title='bbox 2681 823 2862 882; x_wconf 74' lang='lat' dir='ltr'><strong>frater,</strong></span> <span class='ocrx_word' id='word_1_150' title='bbox 2893 840 3318 887; x_wconf 73' lang='lat' dir='ltr'><strong>commonemus,</strong></span> <span class='ocrx_word' id='word_1_151' title='bbox 3353 846 3450 883; x_wconf 72' lang='grc' dir='ltr'>ιιι-ε</span> 
     </span>
    </p>
   </div>
   <div class='ocr_carea' id='block_1_23' title="bbox 1865 914 3457 983">
    <p class='ocr_par' dir='ltr' id='par_1_23' title="bbox 1865 914 3457 983">
     <span class='ocr_line' id='line_1_23' title="bbox 1865 914 3457 983; baseline 0.004 -20"><span class='ocrx_word' id='word_1_152' title='bbox 1865 914 2008 963; x_wconf 80' lang='lat' dir='ltr'><strong>sinas</strong></span> <span class='ocrx_word' id='word_1_153' title='bbox 2065 914 2175 964; x_wconf 78' lang='lat' dir='ltr'><strong>lieri</strong></span> <span class='ocrx_word' id='word_1_154' title='bbox 2234 915 2367 964; x_wconf 84' lang='lat' dir='ltr'><strong>ultra</strong></span> <span class='ocrx_word' id='word_1_155' title='bbox 2408 933 2418 966; x_wconf 95' lang='lat'>:</span> <span class='ocrx_word' id='word_1_156' title='bbox 2466 919 2639 967; x_wconf 75' lang='lat' dir='ltr'><strong>scelus</strong></span> <span class='ocrx_word' id='word_1_157' title='bbox 2691 926 2773 966; x_wconf 80' lang='lat' dir='ltr'><strong>est</strong></span> <span class='ocrx_word' id='word_1_158' title='bbox 2804 918 2945 968; x_wconf 88' lang='lat' dir='ltr'><strong>enim</strong></span> <span class='ocrx_word' id='word_1_159' title='bbox 2979 928 3031 970; x_wconf 78' lang='lat' dir='ltr'><strong>et</strong></span> <span class='ocrx_word' id='word_1_160' title='bbox 3065 918 3330 983; x_wconf 68' lang='lat' dir='ltr'><strong>impii-tas.</strong></span> <span class='ocrx_word' id='word_1_161' title='bbox 3368 919 3457 972; x_wconf 75' lang='lat' dir='ltr'><strong>Eis</strong></span> 
     </span>
    </p>
   </div>
   <div class='ocr_carea' id='block_1_24' title="bbox 1865 1006 3459 1073">
    <p class='ocr_par' dir='ltr' id='par_1_24' title="bbox 1865 1006 3459 1073">
     <span class='ocr_line' id='line_1_24' title="bbox 1865 1006 3459 1073; baseline 0.004 -17"><span class='ocrx_word' id='word_1_162' title='bbox 1865 1019 1993 1072; x_wconf 82' lang='lat' dir='ltr'><strong>ergo</strong></span> <span class='ocrx_word' id='word_1_163' title='bbox 2025 1006 2112 1072; x_wconf 87' lang='lat' dir='ltr'><strong>qtti</strong></span> <span class='ocrx_word' id='word_1_164' title='bbox 2148 1006 2259 1056; x_wconf 73' lang='lat' dir='ltr'><strong>lure</strong></span> <span class='ocrx_word' id='word_1_165' title='bbox 2291 1018 2753 1073; x_wconf 81' lang='lat' dir='ltr'><strong>perpetravernnt,</strong></span> <span class='ocrx_word' id='word_1_166' title='bbox 2798 1008 3025 1064; x_wconf 87' lang='lat' dir='ltr'><strong>similem</strong></span> <span class='ocrx_word' id='word_1_167' title='bbox 3063 1010 3348 1063; x_wconf 73' lang='lat' dir='ltr'><strong>hom&#39;citla:</strong></span> <span class='ocrx_word' id='word_1_168' title='bbox 3379 1013 3459 1065; x_wconf 86' lang='lat' dir='ltr'><strong>in-</strong></span> 
     </span>
    </p>
   </div>
   <div class='ocr_carea' id='block_1_25' title="bbox 1862 1097 2431 1164">
    <p class='ocr_par' dir='ltr' id='par_1_25' title="bbox 1862 1097 2431 1164">
     <span class='ocr_line' id='line_1_25' title="bbox 1862 1097 2431 1164; baseline 0.002 -15"><span class='ocrx_word' id='word_1_169' title='bbox 1862 1097 2011 1149; x_wconf 67' lang='lat' dir='ltr'><strong>dres</strong></span> <span class='ocrx_word' id='word_1_170' title='bbox 2041 1098 2431 1164; x_wconf 75' lang='lat' dir='ltr'><strong>pmnitentizun.</strong></span> 
     </span>
    </p>
   </div>
   <div class='ocr_carea' id='block_1_26' title="bbox 1937 1190 3453 1263">
    <p class='ocr_par' dir='ltr' id='par_1_26' title="bbox 1937 1190 3453 1263">
     <span class='ocr_line' id='line_1_26' title="bbox 1937 1190 3453 1263; baseline 0.005 -21"><span class='ocrx_word' id='word_1_171' title='bbox 1937 1190 2024 1243; x_wconf 74' lang='lat' dir='ltr'><strong>IX.</strong></span> <span class='ocrx_word' id='word_1_172' title='bbox 2072 1194 2136 1243; x_wconf 79' lang='lat' dir='ltr'><strong>At</strong></span> <span class='ocrx_word' id='word_1_173' title='bbox 2178 1192 2387 1259; x_wconf 65' lang='lat' dir='ltr'><strong>quoties</strong></span> <span class='ocrx_word' id='word_1_174' title='bbox 2441 1193 2750 1263; x_wconf 77' lang='lat' dir='ltr'><strong>episcopum</strong></span> <span class='ocrx_word' id='word_1_175' title='bbox 2783 1197 3201 1257; x_wconf 78' lang='lat' dir='ltr'><strong>eonsecraveris,</strong></span> <span class='ocrx_word' id='word_1_176' title='bbox 3232 1198 3339 1251; x_wconf 87' lang='lat' dir='ltr'><strong>duo</strong></span> <span class='ocrx_word' id='word_1_177' title='bbox 3369 1200 3453 1252; x_wconf 69' lang='lat' dir='ltr'><strong>Vol</strong></span> 
     </span>
    </p>
   </div>
   <div class='ocr_carea' id='block_1_27' title="bbox 1865 1287 3452 1357">
    <p class='ocr_par' dir='ltr' id='par_1_27' title="bbox 1865 1287 3452 1357">
     <span class='ocr_line' id='line_1_27' title="bbox 1865 1287 3452 1357; baseline 0.003 -19"><span class='ocrx_word' id='word_1_178' title='bbox 1865 1296 1971 1339; x_wconf 83' lang='lat' dir='ltr'><strong>tres</strong></span> <span class='ocrx_word' id='word_1_179' title='bbox 2017 1290 2339 1339; x_wconf 87' lang='lat' dir='ltr'><strong>conveniant</strong></span> <span class='ocrx_word' id='word_1_180' title='bbox 2400 1295 2574 1339; x_wconf 89' lang='lat' dir='ltr'><strong>tecum</strong></span> <span class='ocrx_word' id='word_1_181' title='bbox 2634 1287 2892 1354; x_wconf 60' lang='lat' dir='ltr'><strong>episcopi,</strong></span> <span class='ocrx_word' id='word_1_182' title='bbox 2924 1298 2981 1340; x_wconf 86' lang='grc' dir='ltr'><strong>ιιι</strong></span> <span class='ocrx_word' id='word_1_183' title='bbox 3013 1288 3121 1342; x_wconf 87' lang='lat' dir='ltr'><strong>Deo</strong></span> <span class='ocrx_word' id='word_1_184' title='bbox 3152 1291 3222 1342; x_wconf 90' lang='lat' dir='ltr'><strong>sit</strong></span> <span class='ocrx_word' id='word_1_185' title='bbox 3246 1303 3452 1357; x_wconf 81' lang='lat' dir='ltr'><strong>gratum</strong></span> 
     </span>
    </p>
   </div>
   <div class='ocr_carea' id='block_1_28' title="bbox 1863 1378 3453 1449">
    <p class='ocr_par' dir='ltr' id='par_1_28' title="bbox 1863 1378 3453 1449">
     <span class='ocr_line' id='line_1_28' title="bbox 1863 1378 3453 1449; baseline 0.004 -19"><span class='ocrx_word' id='word_1_186' title='bbox 1863 1378 2001 1446; x_wconf 89' lang='lat' dir='ltr'><strong>quod</strong></span> <span class='ocrx_word' id='word_1_187' title='bbox 2026 1381 2249 1446; x_wconf 82' lang='lat' dir='ltr'><strong>geritur,</strong></span> <span class='ocrx_word' id='word_1_188' title='bbox 2282 1390 2335 1432; x_wconf 88' lang='lat' dir='ltr'><strong>et</strong></span> <span class='ocrx_word' id='word_1_189' title='bbox 2356 1381 2433 1433; x_wconf 83' lang='lat' dir='ltr'><strong>eis</strong></span> <span class='ocrx_word' id='word_1_190' title='bbox 2461 1380 2929 1441; x_wconf 84' lang='lat' dir='ltr'><strong>convenientibus,</strong></span> <span class='ocrx_word' id='word_1_191' title='bbox 2958 1382 3193 1449; x_wconf 82' lang='lat' dir='ltr'><strong>ipsisque</strong></span> <span class='ocrx_word' id='word_1_192' title='bbox 3216 1397 3453 1449; x_wconf 70' lang='lat' dir='ltr'><strong>praesen-</strong></span> 
     </span>
    </p>
   </div>
   <div class='ocr_carea' id='block_1_29' title="bbox 1865 1469 3454 1541">
    <p class='ocr_par' dir='ltr' id='par_1_29' title="bbox 1865 1469 3454 1541">
     <span class='ocr_line' id='line_1_29' title="bbox 1865 1469 3454 1541; baseline 0.002 -19"><span class='ocrx_word' id='word_1_193' title='bbox 1865 1469 2002 1522; x_wconf 88' lang='lat' dir='ltr'><strong>tibus</strong></span> <span class='ocrx_word' id='word_1_194' title='bbox 2033 1487 2338 1523; x_wconf 88' lang='lat' dir='ltr'><strong>conseercs.</strong></span> <span class='ocrx_word' id='word_1_195' title='bbox 2368 1472 2490 1523; x_wconf 72' lang='grc' dir='ltr'><strong>Ιῑςυε</strong></span> <span class='ocrx_word' id='word_1_196' title='bbox 2523 1486 2592 1531; x_wconf 89' lang='lat' dir='ltr'><strong>te,</strong></span> <span class='ocrx_word' id='word_1_197' title='bbox 2626 1471 2790 1525; x_wconf 89' lang='lat' dir='ltr'><strong>frater</strong></span> <span class='ocrx_word' id='word_1_198' title='bbox 2813 1472 3151 1535; x_wconf 70' lang='lat' dir='ltr'><strong>charissima,</strong></span> <span class='ocrx_word' id='word_1_199' title='bbox 3171 1473 3454 1541; x_wconf 73' lang='lat' dir='ltr'><strong>diligenter</strong></span> 
     </span>
    </p>
   </div>
   <div class='ocr_carea' id='block_1_30' title="bbox 1863 1562 3450 1630">
    <p class='ocr_par' dir='ltr' id='par_1_30' title="bbox 1863 1562 3450 1630">
     <span class='ocr_line' id='line_1_30' title="bbox 1863 1562 3450 1630; baseline 0 -19"><span class='ocrx_word' id='word_1_200' title='bbox 1863 1562 2152 1615; x_wconf 83' lang='lat' dir='ltr'><strong>observare</strong></span> <span class='ocrx_word' id='word_1_201' title='bbox 2184 1562 2451 1621; x_wconf 84' lang='lat' dir='ltr'><strong>Volumus,</strong></span> <span class='ocrx_word' id='word_1_202' title='bbox 2483 1570 2536 1612; x_wconf 74' lang='lat' dir='ltr'><strong>et</strong></span> <span class='ocrx_word' id='word_1_203' title='bbox 2566 1563 2743 1613; x_wconf 89' lang='lat' dir='ltr'><strong>studio</strong></span> <span class='ocrx_word' id='word_1_204' title='bbox 2776 1563 2985 1628; x_wconf 79' lang='lat' dir='ltr'><strong>pietatis</strong></span> <span class='ocrx_word' id='word_1_205' title='bbox 3016 1571 3250 1628; x_wconf 72' lang='lat' dir='ltr'><strong>emptum</strong></span> <span class='ocrx_word' id='word_1_206' title='bbox 3284 1579 3450 1630; x_wconf 78' lang='lat' dir='ltr'><strong>nego-</strong></span> 
     </span>
    </p>
   </div>
   <div class='ocr_carea' id='block_1_31' title="bbox 1867 1654 3452 1721">
    <p class='ocr_par' dir='ltr' id='par_1_31' title="bbox 1867 1654 3452 1721">
     <span class='ocr_line' id='line_1_31' title="bbox 1867 1654 3452 1721; baseline 0.002 -16"><span class='ocrx_word' id='word_1_207' title='bbox 1867 1656 1994 1705; x_wconf 90' lang='lat' dir='ltr'><strong>tium</strong></span> <span class='ocrx_word' id='word_1_208' title='bbox 2048 1655 2237 1706; x_wconf 87' lang='lat' dir='ltr'><strong>salutis</strong></span> <span class='ocrx_word' id='word_1_209' title='bbox 2265 1654 2519 1721; x_wconf 74' lang='lat' dir='ltr'><strong>exsequi;</strong></span> <span class='ocrx_word' id='word_1_210' title='bbox 2547 1664 2603 1705; x_wconf 89' lang='lat' dir='ltr'><strong>nt</strong></span> <span class='ocrx_word' id='word_1_211' title='bbox 2632 1654 2698 1705; x_wconf 87' lang='lat' dir='ltr'><strong>de</strong></span> <span class='ocrx_word' id='word_1_212' title='bbox 2728 1654 2875 1705; x_wconf 88' lang='lat' dir='ltr'><strong>lucro</strong></span> <span class='ocrx_word' id='word_1_213' title='bbox 2904 1665 3185 1720; x_wconf 87' lang='lat' dir='ltr'><strong>apportato</strong></span> <span class='ocrx_word' id='word_1_214' title='bbox 3213 1655 3393 1708; x_wconf 72' lang='lat' dir='ltr'><strong>valeas</strong></span> <span class='ocrx_word' id='word_1_215' title='bbox 3424 1672 3452 1708; x_wconf 76' lang='grc' dir='ltr'><strong>ιι</strong></span> 
     </span>
    </p>
   </div>
   <div class='ocr_carea' id='block_1_32' title="bbox 1866 1745 3451 1813">
    <p class='ocr_par' dir='ltr' id='par_1_32' title="bbox 1866 1745 3451 1813">
     <span class='ocr_line' id='line_1_32' title="bbox 1866 1745 3451 1813; baseline 0.001 -16"><span class='ocrx_word' id='word_1_216' title='bbox 1866 1747 2093 1798; x_wconf 83' lang='lat' dir='ltr'><strong>Domino</strong></span> <span class='ocrx_word' id='word_1_217' title='bbox 2147 1747 2257 1799; x_wconf 89' lang='lat' dir='ltr'><strong>Deo</strong></span> <span class='ocrx_word' id='word_1_218' title='bbox 2304 1754 2488 1797; x_wconf 82' lang='lat' dir='ltr'><strong>nostro</strong></span> <span class='ocrx_word' id='word_1_219' title='bbox 2521 1745 2823 1797; x_wconf 81' lang='lat' dir='ltr'><strong>mercedem</strong></span> <span class='ocrx_word' id='word_1_220' title='bbox 2856 1746 3133 1813; x_wconf 86' lang='lat' dir='ltr'><strong>percipere</strong></span> <span class='ocrx_word' id='word_1_221' title='bbox 3169 1747 3219 1797; x_wconf 90' lang='lat' dir='ltr'><strong>in</strong></span> <span class='ocrx_word' id='word_1_222' title='bbox 3253 1757 3451 1799; x_wconf 73' lang='lat' dir='ltr'><strong>mtt-rna</strong></span> 
     </span>
    </p>
   </div>
   <div class='ocr_carea' id='block_1_33' title="bbox 1865 1835 3448 1903">
    <p class='ocr_par' dir='ltr' id='par_1_33' title="bbox 1865 1835 3448 1903">
     <span class='ocr_line' id='line_1_33' title="bbox 1865 1835 3448 1903; baseline -0.001 -15"><span class='ocrx_word' id='word_1_223' title='bbox 1865 1837 2235 1889; x_wconf 83' lang='lat' dir='ltr'><strong>retributione.</strong></span> <span class='ocrx_word' id='word_1_224' title='bbox 2270 1835 2613 1901; x_wconf 78' lang='lat' dir='ltr'><strong>Privileginm</strong></span> <span class='ocrx_word' id='word_1_225' title='bbox 2647 1850 2772 1887; x_wconf 86' lang='lat' dir='ltr'><strong>vero</strong></span> <span class='ocrx_word' id='word_1_226' title='bbox 2800 1836 2945 1901; x_wconf 78' lang='lat' dir='ltr'><strong>juxta</strong></span> <span class='ocrx_word' id='word_1_227' title='bbox 2975 1837 3117 1903; x_wconf 87' lang='lat' dir='ltr'><strong>quod</strong></span> <span class='ocrx_word' id='word_1_228' title='bbox 3154 1838 3337 1902; x_wconf 70' lang='lat' dir='ltr'><strong>peti~ti</strong></span> <span class='ocrx_word' id='word_1_229' title='bbox 3371 1838 3448 1888; x_wconf 69' lang='lat' dir='ltr'><strong>fa-</strong></span> 
     </span>
    </p>
   </div>
   <div class='ocr_carea' id='block_1_34' title="bbox 178 1894 3449 1995">
    <p class='ocr_par' dir='ltr' id='par_1_34' title="bbox 178 1894 3449 1995">
     <span class='ocr_line' id='line_1_34' title="bbox 178 1894 3449 1995; baseline -0.002 -16"><span class='ocrx_word' id='word_1_230' title='bbox 178 1932 269 1985; x_wconf 81' lang='lat' dir='ltr'><strong>ris,</strong></span> <span class='ocrx_word' id='word_1_231' title='bbox 308 1929 449 1980; x_wconf 90' lang='lat' dir='ltr'><strong>hunc</strong></span> <span class='ocrx_word' id='word_1_232' title='bbox 478 1926 789 1995; x_wconf 79' lang='lat' dir='ltr'><strong>apostolica:</strong></span> <span class='ocrx_word' id='word_1_233' title='bbox 820 1926 965 1977; x_wconf 83' lang='lat' dir='ltr'><strong>sedis</strong></span> <span class='ocrx_word' id='word_1_234' title='bbox 992 1922 1175 1991; x_wconf 81' lang='lat' dir='ltr'><strong>vigore</strong></span> <span class='ocrx_word' id='word_1_235' title='bbox 1199 1923 1425 1988; x_wconf 81' lang='lat' dir='ltr'><strong>uljnxta</strong></span> <span class='ocrx_word' id='word_1_236' title='bbox 1456 1934 1758 1974; x_wconf 88' lang='lat' dir='ltr'><strong>sanctorum</strong></span> <span class='ocrx_word' id='word_1_237' title='bbox 1793 1894 1839 1953; x_wconf 78' lang='grc' dir='ltr'><strong>Β</strong></span> <span class='ocrx_word' id='word_1_238' title='bbox 1872 1928 2092 1981; x_wconf 81' lang='lat' dir='ltr'><strong>cientes.</strong></span> <span class='ocrx_word' id='word_1_239' title='bbox 2125 1925 2204 1976; x_wconf 88' lang='lat' dir='ltr'><strong>his</strong></span> <span class='ocrx_word' id='word_1_240' title='bbox 2236 1924 2476 1990; x_wconf 86' lang='lat' dir='ltr'><strong>junctum</strong></span> <span class='ocrx_word' id='word_1_241' title='bbox 2510 1923 2847 1986; x_wconf 71' lang='lat' dir='ltr'><strong>direximus;</strong></span> <span class='ocrx_word' id='word_1_242' title='bbox 2881 1935 3128 1991; x_wconf 84' lang='lat' dir='ltr'><strong>optantes</strong></span> <span class='ocrx_word' id='word_1_243' title='bbox 3152 1936 3203 1979; x_wconf 86' lang='lat' dir='ltr'><strong>tc</strong></span> <span class='ocrx_word' id='word_1_244' title='bbox 3238 1926 3449 1979; x_wconf 86' lang='lat' dir='ltr'><strong>Domini</strong></span> 
     </span>
    </p>
   </div>
   <div class='ocr_carea' id='block_1_35' title="bbox 176 2012 1759 2085">
    <p class='ocr_par' dir='ltr' id='par_1_35' title="bbox 176 2012 1759 2085">
     <span class='ocr_line' id='line_1_35' title="bbox 176 2012 1759 2085; baseline -0.004 -16"><span class='ocrx_word' id='word_1_245' title='bbox 176 2036 438 2071; x_wconf 74' lang='lat' dir='ltr'><strong>canonum</strong></span> <span class='ocrx_word' id='word_1_246' title='bbox 468 2033 748 2071; x_wconf 68' lang='lat' dir='ltr'><strong>censuram</strong></span> <span class='ocrx_word' id='word_1_247' title='bbox 781 2018 1023 2085; x_wconf 78' lang='lat' dir='ltr'><strong>corrigas</strong></span> <span class='ocrx_word' id='word_1_248' title='bbox 1046 2026 1093 2068; x_wconf 87' lang='lat' dir='ltr'><strong>ei</strong></span> <span class='ocrx_word' id='word_1_249' title='bbox 1112 2013 1369 2067; x_wconf 82' lang='lat' dir='ltr'><strong>emendes</strong></span> <span class='ocrx_word' id='word_1_250' title='bbox 1389 2012 1759 2081; x_wconf 67' lang='lat' dir='ltr'><strong>prmcipimtts;</strong></span> 
     </span>
    </p>
   </div>
   <div class='ocr_carea' id='block_1_36' title="bbox 178 2105 1760 2177">
    <p class='ocr_par' dir='ltr' id='par_1_36' title="bbox 178 2105 1760 2177">
     <span class='ocr_line' id='line_1_36' title="bbox 178 2105 1760 2177; baseline -0.002 -19"><span class='ocrx_word' id='word_1_251' title='bbox 178 2112 258 2164; x_wconf 85' lang='lat' dir='ltr'><strong>vel</strong></span> <span class='ocrx_word' id='word_1_252' title='bbox 287 2110 330 2162; x_wconf 88' lang='lat' dir='ltr'><strong>si</strong></span> <span class='ocrx_word' id='word_1_253' title='bbox 356 2124 494 2177; x_wconf 77' lang='lat' dir='ltr'><strong>quos</strong></span> <span class='ocrx_word' id='word_1_254' title='bbox 527 2112 705 2162; x_wconf 84' lang='lat' dir='ltr'><strong>forsan</strong></span> <span class='ocrx_word' id='word_1_255' title='bbox 741 2109 874 2160; x_wconf 84' lang='lat' dir='ltr'><strong>tales</strong></span> <span class='ocrx_word' id='word_1_256' title='bbox 896 2105 1191 2159; x_wconf 83' lang='lat' dir='ltr'><strong>inveneris.</strong></span> <span class='ocrx_word' id='word_1_257' title='bbox 1226 2106 1315 2158; x_wconf 88' lang='lat' dir='ltr'><strong>lile</strong></span> <span class='ocrx_word' id='word_1_258' title='bbox 1345 2105 1487 2158; x_wconf 86' lang='lat' dir='ltr'><strong>enim</strong></span> <span class='ocrx_word' id='word_1_259' title='bbox 1522 2106 1760 2165; x_wconf 62' lang='lat' dir='ltr'><strong>veniens,</strong></span> 
     </span>
    </p>
   </div>
   <div class='ocr_carea' id='block_1_37' title="bbox 183 2194 1761 2267">
    <p class='ocr_par' dir='ltr' id='par_1_37' title="bbox 183 2194 1761 2267">
     <span class='ocr_line' id='line_1_37' title="bbox 183 2194 1761 2267; baseline -0.004 -15"><span class='ocrx_word' id='word_1_260' title='bbox 183 2201 470 2267; x_wconf 73' lang='lat' dir='ltr'><strong>I‘te-bvter</strong></span> <span class='ocrx_word' id='word_1_261' title='bbox 516 2214 661 2260; x_wconf 83' lang='lat' dir='ltr'><strong>sum,</strong></span> <span class='ocrx_word' id='word_1_262' title='bbox 718 2198 811 2258; x_wconf 88' lang='lat' dir='ltr'><strong>ait,</strong></span> <span class='ocrx_word' id='word_1_263' title='bbox 858 2206 910 2249; x_wconf 90' lang='lat' dir='ltr'><strong>et</strong></span> <span class='ocrx_word' id='word_1_264' title='bbox 963 2194 1430 2249; x_wconf 88' lang='lat' dir='ltr'><strong>commendatitias</strong></span> <span class='ocrx_word' id='word_1_265' title='bbox 1487 2196 1550 2244; x_wconf 90' lang='lat' dir='ltr'><strong>al</strong></span> <span class='ocrx_word' id='word_1_266' title='bbox 1598 2194 1761 2245; x_wconf 87' lang='lat' dir='ltr'><strong>lilium</strong></span> 
     </span>
    </p>
   </div>
   <div class='ocr_carea' id='block_1_38' title="bbox 181 2284 1763 2353">
    <p class='ocr_par' dir='ltr' id='par_1_38' title="bbox 181 2284 1763 2353">
     <span class='ocr_line' id='line_1_38' title="bbox 181 2284 1763 2353; baseline -0.004 -12"><span class='ocrx_word' id='word_1_267' title='bbox 181 2305 422 2341; x_wconf 81' lang='lat' dir='ltr'><strong>nostrum</strong></span> <span class='ocrx_word' id='word_1_268' title='bbox 476 2290 726 2341; x_wconf 69' lang='lat' dir='ltr'><strong>(Iarolttm</strong></span> <span class='ocrx_word' id='word_1_269' title='bbox 761 2289 965 2341; x_wconf 87' lang='lat' dir='ltr'><strong>litteras</strong></span> <span class='ocrx_word' id='word_1_270' title='bbox 993 2286 1237 2353; x_wconf 69' lang='lat' dir='ltr'><strong>expetiit.</strong></span> <span class='ocrx_word' id='word_1_271' title='bbox 1269 2284 1475 2338; x_wconf 82' lang='lat' dir='ltr'><strong>Nullam</strong></span> <span class='ocrx_word' id='word_1_272' title='bbox 1506 2286 1577 2335; x_wconf 90' lang='lat' dir='ltr'><strong>illi</strong></span> <span class='ocrx_word' id='word_1_273' title='bbox 1607 2286 1763 2337; x_wconf 87' lang='lat' dir='ltr'><strong>aliam</strong></span> 
     </span>
    </p>
   </div>
   <div class='ocr_carea' id='block_1_39' title="bbox 178 2378 1764 2446">
    <p class='ocr_par' dir='ltr' id='par_1_39' title="bbox 178 2378 1764 2446">
     <span class='ocr_line' id='line_1_39' title="bbox 178 2378 1764 2446; baseline -0.003 -14"><span class='ocrx_word' id='word_1_274' title='bbox 178 2384 543 2437; x_wconf 55' lang='lat' dir='ltr'><strong>i&#39;oocessitntts</strong></span> <span class='ocrx_word' id='word_1_275' title='bbox 594 2380 864 2434; x_wconf 79' lang='lat' dir='ltr'><strong>licentiam</strong></span> <span class='ocrx_word' id='word_1_276' title='bbox 921 2397 931 2429; x_wconf 90' lang='lat'>:</span> <span class='ocrx_word' id='word_1_277' title='bbox 985 2393 1141 2446; x_wconf 89' lang='lat' dir='ltr'><strong>quem</strong></span> <span class='ocrx_word' id='word_1_278' title='bbox 1168 2378 1348 2441; x_wconf 81' lang='lat' dir='ltr'><strong>vitari,</strong></span> <span class='ocrx_word' id='word_1_279' title='bbox 1375 2380 1415 2431; x_wconf 89' lang='lat' dir='ltr'><strong>si</strong></span> <span class='ocrx_word' id='word_1_280' title='bbox 1448 2392 1609 2445; x_wconf 78' lang='lat' dir='ltr'><strong>prave</strong></span> <span class='ocrx_word' id='word_1_281' title='bbox 1641 2394 1764 2431; x_wconf 86' lang='lat' dir='ltr'><strong>cou-</strong></span> 
     </span>
    </p>
   </div>
   <div class='ocr_carea' id='block_1_40' title="bbox 177 2472 1121 2542">
    <p class='ocr_par' dir='ltr' id='par_1_40' title="bbox 177 2472 1121 2542">
     <span class='ocr_line' id='line_1_40' title="bbox 177 2472 1121 2542; baseline -0.003 -16"><span class='ocrx_word' id='word_1_282' title='bbox 177 2486 443 2534; x_wconf 65' lang='lat' dir='ltr'><strong>vt-rsatur,</strong></span> <span class='ocrx_word' id='word_1_283' title='bbox 476 2490 596 2529; x_wconf 91' lang='lat' dir='ltr'><strong>cum</strong></span> <span class='ocrx_word' id='word_1_284' title='bbox 620 2474 840 2542; x_wconf 82' lang='lat' dir='ltr'><strong>reliquis</strong></span> <span class='ocrx_word' id='word_1_285' title='bbox 858 2472 1121 2526; x_wconf 84' lang='lat' dir='ltr'><strong>volumus.</strong></span> 
     </span>
    </p>
   </div>
   <div class='ocr_carea' id='block_1_41' title="bbox 250 2583 1766 2654">
    <p class='ocr_par' dir='ltr' id='par_1_41' title="bbox 250 2583 1766 2654">
     <span class='ocr_line' id='line_1_41' title="bbox 250 2583 1766 2654; baseline -0.004 -11"><span class='ocrx_word' id='word_1_286' title='bbox 250 2592 285 2643; x_wconf 96' lang='grc'><strong>1.</strong></span> <span class='ocrx_word' id='word_1_287' title='bbox 326 2590 705 2654; x_wconf 72' lang='lat' dir='ltr'><strong>Eosdem-tuo,</strong></span> <span class='ocrx_word' id='word_1_288' title='bbox 765 2600 897 2653; x_wconf 87' lang='lat' dir='ltr'><strong>quos</strong></span> <span class='ocrx_word' id='word_1_289' title='bbox 947 2600 976 2637; x_wconf 91' lang='lat' dir='ltr'><strong>a</strong></span> <span class='ocrx_word' id='word_1_290' title='bbox 1030 2584 1252 2653; x_wconf 87' lang='lat' dir='ltr'><strong>paganis</strong></span> <span class='ocrx_word' id='word_1_291' title='bbox 1308 2583 1602 2651; x_wconf 71' lang='lat' dir='ltr'><strong>baptizatos</strong></span> <span class='ocrx_word' id='word_1_292' title='bbox 1648 2598 1766 2637; x_wconf 79' lang='lat' dir='ltr'><strong>esse</strong></span> 
     </span>
    </p>
   </div>
   <div class='ocr_carea' id='block_1_42' title="bbox 177 2674 1763 2742">
    <p class='ocr_par' dir='ltr' id='par_1_42' title="bbox 177 2674 1763 2742">
     <span class='ocr_line' id='line_1_42' title="bbox 177 2674 1763 2742; baseline -0.007 -9"><span class='ocrx_word' id='word_1_293' title='bbox 177 2682 481 2741; x_wconf 78' lang='lat' dir='ltr'><strong>asseruisti,</strong></span> <span class='ocrx_word' id='word_1_294' title='bbox 534 2681 576 2733; x_wconf 95' lang='lat' dir='ltr'><strong>si</strong></span> <span class='ocrx_word' id='word_1_295' title='bbox 630 2682 701 2731; x_wconf 91' lang='lat' dir='ltr'><strong>ita</strong></span> <span class='ocrx_word' id='word_1_296' title='bbox 750 2678 993 2742; x_wconf 90' lang='lat' dir='ltr'><strong>habetur,</strong></span> <span class='ocrx_word' id='word_1_297' title='bbox 1021 2686 1073 2728; x_wconf 91' lang='grc' dir='ltr'><strong>ιιι</strong></span> <span class='ocrx_word' id='word_1_298' title='bbox 1107 2677 1283 2729; x_wconf 91' lang='lat' dir='ltr'><strong>denuo</strong></span> <span class='ocrx_word' id='word_1_299' title='bbox 1316 2674 1554 2741; x_wconf 78' lang='lat' dir='ltr'><strong>biptizes</strong></span> <span class='ocrx_word' id='word_1_300' title='bbox 1584 2676 1632 2727; x_wconf 91' lang='lat' dir='ltr'><strong>in</strong></span> <span class='ocrx_word' id='word_1_301' title='bbox 1664 2692 1763 2728; x_wconf 83' lang='lat' dir='ltr'><strong>no-</strong></span> 
     </span>
    </p>
   </div>
   <div class='ocr_carea' id='block_1_43' title="bbox 181 2767 1758 2837">
    <p class='ocr_par' dir='ltr' id='par_1_43' title="bbox 181 2767 1758 2837">
     <span class='ocr_line' id='line_1_43' title="bbox 181 2767 1758 2837; baseline -0.003 -12"><span class='ocrx_word' id='word_1_302' title='bbox 181 2774 327 2827; x_wconf 90' lang='lat' dir='ltr'><strong>mine</strong></span> <span class='ocrx_word' id='word_1_303' title='bbox 391 2780 596 2825; x_wconf 78' lang='lat' dir='ltr'><strong>sancta:</strong></span> <span class='ocrx_word' id='word_1_304' title='bbox 650 2768 928 2823; x_wconf 82' lang='lat' dir='ltr'><strong>Trinitatis</strong></span> <span class='ocrx_word' id='word_1_305' title='bbox 984 2768 1321 2821; x_wconf 85' lang='lat' dir='ltr'><strong>mandamus.</strong></span> <span class='ocrx_word' id='word_1_306' title='bbox 1377 2767 1476 2837; x_wconf 83' lang='lat' dir='ltr'><strong>(De</strong></span> <span class='ocrx_word' id='word_1_307' title='bbox 1530 2768 1758 2821; x_wconf 78' lang='lat' dir='ltr'><strong>Conscc.</strong></span> 
     </span>
    </p>
   </div>
   <div class='ocr_carea' id='block_1_44' title="bbox 176 2862 437 2930">
    <p class='ocr_par' dir='ltr' id='par_1_44' title="bbox 176 2862 437 2930">
     <span class='ocr_line' id='line_1_44' title="bbox 176 2862 437 2930; baseline -0.011 -14"><span class='ocrx_word' id='word_1_308' title='bbox 176 2866 303 2918; x_wconf 78' lang='lat' dir='ltr'><strong>t|i~t.</strong></span> <span class='ocrx_word' id='word_1_309' title='bbox 332 2862 437 2930; x_wconf 69' lang='grc'><strong>4.).</strong></span> 
     </span>
    </p>
   </div>
   <div class='ocr_carea' id='block_1_45' title="bbox 248 2948 1761 3021">
    <p class='ocr_par' dir='ltr' id='par_1_45' title="bbox 248 2948 1761 3021">
     <span class='ocr_line' id='line_1_45' title="bbox 248 2948 1761 3021; baseline -0.007 -12"><span class='ocrx_word' id='word_1_310' title='bbox 248 2957 313 3009; x_wconf 87' lang='lat' dir='ltr'><strong>ll.</strong></span> <span class='ocrx_word' id='word_1_311' title='bbox 350 2956 492 3009; x_wconf 89' lang='lat' dir='ltr'><strong>Inter</strong></span> <span class='ocrx_word' id='word_1_312' title='bbox 533 2964 729 3007; x_wconf 65' lang='lat' dir='ltr'><strong>Caetera</strong></span> <span class='ocrx_word' id='word_1_313' title='bbox 756 2960 1022 3021; x_wconf 82' lang='lat' dir='ltr'><strong>agrestem</strong></span> <span class='ocrx_word' id='word_1_314' title='bbox 1047 2950 1306 3003; x_wconf 81' lang='lat' dir='ltr'><strong>caballum</strong></span> <span class='ocrx_word' id='word_1_315' title='bbox 1340 2948 1642 3017; x_wconf 86' lang='lat' dir='ltr'><strong>aliquantos</strong></span> <span class='ocrx_word' id='word_1_316' title='bbox 1670 2964 1761 3002; x_wconf 85' lang='lat' dir='ltr'><strong>co-</strong></span> 
     </span>
    </p>
   </div>
   <div class='ocr_carea' id='block_1_46' title="bbox 181 3040 1765 3117">
    <p class='ocr_par' dir='ltr' id='par_1_46' title="bbox 181 3040 1765 3117">
     <span class='ocr_line' id='line_1_46' title="bbox 181 3040 1765 3117; baseline -0.006 -15"><span class='ocrx_word' id='word_1_317' title='bbox 181 3051 400 3104; x_wconf 86' lang='lat' dir='ltr'><strong>medere</strong></span> <span class='ocrx_word' id='word_1_318' title='bbox 448 3044 763 3117; x_wconf 73' lang='lat' dir='ltr'><strong>adiunxisti,</strong></span> <span class='ocrx_word' id='word_1_319' title='bbox 812 3047 1094 3113; x_wconf 86' lang='lat' dir='ltr'><strong>plerosque</strong></span> <span class='ocrx_word' id='word_1_320' title='bbox 1150 3054 1206 3096; x_wconf 93' lang='lat' dir='ltr'><strong>ct</strong></span> <span class='ocrx_word' id='word_1_321' title='bbox 1242 3042 1621 3095; x_wconf 86' lang='lat' dir='ltr'><strong>domesticum.</strong></span> <span class='ocrx_word' id='word_1_322' title='bbox 1655 3040 1765 3093; x_wconf 85' lang='lat' dir='ltr'><strong>lluc</strong></span> 
     </span>
    </p>
   </div>
   <div class='ocr_carea' id='block_1_47' title="bbox 182 3133 1762 3209">
    <p class='ocr_par' dir='ltr' id='par_1_47' title="bbox 182 3133 1762 3209">
     <span class='ocr_line' id='line_1_47' title="bbox 182 3133 1762 3209; baseline -0.006 -16"><span class='ocrx_word' id='word_1_323' title='bbox 182 3154 520 3209; x_wconf 82' lang='lat' dir='ltr'><strong>nequaquam</strong></span> <span class='ocrx_word' id='word_1_324' title='bbox 559 3139 674 3191; x_wconf 61' lang='lat' dir='ltr'><strong>fieri</strong></span> <span class='ocrx_word' id='word_1_325' title='bbox 707 3138 984 3204; x_wconf 89' lang='lat' dir='ltr'><strong>deinceps,</strong></span> <span class='ocrx_word' id='word_1_326' title='bbox 1010 3134 1348 3189; x_wconf 85' lang='lat' dir='ltr'><strong>sanctissime</strong></span> <span class='ocrx_word' id='word_1_327' title='bbox 1371 3133 1559 3195; x_wconf 86' lang='lat' dir='ltr'><strong>frater,</strong></span> <span class='ocrx_word' id='word_1_328' title='bbox 1594 3134 1762 3192; x_wconf 83' lang='lat' dir='ltr'><strong>siuas,</strong></span> 
     </span>
    </p>
   </div>
   <div class='ocr_carea' id='block_1_48' title="bbox 1870 2014 3449 2083">
    <p class='ocr_par' dir='ltr' id='par_1_48' title="bbox 1870 2014 3449 2083">
     <span class='ocr_line' id='line_1_48' title="bbox 1870 2014 3449 2083; baseline 0.001 -15"><span class='ocrx_word' id='word_1_329' title='bbox 1870 2016 1959 2068; x_wconf 85' lang='lat' dir='ltr'><strong>Dei</strong></span> <span class='ocrx_word' id='word_1_330' title='bbox 2040 2016 2202 2067; x_wconf 70' lang='lat' dir='ltr'><strong>no~lri</strong></span> <span class='ocrx_word' id='word_1_331' title='bbox 2268 2014 2515 2083; x_wconf 58' lang='lat' dir='ltr'><strong>prtesidio</strong></span> <span class='ocrx_word' id='word_1_332' title='bbox 2587 2016 2654 2067; x_wconf 91' lang='lat' dir='ltr'><strong>de</strong></span> <span class='ocrx_word' id='word_1_333' title='bbox 2729 2016 3080 2069; x_wconf 82' lang='lat' dir='ltr'><strong>conversione</strong></span> <span class='ocrx_word' id='word_1_334' title='bbox 3155 2019 3449 2070; x_wconf 89' lang='lat' dir='ltr'><strong>errantium</strong></span> 
     </span>
    </p>
   </div>
   <div class='ocr_carea' id='block_1_49' title="bbox 1865 2105 3449 2181">
    <p class='ocr_par' dir='ltr' id='par_1_49' title="bbox 1865 2105 3449 2181">
     <span class='ocr_line' id='line_1_49' title="bbox 1865 2105 3449 2181; baseline 0.001 -21"><span class='ocrx_word' id='word_1_335' title='bbox 1865 2105 2076 2160; x_wconf 82' lang='lat' dir='ltr'><strong>Christo</strong></span> <span class='ocrx_word' id='word_1_336' title='bbox 2103 2108 2325 2158; x_wconf 91' lang='lat' dir='ltr'><strong>Domino</strong></span> <span class='ocrx_word' id='word_1_337' title='bbox 2349 2107 2717 2173; x_wconf 78' lang='lat' dir='ltr'><strong>plenissimum</strong></span> <span class='ocrx_word' id='word_1_338' title='bbox 2734 2109 3256 2174; x_wconf 80' lang='lat' dir='ltr'><strong>apportarelucrum.</strong></span> <span class='ocrx_word' id='word_1_339' title='bbox 3274 2109 3449 2181; x_wconf 84' lang='lat' dir='ltr'><strong>[Rom.</strong></span> 
     </span>
    </p>
   </div>
   <div class='ocr_carea' id='block_1_50' title="bbox 1868 2194 3453 2263">
    <p class='ocr_par' dir='ltr' id='par_1_50' title="bbox 1868 2194 3453 2263">
     <span class='ocr_line' id='line_1_50' title="bbox 1868 2194 3453 2263; baseline 0.003 -16"><span class='ocrx_word' id='word_1_340' title='bbox 1868 2206 2026 2263; x_wconf 86' lang='lat' dir='ltr'><strong>atque</strong></span> <span class='ocrx_word' id='word_1_341' title='bbox 2055 2197 2315 2263; x_wconf 80' lang='lat' dir='ltr'><strong>integrum</strong></span> <span class='ocrx_word' id='word_1_342' title='bbox 2342 2194 2667 2263; x_wconf 82' lang='lat' dir='ltr'><strong>apportare].</strong></span> <span class='ocrx_word' id='word_1_343' title='bbox 2703 2196 2839 2249; x_wconf 85' lang='lat' dir='ltr'><strong>Deus</strong></span> <span class='ocrx_word' id='word_1_344' title='bbox 2864 2206 2915 2249; x_wconf 89' lang='lat' dir='ltr'><strong>te</strong></span> <span class='ocrx_word' id='word_1_345' title='bbox 2940 2197 3257 2251; x_wconf 89' lang='lat' dir='ltr'><strong>incolumem</strong></span> <span class='ocrx_word' id='word_1_346' title='bbox 3272 2211 3453 2254; x_wconf 78' lang='lat' dir='ltr'><strong>custo-</strong></span> 
     </span>
    </p>
   </div>
   <div class='ocr_carea' id='block_1_51' title="bbox 1868 2286 2660 2350">
    <p class='ocr_par' dir='ltr' id='par_1_51' title="bbox 1868 2286 2660 2350">
     <span class='ocr_line' id='line_1_51' title="bbox 1868 2286 2660 2350; baseline -0.001 -10"><span class='ocrx_word' id='word_1_347' title='bbox 1868 2286 1997 2350; x_wconf 82' lang='lat' dir='ltr'><strong>diat,</strong></span> <span class='ocrx_word' id='word_1_348' title='bbox 2022 2288 2449 2340; x_wconf 78' lang='lat' dir='ltr'><strong>reverentissime</strong></span> <span class='ocrx_word' id='word_1_349' title='bbox 2478 2286 2660 2340; x_wconf 58' lang='grc' dir='ltr'><strong>[ναι-έν.</strong></span> 
     </span>
    </p>
   </div>
   <div class='ocr_carea' id='block_1_52' title="bbox 2458 2399 2878 2453">
    <p class='ocr_par' dir='ltr' id='par_1_52' title="bbox 2458 2399 2878 2453">
     <span class='ocr_line' id='line_1_52' title="bbox 2458 2399 2878 2453; baseline 0.005 -2"><span class='ocrx_word' id='word_1_350' title='bbox 2458 2400 2782 2453; x_wconf 69' lang='lat' dir='ltr'><strong>EPISTULA</strong></span> <span class='ocrx_word' id='word_1_351' title='bbox 2814 2399 2878 2453; x_wconf 92' lang='lat' dir='ltr'><strong>ll.</strong></span> 
     </span>
    </p>
   </div>
   <div class='ocr_carea' id='block_1_53' title="bbox 1869 2504 3451 2553">
    <p class='ocr_par' dir='ltr' id='par_1_53' title="bbox 1869 2504 3451 2553">
     <span class='ocr_line' id='line_1_53' title="bbox 1869 2504 3451 2553; baseline -0.001 -7"><span class='ocrx_word' id='word_1_352' title='bbox 1869 2508 2112 2547; x_wconf 74' lang='lat' dir='ltr'><strong>caecos&quot;</strong></span> <span class='ocrx_word' id='word_1_353' title='bbox 2154 2508 2297 2545; x_wconf 57' lang='lat' dir='ltr'><strong>mea:</strong></span> <span class='ocrx_word' id='word_1_354' title='bbox 2332 2506 2385 2543; x_wconf 87' lang='lat' dir='ltr'><strong>nt</strong></span> <span class='ocrx_word' id='word_1_355' title='bbox 2421 2509 2485 2543; x_wconf 77' lang='grc' dir='ltr'><strong>Αιι</strong></span> <span class='ocrx_word' id='word_1_356' title='bbox 2524 2504 2696 2542; x_wconf 64' lang='lat' dir='ltr'><strong>&quot;uvas</strong></span> <span class='ocrx_word' id='word_1_357' title='bbox 2729 2507 3025 2553; x_wconf 73' lang='lat' dir='ltr'><strong>muscoros,</strong></span> <span class='ocrx_word' id='word_1_358' title='bbox 3060 2507 3451 2553; x_wconf 56' lang='lat' dir='ltr'><strong>rnemvrenos.</strong></span> 
     </span>
    </p>
   </div>
   <div class='ocr_carea' id='block_1_54' title="bbox 2487 2577 2837 2614">
    <p class='ocr_par' dir='ltr' id='par_1_54' title="bbox 2487 2577 2837 2614">
     <span class='ocr_line' id='line_1_54' title="bbox 2487 2577 2837 2614; baseline 0.003 -1"><span class='ocrx_word' id='word_1_359' title='bbox 2487 2577 2549 2613; x_wconf 82' lang='grc' dir='ltr'>ΕΤ</span> <span class='ocrx_word' id='word_1_360' title='bbox 2582 2578 2676 2613; x_wconf 71' lang='grc' dir='ltr'><strong>Ᾱίἒυ</strong></span> <span class='ocrx_word' id='word_1_361' title='bbox 2692 2578 2837 2614; x_wconf 68' lang='grc' dir='ltr'><strong>ιτες.</strong></span> 
     </span>
    </p>
   </div>
   <div class='ocr_carea' id='block_1_55' title="bbox 1869 2652 3455 2719">
    <p class='ocr_par' dir='ltr' id='par_1_55' title="bbox 1869 2652 3455 2719">
     <span class='ocr_line' id='line_1_55' title="bbox 1869 2652 3455 2719; baseline 0.001 -13"><span class='ocrx_word' id='word_1_362' title='bbox 1869 2652 2197 2706; x_wconf 79' lang='lat' dir='ltr'><strong>Commendat</strong></span> <span class='ocrx_word' id='word_1_363' title='bbox 2252 2653 2577 2719; x_wconf 75' lang='lat' dir='ltr'><strong>fiouifacium</strong></span> <span class='ocrx_word' id='word_1_364' title='bbox 2626 2654 2677 2704; x_wconf 81' lang='lat' dir='ltr'><strong>in</strong></span> <span class='ocrx_word' id='word_1_365' title='bbox 2708 2652 3033 2706; x_wconf 75' lang='lat' dir='ltr'><strong>Germaniam</strong></span> <span class='ocrx_word' id='word_1_366' title='bbox 3056 2656 3368 2718; x_wconf 79' lang='lat' dir='ltr'><strong>redeuntem,</strong></span> <span class='ocrx_word' id='word_1_367' title='bbox 3398 2665 3455 2707; x_wconf 88' lang='lat' dir='ltr'><strong>ut</strong></span> 
     </span>
    </p>
   </div>
   <div class='ocr_carea' id='block_1_56' title="bbox 1939 2725 3450 2796">
    <p class='ocr_par' dir='ltr' id='par_1_56' title="bbox 1939 2725 3450 2796">
     <span class='ocr_line' id='line_1_56' title="bbox 1939 2725 3450 2796; baseline 0.001 -22"><span class='ocrx_word' id='word_1_368' title='bbox 1939 2727 2081 2776; x_wconf 73' lang='lat' dir='ltr'><strong>illum</strong></span> <span class='ocrx_word' id='word_1_369' title='bbox 2127 2726 2390 2787; x_wconf 73' lang='lat' dir='ltr'><strong>adiuvent,</strong></span> <span class='ocrx_word' id='word_1_370' title='bbox 2442 2736 2510 2787; x_wconf 83' lang='lat' dir='ltr'><strong>et,</strong></span> <span class='ocrx_word' id='word_1_371' title='bbox 2561 2726 2603 2775; x_wconf 85' lang='lat' dir='ltr'><strong>si</strong></span> <span class='ocrx_word' id='word_1_372' title='bbox 2653 2727 2764 2791; x_wconf 81' lang='lat' dir='ltr'><strong>quis</strong></span> <span class='ocrx_word' id='word_1_373' title='bbox 2811 2725 2887 2776; x_wconf 81' lang='lat' dir='ltr'><strong>illi</strong></span> <span class='ocrx_word' id='word_1_374' title='bbox 2918 2742 2971 2777; x_wconf 77' lang='lat' dir='ltr'><strong>se</strong></span> <span class='ocrx_word' id='word_1_375' title='bbox 3000 2727 3282 2796; x_wconf 75' lang='lat' dir='ltr'><strong>adjungcrc</strong></span> <span class='ocrx_word' id='word_1_376' title='bbox 3312 2729 3450 2789; x_wconf 77' lang='lat' dir='ltr'><strong>velit,</strong></span> 
     </span>
    </p>
   </div>
   <div class='ocr_carea' id='block_1_57' title="bbox 1941 2797 2394 2858">
    <p class='ocr_par' dir='ltr' id='par_1_57' title="bbox 1941 2797 2394 2858">
     <span class='ocr_line' id='line_1_57' title="bbox 1941 2797 2394 2858; baseline 0 -12"><span class='ocrx_word' id='word_1_377' title='bbox 1941 2812 2043 2847; x_wconf 83' lang='lat' dir='ltr'><strong>non</strong></span> <span class='ocrx_word' id='word_1_378' title='bbox 2074 2797 2394 2858; x_wconf 70' lang='lat' dir='ltr'><strong>prohibeant.</strong></span> 
     </span>
    </p>
   </div>
   <div class='ocr_carea' id='block_1_58' title="bbox 1946 2878 3447 2959">
    <p class='ocr_par' dir='ltr' id='par_1_58' title="bbox 1946 2878 3447 2959">
     <span class='ocr_line' id='line_1_58' title="bbox 1946 2878 3447 2959; baseline -0.001 -18"><span class='ocrx_word' id='word_1_379' title='bbox 1946 2878 2419 2959; x_wconf 59' lang='lat' dir='ltr'><strong>GregmiusiEdit.</strong></span> <span class='ocrx_word' id='word_1_380' title='bbox 2467 2887 2620 2940; x_wconf 79' lang='lat' dir='ltr'><strong>Rom.</strong></span> <span class='ocrx_word' id='word_1_381' title='bbox 2654 2889 2779 2941; x_wconf 89' lang='lat' dir='ltr'><strong>add.</strong></span> <span class='ocrx_word' id='word_1_382' title='bbox 2811 2884 3100 2956; x_wconf 68' lang='lat' dir='ltr'><strong>episcopus}</strong></span> <span class='ocrx_word' id='word_1_383' title='bbox 3124 2902 3312 2941; x_wconf 87' lang='lat' dir='ltr'><strong>servus</strong></span> <span class='ocrx_word' id='word_1_384' title='bbox 3333 2902 3447 2940; x_wconf 84' lang='lat' dir='ltr'><strong>ser-</strong></span> 
     </span>
    </p>
   </div>
   <div class='ocr_carea' id='block_1_59' title="bbox 1874 2979 3454 3046">
    <p class='ocr_par' dir='ltr' id='par_1_59' title="bbox 1874 2979 3454 3046">
     <span class='ocr_line' id='line_1_59' title="bbox 1874 2979 3454 3046; baseline 0.001 -16"><span class='ocrx_word' id='word_1_385' title='bbox 1874 2994 2057 3033; x_wconf 90' lang='lat' dir='ltr'><strong>vorum</strong></span> <span class='ocrx_word' id='word_1_386' title='bbox 2084 2979 2177 3032; x_wconf 79' lang='lat' dir='ltr'><strong>Dei</strong></span> <span class='ocrx_word' id='word_1_387' title='bbox 2206 2979 2566 3031; x_wconf 81' lang='lat' dir='ltr'><strong>dilectissimis</strong></span> <span class='ocrx_word' id='word_1_388' title='bbox 2598 2980 2751 3031; x_wconf 71' lang='lat' dir='ltr'><strong>nobis</strong></span> <span class='ocrx_word' id='word_1_389' title='bbox 2769 2979 3015 3031; x_wconf 91' lang='lat' dir='ltr'><strong>omnibus</strong></span> <span class='ocrx_word' id='word_1_390' title='bbox 3044 2980 3328 3046; x_wconf 86' lang='lat' dir='ltr'><strong>episcopis,</strong></span> <span class='ocrx_word' id='word_1_391' title='bbox 3357 2994 3454 3032; x_wconf 80' lang='lat' dir='ltr'><strong>ve-</strong></span> 
     </span>
    </p>
   </div>
   <div class='ocr_carea' id='block_1_60' title="bbox 1872 3071 3456 3141">
    <p class='ocr_par' dir='ltr' id='par_1_60' title="bbox 1872 3071 3456 3141">
     <span class='ocr_line' id='line_1_60' title="bbox 1872 3071 3456 3141; baseline -0.001 -15"><span class='ocrx_word' id='word_1_392' title='bbox 1872 3073 2192 3126; x_wconf 86' lang='lat' dir='ltr'><strong>nerabilibus</strong></span> <span class='ocrx_word' id='word_1_393' title='bbox 2239 3073 2599 3140; x_wconf 82' lang='lat' dir='ltr'><strong>presbyteris,</strong></span> <span class='ocrx_word' id='word_1_394' title='bbox 2663 3072 2925 3141; x_wconf 80' lang='lat' dir='ltr'><strong>rel&#39;giosis</strong></span> <span class='ocrx_word' id='word_1_395' title='bbox 2973 3071 3285 3135; x_wconf 88' lang='lat' dir='ltr'><strong>abbatibus,</strong></span> <span class='ocrx_word' id='word_1_396' title='bbox 3340 3087 3456 3125; x_wconf 85' lang='lat' dir='ltr'><strong>om-</strong></span> 
     </span>
    </p>
   </div>
   <div class='ocr_carea' id='block_1_61' title="bbox 1872 3163 2463 3232">
    <p class='ocr_par' dir='ltr' id='par_1_61' title="bbox 1872 3163 2463 3232">
     <span class='ocr_line' id='line_1_61' title="bbox 1872 3163 2463 3232; baseline -0.002 -15"><span class='ocrx_word' id='word_1_397' title='bbox 1872 3166 2013 3217; x_wconf 92' lang='lat' dir='ltr'><strong>nium</strong></span> <span class='ocrx_word' id='word_1_398' title='bbox 2046 3163 2463 3232; x_wconf 83' lang='lat' dir='ltr'><strong>provinciarum.</strong></span> 
     </span>
    </p>
   </div>
   <div class='ocr_carea' id='block_1_62' title="bbox 182 3224 3454 3325">
    <p class='ocr_par' dir='ltr' id='par_1_62' title="bbox 182 3224 3454 3325">
     <span class='ocr_line' id='line_1_62' title="bbox 182 3224 3454 3325; baseline 0.003 -23"><span class='ocrx_word' id='word_1_399' title='bbox 182 3234 274 3285; x_wconf 57' lang='lat'><strong>5““</strong></span> <span class='ocrx_word' id='word_1_400' title='bbox 332 3232 526 3298; x_wconf 69' lang='grc' dir='ltr'><strong>ηυίδυδ</strong></span> <span class='ocrx_word' id='word_1_401' title='bbox 570 3227 1283 3325; x_wconf 32' lang='grc' dir='ltr'><strong>ν⁰¹¹¹θτίξίλ¹¹τίδίθιίιξν²¹¹¹¹θ</strong></span> <span class='ocrx_word' id='word_1_402' title='bbox 1314 3224 1488 3325; x_wconf 45' lang='lat' dir='ltr'><strong>mm“?</strong></span> <span class='ocrx_word' id='word_1_403' title='bbox 1520 3238 1758 3325; x_wconf 42' lang='grc' dir='ltr'><strong>ρετ-θην</strong></span> <span class='ocrx_word' id='word_1_404' title='bbox 1794 3249 1839 3309; x_wconf 91' lang='lat' dir='ltr'>C</span> <span class='ocrx_word' id='word_1_405' title='bbox 1943 3256 2172 3310; x_wconf 91' lang='lat' dir='ltr'><strong>Domino</strong></span> <span class='ocrx_word' id='word_1_406' title='bbox 2228 3266 2573 3323; x_wconf 84' lang='lat' dir='ltr'><strong>cooperante,</strong></span> <span class='ocrx_word' id='word_1_407' title='bbox 2635 3266 2688 3309; x_wconf 90' lang='lat' dir='ltr'><strong>et</strong></span> <span class='ocrx_word' id='word_1_408' title='bbox 2738 3271 3040 3311; x_wconf 87' lang='lat' dir='ltr'><strong>sermonem</strong></span> <span class='ocrx_word' id='word_1_409' title='bbox 3075 3258 3454 3325; x_wconf 77' lang='lat' dir='ltr'><strong>confirmante,</strong></span> 
     </span>
    </p>
   </div>
   <div class='ocr_carea' id='block_1_63' title="bbox 186 3318 1759 3391">
    <p class='ocr_par' dir='ltr' id='par_1_63' title="bbox 186 3318 1759 3391">
     <span class='ocr_line' id='line_1_63' title="bbox 186 3318 1759 3391; baseline -0.005 -15"><span class='ocrx_word' id='word_1_410' title='bbox 186 3325 269 3376; x_wconf 87' lang='lat' dir='ltr'><strong>nia</strong></span> <span class='ocrx_word' id='word_1_411' title='bbox 322 3338 626 3391; x_wconf 76' lang='lat' dir='ltr'><strong>cntttpeSt‘e,</strong></span> <span class='ocrx_word' id='word_1_412' title='bbox 670 3331 723 3376; x_wconf 89' lang='lat' dir='ltr'><strong>et</strong></span> <span class='ocrx_word' id='word_1_413' title='bbox 767 3321 977 3390; x_wconf 81' lang='lat' dir='ltr'><strong>dignam</strong></span> <span class='ocrx_word' id='word_1_414' title='bbox 1006 3320 1085 3374; x_wconf 91' lang='lat' dir='ltr'><strong>eis</strong></span> <span class='ocrx_word' id='word_1_415' title='bbox 1108 3321 1319 3387; x_wconf 78' lang='lat' dir='ltr'><strong>impone</strong></span> <span class='ocrx_word' id='word_1_416' title='bbox 1346 3318 1712 3387; x_wconf 76' lang='lat' dir='ltr'><strong>ptenitentiam</strong></span> <span class='ocrx_word' id='word_1_417' title='bbox 1746 3333 1759 3368; x_wconf 92' lang='lat'><strong>:</strong></span> 
     </span>
    </p>
   </div>
   <div class='ocr_carea' id='block_1_64' title="bbox 187 3408 1374 3478">
    <p class='ocr_par' dir='ltr' id='par_1_64' title="bbox 187 3408 1374 3478">
     <span class='ocr_line' id='line_1_64' title="bbox 187 3408 1374 3478; baseline -0.007 -11"><span class='ocrx_word' id='word_1_418' title='bbox 187 3414 525 3468; x_wconf 86' lang='lat' dir='ltr'><strong>immundum</strong></span> <span class='ocrx_word' id='word_1_419' title='bbox 556 3422 637 3467; x_wconf 85' lang='lat' dir='ltr'><strong>est</strong></span> <span class='ocrx_word' id='word_1_420' title='bbox 668 3410 810 3465; x_wconf 90' lang='lat' dir='ltr'><strong>enim</strong></span> <span class='ocrx_word' id='word_1_421' title='bbox 835 3422 993 3478; x_wconf 90' lang='lat' dir='ltr'><strong>atque</strong></span> <span class='ocrx_word' id='word_1_422' title='bbox 1019 3408 1374 3463; x_wconf 78' lang='lat' dir='ltr'><strong>exsecrabile.</strong></span> 
     </span>
    </p>
   </div>
   <div class='ocr_carea' id='block_1_65' title="bbox 260 3500 1767 3571">
    <p class='ocr_par' dir='ltr' id='par_1_65' title="bbox 260 3500 1767 3571">
     <span class='ocr_line' id='line_1_65' title="bbox 260 3500 1767 3571; baseline -0.003 -14"><span class='ocrx_word' id='word_1_423' title='bbox 260 3504 345 3559; x_wconf 88' lang='lat' dir='ltr'><strong>Itl.</strong></span> <span class='ocrx_word' id='word_1_424' title='bbox 384 3505 487 3558; x_wconf 81' lang='lat' dir='ltr'><strong>Pro</strong></span> <span class='ocrx_word' id='word_1_425' title='bbox 540 3504 863 3558; x_wconf 87' lang='lat' dir='ltr'><strong>obeuntibus</strong></span> <span class='ocrx_word' id='word_1_426' title='bbox 910 3517 1125 3571; x_wconf 84' lang='lat' dir='ltr'><strong>quoque</strong></span> <span class='ocrx_word' id='word_1_427' title='bbox 1179 3501 1495 3555; x_wconf 85' lang='lat' dir='ltr'><strong>consuluisti</strong></span> <span class='ocrx_word' id='word_1_428' title='bbox 1535 3502 1578 3555; x_wconf 87' lang='lat' dir='ltr'><strong>si</strong></span> <span class='ocrx_word' id='word_1_429' title='bbox 1610 3500 1767 3555; x_wconf 87' lang='lat' dir='ltr'><strong>liceat</strong></span> 
     </span>
    </p>
   </div>
   <div class='ocr_carea' id='block_1_66' title="bbox 185 3590 1764 3668">
    <p class='ocr_par' dir='ltr' id='par_1_66' title="bbox 185 3590 1764 3668">
     <span class='ocr_line' id='line_1_66' title="bbox 185 3590 1764 3668; baseline -0.001 -21"><span class='ocrx_word' id='word_1_430' title='bbox 185 3598 381 3650; x_wconf 83' lang='lat' dir='ltr'><strong>offerre</strong></span> <span class='ocrx_word' id='word_1_431' title='bbox 427 3595 629 3668; x_wconf 85' lang='lat' dir='ltr'><strong>[Rom.,</strong></span> <span class='ocrx_word' id='word_1_432' title='bbox 660 3595 955 3649; x_wconf 86' lang='lat' dir='ltr'><strong>oblationes</strong></span> <span class='ocrx_word' id='word_1_433' title='bbox 992 3590 1228 3663; x_wconf 83' lang='lat' dir='ltr'><strong>offerre].</strong></span> <span class='ocrx_word' id='word_1_434' title='bbox 1261 3592 1373 3663; x_wconf 76' lang='lat' dir='ltr'><strong>(l5,</strong></span> <span class='ocrx_word' id='word_1_435' title='bbox 1403 3610 1458 3661; x_wconf 87' lang='lat' dir='ltr'><strong>q.</strong></span> <span class='ocrx_word' id='word_1_436' title='bbox 1489 3592 1547 3662; x_wconf 77' lang='lat'><strong>‘2)</strong></span> <span class='ocrx_word' id='word_1_437' title='bbox 1570 3593 1764 3647; x_wconf 86' lang='lat' dir='ltr'><strong>Sancta</strong></span> 
     </span>
    </p>
   </div>
   <div class='ocr_carea' id='block_1_67' title="bbox 188 3684 1767 3754">
    <p class='ocr_par' dir='ltr' id='par_1_67' title="bbox 188 3684 1767 3754">
     <span class='ocr_line' id='line_1_67' title="bbox 188 3684 1767 3754; baseline -0.001 -15"><span class='ocrx_word' id='word_1_438' title='bbox 188 3691 263 3742; x_wconf 81' lang='lat' dir='ltr'><strong>sic</strong></span> <span class='ocrx_word' id='word_1_439' title='bbox 288 3698 432 3742; x_wconf 89' lang='lat' dir='ltr'><strong>tenet</strong></span> <span class='ocrx_word' id='word_1_440' title='bbox 463 3689 721 3750; x_wconf 79' lang='lat' dir='ltr'><strong>Lcclesia,</strong></span> <span class='ocrx_word' id='word_1_441' title='bbox 770 3695 827 3739; x_wconf 91' lang='grc' dir='ltr'><strong>ιιι</strong></span> <span class='ocrx_word' id='word_1_442' title='bbox 870 3686 1094 3754; x_wconf 86' lang='lat' dir='ltr'><strong>quisque</strong></span> <span class='ocrx_word' id='word_1_443' title='bbox 1125 3699 1219 3752; x_wconf 93' lang='lat' dir='ltr'><strong>pro</strong></span> <span class='ocrx_word' id='word_1_444' title='bbox 1248 3685 1359 3738; x_wconf 91' lang='lat' dir='ltr'><strong>suis</strong></span> <span class='ocrx_word' id='word_1_445' title='bbox 1385 3684 1611 3737; x_wconf 64' lang='lat' dir='ltr'><strong>mortuis</strong></span> <span class='ocrx_word' id='word_1_446' title='bbox 1638 3699 1767 3737; x_wconf 87' lang='lat' dir='ltr'><strong>vere</strong></span> 
     </span>
    </p>
   </div>
   <div class='ocr_carea' id='block_1_68' title="bbox 186 3779 1767 3845">
    <p class='ocr_par' dir='ltr' id='par_1_68' title="bbox 186 3779 1767 3845">
     <span class='ocr_line' id='line_1_68' title="bbox 186 3779 1767 3845; baseline 0 -15"><span class='ocrx_word' id='word_1_447' title='bbox 186 3781 505 3834; x_wconf 73' lang='lat' dir='ltr'><strong>Christianis</strong></span> <span class='ocrx_word' id='word_1_448' title='bbox 534 3780 726 3833; x_wconf 82' lang='lat' dir='ltr'><strong>offerat</strong></span> <span class='ocrx_word' id='word_1_449' title='bbox 753 3779 1070 3839; x_wconf 80' lang='lat' dir='ltr'><strong>oblationes,</strong></span> <span class='ocrx_word' id='word_1_450' title='bbox 1119 3790 1279 3845; x_wconf 84' lang='lat' dir='ltr'><strong>atque</strong></span> <span class='ocrx_word' id='word_1_451' title='bbox 1326 3792 1508 3830; x_wconf 89' lang='lat' dir='ltr'><strong>eorum</strong></span> <span class='ocrx_word' id='word_1_452' title='bbox 1563 3792 1767 3830; x_wconf 84' lang='lat' dir='ltr'><strong>memo-</strong></span> 
     </span>
    </p>
   </div>
   <div class='ocr_carea' id='block_1_69' title="bbox 190 3869 1770 3944">
    <p class='ocr_par' dir='ltr' id='par_1_69' title="bbox 190 3869 1770 3944">
     <span class='ocr_line' id='line_1_69' title="bbox 190 3869 1770 3944; baseline -0.001 -20"><span class='ocrx_word' id='word_1_453' title='bbox 190 3874 320 3924; x_wconf 85' lang='lat' dir='ltr'><strong>riam</strong></span> <span class='ocrx_word' id='word_1_454' title='bbox 371 3870 529 3924; x_wconf 81' lang='lat' dir='ltr'><strong>faciat</strong></span> <span class='ocrx_word' id='word_1_455' title='bbox 560 3870 858 3939; x_wconf 77' lang='lat' dir='ltr'><strong>presbyter.</strong></span> <span class='ocrx_word' id='word_1_456' title='bbox 915 3869 981 3923; x_wconf 82' lang='lat' dir='ltr'><strong>Et</strong></span> <span class='ocrx_word' id='word_1_457' title='bbox 1028 3872 1269 3944; x_wconf 67' lang='lat' dir='ltr'><strong>quamvis</strong></span> <span class='ocrx_word' id='word_1_458' title='bbox 1325 3884 1512 3923; x_wconf 92' lang='lat' dir='ltr'><strong>omnes</strong></span> <span class='ocrx_word' id='word_1_459' title='bbox 1538 3870 1770 3938; x_wconf 82' lang='lat' dir='ltr'><strong>peccatis</strong></span> 
     </span>
    </p>
   </div>
   <div class='ocr_carea' id='block_1_70' title="bbox 185 3959 1769 4031">
    <p class='ocr_par' dir='ltr' id='par_1_70' title="bbox 185 3959 1769 4031">
     <span class='ocr_line' id='line_1_70' title="bbox 185 3959 1769 4031; baseline -0.002 -17"><span class='ocrx_word' id='word_1_460' title='bbox 185 3961 584 4031; x_wconf 81' lang='lat' dir='ltr'><strong>subjaceamus,</strong></span> <span class='ocrx_word' id='word_1_461' title='bbox 640 3962 883 4031; x_wconf 78' lang='lat' dir='ltr'><strong>congruit</strong></span> <span class='ocrx_word' id='word_1_462' title='bbox 928 3972 1104 4014; x_wconf 85' lang='lat' dir='ltr'><strong>tamen</strong></span> <span class='ocrx_word' id='word_1_463' title='bbox 1159 3969 1217 4012; x_wconf 91' lang='lat' dir='ltr'><strong>ut</strong></span> <span class='ocrx_word' id='word_1_464' title='bbox 1258 3959 1511 4014; x_wconf 85' lang='lat' dir='ltr'><strong>sacerdos</strong></span> <span class='ocrx_word' id='word_1_465' title='bbox 1537 3975 1641 4012; x_wconf 91' lang='lat' dir='ltr'><strong>non</strong></span> <span class='ocrx_word' id='word_1_466' title='bbox 1671 3959 1769 4011; x_wconf 91' lang='lat' dir='ltr'><strong>nisi</strong></span> 
     </span>
    </p>
   </div>
   <div class='ocr_carea' id='block_1_71' title="bbox 190 4051 1771 4127">
    <p class='ocr_par' dir='ltr' id='par_1_71' title="bbox 190 4051 1771 4127">
     <span class='ocr_line' id='line_1_71' title="bbox 190 4051 1771 4127; baseline -0.004 -18"><span class='ocrx_word' id='word_1_467' title='bbox 190 4058 369 4127; x_wconf 70' lang='lat' dir='ltr'><strong>litem.</strong></span> <span class='ocrx_word' id='word_1_468' title='bbox 429 4070 532 4107; x_wconf 87' lang='lat' dir='ltr'><strong>om.</strong></span> <span class='ocrx_word' id='word_1_469' title='bbox 595 4068 701 4108; x_wconf 91' lang='lat' dir='ltr'><strong>non</strong></span> <span class='ocrx_word' id='word_1_470' title='bbox 734 4052 858 4124; x_wconf 83' lang='lat' dir='ltr'><strong>nisi]</strong></span> <span class='ocrx_word' id='word_1_471' title='bbox 890 4067 985 4121; x_wconf 90' lang='lat' dir='ltr'><strong>pro</strong></span> <span class='ocrx_word' id='word_1_472' title='bbox 1010 4051 1234 4105; x_wconf 82' lang='lat' dir='ltr'><strong>mortuis</strong></span> <span class='ocrx_word' id='word_1_473' title='bbox 1263 4052 1539 4104; x_wconf 86' lang='lat' dir='ltr'><strong>catholicis</strong></span> <span class='ocrx_word' id='word_1_474' title='bbox 1568 4067 1771 4104; x_wconf 80' lang='lat' dir='ltr'><strong>memo-</strong></span> 
     </span>
    </p>
   </div>
   <div class='ocr_carea' id='block_1_72' title="bbox 190 4143 1770 4211">
    <p class='ocr_par' dir='ltr' id='par_1_72' title="bbox 190 4143 1770 4211">
     <span class='ocr_line' id='line_1_72' title="bbox 190 4143 1770 4211; baseline -0.001 -13"><span class='ocrx_word' id='word_1_475' title='bbox 190 4150 324 4199; x_wconf 80' lang='lat' dir='ltr'><strong>riam</strong></span> <span class='ocrx_word' id='word_1_476' title='bbox 382 4146 541 4199; x_wconf 87' lang='lat' dir='ltr'><strong>faciat</strong></span> <span class='ocrx_word' id='word_1_477' title='bbox 596 4155 650 4200; x_wconf 90' lang='lat' dir='ltr'><strong>et</strong></span> <span class='ocrx_word' id='word_1_478' title='bbox 703 4145 1020 4198; x_wconf 81' lang='lat' dir='ltr'><strong>intercedat.</strong></span> <span class='ocrx_word' id='word_1_479' title='bbox 1078 4144 1193 4198; x_wconf 73' lang='lat' dir='ltr'><strong>Non</strong></span> <span class='ocrx_word' id='word_1_480' title='bbox 1239 4143 1382 4197; x_wconf 89' lang='lat' dir='ltr'><strong>enim</strong></span> <span class='ocrx_word' id='word_1_481' title='bbox 1428 4158 1523 4208; x_wconf 81' lang='lat' dir='ltr'><strong>pro</strong></span> <span class='ocrx_word' id='word_1_482' title='bbox 1572 4143 1770 4211; x_wconf 88' lang='lat' dir='ltr'><strong>impiis,</strong></span> 
     </span>
    </p>
   </div>
   <div class='ocr_carea' id='block_1_73' title="bbox 190 4235 1721 4305">
    <p class='ocr_par' dir='ltr' id='par_1_73' title="bbox 190 4235 1721 4305">
     <span class='ocr_line' id='line_1_73' title="bbox 190 4235 1721 4305; baseline -0.001 -15"><span class='ocrx_word' id='word_1_483' title='bbox 190 4237 439 4305; x_wconf 79' lang='lat' dir='ltr'><strong>quamvis</strong></span> <span class='ocrx_word' id='word_1_484' title='bbox 468 4235 767 4291; x_wconf 82' lang='lat' dir='ltr'><strong>Christiani</strong></span> <span class='ocrx_word' id='word_1_485' title='bbox 798 4236 1016 4299; x_wconf 81' lang='lat' dir='ltr'><strong>fuerint,</strong></span> <span class='ocrx_word' id='word_1_486' title='bbox 1049 4236 1151 4289; x_wconf 86' lang='lat' dir='ltr'><strong>tale</strong></span> <span class='ocrx_word' id='word_1_487' title='bbox 1182 4235 1306 4305; x_wconf 89' lang='lat' dir='ltr'><strong>quid</strong></span> <span class='ocrx_word' id='word_1_488' title='bbox 1336 4250 1495 4304; x_wconf 84' lang='lat' dir='ltr'><strong>agere</strong></span> <span class='ocrx_word' id='word_1_489' title='bbox 1522 4235 1721 4289; x_wconf 86' lang='lat' dir='ltr'><strong>licebit.</strong></span> 
     </span>
    </p>
   </div>
   <div class='ocr_carea' id='block_1_74' title="bbox 264 4349 1764 4418">
    <p class='ocr_par' dir='ltr' id='par_1_74' title="bbox 264 4349 1764 4418">
     <span class='ocr_line' id='line_1_74' title="bbox 264 4349 1764 4418; baseline 0.001 -15"><span class='ocrx_word' id='word_1_490' title='bbox 264 4350 352 4403; x_wconf 81' lang='lat' dir='ltr'><strong>IV.</strong></span> <span class='ocrx_word' id='word_1_491' title='bbox 383 4359 407 4386; x_wconf 78' lang='grc' dir='ltr'><strong>ι</strong></span> <span class='ocrx_word' id='word_1_492' title='bbox 436 4351 543 4404; x_wconf 83' lang='lat' dir='ltr'><strong>Eos</strong></span> <span class='ocrx_word' id='word_1_493' title='bbox 573 4349 735 4404; x_wconf 89' lang='lat' dir='ltr'><strong>etiam</strong></span> <span class='ocrx_word' id='word_1_494' title='bbox 767 4354 854 4417; x_wconf 89' lang='lat' dir='ltr'><strong>qui</strong></span> <span class='ocrx_word' id='word_1_495' title='bbox 882 4365 942 4403; x_wconf 84' lang='lat' dir='ltr'><strong>se</strong></span> <span class='ocrx_word' id='word_1_496' title='bbox 970 4351 1217 4404; x_wconf 87' lang='lat' dir='ltr'><strong>dubitant</strong></span> <span class='ocrx_word' id='word_1_497' title='bbox 1249 4349 1417 4404; x_wconf 89' lang='lat' dir='ltr'><strong>fuisse</strong></span> <span class='ocrx_word' id='word_1_498' title='bbox 1451 4351 1764 4418; x_wconf 72' lang='lat' dir='ltr'><strong>baptizatos,</strong></span> 
     </span>
    </p>
   </div>
   <div class='ocr_carea' id='block_1_75' title="bbox 192 4440 1766 4510">
    <p class='ocr_par' dir='ltr' id='par_1_75' title="bbox 192 4440 1766 4510">
     <span class='ocr_line' id='line_1_75' title="bbox 192 4440 1766 4510; baseline 0.005 -21"><span class='ocrx_word' id='word_1_499' title='bbox 192 4445 273 4492; x_wconf 69' lang='lat' dir='ltr'><strong>vel</strong></span> <span class='ocrx_word' id='word_1_500' title='bbox 308 4440 399 4508; x_wconf 87' lang='lat' dir='ltr'><strong>qui</strong></span> <span class='ocrx_word' id='word_1_501' title='bbox 425 4455 455 4493; x_wconf 87' lang='lat' dir='ltr'><strong>a</strong></span> <span class='ocrx_word' id='word_1_502' title='bbox 482 4440 796 4510; x_wconf 79' lang='lat' dir='ltr'><strong>presbytero</strong></span> <span class='ocrx_word' id='word_1_503' title='bbox 821 4440 937 4494; x_wconf 85' lang='lat' dir='ltr'><strong>Jovi</strong></span> <span class='ocrx_word' id='word_1_504' title='bbox 972 4452 1241 4497; x_wconf 89' lang='lat' dir='ltr'><strong>mactante</strong></span> <span class='ocrx_word' id='word_1_505' title='bbox 1271 4452 1324 4495; x_wconf 89' lang='lat' dir='ltr'><strong>et</strong></span> <span class='ocrx_word' id='word_1_506' title='bbox 1354 4457 1544 4496; x_wconf 88' lang='lat' dir='ltr'><strong>carnes</strong></span> <span class='ocrx_word' id='word_1_507' title='bbox 1577 4444 1766 4497; x_wconf 89' lang='lat' dir='ltr'><strong>immo-</strong></span> 
     </span>
    </p>
   </div>
   <div class='ocr_carea' id='block_1_76' title="bbox 195 4533 1774 4603">
    <p class='ocr_par' dir='ltr' id='par_1_76' title="bbox 195 4533 1774 4603">
     <span class='ocr_line' id='line_1_76' title="bbox 195 4533 1774 4603; baseline 0.003 -18"><span class='ocrx_word' id='word_1_508' title='bbox 195 4534 394 4586; x_wconf 68' lang='lat' dir='ltr'><strong>lititias</strong></span> <span class='ocrx_word' id='word_1_509' title='bbox 435 4541 682 4587; x_wconf 77' lang='lat' dir='ltr'><strong>vescente</strong></span> <span class='ocrx_word' id='word_1_510' title='bbox 741 4533 995 4602; x_wconf 80' lang='lat' dir='ltr'><strong>baptizati</strong></span> <span class='ocrx_word' id='word_1_511' title='bbox 1046 4544 1209 4601; x_wconf 84' lang='lat' dir='ltr'><strong>sunt,</strong></span> <span class='ocrx_word' id='word_1_512' title='bbox 1262 4544 1319 4589; x_wconf 90' lang='lat' dir='ltr'><strong>ut</strong></span> <span class='ocrx_word' id='word_1_513' title='bbox 1376 4536 1774 4603; x_wconf 85' lang='lat' dir='ltr'><strong>rebaptizentur</strong></span> 
     </span>
    </p>
   </div>
   <div class='ocr_carea' id='block_1_77' title="bbox 194 4622 549 4690">
    <p class='ocr_par' dir='ltr' id='par_1_77' title="bbox 194 4622 549 4690">
     <span class='ocr_line' id='line_1_77' title="bbox 194 4622 549 4690; baseline 0.008 -17"><span class='ocrx_word' id='word_1_514' title='bbox 194 4622 549 4690; x_wconf 71' lang='lat' dir='ltr'><strong>pra-cipimus.</strong></span> 
     </span>
    </p>
   </div>
   <div class='ocr_carea' id='block_1_78' title="bbox 273 4712 1771 4789">
    <p class='ocr_par' dir='ltr' id='par_1_78' title="bbox 273 4712 1771 4789">
     <span class='ocr_line' id='line_1_78' title="bbox 273 4712 1771 4789; baseline 0.006 -24"><span class='ocrx_word' id='word_1_515' title='bbox 273 4714 333 4765; x_wconf 85' lang='lat' dir='ltr'><strong>V.</strong></span> <span class='ocrx_word' id='word_1_516' title='bbox 368 4712 680 4781; x_wconf 79' lang='lat' dir='ltr'><strong>Progeniem</strong></span> <span class='ocrx_word' id='word_1_517' title='bbox 725 4730 854 4769; x_wconf 85' lang='lat' dir='ltr'><strong>vero</strong></span> <span class='ocrx_word' id='word_1_518' title='bbox 881 4730 1031 4769; x_wconf 89' lang='lat' dir='ltr'><strong>suam</strong></span> <span class='ocrx_word' id='word_1_519' title='bbox 1055 4733 1490 4788; x_wconf 90' lang='lat' dir='ltr'><strong>unumquemque</strong></span> <span class='ocrx_word' id='word_1_520' title='bbox 1514 4734 1678 4789; x_wconf 85' lang='lat' dir='ltr'><strong>usque</strong></span> <span class='ocrx_word' id='word_1_521' title='bbox 1708 4721 1771 4774; x_wconf 89' lang='lat' dir='ltr'><strong>ad</strong></span> 
     </span>
    </p>
   </div>
   <div class='ocr_carea' id='block_1_79' title="bbox 199 4805 1614 4873">
    <p class='ocr_par' dir='ltr' id='par_1_79' title="bbox 199 4805 1614 4873">
     <span class='ocr_line' id='line_1_79' title="bbox 199 4805 1614 4873; baseline 0.002 -13"><span class='ocrx_word' id='word_1_522' title='bbox 199 4806 480 4873; x_wconf 84' lang='lat' dir='ltr'><strong>septimam</strong></span> <span class='ocrx_word' id='word_1_523' title='bbox 505 4805 904 4872; x_wconf 79' lang='lat' dir='ltr'><strong>generationem</strong></span> <span class='ocrx_word' id='word_1_524' title='bbox 935 4808 1222 4863; x_wconf 84' lang='lat' dir='ltr'><strong>observare</strong></span> <span class='ocrx_word' id='word_1_525' title='bbox 1253 4811 1614 4865; x_wconf 87' lang='lat' dir='ltr'><strong>decrevimus.</strong></span> 
     </span>
    </p>
   </div>
   <div class='ocr_carea' id='block_1_80' title="bbox 272 4896 1777 4964">
    <p class='ocr_par' dir='ltr' id='par_1_80' title="bbox 272 4896 1777 4964">
     <span class='ocr_line' id='line_1_80' title="bbox 272 4896 1777 4964; baseline 0.003 -15"><span class='ocrx_word' id='word_1_526' title='bbox 272 4896 357 4949; x_wconf 78' lang='lat' dir='ltr'><strong>VI.</strong></span> <span class='ocrx_word' id='word_1_527' title='bbox 391 4897 453 4949; x_wconf 87' lang='lat' dir='ltr'><strong>Et</strong></span> <span class='ocrx_word' id='word_1_528' title='bbox 481 4896 525 4947; x_wconf 84' lang='lat' dir='ltr'><strong>si</strong></span> <span class='ocrx_word' id='word_1_529' title='bbox 556 4896 806 4961; x_wconf 64' lang='lat' dir='ltr'><strong>volueris,</strong></span> <span class='ocrx_word' id='word_1_530' title='bbox 841 4897 864 4934; x_wconf 72' lang='grc' dir='ltr'>ι’</span> <span class='ocrx_word' id='word_1_531' title='bbox 895 4897 1238 4951; x_wconf 85' lang='lat' dir='ltr'><strong>devitandum</strong></span> <span class='ocrx_word' id='word_1_532' title='bbox 1266 4899 1424 4964; x_wconf 91' lang='lat' dir='ltr'><strong>doce,</strong></span> <span class='ocrx_word' id='word_1_533' title='bbox 1458 4902 1621 4957; x_wconf 89' lang='lat' dir='ltr'><strong>necui</strong></span> <span class='ocrx_word' id='word_1_534' title='bbox 1645 4917 1777 4956; x_wconf 77' lang='lat' dir='ltr'><strong>uxor</strong></span> 
     </span>
    </p>
   </div>
   <div class='ocr_carea' id='block_1_81' title="bbox 197 4986 1593 5058">
    <p class='ocr_par' dir='ltr' id='par_1_81' title="bbox 197 4986 1593 5058">
     <span class='ocr_line' id='line_1_81' title="bbox 197 4986 1593 5058; baseline 0.004 -20"><span class='ocrx_word' id='word_1_535' title='bbox 197 4986 412 5048; x_wconf 82' lang='lat' dir='ltr'><strong>abierit,</strong></span> <span class='ocrx_word' id='word_1_536' title='bbox 444 4986 674 5054; x_wconf 84' lang='lat' dir='ltr'><strong>amplius</strong></span> <span class='ocrx_word' id='word_1_537' title='bbox 701 5002 859 5053; x_wconf 82' lang='lat' dir='ltr'><strong>quant</strong></span> <span class='ocrx_word' id='word_1_538' title='bbox 882 4986 1091 5042; x_wconf 89' lang='lat' dir='ltr'><strong>duabus</strong></span> <span class='ocrx_word' id='word_1_539' title='bbox 1119 4989 1310 5045; x_wconf 71' lang='lat' dir='ltr'><strong>debeat</strong></span> <span class='ocrx_word' id='word_1_540' title='bbox 1331 4992 1593 5058; x_wconf 91' lang='lat' dir='ltr'><strong>copulari.</strong></span> 
     </span>
    </p>
   </div>
   <div class='ocr_carea' id='block_1_82' title="bbox 277 5075 1774 5148">
    <p class='ocr_par' dir='ltr' id='par_1_82' title="bbox 277 5075 1774 5148">
     <span class='ocr_line' id='line_1_82' title="bbox 277 5075 1774 5148; baseline 0.003 -18"><span class='ocrx_word' id='word_1_541' title='bbox 277 5077 384 5131; x_wconf 78' lang='lat' dir='ltr'><strong>VII.</strong></span> <span class='ocrx_word' id='word_1_542' title='bbox 446 5075 521 5129; x_wconf 91' lang='lat' dir='ltr'><strong>De</strong></span> <span class='ocrx_word' id='word_1_543' title='bbox 562 5077 646 5129; x_wconf 90' lang='lat' dir='ltr'><strong>bis</strong></span> <span class='ocrx_word' id='word_1_544' title='bbox 699 5092 827 5131; x_wconf 90' lang='lat' dir='ltr'><strong>vero</strong></span> <span class='ocrx_word' id='word_1_545' title='bbox 880 5076 971 5145; x_wconf 90' lang='lat' dir='ltr'><strong>qui</strong></span> <span class='ocrx_word' id='word_1_546' title='bbox 1008 5090 1233 5145; x_wconf 81' lang='lat' dir='ltr'><strong>patrem,</strong></span> <span class='ocrx_word' id='word_1_547' title='bbox 1264 5092 1507 5145; x_wconf 90' lang='lat' dir='ltr'><strong>matrem,</strong></span> <span class='ocrx_word' id='word_1_548' title='bbox 1533 5078 1774 5148; x_wconf 91' lang='lat' dir='ltr'><strong>fratrem,</strong></span> 
     </span>
    </p>
   </div>
   <div class='ocr_carea' id='block_1_83' title="bbox 201 5169 1779 5244">
    <p class='ocr_par' dir='ltr' id='par_1_83' title="bbox 201 5169 1779 5244">
     <span class='ocr_line' id='line_1_83' title="bbox 201 5169 1779 5244; baseline 0.005 -24"><span class='ocrx_word' id='word_1_549' title='bbox 201 5180 293 5223; x_wconf 82' lang='lat' dir='ltr'><strong>aut</strong></span> <span class='ocrx_word' id='word_1_550' title='bbox 317 5183 561 5223; x_wconf 86' lang='lat' dir='ltr'><strong>sororem</strong></span> <span class='ocrx_word' id='word_1_551' title='bbox 591 5169 909 5233; x_wconf 87' lang='lat' dir='ltr'><strong>occiderint,</strong></span> <span class='ocrx_word' id='word_1_552' title='bbox 943 5169 1169 5225; x_wconf 88' lang='lat' dir='ltr'><strong>dicimus</strong></span> <span class='ocrx_word' id='word_1_553' title='bbox 1189 5180 1245 5223; x_wconf 91' lang='grc' dir='ltr'><strong>ιιι</strong></span> <span class='ocrx_word' id='word_1_554' title='bbox 1269 5180 1377 5225; x_wconf 89' lang='grc' dir='ltr'>ιοιο</span> <span class='ocrx_word' id='word_1_555' title='bbox 1398 5172 1518 5225; x_wconf 52' lang='lat' dir='ltr'><strong>vita).</strong></span> <span class='ocrx_word' id='word_1_556' title='bbox 1540 5182 1779 5244; x_wconf 89' lang='lat' dir='ltr'><strong>tempore</strong></span> 
     </span>
    </p>
   </div>
   <div class='ocr_carea' id='block_1_84' title="bbox 201 5263 1779 5333">
    <p class='ocr_par' dir='ltr' id='par_1_84' title="bbox 201 5263 1779 5333">
     <span class='ocr_line' id='line_1_84' title="bbox 201 5263 1779 5333; baseline 0.004 -19"><span class='ocrx_word' id='word_1_557' title='bbox 201 5279 396 5333; x_wconf 67' lang='lat' dir='ltr'><strong>corpus</strong></span> <span class='ocrx_word' id='word_1_558' title='bbox 443 5263 777 5317; x_wconf 89' lang='lat' dir='ltr'><strong>Dominieum</strong></span> <span class='ocrx_word' id='word_1_559' title='bbox 823 5278 926 5316; x_wconf 90' lang='lat' dir='ltr'><strong>non</strong></span> <span class='ocrx_word' id='word_1_560' title='bbox 952 5264 1266 5330; x_wconf 84' lang='lat' dir='ltr'><strong>suscipiant,</strong></span> <span class='ocrx_word' id='word_1_561' title='bbox 1291 5266 1391 5318; x_wconf 91' lang='lat' dir='ltr'><strong>nisi</strong></span> <span class='ocrx_word' id='word_1_562' title='bbox 1424 5265 1474 5318; x_wconf 90' lang='lat' dir='ltr'><strong>in</strong></span> <span class='ocrx_word' id='word_1_563' title='bbox 1510 5280 1608 5319; x_wconf 91' lang='lat' dir='ltr'><strong>suo</strong></span> <span class='ocrx_word' id='word_1_564' title='bbox 1635 5270 1779 5321; x_wconf 79' lang='lat' dir='ltr'><strong>exitu</strong></span> 
     </span>
    </p>
   </div>
   <div class='ocr_carea' id='block_1_85' title="bbox 206 5354 1779 5423">
    <p class='ocr_par' dir='ltr' id='par_1_85' title="bbox 206 5354 1779 5423">
     <span class='ocr_line' id='line_1_85' title="bbox 206 5354 1779 5423; baseline 0.004 -17"><span class='ocrx_word' id='word_1_565' title='bbox 206 5370 298 5422; x_wconf 85' lang='lat' dir='ltr'><strong>pro</strong></span> <span class='ocrx_word' id='word_1_566' title='bbox 328 5356 543 5408; x_wconf 88' lang='lat' dir='ltr'><strong>viatico.</strong></span> <span class='ocrx_word' id='word_1_567' title='bbox 567 5354 883 5408; x_wconf 82' lang='lat' dir='ltr'><strong>Abstineant</strong></span> <span class='ocrx_word' id='word_1_568' title='bbox 910 5356 1072 5409; x_wconf 83' lang='lat' dir='ltr'><strong>etiam</strong></span> <span class='ocrx_word' id='word_1_569' title='bbox 1099 5371 1158 5409; x_wconf 91' lang='lat' dir='ltr'><strong>se</strong></span> <span class='ocrx_word' id='word_1_570' title='bbox 1185 5357 1408 5411; x_wconf 89' lang='lat' dir='ltr'><strong>acarnis</strong></span> <span class='ocrx_word' id='word_1_571' title='bbox 1429 5357 1779 5423; x_wconf 85' lang='lat' dir='ltr'><strong>eomestioue,</strong></span> 
     </span>
    </p>
   </div>
   <div class='ocr_carea' id='block_1_86' title="bbox 204 5444 1779 5515">
    <p class='ocr_par' dir='ltr' id='par_1_86' title="bbox 204 5444 1779 5515">
     <span class='ocr_line' id='line_1_86' title="bbox 204 5444 1779 5515; baseline 0.002 -14"><span class='ocrx_word' id='word_1_572' title='bbox 204 5458 257 5501; x_wconf 82' lang='lat' dir='ltr'><strong>et</strong></span> <span class='ocrx_word' id='word_1_573' title='bbox 298 5457 423 5515; x_wconf 85' lang='lat' dir='ltr'><strong>potu</strong></span> <span class='ocrx_word' id='word_1_574' title='bbox 483 5446 610 5507; x_wconf 90' lang='lat' dir='ltr'><strong>vini,</strong></span> <span class='ocrx_word' id='word_1_575' title='bbox 658 5445 829 5499; x_wconf 91' lang='lat' dir='ltr'><strong>donec</strong></span> <span class='ocrx_word' id='word_1_576' title='bbox 867 5444 1213 5499; x_wconf 77' lang='lat' dir='ltr'><strong>advixerint:</strong></span> <span class='ocrx_word' id='word_1_577' title='bbox 1254 5446 1779 5515; x_wconf 86' lang='lat' dir='ltr'><strong>jejunentsccunda,</strong></span> 
     </span>
    </p>
   </div>
   <div class='ocr_carea' id='block_1_87' title="bbox 205 5535 1786 5607">
    <p class='ocr_par' dir='ltr' id='par_1_87' title="bbox 205 5535 1786 5607">
     <span class='ocr_line' id='line_1_87' title="bbox 205 5535 1786 5607; baseline 0.004 -19"><span class='ocrx_word' id='word_1_578' title='bbox 205 5549 389 5607; x_wconf 80' lang='lat' dir='ltr'><strong>quarta</strong></span> <span class='ocrx_word' id='word_1_579' title='bbox 446 5545 500 5590; x_wconf 90' lang='lat' dir='ltr'><strong>et</strong></span> <span class='ocrx_word' id='word_1_580' title='bbox 520 5546 668 5590; x_wconf 80' lang='lat' dir='ltr'><strong>sexta</strong></span> <span class='ocrx_word' id='word_1_581' title='bbox 696 5536 848 5600; x_wconf 87' lang='lat' dir='ltr'><strong>feria,</strong></span> <span class='ocrx_word' id='word_1_582' title='bbox 876 5545 931 5590; x_wconf 90' lang='lat' dir='ltr'><strong>ut</strong></span> <span class='ocrx_word' id='word_1_583' title='bbox 951 5535 1031 5589; x_wconf 82' lang='lat' dir='ltr'><strong>sic</strong></span> <span class='ocrx_word' id='word_1_584' title='bbox 1058 5536 1266 5606; x_wconf 86' lang='lat' dir='ltr'><strong>possint</strong></span> <span class='ocrx_word' id='word_1_585' title='bbox 1286 5536 1546 5592; x_wconf 88' lang='lat' dir='ltr'><strong>deflentes</strong></span> <span class='ocrx_word' id='word_1_586' title='bbox 1576 5539 1786 5595; x_wconf 87' lang='lat' dir='ltr'><strong>diluere</strong></span> 
     </span>
    </p>
   </div>
   <div class='ocr_carea' id='block_1_88' title="bbox 205 5624 1291 5696">
    <p class='ocr_par' dir='ltr' id='par_1_88' title="bbox 205 5624 1291 5696">
     <span class='ocr_line' id='line_1_88' title="bbox 205 5624 1291 5696; baseline -0.006 -14"><span class='ocrx_word' id='word_1_587' title='bbox 205 5629 552 5683; x_wconf 78' lang='lat' dir='ltr'><strong>commissum</strong></span> <span class='ocrx_word' id='word_1_588' title='bbox 576 5626 767 5681; x_wconf 89' lang='lat' dir='ltr'><strong>scelus.</strong></span> <span class='ocrx_word' id='word_1_589' title='bbox 798 5624 935 5696; x_wconf 73' lang='lat' dir='ltr'><strong>(luo,</strong></span> <span class='ocrx_word' id='word_1_590' title='bbox 963 5644 1014 5696; x_wconf 77' lang='grc' dir='ltr'><strong>ρ.</strong></span> <span class='ocrx_word' id='word_1_591' title='bbox 1054 5643 1109 5691; x_wconf 79' lang='lat' dir='ltr'><strong>x,</strong></span> <span class='ocrx_word' id='word_1_592' title='bbox 1141 5626 1291 5693; x_wconf 76' lang='grc'>179.)</span> 
     </span>
    </p>
   </div>
   <div class='ocr_carea' id='block_1_89' title="bbox 277 5741 1786 5798">
    <p class='ocr_par' dir='ltr' id='par_1_89' title="bbox 277 5741 1786 5798">
     <span class='ocr_line' id='line_1_89' title="bbox 277 5741 1786 5798; baseline 0.001 -1"><span class='ocrx_word' id='word_1_593' title='bbox 277 5754 299 5779; x_wconf 68' lang='grc'><em>³</em></span> <span class='ocrx_word' id='word_1_594' title='bbox 335 5744 390 5797; x_wconf 90' lang='lat' dir='ltr'><strong>In</strong></span> <span class='ocrx_word' id='word_1_595' title='bbox 440 5744 574 5797; x_wconf 87' lang='lat' dir='ltr'><strong>edit.</strong></span> <span class='ocrx_word' id='word_1_596' title='bbox 632 5742 784 5795; x_wconf 86' lang='lat' dir='ltr'><strong>Rom.</strong></span> <span class='ocrx_word' id='word_1_597' title='bbox 839 5743 915 5796; x_wconf 79' lang='lat' dir='ltr'><strong>sic</strong></span> <span class='ocrx_word' id='word_1_598' title='bbox 962 5741 1185 5796; x_wconf 80' lang='lat' dir='ltr'><strong>habetur</strong></span> <span class='ocrx_word' id='word_1_599' title='bbox 1232 5743 1314 5797; x_wconf 89' lang='lat' dir='ltr'><strong>hie</strong></span> <span class='ocrx_word' id='word_1_600' title='bbox 1364 5757 1533 5795; x_wconf 83' lang='lat' dir='ltr'><strong>canon</strong></span> <span class='ocrx_word' id='word_1_601' title='bbox 1581 5762 1590 5795; x_wconf 91' lang='lat'>:</span> <span class='ocrx_word' id='word_1_602' title='bbox 1648 5745 1786 5798; x_wconf 81' lang='lat' dir='ltr'><strong>Nam</strong></span> 
     </span>
    </p>
   </div>
   <div class='ocr_carea' id='block_1_90' title="bbox 208 5812 1785 5881">
    <p class='ocr_par' dir='ltr' id='par_1_90' title="bbox 208 5812 1785 5881">
     <span class='ocr_line' id='line_1_90' title="bbox 208 5812 1785 5881; baseline 0.002 -16"><span class='ocrx_word' id='word_1_603' title='bbox 208 5829 253 5866; x_wconf 66' lang='lat' dir='ltr'><strong>rt</strong></span> <span class='ocrx_word' id='word_1_604' title='bbox 300 5833 385 5869; x_wconf 81' lang='lat' dir='ltr'><strong>eos</strong></span> <span class='ocrx_word' id='word_1_605' title='bbox 443 5816 532 5879; x_wconf 84' lang='lat' dir='ltr'><strong>qui</strong></span> <span class='ocrx_word' id='word_1_606' title='bbox 605 5829 656 5863; x_wconf 75' lang='lat' dir='ltr'><strong>se</strong></span> <span class='ocrx_word' id='word_1_607' title='bbox 722 5812 955 5864; x_wconf 81' lang='lat' dir='ltr'><strong>dubitant</strong></span> <span class='ocrx_word' id='word_1_608' title='bbox 1019 5816 1176 5880; x_wconf 76' lang='lat' dir='ltr'><strong>fuisse</strong></span> <span class='ocrx_word' id='word_1_609' title='bbox 1234 5816 1508 5881; x_wconf 78' lang='lat' dir='ltr'><strong>baptizatos</strong></span> <span class='ocrx_word' id='word_1_610' title='bbox 1555 5831 1620 5866; x_wconf 82' lang='lat' dir='ltr'><strong>an</strong></span> <span class='ocrx_word' id='word_1_611' title='bbox 1662 5833 1785 5877; x_wconf 85' lang='lat' dir='ltr'><strong>nou,</strong></span> 
     </span>
    </p>
   </div>
   <div class='ocr_carea' id='block_1_91' title="bbox 206 5882 1789 5954">
    <p class='ocr_par' dir='ltr' id='par_1_91' title="bbox 206 5882 1789 5954">
     <span class='ocr_line' id='line_1_91' title="bbox 206 5882 1789 5954; baseline 0.001 -18"><span class='ocrx_word' id='word_1_612' title='bbox 206 5890 280 5940; x_wconf 71' lang='grc' dir='ltr'>ιιοιι</span> <span class='ocrx_word' id='word_1_613' title='bbox 327 5886 413 5951; x_wconf 84' lang='lat' dir='ltr'><strong>qui</strong></span> <span class='ocrx_word' id='word_1_614' title='bbox 458 5886 747 5954; x_wconf 68' lang='lat' dir='ltr'><strong>presbytero</strong></span> <span class='ocrx_word' id='word_1_615' title='bbox 773 5882 890 5935; x_wconf 67' lang='lat' dir='ltr'><strong>lori</strong></span> <span class='ocrx_word' id='word_1_616' title='bbox 928 5886 1184 5948; x_wconf 76' lang='lat' dir='ltr'><strong>mactauti,</strong></span> <span class='ocrx_word' id='word_1_617' title='bbox 1226 5894 1270 5935; x_wconf 71' lang='lat' dir='ltr'><strong>et</strong></span> <span class='ocrx_word' id='word_1_618' title='bbox 1305 5884 1652 5937; x_wconf 74' lang='lat' dir='ltr'><strong>iittiitofaiitias</strong></span> <span class='ocrx_word' id='word_1_619' title='bbox 1671 5901 1789 5937; x_wconf 83' lang='lat' dir='ltr'><strong>car-</strong></span> 
     </span>
    </p>
   </div>
   <div class='ocr_carea' id='block_1_92' title="bbox 1869 3345 3454 3415">
    <p class='ocr_par' dir='ltr' id='par_1_92' title="bbox 1869 3345 3454 3415">
     <span class='ocr_line' id='line_1_92' title="bbox 1869 3345 3454 3415; baseline 0.003 -18"><span class='ocrx_word' id='word_1_620' title='bbox 1869 3360 2104 3414; x_wconf 71' lang='lat' dir='ltr'><strong>prtcsens</strong></span> <span class='ocrx_word' id='word_1_621' title='bbox 2126 3346 2495 3399; x_wconf 87' lang='lat' dir='ltr'><strong>sanctissimus</strong></span> <span class='ocrx_word' id='word_1_622' title='bbox 2540 3346 2618 3399; x_wconf 85' lang='lat' dir='ltr'><strong>vir</strong></span> <span class='ocrx_word' id='word_1_623' title='bbox 2647 3345 2949 3399; x_wconf 74' lang='lat' dir='ltr'><strong>Bonifacius</strong></span> <span class='ocrx_word' id='word_1_624' title='bbox 2971 3345 3134 3399; x_wconf 77' lang='lat' dir='ltr'><strong>frater</strong></span> <span class='ocrx_word' id='word_1_625' title='bbox 3161 3349 3454 3415; x_wconf 88' lang='lat' dir='ltr'><strong>coepisco-</strong></span> 
     </span>
    </p>
   </div>
   <div class='ocr_carea' id='block_1_93' title="bbox 1870 3439 3453 3505">
    <p class='ocr_par' dir='ltr' id='par_1_93' title="bbox 1870 3439 3453 3505">
     <span class='ocr_line' id='line_1_93' title="bbox 1870 3439 3453 3505; baseline 0.003 -14"><span class='ocrx_word' id='word_1_626' title='bbox 1870 3455 1964 3505; x_wconf 91' lang='lat' dir='ltr'><strong>pus</strong></span> <span class='ocrx_word' id='word_1_627' title='bbox 1989 3447 2193 3501; x_wconf 83' lang='lat' dir='ltr'><strong>noster,</strong></span> <span class='ocrx_word' id='word_1_628' title='bbox 2243 3440 2333 3504; x_wconf 91' lang='lat' dir='ltr'><strong>qui</strong></span> <span class='ocrx_word' id='word_1_629' title='bbox 2378 3439 2599 3491; x_wconf 90' lang='lat' dir='ltr'><strong>verbum</strong></span> <span class='ocrx_word' id='word_1_630' title='bbox 2625 3440 2866 3491; x_wconf 82' lang='lat' dir='ltr'><strong>veritatis</strong></span> <span class='ocrx_word' id='word_1_631' title='bbox 2896 3455 2923 3491; x_wconf 89' lang='lat' dir='ltr'><strong>a</strong></span> <span class='ocrx_word' id='word_1_632' title='bbox 2957 3442 3241 3494; x_wconf 63' lang='lat' dir='ltr'><strong>decessore</strong></span> <span class='ocrx_word' id='word_1_633' title='bbox 3268 3450 3453 3495; x_wconf 81' lang='lat' dir='ltr'><strong>nostro</strong></span> 
     </span>
    </p>
   </div>
   <div class='ocr_carea' id='block_1_94' title="bbox 1868 3528 3456 3596">
    <p class='ocr_par' dir='ltr' id='par_1_94' title="bbox 1868 3528 3456 3596">
     <span class='ocr_line' id='line_1_94' title="bbox 1868 3528 3456 3596; baseline 0.001 -14"><span class='ocrx_word' id='word_1_634' title='bbox 1868 3538 2063 3582; x_wconf 70' lang='lat' dir='ltr'><strong>Sancta:</strong></span> <span class='ocrx_word' id='word_1_635' title='bbox 2091 3529 2480 3582; x_wconf 84' lang='lat' dir='ltr'><strong>recordationis</strong></span> <span class='ocrx_word' id='word_1_636' title='bbox 2523 3528 2785 3595; x_wconf 79' lang='lat' dir='ltr'><strong>Gregorio</strong></span> <span class='ocrx_word' id='word_1_637' title='bbox 2816 3533 3041 3596; x_wconf 57' lang='lat' dir='ltr'><strong>prtesnlc</strong></span> <span class='ocrx_word' id='word_1_638' title='bbox 3070 3534 3119 3582; x_wconf 90' lang='lat' dir='ltr'><strong>in</strong></span> <span class='ocrx_word' id='word_1_639' title='bbox 3152 3532 3456 3583; x_wconf 76' lang='lat' dir='ltr'><strong>Germanim</strong></span> 
     </span>
    </p>
   </div>
   <div class='ocr_carea' id='block_1_95' title="bbox 1868 3621 3453 3690">
    <p class='ocr_par' dir='ltr' id='par_1_95' title="bbox 1868 3621 3453 3690">
     <span class='ocr_line' id='line_1_95' title="bbox 1868 3621 3453 3690; baseline 0.003 -18"><span class='ocrx_word' id='word_1_640' title='bbox 1868 3630 2046 3689; x_wconf 87' lang='lat' dir='ltr'><strong>partes</strong></span> <span class='ocrx_word' id='word_1_641' title='bbox 2092 3621 2291 3672; x_wconf 90' lang='lat' dir='ltr'><strong>missus</strong></span> <span class='ocrx_word' id='word_1_642' title='bbox 2345 3621 2518 3673; x_wconf 88' lang='lat' dir='ltr'><strong>fuerat</strong></span> <span class='ocrx_word' id='word_1_643' title='bbox 2562 3623 2883 3687; x_wconf 59' lang='lat' dir='ltr'><strong>praedicare;</strong></span> <span class='ocrx_word' id='word_1_644' title='bbox 2929 3623 3038 3690; x_wconf 86' lang='lat' dir='ltr'><strong>jam</strong></span> <span class='ocrx_word' id='word_1_645' title='bbox 3090 3635 3201 3688; x_wconf 85' lang='lat' dir='ltr'><strong>post</strong></span> <span class='ocrx_word' id='word_1_646' title='bbox 3231 3625 3453 3677; x_wconf 90' lang='lat' dir='ltr'><strong>multum</strong></span> 
     </span>
    </p>
   </div>
   <div class='ocr_carea' id='block_1_96' title="bbox 1871 3710 3453 3779">
    <p class='ocr_par' dir='ltr' id='par_1_96' title="bbox 1871 3710 3453 3779">
     <span class='ocr_line' id='line_1_96' title="bbox 1871 3710 3453 3779; baseline -0.001 -16"><span class='ocrx_word' id='word_1_647' title='bbox 1871 3719 2103 3779; x_wconf 89' lang='lat' dir='ltr'><strong>tempus,</strong></span> <span class='ocrx_word' id='word_1_648' title='bbox 2144 3710 2417 3763; x_wconf 84' lang='lat' dir='ltr'><strong>anhelanti</strong></span> <span class='ocrx_word' id='word_1_649' title='bbox 2447 3710 2713 3763; x_wconf 87' lang='lat' dir='ltr'><strong>desiderio</strong></span> <span class='ocrx_word' id='word_1_650' title='bbox 2748 3711 3028 3775; x_wconf 89' lang='lat' dir='ltr'><strong>orationis,</strong></span> <span class='ocrx_word' id='word_1_651' title='bbox 3061 3712 3125 3765; x_wconf 90' lang='lat' dir='ltr'><strong>ad</strong></span> <span class='ocrx_word' id='word_1_652' title='bbox 3159 3714 3338 3766; x_wconf 88' lang='lat' dir='ltr'><strong>limina</strong></span> <span class='ocrx_word' id='word_1_653' title='bbox 3366 3728 3453 3766; x_wconf 73' lang='lat' dir='ltr'><strong>Sit-</strong></span> 
     </span>
    </p>
   </div>
   <div class='ocr_carea' id='block_1_97' title="bbox 1870 3799 3452 3870">
    <p class='ocr_par' dir='ltr' id='par_1_97' title="bbox 1870 3799 3452 3870">
     <span class='ocr_line' id='line_1_97' title="bbox 1870 3799 3452 3870; baseline 0.001 -17"><span class='ocrx_word' id='word_1_654' title='bbox 1870 3815 1958 3853; x_wconf 86' lang='lat' dir='ltr'><strong>era</strong></span> <span class='ocrx_word' id='word_1_655' title='bbox 1988 3800 2260 3853; x_wconf 90' lang='lat' dir='ltr'><strong>beatorum</strong></span> <span class='ocrx_word' id='word_1_656' title='bbox 2309 3799 2671 3866; x_wconf 89' lang='lat' dir='ltr'><strong>apostolormn</strong></span> <span class='ocrx_word' id='word_1_657' title='bbox 2702 3800 3013 3863; x_wconf 86' lang='lat' dir='ltr'><strong>adveniens,</strong></span> <span class='ocrx_word' id='word_1_658' title='bbox 3044 3816 3102 3855; x_wconf 64' lang='lat' dir='ltr'><strong>se</strong></span> <span class='ocrx_word' id='word_1_659' title='bbox 3131 3803 3282 3856; x_wconf 89' lang='lat' dir='ltr'><strong>nobis</strong></span> <span class='ocrx_word' id='word_1_660' title='bbox 3316 3818 3452 3870; x_wconf 69' lang='lat' dir='ltr'><strong>prze-</strong></span> 
     </span>
    </p>
   </div>
   <div class='ocr_carea' id='block_1_98' title="bbox 1872 3890 3460 3957">
    <p class='ocr_par' dir='ltr' id='par_1_98' title="bbox 1872 3890 3460 3957">
     <span class='ocr_line' id='line_1_98' title="bbox 1872 3890 3460 3957; baseline 0.002 -14"><span class='ocrx_word' id='word_1_661' title='bbox 1872 3902 2084 3945; x_wconf 89' lang='lat' dir='ltr'><strong>sentare</strong></span> <span class='ocrx_word' id='word_1_662' title='bbox 2116 3892 2305 3943; x_wconf 89' lang='lat' dir='ltr'><strong>voluit.</strong></span> <span class='ocrx_word' id='word_1_663' title='bbox 2338 3890 2434 3954; x_wconf 80' lang='lat' dir='ltr'><strong>Qui</strong></span> <span class='ocrx_word' id='word_1_664' title='bbox 2465 3890 2621 3943; x_wconf 89' lang='lat' dir='ltr'><strong>etiam</strong></span> <span class='ocrx_word' id='word_1_665' title='bbox 2648 3892 2911 3957; x_wconf 88' lang='lat' dir='ltr'><strong>completa</strong></span> <span class='ocrx_word' id='word_1_666' title='bbox 2956 3893 3220 3957; x_wconf 87' lang='lat' dir='ltr'><strong>oratione,</strong></span> <span class='ocrx_word' id='word_1_667' title='bbox 3249 3894 3313 3944; x_wconf 89' lang='lat' dir='ltr'><strong>ad</strong></span> <span class='ocrx_word' id='word_1_668' title='bbox 3336 3908 3460 3947; x_wconf 74' lang='lat' dir='ltr'><strong>cte-</strong></span> 
     </span>
    </p>
   </div>
   <div class='ocr_carea' id='block_1_99' title="bbox 1874 3980 3454 4050">
    <p class='ocr_par' dir='ltr' id='par_1_99' title="bbox 1874 3980 3454 4050">
     <span class='ocr_line' id='line_1_99' title="bbox 1874 3980 3454 4050; baseline 0.002 -15"><span class='ocrx_word' id='word_1_669' title='bbox 1874 3991 2019 4049; x_wconf 92' lang='lat' dir='ltr'><strong>ptum</strong></span> <span class='ocrx_word' id='word_1_670' title='bbox 2070 3983 2329 4047; x_wconf 86' lang='lat' dir='ltr'><strong>laborem,</strong></span> <span class='ocrx_word' id='word_1_671' title='bbox 2365 3981 2558 4049; x_wconf 84' lang='lat' dir='ltr'><strong>angelo</strong></span> <span class='ocrx_word' id='word_1_672' title='bbox 2593 3980 2800 4033; x_wconf 73' lang='lat' dir='ltr'><strong>Domini</strong></span> <span class='ocrx_word' id='word_1_673' title='bbox 2833 3984 3218 4050; x_wconf 70' lang='lat' dir='ltr'><strong>praeveniente,</strong></span> <span class='ocrx_word' id='word_1_674' title='bbox 3244 4001 3273 4037; x_wconf 87' lang='lat' dir='ltr'><strong>a</strong></span> <span class='ocrx_word' id='word_1_675' title='bbox 3298 3986 3454 4039; x_wconf 87' lang='lat' dir='ltr'><strong>nobis</strong></span> 
     </span>
    </p>
   </div>
   <div class='ocr_carea' id='block_1_100' title="bbox 1873 4071 3459 4153">
    <p class='ocr_par' dir='ltr' id='par_1_100' title="bbox 1873 4071 3459 4153">
     <span class='ocr_line' id='line_1_100' title="bbox 1873 4071 3459 4153; baseline 0.001 -27"><span class='ocrx_word' id='word_1_676' title='bbox 1873 4083 1956 4127; x_wconf 89' lang='lat' dir='ltr'><strong>est</strong></span> <span class='ocrx_word' id='word_1_677' title='bbox 2012 4072 2268 4125; x_wconf 90' lang='lat' dir='ltr'><strong>dimissus</strong></span> <span class='ocrx_word' id='word_1_678' title='bbox 2310 4071 2515 4142; x_wconf 81' lang='lat' dir='ltr'><strong>|Rom.,</strong></span> <span class='ocrx_word' id='word_1_679' title='bbox 2566 4074 2925 4139; x_wconf 66' lang='lat' dir='ltr'><strong>prwveniente</strong></span> <span class='ocrx_word' id='word_1_680' title='bbox 2954 4089 2983 4127; x_wconf 92' lang='lat' dir='ltr'><strong>a</strong></span> <span class='ocrx_word' id='word_1_681' title='bbox 3018 4076 3169 4127; x_wconf 87' lang='lat' dir='ltr'><strong>nobis</strong></span> <span class='ocrx_word' id='word_1_682' title='bbox 3198 4087 3278 4153; x_wconf 77' lang='lat' dir='ltr'><strong>est</strong></span> <span class='ocrx_word' id='word_1_683' title='bbox 3303 4078 3459 4130; x_wconf 77' lang='lat' dir='ltr'><strong>abso—</strong></span> 
     </span>
    </p>
   </div>
   <div class='ocr_carea' id='block_1_101' title="bbox 1874 4163 3458 4235">
    <p class='ocr_par' dir='ltr' id='par_1_101' title="bbox 1874 4163 3458 4235">
     <span class='ocr_line' id='line_1_101' title="bbox 1874 4163 3458 4235; baseline 0.002 -17"><span class='ocrx_word' id='word_1_684' title='bbox 1874 4163 2057 4235; x_wconf 87' lang='lat' dir='ltr'><strong>lutus].</strong></span> <span class='ocrx_word' id='word_1_685' title='bbox 2082 4164 2179 4218; x_wconf 79' lang='lat' dir='ltr'><strong>Cui</strong></span> <span class='ocrx_word' id='word_1_686' title='bbox 2210 4164 2677 4229; x_wconf 78' lang='lat' dir='ltr'><strong>vestra,obsecro,</strong></span> <span class='ocrx_word' id='word_1_687' title='bbox 2707 4166 2946 4218; x_wconf 89' lang='lat' dir='ltr'><strong>omnium</strong></span> <span class='ocrx_word' id='word_1_688' title='bbox 2977 4166 3215 4228; x_wconf 80' lang='lat' dir='ltr'><strong>dilectio,</strong></span> <span class='ocrx_word' id='word_1_689' title='bbox 3249 4182 3344 4221; x_wconf 84' lang='lat' dir='ltr'><strong>seu</strong></span> <span class='ocrx_word' id='word_1_690' title='bbox 3369 4185 3458 4221; x_wconf 86' lang='lat' dir='ltr'><strong>re-</strong></span> 
     </span>
    </p>
   </div>
   <div class='ocr_carea' id='block_1_102' title="bbox 1875 4256 3452 4324">
    <p class='ocr_par' dir='ltr' id='par_1_102' title="bbox 1875 4256 3452 4324">
     <span class='ocr_line' id='line_1_102' title="bbox 1875 4256 3452 4324; baseline 0.004 -18"><span class='ocrx_word' id='word_1_691' title='bbox 1875 4256 2109 4308; x_wconf 90' lang='lat' dir='ltr'><strong>verentia</strong></span> <span class='ocrx_word' id='word_1_692' title='bbox 2158 4264 2213 4307; x_wconf 90' lang='lat' dir='ltr'><strong>et</strong></span> <span class='ocrx_word' id='word_1_693' title='bbox 2267 4257 2615 4323; x_wconf 86' lang='lat' dir='ltr'><strong>religiositas,</strong></span> <span class='ocrx_word' id='word_1_694' title='bbox 2684 4266 2901 4324; x_wconf 86' lang='lat' dir='ltr'><strong>propter</strong></span> <span class='ocrx_word' id='word_1_695' title='bbox 2960 4257 3154 4311; x_wconf 81' lang='lat' dir='ltr'><strong>Clitiin</strong></span> <span class='ocrx_word' id='word_1_696' title='bbox 3214 4274 3452 4314; x_wconf 89' lang='lat' dir='ltr'><strong>amorem</strong></span> 
     </span>
    </p>
   </div>
   <div class='ocr_carea' id='block_1_103' title="bbox 1870 4348 3450 4420">
    <p class='ocr_par' dir='ltr' id='par_1_103' title="bbox 1870 4348 3450 4420">
     <span class='ocr_line' id='line_1_103' title="bbox 1870 4348 3450 4420; baseline 0.004 -20"><span class='ocrx_word' id='word_1_697' title='bbox 1870 4348 2139 4416; x_wconf 85' lang='lat' dir='ltr'><strong>juvamina</strong></span> <span class='ocrx_word' id='word_1_698' title='bbox 2191 4349 2501 4413; x_wconf 90' lang='lat' dir='ltr'><strong>impendere</strong></span> <span class='ocrx_word' id='word_1_699' title='bbox 2540 4350 2811 4416; x_wconf 86' lang='lat' dir='ltr'><strong>dignetur,</strong></span> <span class='ocrx_word' id='word_1_700' title='bbox 2861 4350 2984 4403; x_wconf 90' lang='lat' dir='ltr'><strong>dum</strong></span> <span class='ocrx_word' id='word_1_701' title='bbox 3022 4354 3307 4418; x_wconf 81' lang='lat' dir='ltr'><strong>agnascitis</strong></span> <span class='ocrx_word' id='word_1_702' title='bbox 3332 4369 3450 4420; x_wconf 77' lang='lat' dir='ltr'><strong>qua:</strong></span> 
     </span>
    </p>
   </div>
   <div class='ocr_carea' id='block_1_104' title="bbox 1881 4439 3452 4509">
    <p class='ocr_par' dir='ltr' id='par_1_104' title="bbox 1881 4439 3452 4509">
     <span class='ocr_line' id='line_1_104' title="bbox 1881 4439 3452 4509; baseline 0.003 -18"><span class='ocrx_word' id='word_1_703' title='bbox 1881 4439 2124 4493; x_wconf 88' lang='lat' dir='ltr'><strong>Dominus</strong></span> <span class='ocrx_word' id='word_1_704' title='bbox 2179 4450 2362 4493; x_wconf 84' lang='lat' dir='ltr'><strong>noster</strong></span> <span class='ocrx_word' id='word_1_705' title='bbox 2418 4439 2573 4493; x_wconf 82' lang='lat' dir='ltr'><strong>Jesus</strong></span> <span class='ocrx_word' id='word_1_706' title='bbox 2629 4440 2877 4493; x_wconf 83' lang='lat' dir='ltr'><strong>Christus</strong></span> <span class='ocrx_word' id='word_1_707' title='bbox 2926 4444 3172 4509; x_wconf 90' lang='lat' dir='ltr'><strong>promisit</strong></span> <span class='ocrx_word' id='word_1_708' title='bbox 3224 4444 3452 4497; x_wconf 81' lang='lat' dir='ltr'><strong>dicens:</strong></span> 
     </span>
    </p>
   </div>
   <div class='ocr_carea' id='block_1_105' title="bbox 1882 4528 3456 4601">
    <p class='ocr_par' dir='ltr' id='par_1_105' title="bbox 1882 4528 3456 4601">
     <span class='ocr_line' id='line_1_105' title="bbox 1882 4528 3456 4601; baseline 0.006 -21"><span class='ocrx_word' id='word_1_709' title='bbox 1882 4528 1981 4595; x_wconf 80' lang='lat' dir='ltr'><strong>Qui</strong></span> <span class='ocrx_word' id='word_1_710' title='bbox 2003 4530 2214 4595; x_wconf 77' lang='lat' dir='ltr'><strong>suscipit</strong></span> <span class='ocrx_word' id='word_1_711' title='bbox 2245 4530 2541 4599; x_wconf 83' lang='lat' dir='ltr'><strong>prophetam</strong></span> <span class='ocrx_word' id='word_1_712' title='bbox 2564 4532 2616 4583; x_wconf 88' lang='lat' dir='ltr'><strong>in</strong></span> <span class='ocrx_word' id='word_1_713' title='bbox 2645 4533 2846 4584; x_wconf 77' lang='lat' dir='ltr'><strong>nomine</strong></span> <span class='ocrx_word' id='word_1_714' title='bbox 2867 4535 3145 4601; x_wconf 77' lang='lat' dir='ltr'><strong>propftette,</strong></span> <span class='ocrx_word' id='word_1_715' title='bbox 3175 4538 3456 4588; x_wconf 80' lang='lat' dir='ltr'><strong>mercedem</strong></span> 
     </span>
    </p>
   </div>
   <div class='ocr_carea' id='block_1_106' title="bbox 1804 4600 3462 4699">
    <p class='ocr_par' dir='ltr' id='par_1_106' title="bbox 1804 4600 3462 4699">
     <span class='ocr_line' id='line_1_106' title="bbox 1804 4600 3462 4699; baseline 0.007 -26"><span class='ocrx_word' id='word_1_716' title='bbox 1804 4600 1853 4657; x_wconf 80' lang='lat' dir='ltr'><strong>D</strong></span> <span class='ocrx_word' id='word_1_717' title='bbox 1884 4625 2143 4691; x_wconf 79' lang='lat' dir='ltr'><strong>propheta:</strong></span> <span class='ocrx_word' id='word_1_718' title='bbox 2182 4625 2394 4690; x_wconf 77' lang='lat' dir='ltr'><strong>accipiet</strong></span> <span class='ocrx_word' id='word_1_719' title='bbox 2421 4641 2439 4677; x_wconf 89' lang='lat'><strong><em>:</em></strong></span> <span class='ocrx_word' id='word_1_720' title='bbox 2484 4637 2532 4679; x_wconf 85' lang='lat' dir='ltr'><strong>et</strong></span> <span class='ocrx_word' id='word_1_721' title='bbox 2579 4628 2667 4691; x_wconf 96' lang='lat' dir='ltr'><strong>qui</strong></span> <span class='ocrx_word' id='word_1_722' title='bbox 2709 4629 2920 4694; x_wconf 77' lang='lat' dir='ltr'><strong>suscipit</strong></span> <span class='ocrx_word' id='word_1_723' title='bbox 2958 4632 3160 4699; x_wconf 81' lang='lat' dir='ltr'><strong>justum</strong></span> <span class='ocrx_word' id='word_1_724' title='bbox 3182 4631 3234 4682; x_wconf 86' lang='lat' dir='ltr'><strong>in</strong></span> <span class='ocrx_word' id='word_1_725' title='bbox 3262 4636 3462 4685; x_wconf 74' lang='lat' dir='ltr'><strong>nomine</strong></span> 
     </span>
    </p>
   </div>
   <div class='ocr_carea' id='block_1_107' title="bbox 1874 4716 3461 4787">
    <p class='ocr_par' dir='ltr' id='par_1_107' title="bbox 1874 4716 3461 4787">
     <span class='ocr_line' id='line_1_107' title="bbox 1874 4716 3461 4787; baseline 0.006 -22"><span class='ocrx_word' id='word_1_726' title='bbox 1874 4716 2024 4785; x_wconf 76' lang='lat' dir='ltr'><strong>justi,</strong></span> <span class='ocrx_word' id='word_1_727' title='bbox 2074 4716 2349 4766; x_wconf 73' lang='lat' dir='ltr'><strong>mercedem</strong></span> <span class='ocrx_word' id='word_1_728' title='bbox 2392 4716 2521 4784; x_wconf 78' lang='lat' dir='ltr'><strong>justi</strong></span> <span class='ocrx_word' id='word_1_729' title='bbox 2548 4717 2759 4779; x_wconf 80' lang='lat' dir='ltr'><strong>accipiet</strong></span> <span class='ocrx_word' id='word_1_730' title='bbox 2789 4716 3002 4786; x_wconf 75' lang='lat' dir='ltr'><strong>(Matth.</strong></span> <span class='ocrx_word' id='word_1_731' title='bbox 3032 4722 3106 4787; x_wconf 78' lang='grc' dir='ltr'><strong>ι).</strong></span> <span class='ocrx_word' id='word_1_732' title='bbox 3136 4720 3197 4773; x_wconf 77' lang='lat' dir='ltr'><strong>Et</strong></span> <span class='ocrx_word' id='word_1_733' title='bbox 3230 4721 3273 4773; x_wconf 69' lang='lat' dir='ltr'><strong>si</strong></span> <span class='ocrx_word' id='word_1_734' title='bbox 3303 4722 3461 4775; x_wconf 87' lang='lat' dir='ltr'><strong>forsi-</strong></span> 
     </span>
    </p>
   </div>
   <div class='ocr_carea' id='block_1_108' title="bbox 1885 4808 3462 4877">
    <p class='ocr_par' dir='ltr' id='par_1_108' title="bbox 1885 4808 3462 4877">
     <span class='ocr_line' id='line_1_108' title="bbox 1885 4808 3462 4877; baseline 0.004 -19"><span class='ocrx_word' id='word_1_735' title='bbox 1885 4818 1970 4859; x_wconf 89' lang='lat' dir='ltr'><strong>tan</strong></span> <span class='ocrx_word' id='word_1_736' title='bbox 1999 4808 2191 4874; x_wconf 84' lang='lat' dir='ltr'><strong>aliquis</strong></span> <span class='ocrx_word' id='word_1_737' title='bbox 2213 4821 2277 4860; x_wconf 73' lang='grc' dir='ltr'>ει</span> <span class='ocrx_word' id='word_1_738' title='bbox 2322 4810 2513 4861; x_wconf 86' lang='lat' dir='ltr'><strong>vestris</strong></span> <span class='ocrx_word' id='word_1_739' title='bbox 2542 4810 2803 4863; x_wconf 60' lang='lat' dir='ltr'><strong>miantris</strong></span> <span class='ocrx_word' id='word_1_740' title='bbox 2834 4824 2953 4864; x_wconf 86' lang='lat' dir='ltr'><strong>sese</strong></span> <span class='ocrx_word' id='word_1_741' title='bbox 2988 4812 3084 4877; x_wconf 88' lang='lat' dir='ltr'><strong>ipsi</strong></span> <span class='ocrx_word' id='word_1_742' title='bbox 3118 4814 3462 4865; x_wconf 80' lang='lat' dir='ltr'><strong>sanctissimo</strong></span> 
     </span>
    </p>
   </div>
   <div class='ocr_carea' id='block_1_109' title="bbox 1884 4899 3463 4966">
    <p class='ocr_par' dir='ltr' id='par_1_109' title="bbox 1884 4899 3463 4966">
     <span class='ocr_line' id='line_1_109' title="bbox 1884 4899 3463 4966; baseline 0.006 -17"><span class='ocrx_word' id='word_1_743' title='bbox 1884 4901 1996 4952; x_wconf 87' lang='lat' dir='ltr'><strong>viro</strong></span> <span class='ocrx_word' id='word_1_744' title='bbox 2024 4904 2073 4953; x_wconf 85' lang='lat' dir='ltr'><strong>in</strong></span> <span class='ocrx_word' id='word_1_745' title='bbox 2099 4899 2393 4952; x_wconf 89' lang='lat' dir='ltr'><strong>ministerio</strong></span> <span class='ocrx_word' id='word_1_746' title='bbox 2428 4900 2819 4955; x_wconf 79' lang='lat' dir='ltr'><strong>exhortationis</strong></span> <span class='ocrx_word' id='word_1_747' title='bbox 2842 4913 3045 4955; x_wconf 62' lang='lat' dir='ltr'><strong>sancta:</strong></span> <span class='ocrx_word' id='word_1_748' title='bbox 3073 4906 3463 4966; x_wconf 71' lang='lat' dir='ltr'><strong>catholiemune</strong></span> 
     </span>
    </p>
   </div>
   <div class='ocr_carea' id='block_1_110' title="bbox 1886 4989 3459 5061">
    <p class='ocr_par' dir='ltr' id='par_1_110' title="bbox 1886 4989 3459 5061">
     <span class='ocr_line' id='line_1_110' title="bbox 1886 4989 3459 5061; baseline 0.002 -18"><span class='ocrx_word' id='word_1_749' title='bbox 1886 4990 2004 5044; x_wconf 74' lang='lat' dir='ltr'><strong>fidei</strong></span> <span class='ocrx_word' id='word_1_750' title='bbox 2057 4989 2346 5057; x_wconf 81' lang='lat' dir='ltr'><strong>adjungere</strong></span> <span class='ocrx_word' id='word_1_751' title='bbox 2400 4992 2649 5055; x_wconf 86' lang='lat' dir='ltr'><strong>voluerit,</strong></span> <span class='ocrx_word' id='word_1_752' title='bbox 2709 4993 2857 5044; x_wconf 90' lang='lat' dir='ltr'><strong>nullo</strong></span> <span class='ocrx_word' id='word_1_753' title='bbox 2908 4994 3064 5045; x_wconf 79' lang='lat' dir='ltr'><strong>tundo</strong></span> <span class='ocrx_word' id='word_1_754' title='bbox 3112 4997 3459 5061; x_wconf 73' lang='lat' dir='ltr'><strong>prohibeatis,</strong></span> 
     </span>
    </p>
   </div>
   <div class='ocr_carea' id='block_1_111' title="bbox 1886 5082 3463 5151">
    <p class='ocr_par' dir='ltr' id='par_1_111' title="bbox 1886 5082 3463 5151">
     <span class='ocr_line' id='line_1_111' title="bbox 1886 5082 3463 5151; baseline 0.001 -14"><span class='ocrx_word' id='word_1_755' title='bbox 1886 5083 2185 5137; x_wconf 80' lang='lat' dir='ltr'><strong>charissimi</strong></span> <span class='ocrx_word' id='word_1_756' title='bbox 2237 5100 2249 5133; x_wconf 85' lang='lat'><strong>:</strong></span> <span class='ocrx_word' id='word_1_757' title='bbox 2306 5082 2399 5135; x_wconf 88' lang='lat' dir='ltr'><strong>sed</strong></span> <span class='ocrx_word' id='word_1_758' title='bbox 2455 5083 2622 5150; x_wconf 79' lang='lat' dir='ltr'><strong>magis</strong></span> <span class='ocrx_word' id='word_1_759' title='bbox 2678 5098 2999 5136; x_wconf 82' lang='lat' dir='ltr'><strong>concursum</strong></span> <span class='ocrx_word' id='word_1_760' title='bbox 3039 5087 3463 5151; x_wconf 63' lang='lat' dir='ltr'><strong>pra-heteth</strong></span> 
     </span>
    </p>
   </div>
   <div class='ocr_carea' id='block_1_112' title="bbox 1890 5172 3462 5241">
    <p class='ocr_par' dir='ltr' id='par_1_112' title="bbox 1890 5172 3462 5241">
     <span class='ocr_line' id='line_1_112' title="bbox 1890 5172 3462 5241; baseline 0.004 -16"><span class='ocrx_word' id='word_1_761' title='bbox 1890 5185 2071 5228; x_wconf 74' lang='lat' dir='ltr'><strong>vostro</strong></span> <span class='ocrx_word' id='word_1_762' title='bbox 2120 5173 2251 5226; x_wconf 87' lang='lat' dir='ltr'><strong>ovili</strong></span> <span class='ocrx_word' id='word_1_763' title='bbox 2293 5173 2564 5240; x_wconf 78' lang='lat' dir='ltr'><strong>adjutores</strong></span> <span class='ocrx_word' id='word_1_764' title='bbox 2608 5172 2846 5235; x_wconf 79' lang='lat' dir='ltr'><strong>tribuite,</strong></span> <span class='ocrx_word' id='word_1_765' title='bbox 2896 5176 2983 5239; x_wconf 89' lang='lat' dir='ltr'><strong>qui</strong></span> <span class='ocrx_word' id='word_1_766' title='bbox 3014 5176 3219 5241; x_wconf 82' lang='lat' dir='ltr'><strong>possint</strong></span> <span class='ocrx_word' id='word_1_767' title='bbox 3248 5192 3339 5241; x_wconf 85' lang='lat' dir='ltr'><strong>per</strong></span> <span class='ocrx_word' id='word_1_768' title='bbox 3371 5176 3462 5231; x_wconf 82' lang='lat' dir='ltr'><strong>Dei</strong></span> 
     </span>
    </p>
   </div>
   <div class='ocr_carea' id='block_1_113' title="bbox 1889 5264 3472 5337">
    <p class='ocr_par' dir='ltr' id='par_1_113' title="bbox 1889 5264 3472 5337">
     <span class='ocr_line' id='line_1_113' title="bbox 1889 5264 3472 5337; baseline 0.002 -19"><span class='ocrx_word' id='word_1_769' title='bbox 1889 5269 2111 5337; x_wconf 85' lang='lat' dir='ltr'><strong>gratiam</strong></span> <span class='ocrx_word' id='word_1_770' title='bbox 2144 5264 2475 5318; x_wconf 66' lang='lat' dir='ltr'><strong>sufficienter</strong></span> <span class='ocrx_word' id='word_1_771' title='bbox 2502 5264 2752 5330; x_wconf 86' lang='lat' dir='ltr'><strong>gentibus</strong></span> <span class='ocrx_word' id='word_1_772' title='bbox 2777 5265 3080 5318; x_wconf 87' lang='lat' dir='ltr'><strong>ministrare</strong></span> <span class='ocrx_word' id='word_1_773' title='bbox 3106 5268 3320 5319; x_wconf 88' lang='lat' dir='ltr'><strong>verbum</strong></span> <span class='ocrx_word' id='word_1_774' title='bbox 3340 5282 3472 5332; x_wconf 69' lang='lat' dir='ltr'><strong>prae-</strong></span> 
     </span>
    </p>
   </div>
   <div class='ocr_carea' id='block_1_114' title="bbox 1890 5354 3467 5423">
    <p class='ocr_par' dir='ltr' id='par_1_114' title="bbox 1890 5354 3467 5423">
     <span class='ocr_line' id='line_1_114' title="bbox 1890 5354 3467 5423; baseline 0.002 -16"><span class='ocrx_word' id='word_1_775' title='bbox 1890 5356 2190 5419; x_wconf 82' lang='lat' dir='ltr'><strong>dicationis,</strong></span> <span class='ocrx_word' id='word_1_776' title='bbox 2243 5367 2295 5407; x_wconf 91' lang='lat' dir='ltr'><strong>ut</strong></span> <span class='ocrx_word' id='word_1_777' title='bbox 2337 5354 2690 5420; x_wconf 86' lang='lat' dir='ltr'><strong>omnipotenti</strong></span> <span class='ocrx_word' id='word_1_778' title='bbox 2721 5354 2831 5407; x_wconf 88' lang='lat' dir='ltr'><strong>Deo</strong></span> <span class='ocrx_word' id='word_1_779' title='bbox 2872 5358 3076 5408; x_wconf 88' lang='lat' dir='ltr'><strong>animas</strong></span> <span class='ocrx_word' id='word_1_780' title='bbox 3109 5357 3467 5423; x_wconf 78' lang='lat' dir='ltr'><strong>luet-ifariant,</strong></span> 
     </span>
    </p>
   </div>
   <div class='ocr_carea' id='block_1_115' title="bbox 1896 5446 3469 5513">
    <p class='ocr_par' dir='ltr' id='par_1_115' title="bbox 1896 5446 3469 5513">
     <span class='ocr_line' id='line_1_115' title="bbox 1896 5446 3469 5513; baseline -0.001 -13"><span class='ocrx_word' id='word_1_781' title='bbox 1896 5461 1948 5502; x_wconf 89' lang='grc' dir='ltr'><strong>ιιι</strong></span> <span class='ocrx_word' id='word_1_782' title='bbox 1972 5458 2026 5501; x_wconf 85' lang='lat' dir='ltr'><strong>et</strong></span> <span class='ocrx_word' id='word_1_783' title='bbox 2068 5458 2242 5501; x_wconf 88' lang='lat' dir='ltr'><strong>vestra</strong></span> <span class='ocrx_word' id='word_1_784' title='bbox 2288 5446 2645 5499; x_wconf 86' lang='lat' dir='ltr'><strong>communitas</strong></span> <span class='ocrx_word' id='word_1_785' title='bbox 2674 5446 2799 5499; x_wconf 87' lang='lat' dir='ltr'><strong>boni</strong></span> <span class='ocrx_word' id='word_1_786' title='bbox 2824 5447 3001 5513; x_wconf 91' lang='lat' dir='ltr'><strong>operis</strong></span> <span class='ocrx_word' id='word_1_787' title='bbox 3026 5448 3322 5513; x_wconf 80' lang='lat' dir='ltr'><strong>portionem</strong></span> <span class='ocrx_word' id='word_1_788' title='bbox 3348 5462 3469 5500; x_wconf 82' lang='lat' dir='ltr'><strong>sor-</strong></span> 
     </span>
    </p>
   </div>
   <div class='ocr_carea' id='block_1_116' title="bbox 1896 5538 3467 5610">
    <p class='ocr_par' dir='ltr' id='par_1_116' title="bbox 1896 5538 3467 5610">
     <span class='ocr_line' id='line_1_116' title="bbox 1896 5538 3467 5610; baseline -0.001 -16"><span class='ocrx_word' id='word_1_789' title='bbox 1896 5543 2074 5604; x_wconf 83' lang='lat' dir='ltr'><strong>tiatur,</strong></span> <span class='ocrx_word' id='word_1_790' title='bbox 2106 5540 2346 5610; x_wconf 87' lang='lat' dir='ltr'><strong>atqneilli</strong></span> <span class='ocrx_word' id='word_1_791' title='bbox 2369 5538 3014 5593; x_wconf 83' lang='lat' dir='ltr'><strong>mereanturdominicam</strong></span> <span class='ocrx_word' id='word_1_792' title='bbox 3040 5555 3226 5594; x_wconf 68' lang='lat' dir='ltr'><strong>Vocem</strong></span> <span class='ocrx_word' id='word_1_793' title='bbox 3252 5542 3467 5593; x_wconf 87' lang='lat' dir='ltr'><strong>audire:</strong></span> 
     </span>
    </p>
   </div>
   <div class='ocr_carea' id='block_1_117' title="bbox 1910 5630 3474 5697">
    <p class='ocr_par' dir='ltr' id='par_1_117' title="bbox 1910 5630 3474 5697">
     <span class='ocr_line' id='line_1_117' title="bbox 1910 5630 3474 5697; baseline -0.002 -10"><span class='ocrx_word' id='word_1_794' title='bbox 1910 5634 2005 5687; x_wconf 65' lang='grc' dir='ltr'><strong>γοα</strong></span> <span class='ocrx_word' id='word_1_795' title='bbox 2051 5632 2134 5697; x_wconf 85' lang='lat' dir='ltr'><strong>qui</strong></span> <span class='ocrx_word' id='word_1_796' title='bbox 2182 5630 2457 5696; x_wconf 69' lang='lat' dir='ltr'><strong>reliquistis</strong></span> <span class='ocrx_word' id='word_1_797' title='bbox 2505 5630 2695 5694; x_wconf 88' lang='lat' dir='ltr'><strong>omnia,</strong></span> <span class='ocrx_word' id='word_1_798' title='bbox 2745 5640 2794 5682; x_wconf 83' lang='lat' dir='ltr'><strong>et</strong></span> <span class='ocrx_word' id='word_1_799' title='bbox 2823 5632 2978 5683; x_wconf 78' lang='lat' dir='ltr'><strong>secuti</strong></span> <span class='ocrx_word' id='word_1_800' title='bbox 3005 5633 3120 5683; x_wconf 76' lang='lat' dir='ltr'><strong>estis</strong></span> <span class='ocrx_word' id='word_1_801' title='bbox 3149 5648 3247 5695; x_wconf 85' lang='lat' dir='ltr'><strong>me,</strong></span> <span class='ocrx_word' id='word_1_802' title='bbox 3286 5644 3474 5685; x_wconf 84' lang='lat' dir='ltr'><strong>centu-</strong></span> 
     </span>
    </p>
   </div>
   <div class='ocr_carea' id='block_1_118' title="bbox 1895 5742 3468 5811">
    <p class='ocr_par' dir='ltr' id='par_1_118' title="bbox 1895 5742 3468 5811">
     <span class='ocr_line' id='line_1_118' title="bbox 1895 5742 3468 5811; baseline -0.001 -12"><span class='ocrx_word' id='word_1_803' title='bbox 1895 5764 1979 5799; x_wconf 80' lang='lat' dir='ltr'><strong>rm</strong></span> <span class='ocrx_word' id='word_1_804' title='bbox 2028 5745 2242 5797; x_wconf 64' lang='lat' dir='ltr'><strong>uescenti</strong></span> <span class='ocrx_word' id='word_1_805' title='bbox 2299 5745 2603 5810; x_wconf 76' lang='lat' dir='ltr'><strong>iunguntur,</strong></span> <span class='ocrx_word' id='word_1_806' title='bbox 2661 5750 2715 5792; x_wconf 87' lang='lat' dir='ltr'><strong>ut</strong></span> <span class='ocrx_word' id='word_1_807' title='bbox 2757 5742 3076 5806; x_wconf 71' lang='lat' dir='ltr'><strong>baptizentur</strong></span> <span class='ocrx_word' id='word_1_808' title='bbox 3127 5746 3468 5811; x_wconf 74' lang='lat' dir='ltr'><strong>pra&#39;cipimos.</strong></span> 
     </span>
    </p>
   </div>
   <div class='ocr_carea' id='block_1_119' title="bbox 1967 5812 3471 5878">
    <p class='ocr_par' dir='ltr' id='par_1_119' title="bbox 1967 5812 3471 5878">
     <span class='ocr_line' id='line_1_119' title="bbox 1967 5812 3471 5878; baseline 0 -10"><span class='ocrx_word' id='word_1_809' title='bbox 1967 5817 1991 5851; x_wconf 71' lang='grc' dir='ltr'>δ</span> <span class='ocrx_word' id='word_1_810' title='bbox 2022 5818 2165 5868; x_wconf 79' lang='lat' dir='ltr'><strong>Edit.</strong></span> <span class='ocrx_word' id='word_1_811' title='bbox 2201 5815 2354 5866; x_wconf 80' lang='lat' dir='ltr'><strong>ltum.</strong></span> <span class='ocrx_word' id='word_1_812' title='bbox 2387 5815 2545 5865; x_wconf 82' lang='lat' dir='ltr'><strong>habet</strong></span> <span class='ocrx_word' id='word_1_813' title='bbox 2579 5828 2589 5862; x_wconf 94' lang='lat'>:</span> <span class='ocrx_word' id='word_1_814' title='bbox 2624 5812 2809 5876; x_wconf 69' lang='lat' dir='ltr'><strong>devita,</strong></span> <span class='ocrx_word' id='word_1_815' title='bbox 2844 5828 2904 5863; x_wconf 83' lang='lat' dir='ltr'><strong>ne</strong></span> <span class='ocrx_word' id='word_1_816' title='bbox 2928 5812 3151 5878; x_wconf 74' lang='lat' dir='ltr'><strong>urnplitts</strong></span> <span class='ocrx_word' id='word_1_817' title='bbox 3182 5819 3263 5866; x_wconf 87' lang='lat' dir='ltr'><strong>cui</strong></span> <span class='ocrx_word' id='word_1_818' title='bbox 3293 5818 3471 5868; x_wconf 78' lang='lat' dir='ltr'><strong>mulie-</strong></span> 
     </span>
    </p>
   </div>
   <div class='ocr_carea' id='block_1_120' title="bbox 1899 5882 3018 5950">
    <p class='ocr_par' dir='ltr' id='par_1_120' title="bbox 1899 5882 3018 5950">
     <span class='ocr_line' id='line_1_120' title="bbox 1899 5882 3018 5950; baseline -0.002 -11"><span class='ocrx_word' id='word_1_819' title='bbox 1899 5888 2044 5939; x_wconf 76' lang='lat' dir='ltr'><strong>tirres</strong></span> <span class='ocrx_word' id='word_1_820' title='bbox 2068 5886 2303 5945; x_wconf 67' lang='lat' dir='ltr'><strong>obirri-st,</strong></span> <span class='ocrx_word' id='word_1_821' title='bbox 2340 5883 2534 5936; x_wconf 75' lang='lat' dir='ltr'><strong>duabus</strong></span> <span class='ocrx_word' id='word_1_822' title='bbox 2563 5882 2739 5934; x_wconf 78' lang='lat' dir='ltr'><strong>debeat</strong></span> <span class='ocrx_word' id='word_1_823' title='bbox 2769 5883 3018 5950; x_wconf 72' lang='lat' dir='ltr'><strong>copxlari.</strong></span> 
     </span>
    </p>
   </div>
  </div>
