4170 6528
3322 400 3425 458 58‘!

1756 518 1799 570 Λ
1832 518 1987 557 netnr
2020 517 2255 574 pectore,
2290 511 2413 561 dum
2448 513 2575 564 tales
2607 526 2666 564 ac
2701 511 2831 563 tanti
2865 512 2955 565 lilii
2989 528 3138 566 soam
3170 518 3419 583 spirituu-

139 397 231 447 {illi
1597 398 1967 451 EPISTULJI.

646 520 649 531 ”
720 508 1051 563 EPISTULA
1098 509 1158 559 V.

168 594 419 634 ϐιιεῦοηιι
452 593 599 633 ΜΝΞ
633 594 683 631 Ill
719 598 784 633 All
814 596 1056 633 (ΣΑΙΚΟΙΜὯ
1100 595 1415 632 SlAllTl'lJJHI
1448 594 1684 633 διμοιιιῖδι

602 664 771 703 DOMI‘S
803 667 973 703 ιιεωε
1006 666 1267 703 ΡιιΑΝειΑε.

135 718 244 774 Pro
284 721 614 787 suscipienda
650 733 839 773 summ:
881 721 1120 773 Ercluiw
1161 723 1405 772 Romam:
1434 720 1727 786 defensione

204 792 451 862 adversus
476 807 615 858 rcges
649 791 1122 862 Langobardorum,
1141 794 1227 857 qui
1260 792 1404 842 illuni
1433 793 1589 843 armis
1619 796 1723 844 suis

202 861 474 916 vexabant.

207 931 537 1003 [Caroliuum
571 930 847 998 Codicem,
880 948 989 1001 quo
1023 932 1245 1003 Carolus
1274 932 1496 1000 Magnus
1530 932 1720 985 Roma-

132 1002 327 1057 norum
370 1002 677 1071 pontificum
708 1005 960 1070 epistolas
989 1006 1052 1055 ad
1094 1002 1347 1056 Carolnm
1396 1006 1719 1067 Martellmn,

133 1073 419 1142 Pippinum
442 1084 495 1127 et
521 1074 584 1125 ad
606 1088 664 1126 se
686 1074 836 1125 datas
856 1076 1165 1142 completus
1186 1087 1288 1134 εει,
1314 1076 1505 1127 ιιι-ιιιΙιιί
1534 1090 1721 1127 omnes

132 1153 220 1198 sat
246 1155 465 1199 norunt.
494 1146 565 1197 lix
596 1144 678 1197 bis
703 1143 944 1197 Labbens
968 1146 1249 1197 nonnullas
1274 1146 1323 1199 in
1348 1147 1719 1198 collectionem

132 1229 287 1270 suam
338 1214 549 1279 intulit;
599 1216 824 1267 aliarum
871 1230 1132 1269 summam
1184 1220 1554 1271 tantummodo
1598 1232 1721 1282 pro-

133 1286 310 1349 duxit,
334 1289 589 1352 quasdam
629 1288 790 1337 etiam
833 1288 1031 1339 omisit.
1063 1288 1180 1353 Quo
1202 1288 1429 1340 consilio
1450 1286 1499 1338 id
1528 1290 1717 1353 egerit,

136 1358 267 1407 mihi
294 1358 533 1424 profecto
560 1357 943 1423 incmnpertnm
974 1368 1053 1410 est
1076 1375 1089 1417 ;
1118 1374 1291 1423 neque
1313 1360 1455 1409 enim
1482 1358 1719 1423 intelligo

135 1441 231 1479 cur
259 1430 380 1479 alia:
420 1428 725 1493 promemLe
759 1438 966 1486 essent.
1007 1427 1123 1480 alia:
1159 1437 1363 1479 tantum
1398 1428 1715 1490 indicantla',

48 1490 55 1497 “
134 1498 256 1548 alia:
303 1490 733 1563 suppritnetultc,
788 1499 887 1549 nisi
943 1496 1078 1549 forte
1137 1512 1198 1549 ea
1252 1499 1321 1550 illi
1379 1514 1529 1550 mens
1563 1502 1721 1551 fuerit

138 1567 351 1620 Duronii
410 1567 630 1633 vestigia
681 1566 937 1632 relegere.
992 1569 1079 1635 qui
1123 1568 1173 1620 in
1218 1572 1446 1621 Annales
1473 1585 1598 1621 suos
1632 1585 1721 1619 se-

138 1640 306 1689 lectas
366 1635 738 1689 tantummodo
788 1637 986 1699 intulit,
1042 1642 1264 1691 aliarum
1312 1640 1548 1689 meminit
1600 1650 1715 1690 tan-

138 1708 439 1769 tmntnutlo,
469 1706 599 1757 alias
630 1707 903 1758 illamlatas
936 1710 1168 1774 reliquit.
1202 1705 1466 1775 Quidquid
1506 1711 1594 1766 sit.
1620 1726 1718 1774 ego

136 1778 411 1847 integrum
467 1778 718 1828 (Iudicem
776 1778 859 1829 hic
910 1779 1396 1842 repraesentandnm
1445 1778 1712 1847 jlltllC:I\‘l,

136 1857 185 1895 ul
219 1849 287 1897 ιιμ
329 1846 574 1912 epistolis
614 1849 939 1911 singulorum
970 1851 1276 1914 pontificum
1327 1852 1456 1901 nihil
1502 1852 1714 1901 ili-side-

136 1918 361 1967 randum
395 1918 803 1983 relinqueretur.
840 1919 1107 1971 Muratorii
1138 1922 1371 1971 editione
1398 1921 1521 1973 lter.
1551 1921 1712 1973 llnlit'.

136 1999 172 2036 ι.
206 1987 296 2045 ill,
344 2003 395 2053 p.
433 2002 491 2045 II,
527 1998 669 2047 utor,
717 1999 895 2053 utpote
930 1992 1163 2039 omnium
1208 1992 1623 2041 aecuraussima.
1661 1994 1715 2043 Si

138 2058 259 2122 quid
296 2070 475 2109 tamen
510 2058 649 2109 inter
698 2059 951 2119 epistolas
980 2057 1308 2123 singulorum
1351 2062 1653 2125 pontificum
1685 2078 1714 2113 a

137 2128 352 2179 Lalilleo
378 2127 601 2179 rclnlutn
630 2127 849 2189 offendi,
881 2128 997 2195 ejus
1027 2130 1308 2181 lectionem
1343 2129 1591 2181 intactam
1626 2146 1713 2183 re-

136 2198 287 2256 tinui,
334 2198 557 2263 signatis
590 2207 766 2249 tamen
806 2199 1022 2265 majoris
1064 2202 1318 2252 momenti
1363 2202 1711 2253 variantibus.

135 2272 376 2335 lntegras
405 2267 565 2321 etiam
610 2266 851 2335 ejusdem
903 2270 1175 2322 Mut'atorii
1227 2280 1380 2323 notas
1426 2273 1715 2324 servandas

130 2339 335 2400 censui,
369 2352 461 2390 eos
488 2341 779 2404 praesertim
807 2354 924 2405 qua:
951 2340 1015 2390 ad
1042 2340 1334 2393 sanandum
1365 2352 1561 2392 textum
1585 2356 1715 2393 cou-

131 2408 331 2460 lerunt.
364 2405 533 2461 Porro
560 2408 883 2461 Muratorius
910 2417 1109 2461 textum
1134 2411 1491 2464 Gretseriana-
1521 2412 1712 2463 editio-

129 2477 209 2527 uis
243 2477 490 2537 exhibet,
524 2492 587 2528 ac
611 2482 877 2531 variantes
902 2493 965 2531 ex
996 2480 1231 2533 editione
1258 2480 1528 2533 rarissima
1561 2481 1715 2533 Latu-

132 2544 267 2599 becii
293 2549 541 2599 adnotat.
574 2546 626 2599 Id
662 2546 859 2614 pariter
887 2560 940 2602 et
972 2551 1055 2601 Inc
1085 2565 1113 2602 a
1143 2565 1227 2603 me
1252 2552 1443 2603 factum
1475 2561 1577 2613 est,
1608 2553 1715 2604 sal-

138 2627 243 2668 tem
276 2618 331 2687 in
358 2619 424 2669 iis
451 2618 691 2687 epistolis
711 2634 843 2683 quas
864 2634 927 2673 es
952 2620 1141 2673 eodem
1167 2620 1455 2672 Mnratorio
1478 2619 1579 2672 bne
1607 2624 1715 2687 pri-

134 2702 252 2739 mus
300 2686 511 2739 inveai.
564 2687 876 2753 Adjicieuda
922 2690 1080 2741 Ittudu
1107 2700 1190 2743 est
1237 2693 1510 2758 inscriptio
1538 2686 1711 2744 eidem

130 2757 437 2811 collectioni
466 2760 759 2823 praemissa,
787 2774 942 2827 quam
970 2759 1253 2814 Gretserus
1280 2776 1343 2814 ex
1372 2757 1504 2813 Cod.
1539 2778 1710 2813 tuent-

138 2828 410 2950 ltfﬂltﬁfﬁl
442 2829 765 2966 vlenerauda:
793 2832 1100 2893 vetustatis,
1130 2842 1190 2884 ut
1227 2832 1341 2899 ipse
1368 2832 1465 2895 ait,
1496 2833 1715 2899 evulga-

138 2908 219 2948 ιιι.
314 2909 450 2949 assr.

130 2902 219 2948 vit.
256 2898 450 2950 Slaust.

200 2988 437 3041 Domino
488 2987 936 3043 excellentissimo
983 2988 1090 3043 filio
1131 2997 1153 3024 ⁸
1194 2987 1389 3044 Carolo
1428 2990 1715 3062 subregolo

127 3079 320 3146 tiri-gon
336 3078 417 3131 ius
445 3092 601 3146 papa.

201 3169 379 3222 Nimia
407 3169 729 3221 lluctuamus
754 3168 1119 3234 tribulatione,
1151 3181 1204 3224 et
1232 3172 1482 3241 lacrymte
1510 3174 1596 3228 die
1620 3190 1710 3228 no-

1832 599 1930 649 lvm
1974 607 2222 662 matrem,
2249 609 2488 652 sanctam
2528 602 2617 655 llei
2655 603 2971 666 licclesiatn,
3002 604 3221 670 ejusque
3249 623 3407 675 popu-

1831 689 1937 741 lum
1970 690 2290 757 peculiarem
2323 706 2425 743 non
2455 704 2714 746 conantur
2736 694 3058 747 defendere!
3088 696 3284 749 l‘otcns
3312 711 3412 757 cst.

1827 782 2140 835 cliarissime
2172 784 2265 849 fili,
2301 785 2413 851 ipse
2449 786 2694 853 princeps
2724 792 3112 854 apostolorum,
3160 792 3225 842 ob
3249 808 3277 844 a
3311 792 3420 845 Deo

1826 874 1924 925 sibi
1967 888 2279 928 concessam
2322 886 2662 944 potestatem,
2694 892 2841 931 suam
2872 880 3164 935 defendere
3198 883 3416 934 domum

1824 978 1875 1018 ct
1911 969 2160 1034 populum
2193 973 2536 1034 peculiarem,
2562 983 2723 1037 atque
2756 972 2821 1025 de
2863 974 3091 1027 inimicis
3135 978 3265 1030 dare
3295 980 3415 1028 vin-

1823 1058 2019 1110 dictam
2055 1077 2065 1109 :
2119 1059 2213 1113 sed
2247 1060 2475 1113 filiorum
2510 1063 2747 1116 lidelimu
2802 1073 3007 1118 mentes
3038 1068 3243 1131 probat.
3297 1068 3414 1121 Non

1822 1153 2032 1213 credis,
2069 1153 2167 1218 fili,
2221 1154 2480 1207 falsidicis
2526 1159 2956 1223 suggestiouilms
2993 1170 3047 1213 et
3078 1163 3416 1215 suasionibus

1822 1244 2132 1297 corumdetn
2171 1260 2376 1312 regum.
2408 1248 2598 1299 Omnia
2633 1248 2775 1300 enim
2809 1251 2900 1301 tibi
2936 1250 3067 1303 falsi»
3101 1265 3412 1319 suggerunt,

1820 1338 2121 1391 scribentes
2149 1340 2659 1402 rircumventiones,
2694 1342 2834 1408 quod
2866 1341 3017 1406 quasi
3045 1343 3280 1409 aliquam
3303 1346 3417 1396 cul-

1823 1442 1941 1493 pun
1972 1428 2311 1479 commissam
2364 1430 2591 1482 habeant
2638 1432 2716 1483 eis
2760 1430 3041 1502 [Lambec.,
3075 1434 3157 1487 eis
3194 1431 3407 1502 eorum]

1821 1516 2005 1579 duces,
2039 1518 2087 1569 id
2120 1527 2203 1569 εμι
2233 1518 2539 1583 Spoletinus
2566 1531 2618 1571 et
2644 1523 3071 1577 Beneventanus.
3096 1524 3203 1578 Sed
3231 1525 3410 1578 omnia

1824 1610 2101 1661 mendacia
2144 1622 2286 1663 sunt.
2342 1613 2453 1663 Non
2485 1614 2625 1665 enim
2662 1630 2755 1679 pro
2798 1616 2905 1666 alio
2956 1616 3273 1685 (satisfaciat
3319 1619 3412 1671 tibi

1827 1712 2043 1763 vertas,
2097 1706 2191 1769 liti)
2245 1720 2338 1757 eos
2362 1710 2461 1758 lem
2514 1706 2679 1759 ducirs
2734 1720 3125 1776 persequuntur
3163 1710 3412 1769 crimine.

1824 1794 1924 1845 nisi
1962 1812 2055 1860 pro
2082 1812 2147 1848 eo
2193 1798 2334 1862 quod
2376 1801 2661 1850 uoluerunt
2703 1804 2975 1865 prasterito
3010 1816 3152 1853 anno
3202 1804 3270 1856 de
3299 1806 3413 1855 suis

1752 1880 1795 1937 Β
1829 1903 1889 1952 pa
1903 1888 2071 1937 rtilzus
2098 1900 2257 1954 Super
2286 1905 2381 1941 nos
2411 1890 2632 1949 irruere,
2667 1900 2741 1952 et,
2769 1894 2903 1943 sicut
2932 1893 3006 1945 illi
3039 1893 3299 1956 lci-erunt,
3327 1909 3413 1947 res

1822 1988 2129 2030 sanctorum
2186 1982 2551 2045 apostolorum
2604 1986 2914 2048 destruere,
2973 1995 3027 2037 et
3086 1987 3410 2053 pecoliarem

1823 2072 2076 2139 populum
2120 2074 2442 2139 deprzcdari,
2493 2076 2563 2129 ita
2596 2078 2838 2130 dicentes
2890 2078 2989 2146 ip~i
3022 2079 3223 2132 duces:
3276 2082 3409 2146 Quia

1819 2177 2004 2219 Contra
2040 2168 2329 2221 Ecclesium
2359 2176 2596 2219 sanctam
2633 2167 2723 2219 Dei
2762 2168 2984 2237 ejusque
3032 2170 3282 2235 populum
3314 2186 3411 2237 pe-

1820 2260 2076 2312 culiarem
2112 2274 2215 2311 non
2241 2262 2625 2324 exercitannts,
2658 2264 2907 2327 quoniam
2940 2269 2994 2313 et
3040 2272 3246 2329 paetum
3287 2276 3409 2316 cum

1820 2350 1897 2402 eis
1931 2350 2209 2412 habemus,
2244 2362 2295 2403 et
2343 2367 2405 2403 ex
2441 2352 2549 2418 ipsa
2586 2352 2827 2405 Ecclesia
2862 2352 3017 2405 fidem
3049 2354 3354 2417 accepimus
3390 2372 3401 2406 ε

1821 2442 2045 2508 ideoque
2077 2456 2262 2494 mucro
2294 2458 2479 2495 eorum
2508 2442 2733 2495 desawit
2770 2454 2955 2495 contra
2993 2459 3106 2498 eos.
3141 2444 3272 2496 Nam
3306 2444 3407 2512 ipsi

1819 2533 2055 2598 praedicti
2082 2531 2247 2584 duces
2281 2533 2449 2598 parati
2480 2530 2692 2584 fuerunt
2714 2542 2768 2585 et
2798 2543 2920 2584 sunt
2964 2534 3259 2585 secundum
3310 2550 3408 2587 au-

1822 2627 2019 2692 liquam
2043 2626 2486 2679 consuetudinem
2509 2628 2590 2677 eis
2615 2625 2866 2689 obedire;
2897 2627 2990 2680 sed
3017 2626 3087 2679 illi
3116 2629 3407 2682 retinentes

1823 2714 1982 2779 iram,
2013 2733 2108 2783 pro
2137 2732 2203 2770 eo
2233 2717 2373 2785 quod
2406 2718 2647 2783 superius
2679 2718 2931 2777 diximus,
2970 2732 3062 2784 pcr
3086 2718 3405 2783 exquisitam

1824 2808 2165 2861 occasionem
2207 2809 2445 2862 volentes
2480 2809 2599 2861 illos
2628 2819 2680 2861 et
2724 2822 2821 2861 nos
2850 2808 3131 2863 destruere
3173 2817 3231 2864 et
3257 2811 3408 2863 inva-

1817 2896 1984 2959 dere;
2039 2898 2160 2951 ideo
2204 2909 2457 2966 utrosque
2514 2910 2897 2965 persequentes
2937 2909 3131 2953 vestra:
3180 2900 3407 2954 bonitati

1818 2997 2110 3056 suggerunt
2140 2988 2294 3052 falsa,
2324 3000 2380 3042 ut
2411 3000 2463 3044 et
2487 2990 2651 3043 duces
2676 2990 2797 3043 illos
2820 2990 3188 3045 nobilissimos
3214 2994 3407 3061 degra-

1820 3077 1971 3142 dent,
1996 3088 2047 3132 et
2077 3093 2203 3133 suos
2233 3080 2430 3133 ibidem
2467 3095 2659 3147 pravos
2687 3081 2939 3133 ordinent
2962 3082 3149 3143 duces,
3182 3092 3236 3135 et
3268 3083 3405 3136 mul-
3449 3112 3460 3119 ~

1821 3177 1877 3220 to
1900 3169 2132 3236 amplius
2160 3170 2419 3237 quotidie.
2451 3179 2507 3223 et
2532 3185 2595 3223 ex
2626 3170 2771 3223 omni
2808 3180 2956 3237 parte
2982 3170 3077 3225 Dei
3109 3171 3404 3226 Ecclesiam

128 3273 324 3330 ctuque
358 3263 428 3313 ab
462 3262 635 3315 oculis
666 3263 863 3315 nostris
893 3277 997 3315 non
1029 3263 1305 3330 deficiunt,
1339 3265 1553 3332 quando
1586 3281 1716 3319 con-
1743 3258 1793 3324 C
1824 3270 2154 3330 expugnent.
2186 3272 2241 3316 et
2266 3277 2351 3316 res
2384 3262 2526 3317 beati
2570 3262 2710 3317 Petri
2752 3264 3006 3331 principis
3041 3266 3404 3330 apostolorum

132 3354 393 3423 spicimus
422 3353 663 3424 quotidie
687 3364 740 3409 et
767 3356 1003 3424 undique
1028 3356 1321 3412 Ecclesium
1352 3372 1589 3413 sanctam
1621 3362 1712 3415 Dei

128 3463 155 3497 a
188 3450 326 3513 suis,
359 3447 413 3500 in
443 3446 637 3516 quibus
666 3462 790 3515 spes
820 3458 937 3502 erat
967 3448 1290 3516 vindicandi,
1322 3452 1537 3505 destitui
1568 3455 1711 3507 liliis.

132 3538 422 3606 l'rupterea
455 3539 714 3592 coarctati
736 3540 920 3593 dolore
952 3542 1005 3594 in
1034 3542 1231 3610 gemitu
1260 3553 1313 3597 et
1358 3544 1498 3598 luctu
1539 3548 1713 3599 consi-

127 3628 344 3694 stimus,
379 3629 505 3683 dum
532 3633 802 3683 citruimus
830 3630 882 3683 id
910 3632 1050 3699 quod
1083 3633 1353 3686 modicum
1385 3644 1714 3689 remanserat

130 3722 407 3785 praeterito
458 3736 602 3774 anno
652 3736 746 3788 pro
776 3722 1017 3776 subsidio
1046 3734 1095 3777 et
1141 3723 1393 3778 alimento
1424 3742 1711 3793 pauperum

130 3810 357 3873 Christi,
406 3826 501 3865 seu
538 3812 879 3866 luminarium
923 3812 1352 3879 concinnatione,
1391 3815 1442 3868 in
1480 3818 1714 3883 partibus

128 3901 527 3967 ltavennatum,
579 3917 720 3958 nunc
752 3903 929 3973 gladio
958 3915 1014 3959 et
1044 3907 1163 3975 igne
1198 3916 1385 3960 cuncta
1416 3909 1655 3961 consumi
1682 3922 1712 3961 a

130 3992 463 4059 Luitprando
504 4000 559 4047 et
608 3992 905 4061 Hilprando
948 3994 1165 4065 regibus
1215 3996 1710 4066 Longobardorum.

128 4084 234 4137 Sed
267 4084 320 4136 in
346 4084 465 4137 istis
493 4084 732 4151 partibus
762 4083 1018 4139 Romanis
1048 4087 1322 4142 mittentes
1349 4088 1526 4157 plures
1559 4104 1713 4142 exer-

127 4178 272 4230 citus
320 4176 515 4229 similia
567 4176 724 4229 nobis
776 4177 1020 4233 fecerunt
1064 4188 1119 4234 et
1166 4180 1386 4245 faciunt,
1435 4190 1491 4236 et
1526 4196 1711 4237 omnes

125 4268 303 4323 sealas
330 4264 610 4339 [Cretum
640 4266 802 4341 salas]
848 4271 1017 4325 sancti
1060 4270 1199 4326 Petri
1229 4271 1631 4337 destruxerunt,
1659 4282 1713 4327 et

129 4361 338 4429 peculia
373 4376 490 4429 quae
515 4371 887 4417 remanserant
916 4364 1268 4419 abstulerunt.
1300 4364 1364 4418 Et
1395 4366 1535 4419 nulla
1558 4366 1711 4420 nobis

126 4454 223 4503 abs
254 4459 330 4513 te,
355 4449 805 4506 excellentissime
831 4452 925 4516 fili,
959 4452 1218 4523 refugium
1249 4453 1566 4508 facientibus
1592 4470 1709 4523 per-

126 4542 276 4597 venit
303 4541 563 4595 hactenus
592 4542 907 4597 consolatio.
937 4542 1067 4606 Sed.
1101 4555 1155 4599 ut
1179 4547 1555 4614 conspicimus,
1582 4548 1707 4600 dum

1820 3354 2105 3421 dissipent,
2133 3365 2293 3423 atque
2322 3356 2577 3425 p0pulum
2606 3356 2929 3423 peculiarem
2977 3359 3268 3425 captivent.
3297 3358 3403 3412 Τι-

1820 3462 1941 3500 men
1973 3458 2028 3500 ut
2054 3449 2129 3501 rei
2159 3449 2355 3502 veritas
2382 3448 2533 3501 vobis
2562 3452 2773 3517 penitus
2798 3450 3121 3518 declaretur,
3145 3452 3405 3505 (ΞΙιι-ἰειίπο

1820 3540 2040 3592 nissime
2074 3540 2170 3603 fili,
2198 3539 2387 3607 jubeas
2425 3548 2545 3607 post
2587 3540 2825 3609 ipsorum
2854 3556 3037 3612 regum
3079 3543 3143 3595 ad
3192 3547 3403 3611 propria

1819 3632 2187 3685 reversionem
2240 3641 2387 3685 tuum
2440 3632 2811 3687 fidelissimum
2860 3635 3108 3701 missum,
3155 3635 3245 3702 qui
3298 3650 3405 3691 non

1819 3722 2055 3789 prmmiis
2086 3732 2486 3791 corrumpatur,
2516 3723 2621 3776 huc
2642 3724 2898 3793 dirigere,
2926 3735 2985 3779 ut
3014 3727 3247 3794 propriis
3274 3742 3402 3781 ocu-

1820 3814 1882 3867 lis
1922 3816 2345 3879 persecutionem
2374 3826 2633 3880 nostram,
2662 3829 2714 3871 et
2746 3817 2836 3872 Dei
2872 3819 3125 3874 Ecclesia!
3151 3821 3401 3874 humilia-

1820 3904 2042 3968 tionem,
2087 3914 2143 3957 et
2170 3907 2289 3971 ejus
2332 3920 2508 3959 rerum
2540 3907 2949 3974 desoiationem,
2999 3921 3053 3964 et
3091 3912 3402 3980 peregrino-

1815 4007 1935 4045 rum
1966 3993 2230 4062 lacrymas
2259 3996 2601 4063 conspicetur
2641 3997 2773 4067 ιΑι..
2818 3997 3164 4071 conspiciat],
3214 4011 3267 4055 et
3298 4012 3402 4057 tua:

1814 4084 2090 4138 devotioni
2141 4085 2320 4138 omnia
2355 4086 2573 4154 pandat.
2622 4086 2727 4141 Sed
2762 4091 3040 4145 hortamur
3069 4099 3211 4145 tuam
3244 4092 3400 4146 boni-

1817 4183 1979 4228 tatem
2006 4189 2191 4229 coram
2217 4176 2465 4243 Domino,
2493 4187 2547 4231 et
2572 4178 2686 4246 ejus
2728 4180 2957 4233 terribili
2984 4180 3212 4249 judicio,
3244 4182 3398 4237 Chri-

1813 4264 2138 4319 stianissime
2166 4266 2264 4329 fili,
2289 4277 2346 4320 ut
2383 4276 2599 4336 propter
2629 4269 2795 4323 Deum
2824 4280 2879 4324 et
2899 4272 3092 4327 anima:
3122 4281 3227 4327 tua:
3249 4274 3395 4327 salu-

1816 4365 1920 4409 tem
1965 4356 2252 4410 subvenias
2280 4358 2535 4411 Ecclesire
2578 4360 2748 4413 sancti
2784 4360 2949 4425 Petri,
2978 4371 3033 4415 et
3076 4363 3195 4431 ejus
3239 4379 3399 4432 pecu-

1814 4448 1931 4502 liari
1965 4449 2181 4516 papulo,
2232 4451 2560 4518 eosdemque
2590 4466 2743 4521 reges
2776 4453 2877 4505 sub
2906 4455 3070 4508 nimia
3118 4457 3399 4512 celeritate

1814 4542 2037 4604 refutes,
2070 4550 2127 4594 et
2146 4555 2175 4593 a
2204 4540 2361 4596 nobis
2391 4543 2637 4610 repellas,
2671 4554 2723 4596 et
2750 4543 2940 4613 julieas
2970 4561 3063 4599 eos
3090 4548 3155 4602 ad
3189 4551 3400 4616 propria

126 4632 391 4684 indultum
439 4646 468 4683 a
521 4630 674 4686 vobis
720 4635 926 4688 eisdem
958 4636 1171 4703 regibus
1198 4650 1279 4691 εει
1325 4640 1588 4692 motiones
1630 4636 1706 4690 fi-
1738 4621 1787 4677 Ι)
1815 4634 2033 4688 reverti.
2076 4633 2190 4688 Non
2232 4636 2496 4704 despicias
2525 4637 2953 4703 deprecationem
2989 4657 3183 4703 Illeaﬂl,
3230 4660 3400 4711 neque

125 4725 324 4781 ciendi.
358 4724 497 4792 quod
529 4739 715 4779 eorum
745 4725 873 4779 falsa
902 4728 1173 4797 suggestio
1194 4726 1313 4797 plus
1334 4746 1492 4797 quam
1525 4740 1705 4784 nostra

127 4814 325 4869 veritas
359 4813 498 4882 apud
540 4828 635 4867 vos
661 4826 873 4884 recepta
905 4826 1011 4885 est,
1036 4826 1092 4872 et
1128 4818 1374 4872 timemus
1402 4834 1467 4873 ne
1499 4821 1590 4873 tibi
1622 4836 1701 4875 re-

123 4908 309 4973 spiciat
343 4905 409 4959 ad
443 4916 752 4974 peccatum;
783 4909 996 4978 quando
1024 4926 1185 4977 nunc,
1215 4911 1303 4965 ubi
1335 4911 1574 4966 resident
1602 4913 1703 4979 ipsi

126 5012 301 5069 rcges,
326 4998 391 5052 ad
411 4999 881 5069 exprobrationem
902 5010 1137 5059 nostram
1162 5006 1231 5059 ita
1252 5004 1522 5074 proferunt
1545 5006 1703 5062 verba

122 5093 407 5148 dicentes:
456 5093 721 5148 Adveniat
765 5096 1009 5160 Carolus,
1063 5098 1201 5164 apud
1232 5113 1389 5167 quem
1439 5098 1701 5169 refugium

124 5183 347 5247 fecistis,
382 5193 439 5237 et
465 5184 737 5240 exercitus
765 5185 1113 5253 Francorum,
1145 5198 1199 5242 et
1246 5191 1291 5244 si
1337 5192 1514 5245 valent
1553 5192 1704 5262 adju-

122 5288 245 5331 vent
276 5290 398 5339 vos,
429 5285 484 5331 et
506 5286 695 5331 eruant
722 5278 790 5333 de
818 5293 977 5333 manu
1001 5290 1205 5336 nostra.
1232 5283 1277 5337 Ο
1307 5299 1463 5352 quam
1491 5285 1702 5339 insana-

123 5370 244 5425 bilis
268 5368 428 5423 dolor
478 5383 574 5438 pro
606 5368 689 5423 bis
716 5373 1218 5441 exprobrationibus
1268 5375 1321 5429 in
1363 5385 1547 5432 nostro
1576 5380 1700 5432 reti-

193 5513 217 5540 ⁸
245 5504 441 5559 Carolo
465 5504 756 5577 abrogato.
783 5505 935 5562 Edita
963 5517 1046 5562 est
1072 5524 1193 5563 cum
1214 5513 1458 5577 sequenti
1488 5527 1516 5565 a
1543 5513 1698 5569 Cret-

122 5590 238 5629 sero
264 5586 457 5630 nostro
503 5577 556 5630 in
582 5575 781 5649 codice
814 5579 1163 5649 epistolarum
1192 5575 1603 5649 pontificiarum.
1640 5586 1694 5638 ln

124 5657 341 5715 utraque
360 5657 551 5720 autem
576 5646 918 5720 subregulnm
951 5663 1103 5703 vocat
1128 5646 1387 5718 pontifex,
1416 5669 1573 5720 quem
1600 5657 1694 5709 de-

122 5731 296 5771 cessor
318 5718 441 5790 ejus
485 5715 776 5790 Gregorius
801 5720 935 5773 alter
962 5715 1152 5774 ducem
1197 5724 1246 5775 in
1278 5715 1497 5790 epistola
1538 5727 1571 5778 5
1601 5741 1693 5778 vo-

121 5797 280 5846 carat.
311 5800 365 5840 et
412 5789 464 5841 iu
494 5786 723 5853 epistola
750 5788 783 5841 8
828 5792 1138 5855 patricium;
1170 5786 1416 5847 Carolum
1446 5796 1691 5849 videlicet

125 5855 438 5925 llartellum,
492 5859 801 5925 prmlecunn
834 5860 1037 5928 palatii,
1085 5878 1178 5918 seu
1212 5864 1466 5933 majorem
1503 5868 1689 5921 domus

1815 4724 2031 4777 claudas
2048 4739 2204 4779 aures
2227 4740 2257 4778 a
2286 4726 2643 4794 postulatione
2673 4744 2824 4795 mea;
2848 4731 2891 4783 si
2923 4730 3009 4802 [F.
3033 4730 3133 4803 sic]
3175 4750 3280 4789 non
3303 4737 3399 4790 tibi

1812 4816 2058 4883 princeps
2073 4817 2434 4881 apostolorum
2456 4818 2670 4873 claudat
2690 4822 2923 4875 caelestia
2948 4838 3128 4893 regna.
3160 4824 3397 4894 Conjuro

1814 4916 1863 4958 te
1887 4921 1977 4973 per
1993 4906 2157 4959 Deum
2181 4908 2355 4961 vivunt
2370 4916 2424 4962 et
2439 4925 2643 4974 verum,
2660 4922 2713 4963 et
2729 4928 2823 4979 per
2844 4913 2986 4979 ipsas
3009 4917 3395 4972 sacratissimas

1809 4998 1989 5050 claves
2013 4995 2374 5055 confessionis
2403 5000 2541 5055 beati
2568 5001 2728 5065 Petri,
2755 5017 2888 5070 quas
2909 5005 3059 5060 vobis
3081 5007 3143 5059 ad
3168 5023 3393 5075 regnmn

1812 5089 2125 5155 direximus,
2157 5100 2213 5145 ut
2242 5107 2344 5145 non
2382 5109 2662 5162 pra'ponas
2691 5097 2984 5151 amicitiam
3017 5099 3392 5170 Langobardi»

1810 5196 1926 5235 rum
1968 5186 2136 5237 amori
2171 5184 2422 5253 principis
2460 5191 2858 5255 aposmlorum;
2904 5192 2998 5246 sed
3029 5194 3262 5247 velocius
3292 5198 3394 5250 sub

1812 5272 1970 5325 nimia
1994 5272 2335 5329 festinatione
2356 5279 2651 5331 sentiamus
2674 5288 2793 5346 post
2827 5279 2990 5333 Deum
3025 5293 3165 5335 tuam
3194 5299 3391 5338 conso-

1812 5362 2060 5417 lationem
2104 5365 2169 5418 ad
2204 5375 2436 5419 nostram
2482 5367 2889 5436 defensionem;
2944 5384 2999 5426 ut
3039 5377 3091 5426 in
3140 5377 3394 5433 omnibus

1810 5518 1987 5594 regina.
2030 5516 2176 5594 idem
2222 5536 2406 5594 rursus
2438 5523 2487 5577 in
2535 5525 2773 5589 proxima
2803 5527 2869 5582 ad
2914 5528 3245 5584 Bonifacium
3276 5533 3391 5594 cpi-

1806 5589 1939 5668 stola
1966 5590 2210 5668 princeps
2242 5591 2568 5668 Francorum
2618 5597 2863 5651 dicetur:
2909 5616 3017 5668 quo
3048 5602 3204 5654 titulo
3231 5589 3385 5657 usum

1804 5655 2273 5733 fuisse—“Gerulum
2328 5664 2627 5719 Martellum
2678 5682 2784 5721 non
2836 5655 3220 5733 meminimus;
3263 5655 3390 5728 usos

1803 5745 1924 5783 esse
1971 5730 2384 5787 Carlomanmnn
2441 5746 2495 5788 et
2529 5737 2808 5803 Pippinum
2854 5740 3082 5794 Martelli
3115 5730 3257 5796 filios
3292 5746 3389 5796 do-

1800 5808 1926 5853 cent
1978 5811 2095 5857 acta
2142 5805 2329 5871 synodi
2386 5805 2715 5873 Liptineosis
2758 5821 2812 5864 et
2859 5813 3233 5866 Suessionicze.
3269 5816 3387 5868 Sni-

1801 5884 1965 5925 IUND.
