4170 6530
790 425 893 481 583

781 634 1045 689 quatenus
1096 633 1149 676 et
1201 638 1294 675 nos
1346 639 1465 675 cum
1520 625 1775 692 pmplteta
1823 642 2122 679 Illl‘t'f‘ﬂtiltll‘
2151 627 2363 679 dicere'

783 712 1042 765 Exaudiat
1085 726 1132 765 te
1172 713 1419 766 Dominus
1452 716 1501 766 in
1530 716 1614 769 die
1653 726 1699 769 tr
1724 719 2018 780 bn.‘atimtis,
2065 728 2290 787 protegat
2324 731 2368 770 lc

780 822 962 858 uorum
998 805 1089 858 Dei
1133 803 1291 857 Jarob
1327 805 1499 873 (Psal.
1533 808 1665 879 xu).
1718 810 1912 860 Harum
1947 822 2123 863 autem
2169 811 2365 863 littera-

782 914 894 947 rnm
946 895 1167 962 portitor
1212 898 1528 950 Amtliardns
1576 910 1750 949 \‘ftsif‘t‘
1783 900 1972 963 iideiis,
2018 901 2154 967 quod
2201 903 2367 954 oculis

780 992 892 1041 suis
926 992 1079 1051 vidit,
1123 1002 1169 1040 et
1206 1004 1302 1042 nos
1331 993 1377 1043 ei
1408 992 1751 1057 injunxizuns,
1783 998 1957 1045 omnia
1992 1007 2090 1046 Ina-
2120 995 2360 1061 benigna:

779 1081 1112 1138 excellentiae
1138 1084 1250 1133 viva
1282 1099 1409 1135 voce
1442 1085 1695 1137 narrabit.
1732 1086 1795 1139 Et
1824 1089 2048 1155 petimus
2077 1089 2362 1140 bonitatem

777 1181 944 1230 tuain,
977 1186 1157 1223 coram
1203 1172 1312 1224 Deo
1341 1181 1477 1225 teste
1519 1184 1569 1225 et
1597 1174 1793 1241 judice,
1831 1186 1883 1226 ut
1916 1177 2072 1230 nimis
2107 1177 2363 1232 festinan-

778 1270 856 1312 ter
891 1262 1055 1313 lenias
1100 1262 1332 1321 dolores.
1368 1273 1422 1316 et
1460 1264 1755 1317 Letalmnda
1788 1266 1940 1324 nobis
1970 1270 2218 1323 celeriter
2247 1274 2365 1323 mit-

780 1364 857 1405 las
891 1355 1091 1420 nuntia,
1123 1364 1180 1405 ιιι
1204 1356 1326 1408 la-to
1352 1355 1525 1409 aﬂ'ecti
1556 1358 1737 1410 animo
1778 1358 1865 1413 die
1895 1372 2158 1430 noctuque
2188 1378 2282 1430 pro
2315 1377 2364 1417 te

780 1446 987 1509 Ittisqtte
1018 1443 1259 1497 fidelibus
1299 1460 1478 1497 coram
1521 1451 1689 1501 sacris
1719 1462 2027 1505 sanctorum
2064 1455 2362 1519 principum

777 1533 1141 1595 apostolorum
1197 1533 1337 1587 l‘etri
1386 1546 1439 1588 et
1485 1534 1631 1588 Pauli
1681 1536 2105 1594 confessionibus
2138 1541 2364 1595 Domino

778 1622 1062 1675 fnnlatnus
1087 1640 1290 1691 preces.

1344 1695 1677 1750 EPIS'IOL:\
1720 1698 1803 1750 Vl.

819 1797 1068 1838 GliEGORII
1096 1800 1244 1838 PAPE
1274 1800 1331 1838 ΙΙΙ
1366 1801 1432 1839 AD
1454 1802 1695 1843 CAROLUH
1727 1807 2046 1847 ἉΙΛΠΤΕΗΜΜ
2082 1813 2172 1849 ΜΛ]
2201 1814 2319 1852 neu

1196 1871 1365 1911 ltthlJS
1397 1874 1565 1913 ΙίΕϐΙᾹΞ
1595 1878 1927 1915 Ηιιιδειιιιωι.

992 1944 1123 1999 Item
1157 1965 1250 2014 pro
1276 1951 1569 2016 defensioue
1599 1951 1842 2005 Ecclesiw
1876 1957 2140 2009 liomaua'.

847 2037 888 2089 D
910 2039 1071 2090 nnino
1094 2040 1546 2095 excellentissimo
1575 2041 1685 2097 ﬁlio
1708 2043 1900 2099 Carolo
1922 2050 2209 2117 subregulo
2231 2050 2359 2105 Grc-

775 2131 954 2198 gorius
988 2146 1140 2199 papa.

847 2219 928 2272 0b
977 2223 1196 2275 nimium
1247 2224 1490 2279 dolorem
1535 2226 1712 2281 cordis
1756 2238 1813 2282 et
1861 2230 2123 2301 lacrymas
2175 2236 2361 2289 iterata

777 2312 890 2366 vice
920 2323 1022 2367 tute
1060 2317 1392 2370 excellentiae
1441 2320 1799 2373 necessarium
1829 2321 2079 2375 duximus
2125 2326 2364 2379 scriben-

773 2407 925 2470 dum,
967 2406 1302 2461 confidentes
1334 2418 1383 2463 te
1413 2424 1533 2463 esse
1564 2421 1859 2465 amatorem
1900 2413 2069 2467 lilium
2102 2416 2240 2470 beati
2268 2419 2360 2473 l’e-

775 2499 841 2551 ui
873 2498 1129 2567 principis
1164 2502 1532 2563 apostolorum
1580 2512 1632 2555 et
1675 2513 1961 2570 nostrum;
2014 2517 2067 2560 et
2095 2509 2235 2575 quod
2270 2526 2364 2576 pro

773 2591 891 2657 ejus
945 2594 1243 2645 reverentia
1293 2596 1491 2647 nostris
1538 2596 1756 2650 nbcdias
1793 2600 2059 2654 mandatis
2088 2602 2155 2653 ad
2182 2603 2357 2657 defen-

774 2680 1010 2735 dendam
1051 2682 1140 2735 Dei
1175 2684 1488 2751 Ecelesiam,
1526 2696 1580 2740 et
1605 2688 1929 2750 pceuliarcm
1965 2693 2238 2760 populum,
2273 2697 2360 2762 qui

777 2774 886 2841 jam
922 2777 1351 2842 persecutionem
1401 2788 1453 2830 et
1498 2782 1896 2846 Oppressionem
1944 2785 2119 2852 gentis
2150 2787 2365 2858 Longo-

780 2867 1065 2920 bardornm
1096 2866 1323 2922 sufferre
1350 2883 1457 2921 non
1488 2885 1790 2938 possumus.
1823 2873 2012 2929 Omnia
2041 2879 2182 2931 enim
2212 2881 2365 2935 lumi-

773 2958 922 3009 naria
964 2956 1028 3009 ad
1074 2957 1335 3011 honorem
1382 2958 1547 3027 ipsius
1594 2962 1852 3029 principis
1884 2968 2268 3035 apostolorum,
2311 2982 2364 3027 et

775 3063 890 3114 qua:
923 3063 952 3100 a
978 3049 1169 3101 vestris
1220 3051 1555 3115 parentibus,
1606 3049 1740 3103 vela
1788 3053 1938 3108 vobis
1985 3056 2161 3110 oblata
2214 3069 2360 3126 sunt,

776 3140 875 3206 ipsi
908 3138 1265 3193 abstulerunt.
1319 3139 1386 3193 Et
1415 3142 1666 3208 quoniam
1696 3142 1761 3197 ad
1810 3153 1864 3199 te
1891 3154 2010 3211 post
2039 3147 2207 3201 Deum
2237 3164 2364 3204 con-

775 3230 969 3297 fugium
1001 3230 1252 3298 facimus,
1281 3242 1560 3301 propterea
1594 3237 1692 3303 ipsi
1722 3236 2060 3307 Longobardi
2083 3242 2135 3294 in
2164 3259 2358 3313 oppro-

776 3324 948 3376 brium
978 3323 1179 3378 habent
1212 3334 1270 3379 et
1297 3326 1624 3394 Oppriniunt.
1660 3327 1811 3383 Unde
1829 3339 1898 3383 et
1926 3331 2161 3386 Ecclesia
2189 3336 2359 3390 sancti

781 3415 917 3469 l’etri
949 3416 1212 3470 denudata
1238 3425 1340 3483 est,
1372 3426 1427 3471 et
1452 3419 1503 3472 in
1538 3420 1758 3474 nimiam
1791 3422 2177 3479 desolationem
2204 3427 2360 3481 rcda-

774 3518 878 3563 cta.
912 3510 1111 3563 'l'ainen
1158 3526 1345 3564 omnes
1392 3526 1604 3566 nostros
1652 3515 1870 3569 dolores
1909 3518 2156 3573 subtilius
2182 3520 2233 3574 in
2265 3536 2361 3576 ore

778 3601 1053 3667 posuimus
1083 3604 1328 3669 pra-senti
1361 3605 1607 3671 portitori
1640 3616 1735 3659 tuo
1763 3606 1923 3673 iideli,
1953 3624 2087 3676 quos
2126 3611 2177 3663 in
2216 3615 2359 3667 auri-

777 3696 875 3747 bus
906 3702 1010 3745 tua:
1060 3693 1396 3747 excellentia:
1449 3710 1736 3765 suggerere
1787 3698 2001 3754 debeat.
2042 3701 2120 3755 Tu
2154 3713 2356 3769 autem,

776 3787 873 3848 lili,
931 3787 1128 3841 habeas
1170 3802 1291 3840 cum
1324 3787 1438 3856 ipso
1483 3790 1723 3857 principe
1767 3794 2153 3860 apostolorum,
2191 3797 2276 3849 hic
2303 3805 2359 3850 et

775 3878 826 3930 in
859 3877 1033 3931 futura
1064 3878 1171 3932 vita
1225 3894 1404 3933 coram
1432 3882 1801 3950 omnipotente
1836 3884 1944 3939 Deo
1984 3896 2188 3950 nostro,
2219 3889 2360 3943 sicut

777 3983 875 4032 pro
902 3969 1019 4035 ejus
1048 3968 1295 4025 Ecclesia
1324 3980 1375 4025 et
1403 3980 1585 4026 nostra
1613 3973 1925 4029 defensione
1953 3976 2282 4045 disposueris
2306 3993 2360 4034 et

772 4061 1137 4116 ili-certaveris
1191 4063 1291 4115 sub
1333 4064 1479 4117 omni
1529 4065 1815 4119 velocitate
1861 4084 1872 4119 :
1932 4079 1989 4121 ut
2034 4081 2362 4138 ergnoseant

776 4171 967 4210 mones
998 4165 1183 4223 gentes
1226 4165 1369 4209 tuam
1399 4156 1554 4210 iidem
1603 4169 1657 4211 et
1687 4160 1991 4225 puritatem,
2023 4172 2179 4231 atque
2201 4179 2360 4216 aum-

776 4264 886 4302 rein
918 4264 1075 4317 quem
1112 4248 1278 4302 habes
1331 4264 1455 4317 erga
1487 4250 1781 4318 principem
1827 4254 2188 4317 apostolorum
2238 4258 2359 4310 bea-

778 4353 888 4395 nun
942 4340 1183 4404 I’etrnm,
1233 4351 1285 4394 et
1326 4355 1423 4394 nos
1468 4340 1691 4409 ejusque
1737 4345 2060 4411 peculiarem
2108 4348 2357 4414 populum

774 4430 998 4486 zelando
1026 4439 1082 4484 et
1108 4430 1468 4486 defendendo.
1498 4432 1574 4483 Ex
1608 4431 1709 4484 bne
1737 4434 1880 4487 enim
1903 4435 1994 4488 tibi
2029 4438 2228 4504 poteris
2259 4437 2359 4490 im-

778 4525 1055 4581 mortalem
1084 4532 1139 4580 et
1168 4535 1425 4580 aeternam
1455 4526 1620 4578 vitam
1648 4528 1948 4593 acquirere.

1320 4615 1653 4670 EPISTOLA
1701 4616 1808 4670 VII.

811 4725 1054 4766 GREGOBII
1088 4725 1236 4763 ΓΑΡΕ
1268 4724 1326 4761 HI
1371 4725 1436 4761 AD
1480 4725 1794 4763 BDMFACIUM
1845 4726 2317 4766 ARCIHEPISCOPEM.

781 4800 971 4854 Probat
999 4800 1136 4869 quod
1160 4799 1454 4870 liajaariam
1482 4799 1533 4852 in
1562 4812 1782 4867 quatuor
1817 4802 2138 4870 cpismpams
2163 4805 2357 4857 divisit.

850 4874 1053 4936 Aliquot
1125 4872 1661 4942 ejusiqtucstionihus
1714 4875 2009 4934 rrspondel.
2075 4872 2361 4928 Concilium

839 4946 995 5013 juxta
1035 4944 1201 5007 ripam
1248 4941 1470 4995 Danubii
1500 4943 1744 4993 rcicbrari
1762 4942 1931 5011 jubet.

852 5032 1303 5085 lieverentissimo
1326 5040 1380 5085 et
1403 5033 1740 5085 sanctissimo
1757 5032 1903 5087 fratri
1930 5034 2199 5091 Donifacio
2222 5037 2359 5093 Cre-

778 5126 957 5187 gorins
986 5138 1173 5179 servus
1200 5139 1474 5179 servorum
1508 5124 1622 5179 Dei.

855 5266 880 5291 ει
920 5254 1361 5334 Caroli-principis
1393 5255 2226 5334 Francorum:_l_loeqargumento
2250 5266 2359 5334 plu-

783 5326 1034 5398 ribusque
1062 5328 1181 5398 aliis
1204 5341 1231 5376 a
1266 5327 1491 5380 Daronio
1535 5343 1677 5382 anno
1703 5329 1799 5382 7M
1838 5326 2098 5398 allegatis,
2130 5326 2355 5391 convin-

783 5406 921 5449 citur
958 5394 1257 5449 fabulosum
1286 5411 1404 5450 esse
1434 5398 1573 5463 quod
1602 5399 1669 5453 de
1695 5402 1872 5454 Caroli
1906 5394 2127 5457 Martelli
2176 5410 2353 5463 anima

783 5466 919 5530 apud
992 5464 1190 5546 inferos
1238 5467 1590 5546 condemnata
1635 5470 1805 5546 refert
1858 5471 2189 5541 Gratianus,
2247 5477 2354 5546 16,

784 5535 1034 5603 qntcstJ,
1074 5548 1191 5602 post
1215 5552 1470 5590 canonem
1512 5539 1601 5593 59.
1635 5541 1751 5596 BIN.

854 5604 879 5642 δ
923 5605 1250 5674 Presbytero:
1298 5624 1433 5660 vero.
1492 5610 1567 5662 lix
1623 5612 1723 5666 hoc
1782 5612 1901 5668 loco
1955 5614 2357 5675 Ccnturiatores

786 5673 1101 5755 Gregorium
1227 5678 1572 5755 redarguunt,
1604 5684 1698 5736 sed
1730 5699 1917 5755 magna
1962 5700 2081 5738 cum
2113 5673 2357 5755 injuria:

789 5742 918 5795 nihil
945 5745 1085 5820 enim
1124 5742 1397 5820 alindbnc
1440 5752 1556 5803 loco
1588 5742 2011 5820 prircipit'quam
2048 5768 2102 5810 ut
2130 5742 2357 5813 ordinati

789 5828 824 5890 a_
843 5829 942 5890 non
966 5816 1103 5890 veris
1132 5816 1428 5890 veldnbiis
1456 5816 1717 5890 episcopis
1740 5816 1929 5878 iterum
1954 5841 2356 5884 consecreutur.

790 5883 1154 5945 liellarminne,
1187 5887 1277 5940 iib.
1312 5903 1357 5939 ιν
1385 5888 1450 5943 de
1474 5883 1876 5949 Hann-Pontif"
1901 5912 2015 5965 rap.
2054 5898 2136 5951 1'2.
2174 5900 2283 5953 Bm.

2029 424 2083 475 S.
2129 422 2359 475 GiiECU

2498 422 2696 477 PAPin
2743 427 2801 478 lll
3960 449 4050 502 εει

782 535 1026 602 gentibus
1056 532 1354 586 deciaretnr
1403 542 1573 585 vestra
1610 534 1742 587 tides
1791 546 1843 588 et
1896 537 2089 589 tenuat
2125 553 2316 588 nomen
2351 578 2360 585 .
2399 542 2439 593 Λ

2544 540 2795 595 Doctoris
2823 542 3062 610 gentium
3095 550 3295 619 egregii
3338 550 3478 605 beati
3514 555 3738 621 apostoli
3771 556 3915 612 Pauli
3962 580 4052 619 vox

2474 642 2557 685 est
2599 635 2825 688 dicentis
2861 655 2871 688 :
2928 636 3270 705 Diligentibus
3307 643 3471 697 Deum
3515 651 3686 704 omnia
3723 668 4055 722 coalierauur

2474 724 2523 776 in
2555 725 2740 779 bonum
2769 729 2946 791 (liam.
2976 731 3111 796 van).
3149 736 3519 801 Agnosceutes
3549 739 3726 809 itaque
3753 744 3804 796 in
3835 746 4053 816 syllabis

2474 816 2824 871 fraternitatis
2855 829 2979 883 tum,
3030 839 3146 891 qna:
3177 823 3452 881 initoiniSli
3492 830 3599 898 jam
3647 832 3715 886 de
3761 835 4056 891 Crrruania-

2468 909 2737 972 gentibus,
2768 926 2899 979 quas
2930 929 3026 965 sua
3063 917 3258 982 pietate
3307 917 3445 971 Di-us
3476 933 3658 976 noster
3684 925 3751 980 de
3798 941 4057 995 poieqmc

2472 1014 2793 1066 paganorum
2832 1004 3091 1071 liberavit,
3125 1020 3177 1061 ct
3219 1010 3282 1061 ad
3312 1020 3521 1064 centum
3560 1016 3721 1071 miltia
3754 1022 3960 1075 animas
4005 1026 4055 1078 in

2469 1097 2586 1148 sinu
2642 1100 2829 1153 manis
2885 1102 3163 1168 lterlcsize,
3221 1117 3309 1158 tuo
3368 1112 3671 1177 conamine,
3705 1123 3816 1171 iet
3883 1117 4053 1169 Caroli

2471 1188 2725 1256 principis
2758 1189 3109 1258 Francorum,
3157 1214 3450 1267 aggregare
3496 1203 3746 1272 dignatus
3778 1219 3907 1263 est:
3958 1212 4051 1264 sed

2468 1291 2523 1333 et
2567 1281 2618 1333 in
2654 1283 3019 1349 iiajotu'iorum
3073 1294 3347 1357 provincia
3403 1311 3520 1364 qua:
3580 1316 3605 1349 a
3658 1310 3707 1351 te
3759 1312 3875 1354 acta
3932 1318 4053 1354 sunt

2467 1385 2844 1443 agnoscentes,
2875 1377 3044 1431 datori
3094 1383 3330 1436 omnium
3361 1386 3619 1440 bononnu
3672 1389 3896 1443 Domino
3946 1392 4053 1445 Duo

2469 1473 2648 1515 “(her
2679 1468 2916 1521 extensis
2943 1471 3007 1523 ad
3048 1473 3241 1525 cmluzn
3276 1477 3466 1542 pilmis
3506 1482 3705 1545 gratias
3747 1484 4046 1549 retulimus,

2466 1555 2552 1620 qui
2594 1554 2810 1622 jannam
2841 1561 3227 1618 miscricordire
3256 1577 3313 1618 et
3352 1568 3563 1634 pii-tatis
3598 1572 3646 1620 in
3682 1573 3787 1622 illis
3819 1578 4051 1635 partibus

2471 1647 2739 1715 Hesperiis
2798 1652 2862 1703 :td
2934 1659 3367 1721 Cognoseendam
3424 1662 3560 1714 viam
3620 1665 3806 1716 Salutis
3857 1669 4047 1718 ostium

2468 1743 2851 1795 misericttrdie
2879 1747 3106 1810 aperuit,
3158 1758 3210 1801 ct
3258 1751 3401 1802 luisit
3449 1756 3708 1822 angelum.
3743 1774 3919 1823 surun,
3962 1762 4046 1828 qui

2467 1835 2782 1896 praeparavit
2805 1837 2942 1888 viam
2978 1847 3118 1891 tuam
3150 1849 3273 1894 ante
3322 1852 3394 1895 te.
3442 1843 3542 1910 Ipsi
3574 1848 3739 1914 gloria
3774 1850 3826 1902 in
3855 1853 4046 1903 s;r~eul1

2394 1906 2438 1964 Β
2467 1922 2809 1976 δεροιιιοιιιιιιι.
2864 1926 3025 1988 Igitur
3056 1932 3176 1995 quia
3235 1932 3482 1987 indicasti
3541 1952 3729 2002 perrex
3755 1955 3843 1992 sse
3887 1952 3937 1995 te
3983 1945 4044 1995 ad

2462 2021 2673 2092 ςοιιιιςιιι
2706 2016 3090 2087 ltiioariornm,
3121 2023 3459 2080 etinvcnissc
3488 2043 3580 2082 cos
3613 2039 3767 2084 extra
3799 2034 4039 2088 ordinem

2464 2106 2882 2159 ρει-ιυείιειιιτιιιιι
2916 2113 3174 2174 viventes,
3217 2116 3341 2166 dum
3393 2118 3675 2186 episcopos
3731 2137 3837 2174 non
3876 2124 4043 2178 habe-

2467 2198 2591 2250 bant
2637 2198 2687 2250 itt
2722 2201 3020 2267 provincia,
3071 2204 3169 2256 ιιίεἰ
3206 2222 3366 2259 ιιιιιιιιι
3397 2211 3613 2264 nomine
3650 2213 3840 2274 Vivilo,
3888 2233 4043 2285 queat

2465 2303 2563 2341 nos
2606 2302 2729 2343 ante
2758 2301 2967 2359 tempus
2996 2296 3363 2351 ordinavintus
3397 2316 3410 2352 :
3444 2311 3496 2354 et
3523 2303 3642 2371 quia
3674 2320 3793 2357 eum
3824 2322 4045 2363 assensu

2463 2378 2692 2433 Otilnuis
2737 2382 2887 2436 ducis
2932 2388 3271 2441 eorumdem‘
3300 2391 3686 2459 lbtjoariortnn,
3755 2411 3853 2450 seu
3902 2401 4043 2466 npti-

2466 2480 2666 2524 mattnu
2700 2474 2989 2539 prmincim
3016 2478 3179 2541 illius,
3217 2488 3325 2535 tres
3353 2483 3485 2537 alios
3514 2486 4042 2557 ordinassesepisco-

2470 2577 2587 2629 pos,
2616 2570 2670 2615 et
2713 2566 2763 2616 in
2807 2577 3035 2634 quatuor
3073 2581 3247 2636 partes
3280 2573 3607 2638 pravinciam
3652 2577 3795 2632 illam
3825 2579 4043 2637 divisis-

2465 2669 2571 2718 ειυς,
2608 2654 2658 2707 id
2706 2667 2788 2709 est
2841 2658 2891 2710 in
2947 2669 3177 2726 quatuor
3225 2664 3526 2730 parochias,
3578 2678 3630 2719 ut
3688 2673 4045 2741 unusquisque

2464 2747 2746 2815 cpiscopus
2797 2762 2946 2801 suam
2991 2750 3187 2805 habeat
3243 2756 3574 2821 paiocbiaru,
3632 2757 3767 2813 bene
3811 2771 3865 2815 et
3913 2766 4045 2818 satis

2467 2838 2754 2905 prudenter
2817 2842 3087 2909 pergisti,
3139 2842 3326 2909 frater,
3382 2850 3635 2913 quoniam
3696 2854 4040 2920 apostolicam

2470 2934 2875 2999 pra°ceptionetn
2912 2950 2977 2987 ex
3009 2947 3187 2989 nostra
3218 2940 3333 2992 vice
3364 2939 3620 3009 implesti.
3649 2953 3705 2999 et
3752 2949 3893 3000 sicut
3944 2949 4042 3002 tibi

2469 3025 2803 3089 pt'mcipilttus
2832 3024 2901 3077 ita
2931 3028 3200 3095 peregisti.
3233 3028 3414 3099 itaque
3445 3050 3549 3085 non
3596 3033 3830 3099 desinas,
3878 3037 4045 3094 frater

2466 3114 2917 3180 reverentissime,
2970 3117 3214 3173 docendo
3269 3136 3363 3175 eos
3428 3137 3666 3179 sanetam
3726 3128 4042 3183 catholicam

2467 3213 2521 3255 ct
2581 3204 2928 3271 apostolicam
2995 3208 3251 3263 Romanae
3331 3214 3476 3267 sedis
3546 3216 3921 3284 traditionem,
3989 3233 4041 3274 ut

2466 3294 2826 3349 illuminentur
2882 3298 3061 3365 rudes,
3113 3308 3167 3354 et
3219 3302 3357 3356 viam
3413 3307 3599 3361 salutis
3651 3319 3886 3374 tenemt,
3944 3327 4041 3379 per

2463 3405 2619 3459 quam
2655 3394 2859 3459 possint
2888 3394 2953 3447 ad
2987 3407 3185 3450 interna
3223 3412 3333 3465 prce
3359 3401 3440 3451 nia
3486 3404 3786 3469 pervenire.
3830 3403 3857 3442 ι’
3889 3406 4043 3462 Pres-

2466 3484 2677 3550 byteros
2710 3500 2836 3538 vero
2861 3486 3021 3557 (hist.
3052 3486 3145 3555 68)
3177 3505 3314 3557 quos
3347 3491 3544 3546 ibidem
3576 3496 3843 3562 reperisti,
3879 3498 3921 3549 si
3967 3499 4041 3551 in-

2462 3573 2659 3641 cogniti
2695 3574 2888 3628 fucriot
2917 3576 3012 3629 viri
3043 3593 3071 3630 a
3122 3578 3312 3647 quibus
3338 3593 3463 3636 sunt
3509 3584 3762 3649 ordinati,
3834 3600 3887 3641 et
3946 3589 4041 3642 du-

2464 3665 2606 3718 bium
2659 3676 2741 3720 est
2783 3682 2879 3721 eos
2923 3671 3205 3739 epismpos
3262 3675 3445 3739 fuisse,
3506 3692 3571 3730 an
3623 3692 3751 3744 non,
3799 3681 3889 3750 qui
3949 3696 4043 3735 eos

2462 3756 2880 3823 ordinaverunt;
2914 3762 2957 3813 si
2988 3762 3140 3815 bona:
3164 3764 3389 3817 actionis
3417 3775 3473 3818 et
3504 3769 3750 3823 cnbolici
3786 3772 3880 3825 viri
3913 3784 4038 3826 sunt

2465 3847 2538 3899 illi
2596 3848 2916 3918 presbyteri,
2970 3861 3025 3906 et
3083 3853 3135 3905 in
3189 3855 3491 3911 ministerio
3544 3857 3740 3914 Cltristi
3793 3864 4041 3932 omnique

2464 3938 2575 3995 lege
2600 3948 2778 3991 sancta
2810 3940 2983 3995 edocti
3012 3952 3170 4010 atque
3199 3948 3331 4014 apti,
3358 3948 3425 4001 ab
3449 3963 3701 4020 episcopo
3743 3968 3845 4006 suo
3875 3954 4040 4009 bene-

2462 4023 2751 4078 dictionem
2786 4028 3186 4095 presbyteratus
3240 4035 3560 4104 suseipiant,
3613 4048 3667 4092 et
3719 4052 4045 4096 consecren-

2464 4124 2569 4176 tur,
2622 4124 2675 4169 et
2725 4117 2805 4169 sic
2855 4119 3154 4176 ministerio
3183 4137 3340 4179 sacro
3393 4124 3696 4196 [ιιιιεηηιιιτ.
3728 4139 3749 4167 ε
3802 4130 3880 4185 Illi
3911 4148 4043 4187 vero

2461 4207 2547 4273 qui
2580 4207 2828 4273 baptizati
2857 4221 2983 4264 sunt
3018 4227 3115 4280 per
3146 4215 3508 4271 diversitatem
3544 4230 3598 4274 et
3626 4222 4038 4280 declinationem

2463 4297 2759 4367 linguarum
2792 4304 3122 4370 gentilitatis.
3176 4316 3354 4363 tamen
3382 4312 3501 4380 quia
3538 4313 3590 4366 in
3624 4317 3837 4372 nomine
3863 4318 4039 4373 δτι-ἰ-

2463 4390 2642 4445 nitatis
2674 4394 2919 4463 baptizati
2949 4406 3071 4450 sunt
3102 4396 3240 4469 (lvo,
3268 4400 3357 4453 lib.
3418 4417 3471 4467 ι,
3527 4421 3574 4458 c.
3628 4405 3775 4475 Mli),
3832 4418 4044 4477 oportet

2462 4497 2556 4537 eos
2620 4500 2714 4552 per
2762 4502 2949 4542 manus
3001 4489 3397 4558 impositionem
3452 4505 3505 4548 et
3558 4497 3693 4550 sacri
3742 4498 4045 4555 chrismatis

2394 4614 2442 4673 Β
2468 4574 2771 4629 unctionem
2804 4578 3135 4633 conﬁrmari.
3182 4580 3311 4634 Nam
3356 4583 3526 4636 Virilo
3557 4601 3583 4638 a
3642 4586 3791 4641 nobis
3834 4590 4044 4656 epi~co-

2472 4680 2568 4733 pus
2596 4676 2681 4719 est
2706 4667 3014 4733 ordinatus;
3044 4679 3099 4723 et
3138 4672 3181 4724 si
3214 4672 3411 4739 aliquid
3441 4678 3649 4729 excedit
3694 4690 3842 4731 extra
3874 4694 4042 4734 cano-

2469 4757 2642 4811 nicam
2677 4760 2932 4827 regulam,
2966 4761 3102 4816 doce
3129 4771 3184 4816 et
3208 4764 3419 4836 corrige
3449 4782 3571 4819 eum
3594 4768 3740 4837 juxta
3794 4769 4043 4826 Romana:

2472 4848 2724 4904 Ecclesiae
2757 4850 3117 4917 traditionem,
3151 4869 3306 4922 quam
3350 4874 3376 4905 a
3433 4858 3586 4913 nobis
3640 4860 3911 4928 accepisti.
3973 4863 4044 4916 De

2468 4942 2697 4995 concilio
2738 4957 2889 5007 vero,
2936 4954 2993 4997 ut
3016 4944 3168 5012 juxta
3222 4946 3388 5014 ripam
3425 4947 3647 5003 Danubii
3677 4952 3873 5005 debeas
3907 4954 4044 5008 cele-

2470 5035 2624 5090 brare
2648 5043 2825 5088 nostra
2857 5038 2995 5103 vice,
3046 5038 3385 5107 praecipimus
3414 5040 3730 5096 fraternitati
3777 5054 3881 5100 tua:
3910 5061 4038 5114 apo.

2468 5127 2654 5181 stolica
2677 5129 2997 5183 auctoritate
3022 5128 3217 5184 ibidem
3248 5133 3579 5199 praesentari.
3612 5133 3678 5187 Et
3707 5134 3760 5189 in
3785 5145 4039 5205 quantum

2543 5279 2565 5306 ο
2609 5267 2697 5320 Illi
2726 5284 2840 5320 vero
2889 5269 2975 5337 qui
3014 5269 3257 5336 baptizari
3284 5280 3419 5324 sunt.
3470 5270 3580 5326 Hoc
3629 5273 3745 5326 loco
3790 5288 4044 5338 eXpresse

2467 5340 2628 5393 tradit
2659 5338 2949 5408 Gregorius
2996 5356 3129 5408 papa
3174 5357 3277 5394 non
3322 5356 3444 5396 csse
3492 5344 3788 5397 iterandum
3830 5346 4041 5401 illortnu

2469 5411 2729 5475 baptisma
2762 5414 2849 5480 qui
2901 5411 3177 5478 gentilium
3232 5412 3532 5465 ministerio
3582 5424 3634 5467 et
3683 5414 3933 5470 idiomate
3989 5417 4040 5469 in

2468 5481 2683 5534 nomine
2726 5482 3078 5535 sanetiSsima:
3122 5483 3395 5536 Trinitatis
3428 5484 3670 5549 baptizdi
3711 5495 3911 5545 t-Ssent.
3950 5489 4041 5541 sed

2468 5567 2563 5614 per
2591 5565 2779 5606 manus
2809 5551 3203 5620 impositionem
3232 5564 3284 5607 et
3325 5554 3627 5609 chrismatis
3658 5557 3962 5611 unctionem
3988 5568 4044 5610 nt

2465 5620 2801 5694 Christianos
2829 5637 2950 5678 esse
2995 5624 3349 5692 recipi-udos.
3402 5625 3534 5679 Vera
3565 5626 3726 5694 igitur
3770 5639 3852 5680 est
3882 5629 4044 5681 inter-

2472 5692 2697 5764 pretatio
2726 5694 2986 5758 epistola',
3021 5708 3125 5763 qua
3154 5710 3182 5746 a
3217 5697 3433 5763 paganis
3481 5692 3607 5751 sine
3624 5712 3883 5764 expressa
3926 5698 4039 5752 Trio

2473 5763 2650 5834 uitatis
2681 5760 3017 5819 invocatione
3040 5760 3343 5831 'baptiziitos
3384 5769 3573 5820 iterum
3615 5760 3831 5822 mandat
3880 5770 4044 5834 bapti-

2473 5835 2580 5886 zari
2610 5832 2665 5907 _i_n
2698 5835 2913 5907 nomine
2952 5835 3300 5891 sanetissimm
3342 5835 3636 5891 Trinitatis.
3674 5838 3804 5892 Vide
3846 5832 4035 5907 episto-

2474 5907 2575 5956 lam
2610 5902 2880 5959 Zachariae
2911 5920 3077 5975 papae,
3114 5920 3234 5975 quae
3278 5908 3461 5979 incipit
3494 5927 3504 5961 :
3540 5907 3717 5963 Sacris
3763 5902 4042 5975 liminibus,
