4170 6526
201 397 308 450 585

201 514 397 566 Domiti

201 608 268 658 lis
301 622 368 658 ne
395 620 604 668 cesses,
636 614 694 658 ut
715 606 907 672 religio
959 607 1260 659 Christiana
1319 607 1368 659 in
1424 610 1637 660 nomine
1691 609 1793 659 Do-

200 695 333 748 mini
365 703 577 748 crescat
623 705 680 748 et
735 695 1145 762 multiplicetur.
1204 696 1312 748 Nec
1367 697 1511 749 enim
1575 697 1794 750 habebis

200 788 494 850 lii-entiam,
552 787 738 848 frater,
802 802 896 853 pro
946 788 1066 854 jure
1113 789 1275 856 ccepti
1337 789 1535 842 laboris
1579 789 1630 841 in
1691 805 1793 842 uno

198 878 402 932 morari
434 879 595 931 loco:
640 878 734 931 sed
782 879 1114 932 confirmatis
1162 879 1414 932 cordibus
1470 880 1692 932 fratrum
1745 891 1797 932 ct

194 972 440 1022 oniuiutu
473 969 706 1022 fidelium
751 971 838 1034 qui
891 969 1048 1023 rudes
1077 980 1202 1023 sunt
1249 969 1302 1024 in
1359 971 1464 1024 illis
1524 971 1795 1038 Hesperiis

196 1062 464 1128 partibus,
501 1063 585 1115 ubi
631 1061 722 1116 tibi
778 1061 1034 1115 Dominus
1085 1062 1355 1129 aperuerit
1405 1063 1564 1122 viain,
1610 1064 1795 1116 salutis

195 1155 424 1208 verbum
455 1155 746 1221 prmdicare
773 1170 878 1208 non
909 1154 1173 1217 desistas;
1203 1165 1258 1209 et
1289 1156 1372 1208 tibi
1425 1156 1597 1208 locum
1650 1156 1794 1208 inve-

195 1247 346 1300 neris
399 1248 782 1311 necessarium,
841 1247 1132 1301 secundum
1191 1245 1500 1301 canonicam
1557 1247 1792 1317 regulam

193 1340 484 1406 episcopos
525 1339 713 1392 ordina
745 1353 813 1392 ex
862 1349 1045 1392 nostra
1079 1339 1213 1399 vice,
1249 1347 1302 1391 ct
1330 1340 1676 1406 apostolicam
1715 1349 1794 1391 at-

193 1444 303 1496 que
349 1429 669 1484 catholicam
713 1430 1054 1482 traditionem
1102 1443 1194 1482 cos
1236 1437 1420 1481 tenere
1470 1429 1657 1482 edoce.
1715 1430 1787 1482 Ex

196 1523 305 1576 hoc
336 1524 479 1577 enim
513 1539 760 1592 magnum
795 1523 1056 1576 mercedis
1087 1521 1364 1589 priemium
1401 1520 1493 1574 tibi
1521 1536 1790 1589 pra-para-

194 1614 301 1678 bis,
333 1617 586 1683 quoniam
617 1614 973 1681 omnipotenti
1006 1614 1114 1666 Deo
1145 1623 1328 1664 nostro
1373 1610 1536 1666 facies
1582 1612 1788 1680 plebem

195 1707 514 1776 perfectam.
561 1705 676 1759 Non
725 1707 918 1775 pigeat,
972 1705 1319 1758 dilectissime
1356 1704 1542 1768 frater,
1598 1706 1787 1759 itinera

194 1811 421 1862 carpere
449 1811 638 1864 aspera
670 1805 725 1850 et
765 1796 996 1859 diversa,
1044 1805 1100 1850 ut
1127 1795 1424 1849 Christiana
1458 1797 1588 1850 fides
1635 1797 1788 1864 longe

1670 401 2049 456 El‘lS’l‘tlIJ‘J.

493 513 586 568 tibi
619 512 758 567 vires
796 511 1022 575 dederit,
1060 515 1355 580 prmdirarc
1383 518 1600 569 verbum
1647 520 1786 570 salu-
1822 520 1870 576 A
1904 522 2246 585 laboriosum,
2280 535 2332 575 et
2365 528 2552 581 videbo
2581 545 2645 583 ne
2677 539 2846 584 vestra
2884 535 3200 601 negligentia
3232 539 3380 591 vobis
3411 540 3476 591 ad

3377 420 3478 476 536

1903 615 2282 681 obligationem
2337 633 2402 669 ex
2458 624 2596 674 nodo
2649 628 2782 692 pacti
2834 630 3114 693 pertineat.
3180 630 3302 683 Data
3361 635 3478 686 ldus

1900 709 2161 774 Octobtis,
2197 711 2484 767 indictione
2519 731 2587 768 ix.

2538 825 2640 879 ΕΗ
2651 829 2858 884 STUL.\

2068 946 2307 988 GllllGOl‘tll
2336 953 2478 991 PAR!
2511 954 2562 992 ΙΙΙ
2595 956 2659 992 AD
2693 957 2952 998 ANTONIUI
2985 962 3315 1002 CRADENSESI.

2231 1045 2299 1098 Ut
2334 1050 2542 1102 Romam
2571 1055 2733 1105 veniat
2759 1056 2826 1105 ad
2858 1060 3149 1118 concilium.

1969 1133 2254 1203 Gregorius
2284 1139 2492 1196 Tertius
2523 1145 2754 1210 pontifex
2799 1146 3146 1204 dilecrissimo
3195 1153 3338 1208 fratri
3373 1157 3482 1209 Au-

1897 1223 2041 1276 touio
2071 1223 2334 1282 (iradensi
2365 1231 2759 1302 archiepiscopo
2791 1252 2884 1291 seu
2923 1239 3285 1295 dilectissimis
3323 1248 3477 1300 nobis

1895 1314 2158 1383 episeopis
2217 1320 2456 1388 ejusdem
2515 1325 2833 1384 ordinationi
2883 1345 2979 1386 seu
3029 1334 3257 1390 concilio
3309 1341 3476 1404 perti-

1896 1411 2164 1464 nettlilitls.

1970 1502 2106 1556 Inter
2137 1504 2376 1559 ἀμυγεειε
2406 1509 2860 1565 continuationum
2893 1528 3190 1585 mrumnas,
3235 1535 3354 1586 quae
3386 1536 3483 1576 nos

1897 1589 2016 1645 hinc
2043 1595 2162 1649 inde
2195 1597 2244 1649 in
2277 1601 2472 1653 sarculo
2503 1603 2704 1668 positos
2734 1605 3080 1661 circumstant
3125 1618 3178 1662 et
3217 1612 3480 1675 obruunt,

1893 1691 2006 1735 orta
2047 1695 2128 1737 est
2161 1703 2290 1739 vana
2320 1700 2372 1742 et
2403 1693 2693 1756 perniciosa
2743 1697 3040 1762 calamitas,
3088 1714 3208 1767 qua:
3246 1703 3483 1769 graviter

1897 1789 2109 1839 semper
2134 1777 2444 1841 Ecclesiam,
2465 1785 2614 1848 quasi
2637 1786 2955 1852 quibusdam
2981 1793 3212 1844 ventosis
3236 1796 3480 1858 procellis

194 1886 412 1951 mleque
439 1893 529 1937 mo
556 1885 839 1937 conamine
868 1883 1206 1938 alendam...
1252 1883 1522 1951 δαίνυ...]
1556 1901 1782 1954 namque
1819 1884 1857 1939 ις
1895 1870 2196 1924 conturbat.
2225 1868 2453 1922 inaniter
2478 1881 2755 1927 attenlata.
2793 1875 2885 1928 Est
2915 1877 3055 1931 enim
3084 1881 3262 1934 infelix
3296 1884 3484 1952 impie-

193 1988 276 2028 est
313 1995 322 2026 :
385 1979 540 2028 Arcto
601 1986 646 2028 ct
684 1987 901 2043 augusta
947 1977 1024 2027 ria
1076 1986 1148 2028 est
1190 1991 1307 2042 qua:
1351 1977 1489 2028 ducit
1529 1980 1594 2027 ad
1637 1980 1787 2030 ritum

195 2066 410 2131 (Manli.
445 2065 564 2134 vn).
616 2065 852 2133 Oper-are
906 2067 1104 2133 itaque,
1157 2068 1342 2127 frater,
1397 2066 1595 2119 bonum
1647 2084 1786 2135 opus

194 2156 335 2224 quod
380 2157 618 2224 rmpisti,
652 2168 708 2210 ut
740 2159 790 2209 in
821 2156 905 2209 die
948 2155 1149 2208 Christi
1198 2155 1289 2209 Dei
1324 2155 1489 2208 nostri
1539 2158 1790 2210 merearis

195 2248 378 2300 dici-re
411 2250 552 2301 inter
591 2257 786 2301 emtum
816 2257 1128 2302 sanctorum
1178 2245 1531 2314 probabilium
1573 2247 1787 2300 Patrum

197 2339 458 2392 assistens
493 2357 503 2390 :
541 2337 674 2389 Ecce
711 2337 800 2406 eg'o
825 2349 870 2390 et
900 2339 1042 2406 μα’νὶ
1071 2353 1198 2405 quos
1245 2339 1428 2391 dedisti
1477 2339 1644 2402 mihi;
1689 2357 1788 2392 non

199 2433 401 2497 perdidi
432 2447 495 2482 ea:
521 2433 591 2482 eis
621 2445 925 2498 quamquam
951 2428 1103 2496 (1δαί.
1139 2431 1278 2497 vm).
1306 2432 1368 2483 Et
1398 2431 1590 2483 iterum
1624 2449 1634 2481 :
1687 2431 1789 2483 Do-

196 2524 352 2585 mine,
379 2523 609 2589 quinque
631 2523 821 2572 talenta
843 2522 1104 2572 tradidisti
1131 2522 1285 2584 mihi;
1315 2536 1427 2573 ecce
1449 2521 1551 2572 alia
1574 2523 1793 2589 quinque

198 2613 582 2678 superfueratus
623 2628 738 2664 sum
765 2610 980 2679 (Matth.
1017 2611 1166 2679 xxv).
1212 2610 1279 2663 Et
1322 2621 1379 2665 ut
1405 2613 1794 2680 subsequenter

199 2702 460 2755 merearis
489 2715 674 2754 vocem
714 2701 915 2754 Domini
944 2702 1128 2754 audire
1156 2701 1383 2754 dicentis
1412 2720 1424 2754 :
1460 2701 1621 2770 Euge,
1656 2719 1793 2756 sert'e

199 2799 328 2846 bone
360 2803 407 2846 et
436 2794 628 2860 ﬁdelis,
669 2793 754 2860 qui
799 2808 958 2860 supra
1002 2809 1166 2859 pauca
1216 2793 1356 2860 fuisti
1398 2795 1586 2859 ﬁdelis,
1635 2809 1789 2860 supra

199 2889 362 2936 inulta
395 2897 442 2937 te
487 2896 835 2936 constituam:
885 2885 1019 2934 intra
1063 2885 1122 2934 in
1167 2885 1416 2951 gaudium
1466 2881 1675 2935 Domini
1721 2886 1794 2935 tui

199 2975 418 3046 (Ibid).
451 2977 590 3030 Deus
619 2985 674 3029 te
704 2976 1022 3029 incolumem
1044 2977 1330 3043 custodiat,
1363 2977 1794 3032 reverentissime

203 3073 394 3122 frater.
456 3069 586 3121 Data
649 3083 701 3121 tv
762 3067 1025 3121 Kalendas
1090 3067 1429 3131 Novembris,
1501 3072 1794 3136 imperante

200 3160 404 3213 douino
433 3160 676 3227 piissimo
723 3159 962 3229 Augusto
1010 3159 1210 3226 Leone,
1254 3161 1465 3229 imperii
1498 3162 1615 3228 ejus
1645 3177 1788 3218 anno

1902 1964 1978 2006 tas
2011 1958 2146 2022 apud
2182 1961 2374 2025 regiam
2405 1961 2612 2028 urbem,
2646 1974 2700 2016 ut
2731 1965 3014 2033 credimus,
3053 1981 3232 2022 notum
3257 1972 3482 2038 habetis,

1895 2054 1948 2094 et
2007 2062 2100 2112 per
2140 2047 2379 2102 diversas
2429 2053 2755 2119 provincias,
2809 2057 2880 2110 ita
2931 2069 2987 2111 ut
3051 2062 3192 2127 quod
3246 2064 3486 2131 lugentes

1896 2138 2122 2190 dicimus
2156 2180 2170 2204 ,
2197 2152 2245 2193 et
2282 2157 2413 2195 voce
2461 2146 2754 2211 promimus
2806 2148 3123 2218 laerymosa,
3175 2167 3479 2211 sanctorum

1897 2227 2154 2296 imagines
2202 2233 2269 2284 ab
2313 2233 2476 2300 ipsius
2528 2236 2745 2289 Domini
2791 2248 2843 2292 et
2900 2239 3269 2310 Redemptoris
3317 2251 3483 2303 nostri

1894 2319 2018 2372 Jesu
2051 2323 2246 2376 Christi
2275 2326 2522 2378 omnibus
2569 2327 2916 2395 projicianlur
2961 2334 3234 2398 ecclesiis,
3284 2336 3484 2391 dilate-

1896 2421 2098 2476 reutur,
2129 2425 2285 2482 atque
2312 2417 2475 2481 ipsius
2510 2419 2598 2470 Dei
2641 2422 2901 2486 ecclesia),
2933 2425 3070 2490 quod
3104 2426 3262 2481 fatale
3286 2431 3482 2485 malum

1895 2516 1999 2567 est,
2032 2515 2087 2558 et
2119 2508 2453 2561 intolerabile
2481 2511 2736 2576 exitium,
2789 2513 3142 2569 habitationes
3184 2518 3482 2583 hominum,

1900 2597 2185 2664 viliurnque
2229 2599 2534 2654 efficiantur
2581 2613 2975 2672 armentorum,
3021 2615 3078 2659 ut
3117 2607 3167 2660 in
3200 2610 3314 2662 istis
3341 2612 3484 2664 nulla

1897 2689 2087 2740 delicat
2138 2690 2249 2742 laus
2299 2691 2405 2743 Deo
2454 2694 2676 2746 cantari.
2731 2694 2878 2749 Unde
2934 2712 3053 2750 cum
3107 2701 3364 2768 pr0pheta
3410 2703 3486 2756 la-

1899 2779 2172 2832 mentabili
2209 2794 2337 2834 voce
2368 2780 2652 2835 dicendum
2687 2792 2770 2836 est
2797 2801 2808 2834 :
2841 2784 2972 2849 Quis
3002 2786 3148 2842 dabit
3176 2792 3335 2857 capiti
3365 2807 3486 2846 meo

1899 2883 2084 2936 aquas,
2120 2880 2209 2922 aut
2235 2873 2402 2924 oculis
2430 2875 2561 2927 meis
2591 2875 2939 2945 Iacrymanum
2969 2877 3164 2944 fontes,
3198 2891 3258 2936 ut
3278 2893 3480 2938 tantum

1899 2960 2190 3014 defleamus
2219 2962 2440 3016 exitium
2474 2962 2685 3032 (Jerem.
2743 2983 2817 3032 Ix,
2852 2969 2940 3035 l)?
2988 2968 3246 3038 Proinde,
3280 2975 3486 3032 charis-

1898 3050 2033 3104 sime
2090 3052 2280 3119 frater,
2336 3063 2496 3123 atque
2541 3057 2870 3112 dilectissimi
2929 3060 3083 3114 nobis
3125 3064 3482 3122 Ecclesiarum

1903 3141 1994 3196 Dei
2022 3153 2278 3208 rectores,
2311 3146 2590 3201 hortamur
2631 3147 2968 3205 dilectionem
3015 3164 3267 3221 vestram,
3300 3167 3355 3210 ut
3387 3174 3484 3226 pro

205 3264 360 3311 “ul,
383 3250 478 3304 sed
505 3259 560 3303 ει
581 3249 934 3303 Constantino
957 3266 1150 3320 magno
1179 3251 1502 3321 imperatore
1521 3253 1635 3320 ejus
1657 3253 1787 3322 mi”,
1819 3233 1865 3294 C
1901 3234 2108 3288 Domini
2135 3235 2440 3290 uostriJesu
2463 3236 2661 3291 Christi
2690 3241 2924 3305 nomine,
2949 3243 3100 3311 juxta
3130 3249 3478 3314 apostolicam

205 3356 349 3394 anno
382 3357 472 3408 xx,
501 3339 793 3396 indictione
823 3355 940 3394 Vlll.

749 3435 1082 3490 EPISTULA
1127 3435 1261 3490 Vlll.

328 3541 575 3580 εειεαοιιιι
628 3541 776 3578 ΡΛΡῶ
818 3541 873 3579 Ill
915 3542 980 3578 AD
1036 3540 1348 3580 TL‘SCIENSES
1389 3543 1679 3581 EPISCOPUS.

279 3615 574 3683 Gregorius
617 3616 868 3669 oumibus
897 3615 1160 3684 episcopis
1189 3615 1240 3670 ia
1268 3617 1459 3670 'l'uscia
1490 3618 1793 3687 Langobar—

205 3707 417 3761 dorum.

281 3800 517 3853 Meminit
545 3802 780 3853 fraterna
799 3802 1053 3854 sanctitas
1083 3812 1278 3867 vestra,
1308 3810 1548 3869 tempore
1576 3803 1793 3856 ordina-

207 3893 372 3946 tionis
401 3909 512 3947 sua:
543 3908 638 3960 per
663 3893 1077 3963 chirographum
1102 3905 1154 3947 et
1180 3895 1498 3948 sacramenti
1526 3896 1791 3949 vinculum

207 3988 365 4039 beato
401 3986 563 4040 Petro
602 3987 826 4055 principi
855 3989 1220 4055 apostolorum
1250 3992 1622 4057 spopondisse,
1653 4003 1709 4044 ut
1739 3992 1792 4045 in

206 4084 606 4150 emergentibus
646 4094 844 4136 sanctae
874 4083 990 4151 ejus
1021 4084 1272 4137 Ecclesia:
1305 4086 1428 4138 totis
1457 4087 1658 4140 viribus
1689 4087 1795 4140 ela-

210 4174 490 4228 horaretis.
525 4173 685 4242 lgitur
709 4175 833 4243 quia
869 4184 1159 4240 prtesentes
1180 4177 1322 4230 viros
1345 4177 1682 4231 Anastasium
1722 4177 1795 4231 di-

209 4266 403 4317 lectum
435 4263 600 4318 filium
634 4273 875 4319 nostrum
909 4265 1300 4334 presbyterum,
1351 4276 1406 4320 et
1461 4267 1790 4322 Adeodatum

207 4355 568 4422 regionarium
592 4355 1003 4417 subdiaconum,
1036 4364 1251 4410 nostros
1294 4356 1498 4420 fideles,
1531 4359 1594 4411 ad
1635 4359 1794 4413 obse-

205 4443 469 4497 crandum
500 4454 554 4497 et
603 4444 713 4498 Deo
757 4443 970 4499 favente
1015 4446 1384 4511 obtinendum,
1419 4463 1514 4516 pro
1563 4458 1792 4518 quatuor

207 4537 423 4602 castris,
456 4551 575 4605 qua:
606 4551 747 4591 anno
774 4539 1044 4606 praeterito
1072 4541 1227 4593 beato
1259 4541 1415 4594 l’etro
1441 4542 1613 4596 ablata
1641 4556 1784 4607 sunt,

1897 3339 2108 3389 vocem,
2131 3335 2348 3379 cunctas
2375 3326 2642 3395 subiectas
2669 3330 2820 3385 vobis
2851 3333 3118 3390 Ecclesias
3143 3351 3485 3394 conuuouere

1899 3428 2058 3486 atque
2105 3420 2367 3474 instruere
2397 3436 2717 3490 magnopere
2746 3424 2985 3480 debeatis
3031 3445 3042 3479 :
3075 3431 3368 3496 Attendite,
3404 3432 3484 3486 iu-

1897 3528 2076 3579 quam,
2111 3512 2439 3566 dilectissimi
2489 3515 2702 3581 fratres,
2736 3518 2906 3582 vobis,
2937 3528 2991 3573 et
3034 3521 3281 3577 universo
3309 3527 3482 3593 gregi,

1897 3602 1947 3657 iu
1980 3621 2085 3672 quo
2117 3621 2210 3660 vos
2239 3608 2471 3674 Spiritus
2507 3619 2721 3663 sanctus
2752 3613 2927 3678 posuit
2968 3613 3248 3683 episcopos
3297 3635 3483 3692 regere

1898 3696 2194 3750 Ecclesiani
2247 3697 2378 3763 Dei,
2428 3714 2586 3766 quam
2619 3703 2902 3768 acquisivit
2947 3709 3208 3774 sanguine
3251 3723 3371 3778 suo,
3428 3723 3484 3764 ut

1893 3790 2040 3855 juxta
2073 3788 2410 3843 traditionem
2433 3800 2740 3845 sanctorum
2773 3793 2984 3848 Patrum
3013 3806 3072 3851 et
3102 3814 3220 3853 ven.
3252 3803 3482 3872 antiqui-

1898 3880 2021 3932 tatis
2073 3894 2261 3933 omues
2321 3896 2493 3933 veram
2537 3883 2692 3936 fidem
2733 3883 3037 3953 defendant,
3080 3897 3136 3943 et
3175 3901 3380 3956 saneta,
3436 3897 3483 3948 si

1895 3975 2195 4042 contigerit,
2225 3987 2451 4040 corpora
2497 3984 2722 4042 pouanl'.
2756 3985 2812 4030 et
2853 3979 3164 4048 sanguinem
3207 3983 3430 4039 fundant
3464 4007 3476 4040 :

1896 4065 2015 4130 quia
2046 4078 2171 4117 ecce
2220 4066 2364 4117 venit
2412 4064 2528 4119 dies
2573 4067 2933 4134 acceptabilis,
2985 4084 3110 4125 ecce
3163 4088 3303 4128 nunc
3362 4076 3480 4130 dies

1894 4157 2097 4210 Salutis.
2154 4156 2360 4221 Nostis,
2413 4157 2748 4224 charESsimi,
2796 4159 2936 4227 quod
2983 4163 3151 4217 sancti
3185 4180 3279 4231 per
3318 4167 3474 4221 fidem

1895 4247 2072 4301 vicere
2121 4262 2307 4316 regna.
2358 4248 2483 4302 llam
2534 4257 2710 4303 vestra
2755 4250 2843 4317 sit,
2876 4251 3102 4318 fratres,
3149 4255 3217 4309 ad
3261 4271 3474 4312 omnem

1897 4337 2143 4404 populum
2188 4337 2386 4390 Christi
2414 4339 2781 4402 commonitio,
2829 4349 2885 4392 ut
2913 4338 3014 4408 ipsi
3061 4346 3290 4411 propriae
3319 4350 3478 4402 saluti

1897 4444 2070 4496 regem
2122 4427 2481 4481 Christianum
2533 4428 2881 4484 defendentes
2927 4433 3132 4499 possint
3178 4440 3475 4493 constantia

1897 4523 2014 4574 lidei
2048 4520 2322 4588 prodesse.
2355 4519 2461 4573 Vos
2483 4533 2631 4587 vero,
2679 4522 2977 4576 charissimi
3005 4539 3210 4589 omnes,
3239 4527 3329 4596 qui
3375 4529 3474 4583 do-

206 4640 266 4682 ιη
293 4633 642 4684 resumam“,
684 4646 713 4682 a
762 4629 886 4684 ﬁliis
935 4632 1132 4685 nostris
1183 4631 1516 4701 ιυίιρηηάο
1563 4645 1615 4688 ει
1676 4636 1787 4688 “ip
1822 4622 1865 4676 Ι)
1894 4631 2007 4668 mos
2054 4613 2261 4667 Domini
2288 4613 2573 4680 diligenter
2614 4614 2830 4679 regetis,
2888 4614 2955 4668 ad
2998 4616 3385 4673 defendendam
3415 4631 3474 4676 et

205 4719 414 4788 prande
459 4720 765 4788 supplicare
814 4720 1234 4785 destinavimus;
1266 4738 1412 4787 ecce,
1448 4723 1784 4781 dilectissimi

207 4813 438 4876 fratres,
498 4820 709 4879 tempus
759 4812 1130 4881 acceptabile,
1193 4821 1253 4866 ut
1304 4814 1451 4881 juxta
1515 4815 1789 4886 chirogra-

205 4905 372 4971 phum
423 4914 659 4956 vestrum
688 4945 702 4966 ,
757 4901 883 4957 boni
927 4903 1107 4971 operis
1152 4906 1379 4958 lructum
1430 4907 1586 4960 beato
1629 4908 1787 4963 Petro

209 4992 391 5046 feratis
421 5009 434 5043 :
481 4993 634 5059 cujus
663 4993 982 5046 auctoritate
1009 5007 1106 5046 vos
1137 4993 1414 5048 hortamur
1445 4997 1496 5049 iu
1538 4995 1783 5064 Domino,

207 5096 264 5139 tit
289 5086 355 5138 ad
385 5085 604 5140 eosdem
633 5100 753 5139 cum
786 5086 1053 5153 praedictis
1102 5087 1227 5139 filiis
1281 5089 1481 5142 nostris
1532 5105 1786 5158 propere-

209 5181 298 5241 tis,
330 5187 448 5230 uta
494 5175 605 5230 Deo
633 5177 878 5245 inspirati
933 5177 1334 5244 protectoribus
1380 5193 1563 5232 eorum
1615 5181 1785 5234 beatis

209 5269 538 5338 principibus
562 5267 928 5336 apostolorum
976 5267 1133 5322 Petro
1161 5276 1216 5322 et
1259 5268 1423 5322 Paulo
1464 5269 1650 5323 eadem
1697 5285 1786 5325 ea-

206 5374 315 5417 Stra
363 5359 732 5416 restituantur.
768 5359 899 5412 Nam
931 5361 998 5424 si,
1023 5361 1162 5427 quod
1209 5373 1313 5413 non
1345 5360 1636 5426 credimus,
1677 5363 1785 5416 dis-

208 5453 438 5506 tuleritis
478 5452 578 5506 iter
607 5451 851 5518 accipere
875 5459 1092 5518 propter
1120 5449 1307 5514 Deum,
1329 5465 1450 5518 ego,
1479 5465 1782 5520 quanquam

207 5543 487 5599 imbecillis
516 5545 617 5598 sim
641 5557 751 5612 pra:
777 5541 1084 5597 infirmitate
1109 5544 1373 5612 corporis,
1402 5544 1503 5598 iter
1531 5544 1780 5614 arripiam

207 5712 305 5766 qua
333 5696 596 5764 rescripto
639 5695 706 5749 ad
739 5695 1064 5750 Bonifacium
1103 5697 1227 5751 dato
1258 5699 1666 5766 pranlecessoris
1702 5703 1782 5754 sui

207 5770 445 5836 Gregorii
492 5767 741 5832 exemplo
787 5770 1090 5834 respondet,
1145 5785 1244 5821 non
1291 5770 1521 5836 legitime
1567 5787 1661 5835 per
1692 5787 1783 5822 ex-

210 5854 444 5908 pressam
512 5839 861 5890 sanctissimae
912 5839 1186 5893 Trinitatis
1242 5849 1635 5896 ttivocalionetu
1689 5843 1780 5896 btt-

457 5931 727 5992 νΑτιιυι..
765 5930 1118 5992 LXXXIX.

1889 4708 2305 4761 confirmandam
2338 4707 2617 4762 veritatem
2647 4704 2914 4760 Kalendas
2942 4708 3256 4766 Novembris
3283 4727 3472 4767 succe-

1890 4803 2062 4855 dentis
2083 4816 2154 4869 qu
2178 4811 2280 4853 uta:
2309 4799 2530 4853 decanze
2560 4799 2836 4854 indictioui
2866 4802 3004 4867 apud
3057 4803 3193 4858 hanc
3218 4807 3474 4874 apostoli-

1890 4911 2005 4949 cam
2038 4897 2219 4948 sedem
2249 4893 2529 4947 convenite
2551 4905 2756 4958 omnes,
2782 4893 3012 4960 seposita
3041 4895 3380 4965 negligentia,
3413 4911 3472 4954 ut

1889 4985 2156 5040 communi
2201 4993 2467 5039 conventu
2519 4992 2677 5051 atque
2715 4992 2937 5037 tractatu
2972 4988 3287 5042 auctoritate
3328 4993 3469 5044 ocati

1894 5080 2032 5134 Petri
2089 5080 2449 5147 aposmlorum
2506 5079 2756 5146 principis
2804 5094 2964 5146 super
3018 5081 3120 5135 tale
3177 5084 3466 5150 capitulum

1892 5174 2154 5227 sententia
2191 5171 2569 5240 promulgetur,
2613 5180 2772 5237 atque
2809 5179 3088 5236 statuatur,
3131 5173 3358 5241 qualiter
3386 5190 3470 5226 ra-

1891 5266 2029 5318 biem
2061 5264 2454 5317 adversantium
2483 5263 2889 5332 prteveuiamus,
2929 5275 2985 5318 et
3013 5277 3312 5319 nostrarum
3344 5282 3466 5334 pro-

1891 5375 2134 5414 curemus
2162 5360 2478 5419 animarum,
2517 5358 2597 5410 vel
2640 5357 3000 5425 subiectorum
3039 5358 3296 5423 salutem;
3335 5373 3468 5412 cou-

1889 5463 2060 5504 sortes
2097 5466 2305 5519 quoque
2329 5463 2629 5502 mereamur
2655 5464 2749 5516 pro
2790 5449 2977 5502 intuitu
3007 5461 3311 5503 sanctorum
3345 5452 3458 5504 lieri

1891 5549 2361 5610 priedccessorum,
2417 5551 2472 5596 et
2517 5558 2737 5610 quorum
2792 5543 2928 5596 clara
2957 5557 3052 5597 nos
3099 5551 3218 5612 post
3261 5542 3462 5596 Christi

1892 5704 2115 5769 ptizatos
2174 5705 2360 5756 iterum
2422 5701 2649 5769 legitima
2711 5698 2875 5754 forma
2931 5698 3180 5766 bapticari
3235 5696 3456 5754 debere.

1891 5780 1998 5828 liis.

2914 5927 2982 5986 19

2949 5967 2972 5984 δυ
