4170 6564
749 392 848 445 587

1966 384 2023 439 S.
2065 383 2391 439 CREGORII
2434 381 2632 436 PAPIE
2673 381 2737 435 Ill
3901 379 4002 435 5.93

748 505 1048 573 praesidium
1081 502 1493 557 fovctdnctrina.
1529 499 1666 553 Deus
1699 512 1793 551 vos
1824 498 2116 553 incolumes
2137 510 2313 552 custo-
2345 507 2387 558 Λ
2420 498 2531 549 lica:
2562 495 2731 558 sedis;
2780 493 3080 547 astantibus
3106 506 3317 562 quoque
3357 491 3689 554 diaconibus,
3727 501 3776 545 et
3808 507 4002 546 cum-to

744 597 872 659 diat,
912 594 1236 648 dilectissimi
1262 591 1430 644 nobis.

821 705 921 771 [Ad
957 704 1055 756 boc
1104 703 1237 754 idem
1271 700 1548 754 concilium
1585 700 1846 764 pertinent
1871 715 1930 749 ea
1962 714 2080 764 qum
2126 700 2175 751 in
2206 699 2315 765 epi-

747 785 887 826 tome
931 776 1315 826 ()lironicornm
1355 772 1715 823 Casiniensium
1758 773 1853 821 sub
1880 771 2133 820 ementita
2173 773 2313 821 Aua-

745 847 887 896 stasii
920 843 1307 896 Bibliotticcarii
1341 840 1553 892 nomine
1581 842 1807 904 vulgavit
1843 839 2155 891 Muratorius
2187 839 2307 890 lter.

747 914 856 964 Ital.
909 920 1036 965 tom.
1089 913 1150 963 Il.
1201 913 1304 965 Sed
1352 912 1419 963 de
1470 912 1690 963 veritate
1728 926 1908 961 eorum
1958 926 2075 976 qua:
2117 910 2307 961 ibidem

744 991 1022 1034 narrantur
1061 985 1241 1034 vadem
1274 996 1358 1034 me
1385 997 1712 1048 nequaquam
1753 979 2034 1031 constituo.
2071 979 2141 1032 lla
2185 994 2307 1033 vero

740 1053 966 1120 scriptor
996 1054 1082 1106 ille
1109 1050 1144 1122 ;]

810 1162 1097 1230 Gregorius
1141 1162 1236 1228 Ill,
1281 1162 1397 1217 zelo
1445 1170 1643 1214 sancta:
1683 1159 1953 1229 religionis
2007 1167 2316 1228 permotus,

742 1254 979 1322 synodali
1027 1254 1244 1308 decreto
1285 1267 1402 1306 cum
1454 1251 1767 1305 sacerdotali
1817 1261 2078 1304 conventu
2131 1263 2310 1302 coram

741 1353 1075 1398 sacrosancta
1120 1342 1454 1396 confessione
1503 1341 1842 1395 stcratiSsimi
1891 1339 2128 1407 corporis
2175 1339 2312 1393 beati

745 1435 881 1488 l'clti
911 1435 1263 1503 apostolorum
1299 1434 1564 1501 principis,
1597 1432 1942 1486 residentibus
1973 1447 2090 1483 cum
2122 1431 2307 1484 eodem

741 1541 947 1577 summo
967 1538 1018 1578 et
1043 1525 1330 1578 venerabili
1351 1538 1480 1592 papa
1501 1524 1732 1576 Antonio
1778 1522 2032 1574 Gradcnsi
2052 1522 2311 1590 archiepi-

740 1633 922 1680 scopo,
968 1632 1169 1668 necnon
1213 1616 1401 1668 loanne
1440 1613 1825 1665 ltaveunateusi
1869 1613 2309 1679 archiepiscopo,

738 1719 790 1760 et
820 1708 935 1761 aliis
963 1724 1085 1761 xuii
1117 1707 1377 1776 episcoiiis
1399 1720 1492 1758 seu
1526 1707 1846 1775 presbyteris
1872 1717 2069 1760 sanctae
2100 1717 2312 1774 apo:to-

2421 588 2588 652 clero,
2617 595 2669 638 et
2701 583 3044 638 nobilissimis
3073 584 3233 638 etiam
3264 583 3603 650 consulibus,
3633 593 3687 638 et
3714 585 3857 638 omni
3895 586 3998 639 lto-

2422 689 2583 728 mauo
2609 675 2822 742 populo,
2851 683 3104 728 statutum
3134 686 3212 727 est
3237 690 3251 727 :

2493 765 3034 821 UtsiAureliancnscs
3077 773 3133 818 ct
3175 763 3642 820 Cenomanneuses
3672 776 3883 820 sanctas
3911 784 4000 821 re-

2419 857 2630 924 liquias,
2679 870 2811 922 quas
2848 864 3068 910 eatenus
3098 855 3462 922 retinuerant,
3513 858 3732 911 reddere
3763 868 3992 911 contem-

2417 960 2622 1009 ncrcnt,
2650 957 2830 1001 essent
2851 959 3092 1002 exsortes
3114 962 3142 1001 a
3169 962 3394 1011 corpore
3419 957 3472 1002 et
3494 949 3747 1017 sanguine
3774 951 3993 1013 (Ζιιιίςιὶ,

2420 1049 2475 1094 et
2506 1042 2664 1092 totius
2697 1038 2949 1093 Ecclesia:
2980 1039 3181 1094 unitate
3211 1049 3368 1109 atque
3407 1053 3662 1108 compage
3693 1058 3706 1094 :
3737 1027 3853 1110 post
3883 1056 3998 1109 per-

2419 1145 2591 1188 actum
2625 1134 2780 1201 igitur
2811 1133 2912 1187 hoc
2957 1136 3327 1193 constitutum.
3367 1132 3508 1187 misit
3536 1135 3730 1200 scripta
3763 1146 3993 1187 commo-

2417 1227 2607 1281 nitoria
2659 1241 2752 1295 pro
2799 1226 3130 1293 requirendis
3182 1226 3533 1280 sacrosanctis
3588 1224 3850 1292 reliquiis,
3883 1240 3996 1292 qua!

2416 1319 2680 1379 similiter,
2729 1327 2782 1368 ut
2813 1317 3136 1384 reliquorum
3187 1327 3586 1369 antecessorum
3627 1329 3846 1369 suorum
3873 1332 3996 1368 con-

2418 1421 2611 1478 lcutpta
2635 1419 2774 1463 sntit.

2489 1544 2694 1610 [\gitur
2737 1543 2820 1594 liir
2862 1542 2928 1594 de
2970 1541 3308 1594 restitutione
3337 1553 3606 1594 sacrarum
3655 1541 3995 1607 reliquiarum

2416 1619 2583 1668 sancti
2617 1616 2884 1666 lienedmti
2927 1628 2977 1663 et
3007 1613 3375 1674 Stzliolasticm,
3406 1626 3534 1679 quae
3569 1613 3618 1664 in
3654 1611 3851 1679 Gallias
3875 1614 3996 1664 sub-

2417 1687 2547 1737 latas
2578 1687 2862 1737 historicus
2887 1684 2971 1735 hic
3000 1685 3050 1736 in
3071 1677 3437 1748 superioribus
3466 1677 3821 1753 narraverat.)

1373 1982 1974 2059 EXCERI‘TUM
2035 1985 2166 2058 DE
2224 1983 2692 2060 DlVEl‘iSlS
2749 1982 3355 2060 ClllMlNl-BUS

1939 2141 2038 2199 ET
2084 2142 2460 2201 REMEDIIS
2503 2140 2801 2199 EOllL'M.

1751 2285 1833 2338 Ea:
1865 2285 2076 2338 Patrum
2106 2288 2253 2339 dictis
2285 2285 2651 2352 Canonamqnc
2689 2283 2969 2336 sententiis.

1331 2415 1719 2472 PlleFATIO.

800 2513 1078 2569 Cernimus
1118 2511 1169 2564 in
1218 2509 1476 2574 Ecclesia,
1509 2509 1647 2574 quod
1682 2523 1778 2561 nos
1827 2507 1981 2560 valde
2034 2508 2305 2571 sollicitat,

732 2609 979 2675 quoniam
1026 2608 1094 2657 ita
1135 2605 1349 2656 contusa
1403 2611 1526 2655 sunt
1575 2601 1771 2669 judicia
1826 2601 2199 2667 prenileutium
2255 2601 2307 2652 in

734 2699 1160 2769 presbyterorum
1207 2702 1509 2747 nostrorum
1559 2691 1850 2759 opusculis,
1884 2700 2045 2758 atque
2097 2689 2167 2744 ita
2221 2689 2308 2742 di-

730 2799 967 2842 versa.et
989 2789 1126 2841 inter
1154 2800 1212 2838 se
1252 2783 1630 2851 discrepantia,
1664 2793 1716 2836 ct
1761 2782 1959 2836 nullius
1985 2782 2310 2836 auctoritate

728 2879 962 2941 sullulta,
991 2885 1048 2929 ut
1075 2878 1154 2928 vix
1188 2884 1402 2944 propter
1419 2873 1802 2927 dissonantiam
1831 2873 2304 2938 possintdiscerni.

735 2970 884 3025 Unde
927 2969 984 3021 lit
1026 2979 1081 3020 ut
1121 2976 1502 3019 concurrentes
1532 2963 1595 3015 ad
1631 2963 1924 3017 remedium
1957 2963 2308 3029 paenitentiae,

735 3074 840 3115 tam
869 3076 962 3128 pro
997 3059 1249 3111 librorum
1281 3055 1589 3108 confusione
1611 3068 1769 3122 quam
1795 3054 1953 3106 etiam
1984 3068 2082 3118 pro
2111 3052 2309 3117 ingenii

738 3153 1006 3212 tarditate,
1051 3149 1352 3202 nullatenus
1402 3147 1480 3198 eis
1532 3145 1742 3198 Valeant
1793 3144 2098 3197 subvenire.
2157 3144 2304 3209 Qua-

734 3253 950 3312 propter
980 3256 1043 3294 cx
1090 3240 1269 3292 multis
1300 3237 1674 3303 allegoriarum
1723 3233 1963 3296 ﬂoribus,
1998 3244 2050 3286 et
2079 3233 2145 3287 de
2195 3249 2307 3286 ma-

732 3349 955 3402 gnnrum
979 3331 1303 3386 tractatibus
1334 3329 1658 3396 prolatisque
1692 3326 2058 3384 sermonibus.
2095 3326 2309 3380 Patrum

732 3427 889 3479 dictis
918 3436 1292 3488 canonumun
1332 3419 1630 3481 sententiis,
1691 3417 1741 3469 id
1773 3427 1853 3469 est
1884 3417 2093 3477 lsidori,
2126 3419 2307 3486 Augu-

731 3516 876 3583 stini,
906 3515 1166 3583 Gregorii,
1199 3511 1373 3574 Bedrc,
1411 3507 1629 3572 Gelasii,
1661 3507 1978 3567 Innocentii,
2013 3508 2306 3570 Theodori,

733 3605 1009 3668 Cassiani,
1044 3603 1278 3672 Egberti,
1313 3600 1392 3652 vel
1442 3611 1784 3660 cancrorum,
1832 3597 1896 3651 ad
1928 3613 2063 3666 opus
2118 3613 2308 3651 consa-

729 3697 1002 3751 cerdotum
1044 3703 1345 3747 n0strorutn
1376 3704 1687 3756 excerpere,
1717 3701 1874 3756 atque
1911 3687 2125 3740 insimul
2157 3687 2307 3742 eolli-

2341 2418 2384 2475 B
2418 2416 2575 2469 talem
2609 2430 2715 2468 non
2747 2423 2966 2480 propter
2995 2413 3185 2480 Deum,
3211 2414 3303 2467 scd
3330 2415 3489 2484 (quod
3516 2416 3663 2470 nefas
3689 2427 3771 2472 cst
3793 2419 4000 2484 dicere)

2418 2507 2584 2573 magis
2616 2513 2834 2572 pr0pter
2862 2513 3134 2558 terrenum
3165 2505 3406 2558 ambiunt
3449 2507 3680 2562 lucrum.
3730 2510 3867 2563 (ἔπιοὶ
3915 2514 3995 2565 ili-

2415 2595 2549 2647 vinae
2581 2595 2860 2660 sapientia:
2891 2596 2904 2645 ι
2943 2595 3015 2645 De
3047 2594 3241 2646 talibus
3271 2597 3487 2662 quidam
3521 2597 3710 2652 doctor
3733 2602 4000 2655 veridit'us

2413 2683 2520 2734 ait:
2566 2681 2775 2742 Timeo,
2809 2683 3002 2750 inquit,
3049 2683 3192 2751 quod
3221 2699 3385 2740 canes
3425 2699 3784 2756 assequuntur
3814 2702 3999 2759 pasto-

2415 2774 2525 2826 rale
2557 2773 2815 2826 olliciutu.
2868 2773 2992 2827 Post
3026 2773 3162 2841 hac,
3196 2780 3559 2834 necessarium
3603 2783 3915 2838 censuimus
3943 2796 4001 2837 ut

2417 2867 2469 2919 in
2516 2865 2616 2918 hoc
2641 2865 2822 2918 libello
2866 2866 3216 2934 pmnitentiali
3245 2869 3596 2926 discretioncs
3626 2888 3997 2940 personarum,

2413 2958 2528 3013 sive
2553 2958 2854 3026 culparum,
2887 2959 2973 3012 vel
3004 2967 3306 3028 temporum
3333 2963 3731 3031 prolixitudine,
3760 2969 3993 3034 promul-

2409 3069 2538 3123 gare
2563 3059 2928 3120 studeremus,
2959 3062 3230 3128 quomodo
3257 3064 3618 3131 unusquisque
3647 3073 3740 3118 aut
3764 3066 3998 3132 qualiter

2415 3147 2497 3200 vel
2549 3151 2784 3217 quandiu
2833 3165 2954 3204 cum
3009 3152 3156 3205 omni
3204 3156 3492 3220 sagacitate
3542 3157 3592 3207 in
3641 3156 3994 3210 discernenda

2411 3237 2424 3310 [
2438 3238 2614 3308 Forte,
2646 3241 2696 3294 in
2745 3241 3128 3313 discernenda]
3172 3243 3371 3312 judicia
3427 3246 3709 3301 unanimes
3757 3248 3995 3302 habere-

2411 3345 2548 3384 mus.
2582 3333 2645 3384 Et
2675 3333 2906 3386 maxime
2935 3334 3318 3401 providendum
3348 3345 3405 3389 ut
3431 3337 3716 3406 unietiique
3746 3339 3991 3405 peccanti

2413 3422 2620 3475 Domini
2651 3423 2968 3477 adhibeatur
2996 3425 3383 3488 misericordia,
3413 3426 3538 3495 quia
3570 3430 3823 3496 scriptum
3855 3438 3937 3482 est
3973 3445 3987 3479 :

2411 3510 2540 3576 Fili,
2575 3515 2626 3564 in
2665 3515 2955 3585 jadicando
3005 3527 3112 3569 esto
3164 3518 3450 3570 misericors
3490 3517 3642 3588 (Tob.
3693 3522 3790 3586 tv).
3840 3519 3992 3575 Unde

2409 3612 2464 3656 et
2510 3607 2826 3672 apostolus:
2867 3605 3132 3660 Jadicium
3187 3610 3299 3662 sine
3359 3610 3714 3663 misericordia
3760 3612 3855 3666 erit
3909 3613 3990 3664 illi

2407 3699 2496 3764 qui
2525 3714 2624 3751 non
2650 3703 2768 3768 fecit
2801 3702 3204 3754 miscricordiam
3232 3704 3436 3773 (Iacob.
3471 3704 3555 3773 ιι).
3588 3705 3814 3776 Ideoque
3839 3722 3992 3762 tuen-

726 3806 850 3858 gere
880 3786 1273 3842 liuuclibt-llum
1300 3781 1718 3852 pmnitentialcm
1740 3781 2063 3834 studuimus.
2102 3782 2298 3835 Etme-
2327 3807 2373 3866 ρ
2409 3801 2587 3840 suram
2645 3788 2908 3854 temporis
2965 3791 3017 3843 iu
3069 3793 3276 3862 agenda
3330 3796 3642 3862 poenitentia
3699 3812 3804 3851 non
3853 3801 3988 3853 satis

726 3882 829 3934 rito
868 3876 1248 3947 ptenitentialis
1301 3874 1514 3939 dicitur,
1546 3888 1611 3926 eo
1654 3872 1795 3940 quod
1845 3873 1913 3924 sit
1967 3873 2298 3940 paenitentia:

729 3970 1072 4025 conveniens.
1120 3967 1432 4021 l‘mnitentia
1471 3976 1647 4017 autem
1671 3965 1811 4016 dicta
1835 3972 1916 4018 est
1940 3979 1965 4016 a
1993 3965 2301 4031 paenitendo,

729 4064 870 4132 quod
910 4062 1115 4115 scilicet
1138 4059 1328 4129 aliquis
1369 4056 1531 4111 corde
1575 4058 1853 4123 pmniteat,
1884 4065 1937 4109 et
1965 4071 2022 4109 se
2051 4071 2302 4123 peccasse

727 4170 906 4210 coram
935 4155 1043 4208 Deo
1065 4151 1375 4211 erubescat;
1397 4149 1540 4218 quia,
1564 4149 1672 4202 Deo
1689 4149 1940 4214 donante,
1965 4151 2095 4203 uibil
2129 4159 2305 4217 potest

729 4256 909 4297 contra
939 4259 1037 4297 nos
1077 4243 1321 4295 diabolus
1378 4241 1429 4294 in
1475 4254 1570 4294 sua
1625 4242 1884 4308 prolicere
1938 4242 2194 4310 nequitia,
2249 4244 2295 4295 si

731 4353 914 4406 puram
958 4337 1204 4390 volumus
1249 4347 1407 4402 agere
1456 4333 1851 4400 pmuitentiatn,
1887 4333 1937 4384 id
1988 4341 2070 4386 est
2098 4342 2156 4386 ut
2187 4333 2301 4388 vul-

733 4443 860 4482 nera
893 4426 1203 4480 vulneribus
1233 4439 1338 4477 nou
1364 4421 1860 4490 superadjiciatuus,
1875 4437 1973 4477 nec
1987 4433 2176 4478 sanata
2196 4437 2297 4476 uo-

733 4533 840 4575 stra
871 4520 1187 4581 sauciemus,
1217 4515 1336 4586 quia
1377 4517 1668 4585 posteriora
1712 4515 1932 4569 vulnera
1965 4514 2148 4584 pejora
2177 4523 2303 4569 sunt

735 4613 1019 4681 prioribus.
1052 4613 1115 4664 Ισίι
1171 4611 1270 4663 lioc
1323 4607 1854 4662 animadvertendum
1908 4617 2008 4670 est,
2061 4607 2200 4676 quod
2255 4607 2301 4660 si

727 4704 970 4758 carnales
999 4701 1384 4756 medicicontra
1410 4697 1749 4751 inﬁrmitates
1777 4711 2061 4764 corporum
2088 4697 2299 4750 diversa

729 4795 1056 4849 constituunt
1101 4789 1471 4853 medicamina,
1521 4797 1720 4857 quanto
1775 4789 1940 4856 magis
1991 4789 2296 4842 sacerdotes

736 4887 827 4940 Dei
854 4895 1033 4939 contra
1063 4883 1270 4937 illicitos
1316 4895 1494 4948 Operae
1541 4879 1720 4934 carnis
1751 4880 1954 4934 tractus
1999 4880 2301 4934 innumera-

735 4979 855 5030 bilia
889 4975 1132 5030 medendi
1189 4974 1388 5029 debent
1438 4987 1848 5041 recompensare
1896 4973 2084 5028 solatia
2116 4974 2138 5026 ?
2166 4973 2300 5028 Cum

737 5068 933 5132 ingenti
975 5066 1162 5120 timore
1191 5065 1442 5130 dicimus,
1487 5064 1609 5131 quia
1669 5075 1795 5116 sunt
1846 5065 2082 5118 nonnulli
2134 5066 2302 5118 nostri

2405 3889 2605 3933 attente
2668 3884 2948 3950 prazlignnt
2974 3897 3213 3936 canones
3261 3900 3358 3953 pro
3390 3900 3706 3957 unoquoque
3735 3889 3984 3955 Crimine,

2405 3970 2497 4023 sed
2529 3973 2696 4040 magis
2744 3972 2799 4025 in
2853 3973 3075 4027 arbitrio
3115 3974 3378 4028 antistitis
3424 3978 3505 4030 vel
3553 3979 3986 4048 presbyterorum

2404 4063 2812 4130 relinquendum
2842 4073 3106 4131 statuunt,
3143 4078 3358 4133 prapter
3388 4067 3832 4138 misericordiam,
3862 4074 3986 4139 quia

2403 4155 2541 4221 apud
2601 4155 2768 4208 Deum
2825 4171 2930 4209 non
3016 4165 3124 4209 tam
3187 4158 3362 4212 valeat
3430 4174 3676 4214 mensura
3730 4167 3984 4231 temporis

2403 4259 2560 4311 quam
2587 4245 2810 4309 doloris,
2843 4261 2940 4300 nec
2969 4246 3292 4302 abstinentia
3328 4257 3532 4304 tantum
3582 4251 3850 4317 ciborum,
3883 4255 3977 4307 sed

2405 4333 2744 4386 mortilicatio
2773 4335 2948 4403 potius
2973 4336 3256 4402 vitiorum;
3303 4350 3519 4407 propter
3547 4341 3688 4408 quod
3740 4350 3982 4411 tempora

2405 4423 2734 4490 paenitentia:
2772 4425 2880 4479 lide
2905 4436 2962 4480 et
2989 4428 3341 4484 conversione
3379 4434 3748 4499 penitentiam
3775 4433 3979 4490 abbre-

2403 4514 2591 4567 vianda
2639 4516 2974 4584 principium.
3008 4517 3158 4572 lianc
3183 4519 3465 4587 epistolam
3508 4529 3826 4581 commatico
3860 4541 3976 4582 ser-

2403 4616 2562 4656 mone
2604 4605 3038 4671 perstrinximus,
3068 4617 3127 4661 ιιι
3153 4607 3270 4676 ejus
3300 4610 3557 4666 breviatio
3597 4613 3781 4668 lectori
3826 4615 3978 4670 noci-

2404 4708 2524 4746 vum
2552 4695 2731 4747 demat
2755 4695 3048 4761 iastidium,
3075 4707 3130 4753 et
3165 4699 3346 4754 cordis
3373 4703 3490 4770 ejus
3515 4705 3804 4772 proﬁcuum
3836 4706 3981 4763 levet

2403 4793 2455 4836 et
2483 4796 2686 4852 aperiat
2716 4787 3047 4842 intellectum
3074 4806 3087 4855 ;
3123 4792 3303 4845 brevis
3328 4794 3527 4848 etenim
3573 4797 3729 4850 lectio
3772 4799 3981 4854 avidius

2406 4875 2598 4944 legitur
2629 4917 2645 4944 ,
2703 4878 2863 4932 citius
2909 4879 3262 4950 intelligitur,
3321 4893 3380 4938 et
3453 4889 3724 4941 memoria:
3775 4888 3982 4944 facilius

2403 4967 2833 5036 commendatur,
2864 4980 2918 5025 et
2947 4972 3169 5028 ﬁrmiter
3193 4976 3474 5032 retinetur.
3504 4976 3731 5034 Naesse
3750 4989 3833 5034 est
3852 4997 3981 5050 ergo

2407 5070 2462 5111 ut
2503 5058 2614 5112 tunc
2667 5062 2997 5118 medicinalis
3042 5067 3289 5134 exceptio
3337 5066 3645 5138 irequeuter
3671 5085 3704 5124 a
3735 5073 3977 5128 tidclibus

730 5155 951 5219 similes,
981 5164 1139 5208 tautze
1170 5154 1430 5208 tarditatis
1478 5153 1687 5222 ignavia
1717 5155 1910 5222 pressi,
1941 5155 2030 5224 qui
2075 5170 2173 5210 nec
2217 5155 2297 5210 sui
2332 5174 2384 5234 ι)
2416 5150 2621 5217 legatur
2675 5154 3083 5221 sacerdonbus,
3141 5167 3198 5213 et
3247 5158 3379 5228 ipsis
3431 5161 3720 5232 sapienter,
3766 5169 3979 5223 assidue

733 5262 832 5301 nec
871 5245 1200 5300 subditorum
1231 5255 1406 5300 errata
1437 5245 1614 5299 valent
1642 5246 1710 5299 ad
1771 5262 1958 5315 purum
2006 5247 2293 5314 deducere,

724 5349 782 5394 ει
808 5349 900 5402 per
947 5335 1387 5390 medicamentum
1439 5337 1766 5404 paenitentiae
1843 5339 2062 5394 minime
2118 5341 2300 5409 lapsos

725 5435 903 5487 sciunt
935 5429 1185 5484 solatiari.
1220 5430 1288 5486 Ut
1317 5431 1659 5495 arbitramur,
1691 5431 1759 5485 de
1803 5432 1997 5486 talibus
2041 5436 2299 5502 scriptum

723 5542 806 5583 est
838 5551 851 5584 ;
887 5525 1056 5577 Canes
1081 5524 1204 5574 muti
1245 5538 1346 5574 non
1376 5521 1596 5575 valentes
1643 5523 1831 5576 latrare
1862 5522 2021 5590 (Isai.
2064 5528 2191 5594 Lvi).
2233 5527 2302 5581 Et

726 5620 770 5672 si
803 5619 996 5672 indocti
1027 5617 1092 5671 ad
1128 5612 1479 5664 sacerdotium
1515 5611 1902 5678 proveliuntur,
1950 5613 2299 5669 consideran-

726 5710 849 5762 ιιιιηι
881 5719 962 5763 ρει
989 5710 1110 5778 quid
1138 5711 1206 5764 de
1244 5704 1486 5770 gregibus
1533 5714 1744 5772 agatur,
1794 5707 2006 5773 quando
2057 5708 2160 5774 lupi
2205 5724 2297 5776 pa-

729 5810 899 5854 stores
932 5800 1082 5854 (iuni,
1118 5799 1180 5854 Et
1210 5809 1331 5855 sum
1366 5795 1601 5848 nonnulli
1629 5794 1717 5863 qui
1761 5796 2022 5851 sarcinam
2049 5797 2298 5854 sacerdo-

2408 5246 2787 5318 lmmiliterque
2840 5251 3112 5318 recitetur,
3168 5252 3293 5320 quia
3345 5251 3418 5308 ibi
3465 5254 3732 5310 invenitur
3775 5259 3978 5313 sanius

2403 5339 2604 5403 cordis,
2637 5349 2693 5394 et
2737 5341 2931 5396 anima:
2959 5343 3223 5399 medicina
3262 5348 3547 5416 reperitur.
3591 5347 3810 5405 Constat
3835 5355 3978 5407 enim

2408 5432 2460 5485 in
2494 5432 2595 5487 b-c
2650 5433 2836 5489 libello
2889 5439 3192 5495 consolatio
3245 5456 3435 5510 magna
3489 5444 3804 5514 lugentium,
3854 5462 3976 5512 spes

2406 5525 2556 5579 beata
2577 5527 2868 5597 justorum,
2907 5532 3110 5588 sanitas
3136 5531 3490 5602 inﬁrmorum,
3533 5539 3785 5595 fortitudo
3813 5550 3870 5597 et
3893 5559 3976 5598 re-

2405 5617 2602 5685 fugiunt
2641 5619 3080 5686 periclitantium.
3120 5625 3258 5696 Ergo
3293 5643 3390 5681 cor
3418 5635 3679 5698 paenitens
3706 5647 3974 5703 compun-

2406 5714 2563 5779 gitnr,
2602 5722 2656 5766 et
2696 5719 2965 5781 proticuus
3007 5720 3076 5772 ab
3117 5734 3184 5774 eo
3225 5722 3576 5794 lacrymarum
3629 5725 3799 5783 imber
3827 5743 3976 5783 rora-

2410 5809 2493 5854 tur
2520 5819 2529 5853 :
2567 5803 2810 5860 remissio
2837 5818 3178 5877 peccatorum
3201 5811 3254 5868 iu
3287 5828 3352 5869 eo
3375 5815 3595 5872 concedi
3628 5820 3972 5888 promittitur,
