4170 6528
224 431 328 482 5Q”

1124 427 1209 480 DF.
1254 427 1377 480 lli‘l.
1421 425 1807 479 Clllf‘tlli‘iliilTS
1851 423 1932 475 ET
1978 420 2294 474 ιιΕιιιῖιιιιδ
2337 421 2591 473 EOliUM.

3365 415 3464 474 Sno

222 557 276 597 ct
304 546 546 596 laborant
571 541 671 594 bus
699 541 916 593 relcctio
943 553 1061 591 cum
1093 541 1258 606 gloria
1286 555 1444 606 perpe
1474 555 1536 590 na
1570 539 1791 590 [t‘ilt‘ilt'r
1822 539 1867 594 Α
1896 547 2011 585 cum
2053 534 2248 590 furore,
2285 534 2401 597 quia
2434 534 2528 598 ipsi
2583 533 2679 583 hoc.
2733 543 3002 597 ptsttstatur
3056 537 3139 601 qui
3185 538 3464 605 corrigitur

224 643 575 704 pra'paratur.
612 633 704 684 Est
745 633 885 683 enim
933 632 1076 684 ineo
1118 630 1396 684 thesaurus
1437 630 1707 696 sapientize
1739 640 1791 682 et

221 727 462 779 scientia:
493 722 854 787 absconditus,
899 723 985 792 qtti
1035 725 1195 775 vitam
1245 732 1498 774 attentam
1547 722 1790 774 fidelibus

221 817 492 868 ministrat
522 813 920 881 paenitentibus,
970 823 1025 866 et
1066 813 1183 866 sine
1229 812 1438 866 defectu
1493 813 1790 879 Ingentibus

219 907 286 958 ad
319 903 662 970 aperiendum
706 914 1011 971 perpetuus.
1050 903 1324 967 Nolumus,
1359 903 1569 964 fratres,
1599 917 1788 956 accen-

220 1012 337 1050 sam
367 995 419 1048 itt
452 996 605 1047 nobis
636 996 737 1047 sub
765 993 942 1046 modio
974 1009 1170 1061 ponere
1202 994 1492 1060 lucernam,
1527 994 1618 1046 sed
1652 1009 1789 1060 pra:-

220 1089 368 1137 (‘t'lstt
398 1100 513 1138 eant
552 1099 916 1153 superponere
946 1085 1287 1148 candelabro,
1322 1093 1372 1136 ut
1406 1086 1577 1136 luceat
1621 1086 1788 1136 muni-

221 1178 320 1229 bus
352 1177 438 1243 qui
485 1179 536 1229 itt
568 1179 728 1230 domo
761 1175 853 1229 Dei
886 1185 1010 1228 sunt
1053 1176 1324 1229 fratribus.
1377 1176 1544 1243 llujtts
1598 1177 1790 1229 laboris

221 1282 381 1336 atque
411 1269 586 1335 operis
616 1268 755 1320 illius
783 1268 948 1334 gratia
985 1267 1135 1319 nobis
1158 1270 1517 1336 superveniat,
1542 1270 1626 1336 qui
1661 1269 1792 1319 duo-

223 1359 324 1410 ltus
363 1358 636 1422 discipulis
674 1358 918 1410 euntibus
950 1361 1162 1410 tertium
1194 1374 1250 1412 se
1281 1360 1480 1412 socium
1513 1360 1708 1411 addidit
1743 1376 1791 1411 Ill

221 1450 330 1512 via,
361 1459 413 1500 et
441 1449 650 1515 aperuit
682 1449 785 1499 illis
818 1463 1026 1509 sensus,
1073 1459 1127 1500 ιιι
1168 1460 1383 1502 sanctas
1438 1451 1794 1515 intelligerent

220 1539 541 1603 Scripturas.
576 1538 806 1602 Spiritus
844 1538 1141 1603 paraelettts
1170 1539 1312 1590 omni
1344 1539 1539 1592 virtute
1590 1548 1644 1590 et
1691 1540 1790 1590 do-

219 1631 390 1682 ctrina
425 1630 658 1696 perfecta
705 1642 824 1680 cum
857 1627 1133 1680 charitatis
1165 1630 1383 1680 scientia
1435 1629 1658 1680 illustret
1704 1645 1794 1694 pe-

219 1731 373 1772 ctora
403 1730 602 1782 nostra,
645 1719 1006 1786 benignissimi
1038 1722 1246 1772 fratres.
1285 1721 1501 1773 Domine
1538 1721 1671 1772 Dens
1703 1736 1791 1772 rex

218 1813 478 1876 caelestis,
511 1810 598 1879 qui
637 1827 733 1863 nos
766 1812 1008 1879 indignos
1055 1812 1280 1864 famulos
1320 1822 1436 1864 tuos
1466 1822 1661 1864 sancta:
1697 1812 1794 1863 Ec-

1895 641 1957 676 nc
1985 626 2237 689 geltennm
2264 623 2466 687 ignibus
2498 625 2751 676 tradatur.

1967 715 2048 764 ΙΙΙ.
2091 712 2793 779 Qnioccideritepiscopum
2845 725 2933 765 aut
2976 715 3339 784 pesltytcrtttn
3372 726 3456 770 vel

1893 804 2176 857 diaconum
2209 848 2223 866 ,
2277 808 2383 872 regi
2441 805 2808 860 dimittendum
2864 819 2944 860 est
2983 810 3046 860 ad
3086 811 3456 876 jtnlicantltnn.

1892 896 1992 961 Qui
2020 897 2273 948 occiderit
2304 899 2522 948 minoris
2573 896 2776 948 ordinis
2828 900 3100 964 clericum,
3159 902 3210 953 in
3259 902 3457 968 judicio

1892 989 2123 1056 episcopi
2151 997 2232 1040 est
2260 989 2598 1053 judicandus,
2627 998 2682 1040 ttt
2707 1003 2854 1041 artua
2880 991 3166 1060 relinquat.
3191 997 3311 1046 etin
3343 1010 3457 1046 mo-

1896 1081 2130 1131 nasterio
2161 1080 2267 1131 Deo
2298 1081 2515 1143 serviat,
2552 1080 2629 1132 vel
2689 1090 2892 1146 septem
2937 1096 3102 1134 annos
3135 1097 3254 1136 cum
3313 1086 3456 1138 luetn

1894 1176 2166 1244 ltmttiteat.
2197 1174 2250 1227 Si
2275 1174 2392 1240 quis
2423 1174 2646 1225 clericus
2671 1174 3012 1226 homicidium
3037 1174 3238 1239 fecerit,
3273 1179 3455 1231 decem

1892 1281 2058 1319 annos
2092 1264 2362 1332 pmniteat,
2394 1273 2445 1316 et
2473 1277 2533 1316 ex
2565 1263 2644 1316 his
2670 1276 2872 1330 septem
2901 1267 3049 1318 evsnl
3082 1267 3189 1319 liat.
3219 1268 3316 1331 Qui
3370 1285 3458 1337 pa-

1894 1368 2024 1410 tretn
2054 1356 2132 1408 vel
2168 1367 2414 1416 matrem,
2443 1369 2677 1406 sororem
2709 1367 2797 1406 aut
2829 1357 3041 1408 fratrem
3066 1358 3345 1421 occiderit,
3371 1377 3444 1412 se~

1892 1450 2123 1501 eundum
2178 1447 2544 1499 hnmanorem
2575 1470 2598 1494 ο
2628 1445 2998 1501 diftinitionem
3055 1451 3455 1517 quatunrdecim

1895 1556 2059 1590 annos
2083 1540 2352 1606 pteniteat,
2386 1549 2437 1589 ct
2466 1552 2529 1589 ex
2560 1538 2640 1589 his
2665 1547 2868 1604 septem
2897 1538 3043 1590 exsul
3069 1541 3175 1591 fiat.
3206 1539 3261 1592 Si
3297 1540 3461 1593 laicus

1893 1632 2147 1682 tte-idcrit
2171 1631 2329 1682 alium
2360 1629 2572 1688 laicntn,
2599 1629 2944 1695 quadraginta
2968 1630 3080 1683 dies
3103 1632 3366 1685 abstineat
3394 1648 3454 1685 se

1895 1724 1961 1772 ab
2014 1721 2259 1780 ecclesia,
2313 1730 2366 1773 et
2421 1723 2712 1772 secundum
2769 1723 3037 1790 antiquam
3088 1723 3459 1779 diffinitionem

1897 1810 2133 1876 quinque
2160 1823 2327 1860 annos
2361 1809 2610 1873 pmttiteat
2644 1827 2653 1858 :
2689 1810 2730 1860 si
2763 1810 2867 1862 odii
2909 1813 3270 1874 meditatione,
3329 1830 3460 1880 qna-

217 1903 396 1952 clesi.t-.
427 1899 662 1965 pra-tetri
690 1901 918 1963 voluisti,
979 1910 1033 1954 ut
1085 1915 1321 1968 congruo
1355 1912 1667 1967 pteuttentes
1713 1918 1789 1953 at-
1826 1882 1866 1938 Β
1901 1912 2053 1954 tuor:
2082 1903 2123 1952 si
2159 1915 2249 1966 per
2273 1900 2426 1962 iram,
2460 1911 2566 1952 tres
2601 1916 2612 1949 :
2649 1915 2743 1966 pro
2775 1901 3000 1952 vindicta
3053 1903 3250 1964 fratris,
3283 1905 3413 1956 duos
3445 1926 3454 1954 ;

219 2007 323 2058 que
385 1991 624 2058 lugentes
679 1994 1076 2045 consolarentur
1114 1994 1478 2054 medicamine,
1507 1994 1572 2045 da
1619 1998 1794 2061 propi-

219 2084 342 2145 tius,
377 2090 432 2133 ut
461 2081 545 2134 hic
579 2081 778 2134 diutina
810 2084 1046 2149 corporis
1092 2092 1146 2134 et
1191 2085 1380 2135 anima:
1421 2087 1674 2151 ειιδιιὶιτιιθ
1705 2103 1790 2138 va—

219 2175 422 2226 leamus
455 2174 630 2240 potiri,
663 2185 716 2228 et
742 2176 914 2228 denuo
945 2178 1173 2243 pratutiis
1222 2175 1373 2243 regni
1405 2178 1640 2229 t‘mlestis
1674 2179 1795 2229 feli-

217 2268 352 2318 citer
392 2264 714 2333 participari,
757 2275 813 2317 ut
840 2281 931 2332 per
958 2268 1187 2320 salubria
1222 2267 1573 2321 medicamina
1600 2283 1626 2319 a
1662 2284 1792 2336 prte-

218 2357 593 2410 det-essorihns
633 2356 894 2409 inculcata
927 2358 1149 2424 populus
1181 2359 1438 2412 instanter
1461 2361 1708 2425 gaudeat,
1742 2369 1795 2412 et

219 2449 316 2514 ipsi
356 2447 443 2498 t-tti
473 2447 637 2500 servit
670 2448 828 2499 totius
872 2457 1163 2501 concentus
1206 2450 1325 2502 coe'i
1377 2463 1476 2500 una
1523 2450 1794 2500 nobiscum

215 2539 482 2602 gratilicas
512 2539 694 2590 Iaudes
738 2539 789 2590 itt
837 2547 1093 2590 internum
1159 2541 1308 2590 lat-tus
1354 2537 1615 2591 decantet.
1675 2539 1798 2592 ΙΙωο

217 2640 396 2678 autem
441 2628 663 2694 cpistola
711 2628 843 2679 nulli
889 2627 1144 2691 vilescat,
1177 2628 1268 2680 sed
1298 2630 1426 2681 sciat
1450 2643 1478 2680 ιι
1507 2629 1795 2696 majoribus

219 2722 418 2771 nostris
445 2735 508 2771 ex
537 2728 842 2773 sanctorum
867 2719 1145 2773 sententiis
1175 2735 1293 2774 esse
1322 2721 1616 2787 collectam,
1649 2736 1677 2774 a
1710 2736 1796 2772 no-

217 2809 295 2861 bis
337 2809 553 2876 quidem
601 2820 926 2878 excerptam,
973 2826 1038 2865 ne
1079 2812 1235 2863 nimia
1276 2812 1576 2878 prolixitate
1625 2814 1790 2880 negli-

215 2902 466 2968 gcnttbus
497 2898 785 2953 lectoribus
814 2900 1078 2953 fastidium
1116 2911 1414 2969 generaret.

218 3031 555 3087 thlll'lUNT
594 3032 854 3088 JUDICIA
885 3033 1205 3088 CONl'lRUA
1239 3035 1790 3091 POENITENTIBL'S.

292 3163 331 3215 Ι.
375 3174 400 3199 ι·
433 3163 602 3216 l‘rima
637 3164 810 3231 itaque
849 3175 930 3220 est
955 3168 1198 3221 remissio
1227 3185 1327 3236 qua
1361 3171 1689 3238 haptizamur
1738 3174 1789 3225 ιιι

218 3270 352 3322 aqua
379 3273 394 3321 ;
427 3257 682 3320 secunda,
709 3259 982 3313 charitatis
1007 3261 1226 3315 effectus
1251 3279 1264 3325 ;
1300 3265 1470 3327 tertia,
1502 3267 1792 3335 eleemosy-

220 3363 407 3399 narum
433 3349 665 3412 fructus;
697 3361 901 3415 quarta,
927 3351 1158 3418 perfusio
1181 3353 1564 3423 lat-rymarum;
1589 3357 1791 3423 quinta,

219 3441 436 3492 atllictio
465 3439 640 3492 cordis
666 3451 719 3493 et
739 3443 1011 3509 corporis;
1038 3453 1209 3510 sexta,
1240 3447 1540 3498 emendatio
1564 3462 1790 3513 morum,

219 3533 320 3584 huc
349 3543 427 3584 est
459 3532 847 3585 abrettuntiatio
879 3533 1119 3586 vitiorum
1148 3551 1161 3596 ;
1187 3538 1432 3600 septima,
1485 3537 1795 3590 intercessio

217 3630 523 3673 sanctorum
552 3637 565 3684 ;
606 3630 818 3685 octava,
863 3622 1236 3676 misericordiae
1267 3635 1317 3676 et
1350 3626 1466 3676 fidei
1500 3627 1743 3679 meritum
1777 3645 1790 3688 ;

215 3724 383 3769 nona,
433 3711 713 3762 conversio
759 3721 812 3764 et
866 3713 1007 3763 salus
1066 3714 1582 3778 alinrmtt;decima,
1613 3715 1792 3768 indul-

217 3809 399 3865 genta
438 3807 491 3852 et
517 3798 757 3852 remissio
784 3810 1000 3861 nostra;
1037 3801 1336 3866 undecima,
1371 3806 1545 3870 passio
1590 3815 1790 3875 marty-

220 3893 307 3954 rii,
338 3907 458 3959 spes
497 3892 649 3945 unica
678 3891 934 3960 b'salutis,
970 3896 1274 3963 indulgente
1311 3907 1363 3950 et
1400 3898 1589 3951 latroni
1622 3901 1790 3952 cruci-

221 3985 328 4034 fixo
360 3982 469 4036 Deo
493 3983 880 4050 TBSPOIIdealC:
921 3986 1077 4038 Amcn
1101 3987 1212 4038 dico
1250 3989 1335 4040 tibi
1365 4005 1381 4038 :
1422 3989 1569 4043 hodie
1599 4007 1792 4042 mecum

217 4075 316 4126 eris
345 4076 396 4125 in
423 4077 664 4143 paradiso
694 4075 845 4144 (Luc.
880 4078 1050 4145 χχιιι).

297 4168 362 4219 ll.
402 4166 774 4234 Sacrilegittm,
808 4167 859 4220 id
888 4180 973 4222 est
1012 4183 1282 4223 sacrarum
1341 4186 1515 4224 rerum
1574 4173 1790 4239 furtum,

224 4271 280 4314 et
336 4260 434 4312 hoc
484 4261 775 4314 maximum
819 4272 902 4315 est
934 4275 1204 4330 peccaturo
1238 4283 1248 4316 ε
1282 4268 1566 4334 sacrilegus
1604 4270 1795 4324 dicitur

223 4352 313 4416 qui
346 4363 496 4401 sacra
528 4350 708 4413 violat,
734 4349 814 4404 vel
867 4353 955 4419 qui
1008 4365 1156 4406 sacra
1205 4356 1424 4408 iuratur.
1482 4357 1679 4411 l’lacnit
1708 4373 1793 4411 se-

221 4440 456 4494 etmdum
489 4440 862 4497 humaniorem
893 4443 1276 4511 definitionem,
1316 4449 1404 4516 qui
1452 4449 1502 4501 iit
1534 4449 1634 4504 hoc
1663 4449 1789 4504 vitio

223 4543 504 4598 corruunt,
533 4535 576 4585 si
607 4532 888 4601 episcopus
911 4534 1089 4599 fuerit,
1121 4537 1397 4590 duodecim
1454 4554 1621 4593 annos
1677 4555 1788 4609 pa:-

226 4623 412 4686 niteat,
439 4623 717 4692 presbyter
741 4623 948 4688 decem,
974 4625 1228 4681 diaconus
1249 4639 1472 4696 septem,
1504 4632 1788 4686 subdiaco-

222 4731 323 4768 nus
345 4714 595 4782 quinque,
616 4715 792 4768 clerici
824 4725 877 4769 et
909 4716 1026 4770 laici
1049 4729 1294 4786 quatuor.
1321 4719 1424 4774 Sed
1459 4723 1607 4775 valde
1666 4737 1794 4774 cott-

224 4805 564 4860 siderandum
591 4813 692 4869 est,
724 4815 777 4858 et
812 4806 1016 4860 Domini
1055 4809 1416 4863 misericordia
1473 4813 1793 4877 adhibenda,

228 4909 280 4950 ut
316 4897 430 4965 ipse
460 4895 643 4949 beatus
670 4896 863 4962 adjecit
889 4897 1198 4966 Gregorius.
1250 4901 1322 4954 Ex
1373 4916 1596 4970 persona
1651 4920 1798 4956 nant-

228 5002 332 5055 que
356 4984 487 5038 fatis
542 4986 868 5052 pensandum
927 4998 1012 5040 est
1071 4991 1298 5056 qualiter
1349 4993 1517 5045 valeat
1569 4995 1795 5063 corrigi;

227 5087 349 5130 sunt
377 5077 520 5130 enim
576 5077 786 5142 quidam
826 5077 916 5146 qui
961 5077 1156 5132 habent
1210 5082 1466 5144 subsidia,
1497 5094 1550 5136 et
1592 5083 1792 5139 furtum

232 5175 554 5235 perpetrant,
581 5175 635 5219 et
662 5177 788 5220 sunt
814 5169 900 5234 qni
950 5169 1002 5221 in
1055 5170 1156 5222 hac
1190 5185 1248 5223 re
1278 5187 1341 5224 ex
1402 5173 1571 5238 inopia
1625 5173 1797 5227 delin-

230 5267 419 5324 quunt.
457 5255 605 5310 Unde
645 5269 861 5310 necesse
885 5267 968 5310 est
1001 5267 1052 5310 ut
1081 5258 1294 5326 quidam
1319 5260 1551 5326 damnis,
1581 5264 1796 5330 quidam

232 5357 404 5401 autem
431 5346 762 5410 verberibus,
794 5347 1008 5414 quidam
1058 5349 1372 5416 districtius,
1402 5363 1456 5405 ιιι
1504 5353 1795 5421 judicatutn

231 5453 331 5502 εει,
361 5439 577 5507 quidam
609 5447 783 5491 autem
810 5439 972 5492 levius
1001 5443 1358 5508 corrigantur,
1387 5455 1440 5498 et
1467 5461 1584 5499 cum
1645 5453 1798 5516 paulo

233 5535 528 5590 districtius
553 5533 745 5600 agitur,
771 5547 837 5586 ex
865 5532 1123 5590 cltaritate
1149 5539 1409 5605 agendum
1457 5550 1558 5604 est,
1585 5552 1638 5594 et
1693 5560 1796 5599 ttott

307 5686 330 5713 ³
374 5677 447 5748 Eat
479 5674 738 5748 Cassiano
765 5675 898 5730 istud
924 5687 1252 5744 excerptum,
1284 5678 1505 5732 Collect.
1537 5680 1627 5743 9.0,
1659 5699 1707 5737 c.
1739 5683 1793 5748 8,

235 5757 284 5802 et
311 5765 370 5798 ev
404 5747 544 5798 aliis.
583 5746 748 5797 Hann.

304 5820 328 5854 ι
358 5818 428 5869 lat
463 5818 740 5869 emendavi
790 5818 923 5870 hanc
981 5816 1262 5872 lectionem
1310 5834 1370 5873 ett
1423 5819 1791 5877 l‘tenitentiali

1895 1997 1936 2046 si
1968 2009 2118 2053 casu,
2158 2009 2340 2054 uttuttt,
2373 1993 2460 2059 qui
2491 1996 2541 2045 in
2575 1995 2775 2060 przelio,
2801 2007 2907 2048 etc.
2939 1996 2992 2051 Si
3023 2012 3122 2062 qua
3157 1998 3348 2050 femina
3373 2000 3461 2052 fu-

1896 2099 2016 2135 rore
2049 2084 2147 2135 zeli
2177 2096 2402 2135 accensa
2435 2084 2987 2149 tlagrisverberaverit
3019 2089 3261 2139 anctllam
3287 2105 3460 2150 suam,

1898 2171 1964 2222 ita
1994 2182 2047 2222 ut
2078 2174 2211 2223 intra
2240 2172 2453 2222 tertium
2485 2171 2624 2224 diem
2675 2173 2902 2223 animam
2929 2186 3048 2226 cum
3099 2177 3333 2227 crttcia:u
3387 2179 3465 2228 ef-

1897 2261 2108 2322 fundat;
2144 2261 2187 2314 Si
2216 2263 2503 2323 voluntate,
2535 2274 2736 2327 septem
2779 2277 2946 2315 annos
2989 2265 3278 2332 pmnitcat;
3313 2267 3354 2319 si
3377 2282 3466 2320 ca-

1895 2368 1978 2410 su,
2021 2354 2250 2420 quinque
2278 2369 2290 2402 :
2320 2352 2456 2418 quod
2481 2355 2522 2404 si
2556 2351 2694 2404 infra
2726 2362 2965 2420 tempora
2997 2357 3277 2409 renstituta
3309 2361 3466 2412 fuerit

1897 2444 2177 2504 intirmata,
2199 2443 2894 2509 accipietcommunionem.

1968 2559 2052 2612 IV.
2099 2559 2425 2612 Adulterium
2475 2560 2689 2625 dicitur,
2721 2577 2842 2614 cum
2874 2563 2994 2630 quis
3037 2565 3255 2618 alterius
3301 2567 3465 2622 vinial

1899 2664 2116 2701 uxorein
2151 2651 2232 2700 vel
2271 2652 2754 2703 sanctimonialem.
2786 2653 3009 2707 Adulter
3047 2667 3265 2710 vocatur
3295 2661 3465 2710 vi.tla-

1898 2748 1980 2790 tor
2009 2740 2267 2792 maritalis
2299 2741 2538 2806 pudoris,
2570 2755 2635 2794 eo
2663 2743 2799 2809 quod
2823 2743 3039 2796 alterius
3063 2754 3231 2798 torum
3259 2750 3462 2815 polluit.

1895 2831 1948 2882 Si
1981 2829 2262 2896 episcopus
2314 2830 2632 2883 adulterium
2663 2834 3014 2897 commiserit,
3048 2837 3328 2891 duodecim
3371 2856 3463 2892 an-

1899 2935 1994 2972 nos
2021 2921 2294 2986 paeniteat,
2352 2923 2630 2990 presbyter
2677 2923 2884 2990 decem,
2934 2928 3188 2982 diaconus
3239 2943 3464 2997 soptent,

1897 3008 2253 3063 subdiaContts
2282 3012 2536 3078 quinque,
2565 3013 2744 3065 clerici
2770 3025 2824 3066 et
2853 3015 2971 3068 laici
3017 3028 3141 3071 tres.
3188 3019 3242 3072 Si
3287 3031 3464 3074 autem

1897 3101 1948 3152 itt
2012 3101 2338 3154 conscientia
2387 3103 2564 3170 populi
2616 3105 2911 3170 devenerit,
2963 3119 3110 3162 extra
3186 3113 3465 3166 ecclesiam

1825 3224 1869 3283 ρ
1903 3195 2045 3254 liattl,
2071 3202 2124 3244 et
2151 3193 2286 3245 inter
2313 3191 2474 3246 laicos
2532 3195 2824 3260 ptenitcant
2871 3200 3101 3266 qnandiu
3153 3207 3352 3255 vivunt.
3409 3206 3465 3258 Si

1900 3297 2000 3349 qua
2031 3282 2224 3335 femina
2251 3296 2371 3336 cum
2404 3287 2729 3338 conscientia
2765 3290 2938 3342 mariti
2969 3291 3126 3345 fuerit
3147 3295 3462 3360 adulterata,

1897 3383 1947 3425 et
1981 3375 2090 3438 ipse
2113 3375 2380 3428 consentit
2407 3376 2646 3430 habitare
2669 3393 2789 3431 cum
2823 3395 2907 3444 ea,
2939 3383 3136 3449 placuit
3185 3400 3281 3439 nec
3309 3387 3360 3439 ιιι
3396 3390 3457 3439 li-

1897 3479 2012 3514 nem
2045 3464 2272 3518 dandam
2329 3466 2407 3518 eis
2446 3481 2567 3520 esse
2597 3470 3050 3526 communionem.
3079 3475 3135 3527 Si
3172 3490 3302 3529 vero
3346 3494 3465 3532 eam

1896 3557 2186 3622 reliquerit,
2216 3565 2334 3622 post
2354 3558 2592 3623 quitttttm
2629 3573 2827 3612 annum
2877 3563 3099 3631 accipiat
3137 3571 3468 3621 cttntmtmio-

1896 3663 2036 3700 nem.
2067 3649 2127 3700 Et
2153 3649 2196 3700 si
2219 3650 2336 3716 quis
2367 3650 2466 3715 vir,
2519 3652 2598 3704 vel
2645 3652 2687 3705 si
2743 3653 2935 3706 femina
2990 3671 3155 3725 usque
3206 3659 3255 3711 itt
3308 3662 3465 3715 tinent

1897 3740 2082 3789 mortis
2113 3753 2223 3791 suae
2253 3754 2370 3792 cum
2403 3741 2574 3794 aliena
2605 3742 2824 3808 fetttiua,
2875 3747 2954 3798 vel
3013 3749 3119 3814 ips;t
3150 3763 3270 3804 cunt
3301 3755 3468 3806 altero

1897 3832 2033 3892 viro,
2067 3829 2256 3882 fuerint
2287 3830 2590 3896 adulterati,
2633 3835 2829 3901 placuit
2853 3849 2954 3890 nec
2985 3837 3035 3891 in
3091 3839 3248 3893 linem
3298 3844 3467 3910 perci-

1897 3938 2020 3990 pere
2059 3925 2512 3976 communionem.

1970 4034 2029 4086 V.
2069 4035 2122 4088 Si
2159 4036 2276 4102 quis
2313 4037 2546 4101 pontifex
2580 4037 2780 4093 faciens
2813 4040 3238 4109 fornicationem,
3273 4063 3467 4104 secun-

1895 4127 2018 4179 dum
2051 4127 2411 4180 humaniorem
2442 4128 2815 4183 diflinitionetn
2841 4141 3044 4200 septem
3075 4151 3245 4190 annos
3297 4141 3468 4204 panti-

1895 4226 2038 4279 teat;
2071 4220 2346 4287 presbyter
2375 4220 2637 4288 quinque,
2665 4221 2922 4276 diaconus
2944 4237 3191 4293 quatuor,
3249 4231 3465 4284 subdia-

1893 4322 2059 4361 conus
2088 4317 2214 4372 tres,
2241 4311 2421 4363 clerici
2452 4319 2505 4362 et
2535 4312 2653 4364 laici
2703 4312 2855 4368 duos.
2889 4314 2944 4369 Si
3001 4332 3122 4371 cmn
3176 4325 3464 4376 sanetimo-

1895 4400 2016 4454 niali
2047 4399 2340 4468 intelligant
2360 4416 2419 4454 se
2439 4403 2755 4456 adulterium
2789 4419 3144 4474 perpetrasse,
3165 4413 3460 4467 secundum

1895 4495 2162 4558 antiquam
2216 4492 2654 4547 constitutionem
2723 4498 2840 4562 plus
2892 4499 3116 4552 addatur
3167 4502 3463 4571 jejunium;

1819 4577 1870 4636 D
1895 4583 2176 4649 episcOptts
2205 4582 2388 4635 decem
2420 4597 2586 4636 annos
2617 4585 2868 4651 pteniteat
2888 4628 2902 4652 ,
2930 4591 3206 4661 presbyter
3235 4606 3462 4663 septem,

1898 4673 2152 4726 diaconus
2182 4674 2435 4740 quinque,
2464 4673 2818 4730 subdiaconus
2869 4688 3120 4746 quatuor,
3177 4683 3356 4739 clerici
3412 4699 3466 4741 et

1901 4764 2012 4815 laici
2049 4773 2174 4816 tres.
2209 4764 2308 4828 Qui
2340 4777 2482 4831 sirpe
2514 4763 2713 4818 faciunt
2740 4763 3167 4834 fornicationem,
3201 4774 3311 4828 sive
3356 4778 3463 4830 clo.-

1901 4856 2016 4919 rici,
2059 4854 2172 4907 sive
2202 4853 2341 4919 laici,
2369 4854 2482 4908 sive
2514 4855 2727 4918 femina,
2770 4859 2971 4926 primus
2999 4877 3167 4916 canon
3213 4864 3470 4934 judicavit

1903 4955 1958 4999 ut
1986 4955 2188 5013 septem
2219 4961 2387 5000 annos
2419 4961 2504 5014 pm
2518 4948 2699 5000 niteat.
2726 4949 2832 5003 Sed
2869 4952 2913 5005 si
2955 4957 3247 5022 paruerint,
3283 4959 3467 5012 httma-

1901 5038 2018 5090 nius
2047 5037 2364 5092 definierunt
2412 5047 2466 5090 ut
2497 5046 2602 5090 tres
2625 5052 2793 5094 annos
2823 5056 3004 5095 eorum
3045 5049 3353 5112 ptenitentia
3381 5062 3468 5104 s:t.

1975 5149 2058 5202 Vl.
2105 5149 2158 5202 in
2187 5165 2391 5203 canone
2449 5150 2888 5208 Neocresariense
2936 5155 3005 5209 ita
3048 5159 3273 5215 habetur
3303 5181 3314 5214 :
3343 5166 3466 5217 Pla-

1899 5240 2010 5293 cuit
2041 5250 2095 5292 ιιι
2119 5242 2163 5292 si
2193 5240 2309 5307 quis
2352 5241 2694 5307 concupiscat
2761 5245 3056 5310 mulierem,
3091 5252 3298 5306 etiamsi
3347 5255 3465 5321 ejus

1901 5333 2328 5400 concupiscentia
2361 5333 2681 5388 desiderium
2715 5336 2904 5390 haheat
2931 5378 2944 5400 ,
2977 5355 3079 5393 non
3120 5352 3295 5397 autem
3342 5347 3470 5399 sub-

1903 5438 2199 5494 seqnuntur
2228 5427 2471 5493 effectus,
2505 5427 2843 5482 manifestum
2874 5441 2958 5484 est
2985 5432 3124 5487 hunc
3172 5434 3332 5491 fuisse
3373 5454 3468 5506 per

1904 5518 2132 5572 divinam
2165 5519 2388 5587 gratiam
2422 5518 2727 5573 libet-alunt.
2762 5519 3125 5577 Ridiculosunt
3153 5536 3234 5580 est
3266 5539 3322 5582 ut
3378 5546 3472 5597 pro

1901 5685 2040 5746 quod
2095 5683 2338 5748 superius
2380 5681 2536 5734 Beda:
2587 5681 2868 5747 vindicavi,
2928 5700 3046 5738 cum
3103 5699 3259 5741 vetns
3316 5690 3472 5744 lectio

1905 5759 2080 5806 minus
2133 5765 2254 5819 apte
2316 5754 2474 5802 feriet
2511 5751 2709 5821 salutis
2766 5755 3129 5821 indulgentior,
3178 5767 3225 5811 et
3285 5762 3473 5813 latroni

1904 5836 2106 5878 cruento
2139 5824 2469 5891 respondente
2498 5819 2714 5876 Domino
2744 5839 2760 5877 .°
2796 5819 2975 5895 Amen,
2999 5839 3103 5882 ctc.
3140 5830 3330 5884 Mam.
