4170 6536
700 421 796 473 ΞΉ

2057 419 2385 474 GRECORII
2427 419 2624 474 ΡΛΡᾸΞ
2667 420 2727 474 ΙΙΙ

3865 435 3964 492 59-2

701 542 842 586 tactu
873 531 954 582 vel
984 527 1167 581 osculo
1194 536 1246 582 et
1270 526 1513 595 amplexu
1555 526 1841 579 mulierum
1903 530 2020 597 quis
2069 530 2286 582 damna-
2316 530 2366 588 Α
2393 531 2521 582 cesti
2555 544 2780 598 namque
2813 531 2945 586 tales
2975 532 3104 590 dicti
3132 548 3274 601 sum,
3304 541 3346 593 si
3379 539 3516 596 mins
3548 557 3666 598 cum
3695 555 3886 612 mam,
3919 552 3961 603 δί

699 637 782 677 tus
824 621 1141 676 inveniatur.

772 714 882 769 VII.
923 717 980 772 Si
1008 713 1122 777 quis
1153 716 1204 768 in
1235 713 1399 768 altare
1433 713 1519 766 ubi
1572 713 1814 782 reliquis:
1869 715 2148 779 habentur,
2198 716 2281 770 vel

700 811 751 861 in
785 809 1072 871 Evangelia
1119 807 1408 876 perjurium
1444 806 1767 870 incurrerit,
1798 806 2088 860 secundum
2141 810 2281 863 anti-

696 915 852 967 quam
876 899 1250 952 difﬁuitiuncm
1278 908 1480 965 septem
1508 911 1676 950 annos
1701 899 1972 965 pmnitcat.
1990 899 2088 966 Qui
2121 902 2278 953 alium

700 993 749 1042 in
779 991 1070 1058 perjurium
1122 990 1452 1057 ignorantem
1501 990 1727 1052 inducit,
1787 999 1840 1043 et
1877 991 1988 1057 ipse
2041 991 2281 1044 similiter

697 1093 900 1151 septem
927 1094 1094 1134 annos
1121 1081 1397 1150 pmnitcat.
1419 1080 1520 1146 Qui
1546 1089 1720 1132 autem
1752 1081 2013 1135 deductus
2028 1087 2109 1134 est
2134 1081 2280 1149 igno-

697 1189 843 1238 rans,
871 1183 926 1227 et
957 1182 1139 1241 postea
1204 1171 1558 1241 recognoscit,
1591 1171 1726 1225 duos
1783 1186 1950 1225 annos
2006 1171 2276 1239 pmoiteat.

697 1269 796 1329 Qui
823 1280 951 1318 vero
978 1269 1287 1333 suspicatur
1317 1262 1456 1331 quod
1511 1264 1561 1316 in
1620 1261 1908 1331 pcrjurium
1967 1262 2276 1326 deducatur,

699 1373 871 1415 tmnen
900 1363 1045 1432 jurat
1086 1376 1180 1430 per
1209 1374 1554 1423 consensum,
1584 1369 1636 1412 et
1691 1357 1807 1425 ipse
1861 1357 2108 1412 similiter
2147 1358 2278 1410 duos

693 1471 863 1509 annos
889 1454 1157 1522 paeniteat.
1188 1453 1244 1508 Si
1272 1455 1390 1522 quis
1415 1463 1635 1508 coactus
1690 1469 1784 1521 pro
1832 1454 2071 1522 qualibet
2124 1454 2277 1519 culpa

695 1561 856 1600 causa
889 1545 1242 1609 necessitatis,
1272 1557 1379 1600 tres
1404 1560 1573 1598 annos
1620 1546 1890 1612 paeniteat.
1919 1544 1975 1597 Si
2005 1543 2124 1613 quis
2151 1559 2280 1599 vero

704 1643 754 1692 in
787 1655 944 1692 manu
977 1639 1238 1708 episcopi,
1271 1638 1351 1691 vel
1377 1637 1698 1706 presbyteri,
1726 1637 1806 1690 vel
1840 1637 1890 1690 in
1914 1652 2071 1690 cruce
2092 1652 2279 1691 conse-

695 1742 866 1795 crata,
891 1733 1184 1786 secundum
1215 1730 1490 1799 antiquam
1525 1730 1902 1784 dil’ﬁnitionem
1952 1739 2062 1784 tres
2110 1744 2280 1784 annos

697 1824 975 1890 pmuiteat.
1028 1820 1325 1874 Ilumanius
1355 1837 1517 1873 unum
1557 1835 1752 1873 annum
1784 1820 2134 1874 dilﬁnierunt.

2388 622 2552 674 frater
2580 637 2698 675 cum
2731 639 2934 690 sorore,
2988 627 3031 680 si
3073 633 3193 696 quis
3242 648 3524 689 novercam
3577 638 3822 703 duxerit,
3872 652 3961 695 aut

2386 725 2690 781 cognatam,
2722 716 2762 767 si
2791 718 2909 785 quis
2938 721 3291 777 consobrinus
3321 728 3715 791 consobrinam,
3758 741 3848 785 aut
3872 747 3955 784 so-

2387 808 2524 860 roris
2556 809 2740 873 ﬁliam,
2773 813 2819 868 si
2862 815 2980 882 quis
3011 815 3213 870 relicta:
3244 821 3493 872 avunculi
3547 821 3834 877 misceatur
3867 835 3960 879 aut

2386 904 2578 967 patrui,
2636 905 2718 958 vel
2755 908 3008 974 privignte
3066 909 3350 963 concubitu
3397 913 3680 982 polluatur,
3733 915 3819 969 vel
3871 920 3958 983 qui

2385 989 2516 1046 duas
2541 1009 2777 1064 sorores,
2812 1009 2902 1051 aut
2933 999 3017 1052 illa
3046 1015 3162 1067 qua:
3191 1001 3325 1057 duos
3357 1003 3566 1058 fratres.
3602 1004 3656 1060 Si
3678 1009 3795 1076 quis
3825 1007 3959 1061 ﬁlius

2384 1098 2506 1137 cum
2541 1099 2708 1141 matre
2741 1100 2844 1142 tam
2875 1093 3139 1146 funestum
3195 1104 3352 1161 atque
3406 1097 3764 1150 necessarium
3798 1099 3958 1170 [Sane

2383 1176 2668 1248 nefarium]
2701 1181 2880 1235 vitium
2915 1189 3317 1252 purpetraverit,
3362 1187 3654 1241 secundum
3685 1191 3952 1257 antiquam

2381 1269 2758 1326 difﬁuitionem
2790 1273 3010 1329 inermis
3039 1277 3343 1346 quindecim
3372 1293 3542 1334 annos
3566 1294 3683 1334 cum
3716 1280 3845 1335 ﬂetu
3905 1293 3958 1338 ct

2373 1353 2521 1406 Ioc-tu
2557 1357 2890 1422 pwnitcntiw
2924 1359 3102 1429 [Fam
3137 1366 3438 1435 ponnteatj.
3472 1378 3527 1421 et
3559 1384 3780 1424 uxorem
3815 1386 3953 1425 nun—

2372 1463 2535 1516 quam
2566 1448 2831 1519 accipiat,
2859 1463 2915 1507 et
2941 1470 3005 1507 ex
3037 1455 3120 1509 Itis
3148 1469 3356 1526 septem
3389 1474 3564 1514 annos
3596 1471 3747 1516 extra
3780 1474 3954 1518 metas

2371 1541 2542 1610 ipsius
2572 1553 2727 1598 terra:
2753 1548 2908 1600 exsul
2940 1547 3064 1614 ﬁat,
3097 1557 3146 1602 et
3180 1567 3284 1604 non
3318 1553 3689 1607 communicet
3721 1557 3824 1608 nisi
3859 1572 3953 1608 ur-

2373 1649 2534 1708 gente
2562 1642 2754 1696 mortis
2783 1644 3050 1712 periculo.
3083 1646 3137 1698 Si
3167 1663 3288 1700 enin
3324 1647 3430 1700 ﬁlia
3459 1658 3512 1701 et
3539 1663 3760 1712 sorore,
3788 1649 3953 1704 simili

2373 1733 2656 1786 sententiae
2676 1749 2736 1786 su
2749 1735 2977 1801 bjaceat.
3001 1737 3054 1788 Si
3075 1751 3196 1789 eum
3221 1748 3377 1806 nepte
3397 1739 3478 1792 vel
3497 1753 3619 1792 cum
3642 1751 3814 1795 matre
3835 1783 3847 1801 ,
3869 1741 3950 1795 vel

2372 1838 2489 1891 qua:
2519 1824 2774 1892 superius
2805 1827 3100 1880 nominatre
3136 1838 3295 1892 sunt,
3331 1833 3635 1886 secundum
3673 1844 3952 1902 paternam

775 1915 906 1968 VIII.
954 1915 1179 1981 Placuit,
1211 1915 1504 1968 secundum
1560 1917 1830 1982 antiquam
1883 1914 2273 1979 diffinitionem,
2311 1896 3076 1978 Bilil'ﬁnitioncm,duoderim
3101 1934 3273 1974 annos
3301 1935 3357 1974 se
3382 1896 3714 1988 pmnitentiie
3738 1924 3955 1990 solidat,

694 2009 737 2059 si
768 2007 887 2074 quis
921 2007 1228 2076 episcopus,
1260 2005 1537 2072 presbyter
1566 2003 1932 2057 autdiaconus
1967 2004 2019 2056 in
2052 2017 2279 2057 consue-

701 2097 940 2150 tudinem
971 2097 1218 2148 habuerit
1245 2095 1430 2146 vitium
1457 2095 1760 2148 ebrietatis:
1795 2101 1886 2146 aut
1913 2094 2160 2158 desinat,
2188 2103 2280 2147 aut

695 2188 1010 2256 deponatur.
1037 2187 1140 2240 Sed
1173 2187 1454 2239 humanius
1503 2180 1852 2252 difﬁnferunt,
1886 2195 1942 2239 ut
1971 2189 2275 2253 episcopus,

700 2280 978 2349 presbyter
999 2289 1097 2332 aut
1127 2279 1385 2332 diaconus
1419 2291 1512 2344 per
1539 2275 1854 2330 ebrietatem
1913 2275 2167 2328 vomitum
2198 2273 2278 2328 fa-

703 2372 929 2434 cientes,
957 2370 1309 2439 quadraginta
1345 2369 1459 2421 dies
1489 2367 1782 2434 pmnitcant
1812 2384 1823 2418 :
1854 2366 2036 2419 clerici
2079 2375 2132 2420 et
2160 2366 2276 2420 laici

696 2463 974 2526 facientes,
1028 2473 1232 2528 septem
1291 2461 1426 2515 dies.
1461 2459 1515 2513 Si
1564 2459 1842 2529 presbyter
1883 2469 1973 2511 aut
2021 2457 2278 2512 diaconus

692 2568 792 2622 pro
823 2554 1154 2616 inﬁrmitate,
1183 2561 1275 2605 aut
1314 2553 1438 2618 quia
1470 2551 1626 2618 longo
1651 2560 1892 2617 tempore
1920 2564 1977 2602 se
2005 2549 2277 2604 abstinue-

696 2654 835 2711 runt,
860 2655 915 2700 et
941 2649 994 2699 in
1018 2644 1410 2699 consuetudine
1441 2659 1546 2696 non
1569 2644 1672 2697 erit
1712 2641 1829 2710 ejus
1859 2644 2084 2694 multum
2129 2656 2278 2694 mau-

692 2741 895 2793 ducare
924 2749 978 2793 et
1014 2738 1221 2802 bibere,
1251 2747 1302 2791 et
1329 2752 1436 2806 pra!
1465 2737 1657 2805 gaudio
1705 2735 1908 2788 Natalis
1939 2735 2144 2788 Domini
2186 2743 2277 2788 aut

693 2831 932 2895 I’aschm,
959 2831 1149 2885 saltem
1183 2845 1278 2899 pro
1302 2829 1529 2898 alicujus
1557 2836 1860 2881 sanctorum
1889 2842 2276 2882 commemora-

697 2927 839 2978 tione
873 2923 973 2977 boc
999 2922 1261 2985 fecerunt,
1297 2931 1352 2974 et
1405 2931 1581 2974 tamen
1639 2920 1759 2988 plus
1799 2934 1902 2971 non
1953 2927 2277 2986 acceperunt

694 3032 852 3086 quam
883 3016 1158 3069 decretum
1190 3023 1273 3068 est
1301 3029 1331 3067 a
1371 3013 1700 3077 senioribus,
1759 3011 1888 3064 nihil
1937 3014 2015 3065 eis
2073 3013 2273 3066 nocuit.

693 3111 918 3166 Prorsus
935 3113 1239 3180 quicunque
1272 3110 1448 3164 taliter
1479 3109 1792 3175 inebriatur,
1823 3120 1881 3164 ut
1905 3119 2097 3163 statum
2127 3125 2276 3164 men—

691 3205 756 3258 tis
786 3214 978 3265 mutct,
1001 3215 1056 3258 et
1086 3205 1267 3273 lingua
1315 3202 1600 3267 balbutiet,
1631 3210 1685 3255 el
1714 3202 1852 3256 oculi
1886 3202 2189 3268 turbentur,
2220 3211 2275 3254 et

690 3299 896 3352 ventris
925 3297 1256 3351 distensione
1300 3293 1453 3349 dolor
1504 3297 1832 3363 insequatur,
1885 3307 1939 3348 et
1972 3305 2098 3348 tunc
2144 3309 2274 3348 evo-

699 3391 890 3441 muerit
922 3387 1301 3442 eucharistiam
1326 3430 1340 3450 ,
1367 3385 1650 3454 cpiscopus
1681 3383 1966 3449 nonaginta
1999 3383 2111 3437 dies
2161 3397 2275 3451 po:-

698 3483 887 3548 nitcat,
925 3480 1204 3549 presbyter
1228 3477 1587 3546 septuaginta,
1616 3475 1874 3528 diaconus
1901 3474 2271 3544 quadraginta,

693 3569 1057 3624 subdiaconus
1085 3570 1295 3637 viginti,
1331 3569 1510 3622 clerici
1544 3575 1598 3621 et
1627 3568 1748 3620 laici
1769 3568 1974 3620 decem.
2015 3567 2078 3618 Et
2114 3569 2156 3619 si
2187 3581 2277 3620 ca-

691 3679 788 3718 nes
814 3663 1222 3716 comedanttale
1258 3661 1539 3726 vomitum,
1573 3669 1786 3714 centum
1813 3660 1926 3713 dies
1958 3663 2269 3726 pmniteant;

696 3756 740 3807 si
791 3769 896 3808 non
928 3769 970 3807 St
989 3753 1125 3818 iunt,
1154 3750 1522 3820 quadraginta.
1574 3751 1630 3805 Si
1679 3752 1963 3804 inﬁrmitas
2013 3751 2062 3803 id
2118 3766 2275 3818 agere

697 3844 1039 3912 compulerit,
1071 3843 1124 3896 in
1179 3843 1385 3896 Domini
1437 3843 1666 3910 pendeat
1711 3841 1953 3895 arbitrio.
2004 3840 2106 3908 Qui
2137 3841 2276 3908 cogit

691 3936 923 4004 aliquem
953 3932 1300 3987 humanitatis
1327 3933 1494 4003 gratia
1523 3941 1579 3985 ut
1627 3931 1947 3996 inebrietur,
1983 3939 2039 3984 ut
2092 3929 2274 3984 ebrius

697 4027 954 4087 pmniteat
980 4040 994 4075 :
1025 4024 1070 4076 si
1101 4038 1194 4092 per
1223 4023 1402 4076 odium
1436 4031 1527 4075 aut
1550 4037 1646 4090 pro
1673 4022 1845 4090 aliqua
1875 4021 2108 4090 nequitia
2140 4061 2154 4086 ,
2184 4018 2275 4088 ju-

695 4117 835 4171 dicio
860 4115 1155 4171 sacerdotis
1186 4113 1463 4184 paeniteat,
1495 4116 1594 4168 hoc
1617 4124 1698 4168 est
1747 4112 2093 4182 quadraginta
2131 4111 2270 4166 dies.

762 4207 853 4263 IX.
886 4207 942 4263 Si
968 4206 1086 4277 quis
1111 4206 1306 4260 furtqu
1332 4204 1560 4274 capitale
1588 4204 1943 4268 commiserit,
1980 4203 2029 4257 id
2061 4214 2142 4256 est
2178 4219 2274 4256 au-

695 4315 840 4362 rum,
873 4307 1177 4367 argenturm,
1207 4295 1600 4365 quadrupedes,
1633 4295 1715 4348 vel
1742 4295 1928 4348 domos
1975 4293 2269 4364 effregerit,

694 4393 741 4445 si
772 4401 943 4461 potest
969 4391 1199 4446 reddere
1226 4389 1368 4457 quod
1392 4390 1584 4458 injuste
1605 4388 1844 4454 abstulit,
1879 4387 2102 4440 multum
2154 4387 2276 4440 bre—

694 4484 854 4538 viavit
884 4483 1254 4552 pmnitentiam
1277 4481 1430 4550 ejus:
1463 4481 1548 4536 sin
1577 4488 1751 4533 autem
1778 4519 1793 4544 ,
1825 4479 2056 4549 quinque
2107 4491 2276 4530 annos

2383 2015 2608 2052 uxorem
2642 2017 2911 2070 nunquam
2939 2004 3186 2070 accipiat,
3211 2012 3263 2057 et
3295 2005 3380 2058 ille
3409 2005 3488 2057 vir
3513 2017 3661 2058 arma
3689 2005 3954 2072 relinquat

2380 2100 2436 2145 et
2483 2093 2631 2144 exsul
2690 2092 2799 2156 ﬁat,
2831 2108 2928 2147 nec
2959 2108 3114 2146 conm
3139 2097 3337 2162 uuicct,
3380 2098 3480 2149 nisi
3513 2097 3820 2151 imminente
3848 2097 3953 2150 diei

2382 2184 2571 2236 mortis
2601 2184 2857 2252 periculo.
2897 2183 2952 2238 Si
2983 2200 3084 2254 qua
3135 2187 3327 2240 mulier
3375 2187 3509 2240 duos
3541 2187 3749 2248 fratres.
3788 2198 3878 2242 aut
3906 2189 3951 2242 si

2381 2274 2498 2340 quis
2528 2274 2606 2325 vir
2632 2273 2766 2326 duas
2797 2288 3007 2328 sorores
3037 2276 3303 2338 habuerit,
3327 2291 3354 2329 a
3383 2277 3754 2331 communione
3784 2277 3949 2331 absti-

2382 2373 2611 2416 neantur
2646 2379 2814 2431 usque
2841 2367 2904 2418 ad
2934 2377 3180 2429 mortem,
3205 2367 3256 2419 in
3290 2377 3511 2421 mortem
3536 2377 3712 2422 autem
3755 2366 3833 2421 eis
3861 2368 3952 2422 dc-

2381 2463 2466 2507 tur
2495 2457 2800 2508 communio
2831 2470 2926 2524 pro
2957 2457 3343 2510 misericordia.
3378 2458 3434 2512 Si
3471 2473 3598 2511 vero
3639 2460 3951 2527 supervixe-

2382 2546 2493 2597 rint
2519 2547 2896 2598 communione
2925 2557 3168 2613 aerepta,
3193 2559 3242 2600 et
3267 2547 3335 2600 de
3356 2547 3658 2602 inﬁrmitate
3673 2549 3956 2602 convalue-

2379 2637 2509 2704 rint,
2544 2648 2704 2706 agant
2739 2637 2944 2704 plenam
2997 2639 3362 2706 ptenitentiam
3399 2647 3637 2705 tempore
3665 2642 3956 2693 constituto

2379 2730 2430 2782 in
2455 2731 2646 2783 eodem
2678 2729 2929 2783 concilio.
2963 2729 3017 2784 Si
3045 2732 3164 2798 quis
3217 2741 3337 2798 post
3381 2731 3580 2783 obitum
3613 2730 3793 2784 uxoris
3844 2745 3954 2782 sua:

2376 2835 2622 2876 sororem
2654 2823 2887 2886 duxerit,
2920 2832 2971 2876 et
2999 2821 3111 2889 ipsa
3135 2822 3292 2875 fuerit
3321 2822 3508 2884 ﬁdelis,
3537 2819 3955 2890 quinquennium

2376 2927 2406 2967 a
2437 2915 2812 2968 communione
2843 2914 3036 2982 placuit
3065 2913 3342 2979 abstineri,
3403 2913 3502 2966 nisi
3554 2914 3688 2965 forte
3730 2911 3843 2964 dari
3876 2926 3958 2981 pa.

2376 3020 2494 3060 cem
2521 3007 2760 3061 velocius
2788 3007 3084 3061 necessitas
3105 3004 3342 3074 coegerit
3392 3004 3733 3059 inﬁrmitatis.

2447 3098 2562 3153 XII.
2610 3100 2824 3153 Delator
2853 3099 3028 3153 dictus
3059 3112 3123 3153 eo
3153 3097 3294 3167 quod
3323 3097 3522 3166 dett-git
3548 3097 3688 3166 quod
3737 3096 3953 3151 latebat.

2377 3191 2432 3244 Si
2463 3193 2582 3258 quis
2607 3191 2814 3244 delator
2840 3189 3105 3243 exstiterit
3142 3189 3314 3242 ﬁdelis
3334 3229 3350 3254 ,
3381 3197 3436 3242 et
3487 3202 3581 3255 per
3635 3187 3954 3242 delationem

2305 3252 2350 3313 C
2381 3252 2498 3351 ejus
2522 3283 2715 3350 aliquis
2749 3282 2903 3336 fuerit
2940 3283 3279 3350 prtescriptus
3321 3252 3848 3354 [iLegaproscriptus]
3873 3281 3956 3334 vel

2377 3372 2713 3437 interfectus,
2741 3373 2939 3441 placuit
2967 3387 3064 3426 nec
3110 3372 3161 3426 in
3195 3373 3353 3426 finem
3384 3373 3657 3441 percipere
3713 3387 3956 3426 commu-

2377 3463 2610 3518 nionem.
2644 3464 2699 3518 Si
2732 3464 2898 3518 levior
2927 3478 3085 3517 causa
3114 3462 3290 3529 fuerit,
3345 3463 3480 3516 intra
3535 3461 3954 3532 quinquennium

2379 3559 2622 3625 accipere
2648 3559 2842 3623 poterit
2867 3557 3319 3611 communionem.
3379 3557 3481 3610 Sed
3539 3557 3616 3610 sic
3670 3554 3956 3609 humanius

2375 3649 2718 3714 deﬁnierunt,
2749 3658 2866 3717 post
2888 3659 2995 3704 tres
3016 3663 3185 3702 annos
3207 3648 3482 3716 percipere
3502 3647 3953 3700 communionem.

2449 3740 2584 3794 XIII.
2626 3739 2818 3794 Falsus
2851 3741 3002 3794 testis
3033 3747 3189 3808 prout
3218 3748 3300 3793 est
3331 3738 3531 3792 crimen
3556 3737 3909 3793 abstinebitur
3940 3757 3953 3791 :

2377 3833 2419 3886 si
2455 3842 2632 3885 tamen
2667 3847 2770 3885 non
2803 3830 2962 3885 fuerit
2988 3832 3210 3884 mortale
3237 3831 3376 3898 quod
3407 3825 3612 3896 objicit.
3652 3837 3706 3882 et
3733 3829 3958 3897 probare

2377 3924 2672 3992 nequiverit
2700 3923 2900 3978 crimen
2925 3923 3065 3992 quod
3089 3923 3325 3991 impegit,
3352 3921 3549 3975 biennii
3575 3930 3812 3990 tempore
3833 3923 3957 3976 abs-

2378 4017 2635 4071 tinebitur
2667 4034 2677 4068 :
2709 4017 2754 4070 si
2785 4025 2962 4069 autem
3017 4016 3347 4085 probaverit,
3373 4024 3639 4069 convento
3665 4013 3808 4068 clero
3839 4011 3956 4084 pla-

2375 4109 2483 4165 cuit
2509 4125 2603 4178 per
2627 4108 3049 4177 quinquennium
3073 4107 3354 4160 abstineri.

2447 4199 2586 4252 XIV.
2628 4199 2683 4254 Si
2707 4199 2825 4267 quis
2848 4199 3175 4267 episcopum,
3206 4197 3287 4251 vel
3319 4197 3810 4267 presbyterum,vel
3836 4197 3953 4252 dia-

2375 4305 2568 4346 conum
2598 4288 2744 4344 falsis
2765 4288 3078 4343 criminibus
3100 4288 3403 4358 appetierit,
3435 4299 3489 4342 et
3515 4290 3737 4358 probare
3769 4290 3953 4357 nequi-

2377 4388 2545 4450 verit,
2599 4400 2696 4440 nec
2725 4384 2776 4439 in
2808 4386 2967 4440 ﬁnem
2992 4383 3219 4439 dandam
3266 4385 3345 4441 eis
3379 4399 3500 4440 esse
3523 4382 3955 4442 communionem

2375 4489 2704 4532 censuimus.

699 4575 973 4642 paeniteat.
1003 4573 1158 4642 Quod
1191 4573 1236 4628 si
1266 4588 1412 4641 saepe
1430 4572 1563 4626 illud
1611 4570 1820 4634 fecerit,
1844 4579 2047 4638 septem
2100 4583 2270 4623 annos
2307 4599 2354 4659 ο
2453 4566 2571 4621 XV.
2611 4566 2800 4620 Odium
2830 4579 2931 4635 pax
2959 4563 3126 4634 pellit.
3169 4562 3478 4659 Quicunque
3533 4563 3746 4659 fratrem
3793 4576 3952 4618 suum

703 4671 980 4738 poeniteat.
1021 4667 1317 4723 Ilumanius
1337 4676 1449 4722 tres
1471 4679 1640 4719 annos
1667 4665 2018 4718 difﬁnierunt.
2055 4663 2110 4718 Si
2142 4679 2271 4732 puer

702 4761 932 4830 amplius
957 4761 1140 4816 decem
1167 4773 1430 4813 annorum
1457 4757 1642 4810 fecerit
1672 4755 1892 4823 furtum,
1922 4753 2272 4823 quadraginta

692 4855 775 4907 vel
806 4851 990 4920 viginti
1019 4851 1133 4906 dies
1163 4851 1436 4919 paniteat,
1481 4858 1638 4917 prout
1676 4857 1807 4901 aetas
1838 4856 1920 4900 est
1963 4857 2016 4899 et
2047 4846 2274 4914 qualitas

700 4941 1036 4995 eruditionis.
1067 4941 1173 4995 Pro
1204 4940 1414 4994 modico
1444 4938 1605 5000 furto,
1638 4936 1821 5005 viginti
1852 4935 1967 4991 dies
1990 4935 2264 5006 paeniteat.

702 5034 841 5086 Puer
861 5034 1049 5087 decem
1077 5047 1360 5099 annorum,
1385 5030 1581 5101 aliquid
1613 5029 1739 5084 furti
1771 5029 1974 5084 faciens
2007 5070 2023 5098 ,
2062 5041 2269 5100 septem

697 5125 809 5179 dies
841 5127 1115 5192 poeniteat.

775 5213 840 5266 Χ.
885 5212 1162 5266 Prohiberi
1195 5210 1389 5281 placuit
1422 5219 1480 5265 ut
1505 5225 1625 5265 cum
1675 5209 1912 5265 rationes
1962 5223 2088 5264 suas
2135 5211 2276 5265 acci-

702 5303 852 5369 piunt
884 5316 1245 5370 possessores,
1275 5301 1529 5371 quidquid
1561 5301 1627 5355 ad
1655 5301 1854 5355 idolum
1900 5301 2079 5354 datum
2119 5302 2277 5358 fuerit

704 5411 926 5468 accepto
955 5414 1060 5454 non
1087 5399 1256 5452 ferant
1285 5416 1297 5450 :
1327 5397 1370 5452 si
1393 5407 1518 5466 post
1544 5395 1879 5451 interdictum
1900 5397 2138 5462 fecerint,
2181 5412 2276 5465 per

697 5492 1047 5562 quinquennii
1072 5493 1239 5562 spatia
1268 5501 1566 5561 temporum
1592 5505 1623 5543 a
1649 5490 2024 5545 communione
2045 5505 2164 5546 esse
2187 5506 2276 5545 ar-

703 5585 919 5638 rendos.

773 5672 862 5726 XI.
904 5670 1095 5726 Incesti
1118 5671 1368 5726 dicuntur
1387 5673 1476 5742 qui
1509 5673 1722 5742 proprie
1755 5673 1994 5726 illicitam
2017 5673 2276 5727 commix—

703 5774 903 5818 tmnem
933 5774 1259 5831 perpetrant.
1297 5765 1480 5822 Vocati
1511 5767 1703 5821 incesti
1734 5769 1883 5836 quasi
1941 5767 2150 5821 incasti.
2206 5767 2274 5821 lu-

2381 4657 2575 4719 oderit.
2597 4670 2820 4712 necesse
2845 4666 2926 4711 est
2947 4657 2996 4711 ei
3019 4666 3075 4711 ut
3107 4654 3500 4711 reconcilietur.
3534 4654 3755 4711 Sciatse
3783 4671 3954 4712 unus-

2379 4747 2620 4819 quisque,
2671 4747 2906 4817 quandiu
2952 4747 3004 4801 in
3053 4747 3216 4802 corde
3252 4748 3481 4801 tenuerit
3524 4746 3726 4814 odium,
3771 4749 3954 4804 tandiu

2379 4842 2434 4896 in
2463 4855 2599 4909 pane
2630 4849 2684 4894 et
2713 4855 2846 4908 aqua
2879 4840 3211 4908 pmnitentia:
3248 4839 3424 4894 subdi.
3458 4840 3589 4907 Quia
3610 4840 3655 4892 si
3678 4839 3831 4894 homo
3861 4841 3956 4895 ho-

2381 4933 2505 4985 mini
2533 4941 2698 4986 servat
2735 4915 2892 4994 iram,
2918 4947 2949 4984 α
2977 4929 3082 4984 Deo
3105 4947 3206 4983 non
3233 4940 3392 5001 potest
3434 4946 3658 5000 quamn
3703 4932 3955 4986 medelam

2382 5023 2571 5095 (Ecch’.
2597 5040 2792 5088 xxvm,
2819 5025 2874 5093 5)
2903 5041 2917 5089 ;
2942 5023 3155 5078 dicente
3188 5024 3412 5078 Domino
3438 5041 3449 5075 :
3485 5022 3697 5094 Diligitc
3724 5024 3958 5079 inimicos

2381 5131 2592 5184 vestros,
2624 5119 2903 5188 benefacite
2931 5118 3009 5170 Itis
3035 5117 3122 5185 qui
3141 5117 3358 5172 oderunt
3385 5133 3472 5171 vos
3495 5115 3647 5187 (Luc.
3679 5116 3775 5187 vt).

2458 5208 2598 5263 XVI.
2649 5218 2676 5247 ι
2714 5210 2958 5278 Augures
2995 5207 3243 5263 dicuntur
3288 5211 3376 5278 qui
3433 5207 3485 5262 in
3531 5209 3731 5261 volatus
3777 5207 3956 5263 avium

2383 5305 2466 5360 vel
2516 5319 2676 5360 voces
2707 5304 3010 5360 intendunt.
3041 5303 3240 5358 I‘Iarioli
3269 5311 3394 5358 sunt
3417 5303 3507 5374 qui
3536 5305 3676 5359 circa
3703 5317 3822 5357 aras
3849 5304 3958 5358 ido-

2385 5398 2555 5453 lorum
2581 5395 2904 5452 sacriﬁcant.
2934 5395 3178 5464 Auspicia
3208 5403 3334 5450 sunt
3384 5409 3503 5464 qua:
3555 5395 3624 5449 ab
3662 5393 3958 5449 itineranti-

2384 5491 2483 5546 bus
2504 5490 2875 5546 observantur.
2908 5488 2964 5545 Si
2995 5490 3116 5559 quis
3145 5489 3389 5558 auguria,
3449 5487 3704 5557 auspicia,
3752 5488 3959 5543 divina-

2385 5581 2576 5647 tiones,
2627 5581 2712 5636 vel
2741 5581 2832 5650 qui
2860 5591 3039 5635 votum
3069 5581 3280 5635 voverit
3316 5589 3509 5648 praeter
3535 5578 3838 5644 ecclesiam,
3873 5582 3958 5636 vel

2383 5677 2470 5744 qui
2494 5675 2852 5729 divinationes
2881 5674 3085 5728 faciunt
3107 5673 3157 5726 in
3190 5672 3635 5728 incantationibus
3655 5674 3787 5736 suis,
3815 5674 3958 5740 quod

2384 5766 2602 5820 omnino
2633 5763 2952 5819 diabolicum
2980 5773 3087 5827 est,
3121 5771 3228 5816 tres
3276 5776 3446 5817 annos
3477 5765 3793 5832 pteniteant.
3855 5761 3961 5816 IIu-

775 5886 798 5912 ι
841 5874 999 5940 Beda,
1031 5877 1096 5932 de
1124 5875 1391 5934 Remediis
1427 5887 1794 5947 peccatorum,
1854 5880 1934 5933 tit.
1987 5880 2053 5935 de
2102 5878 2372 5948 Auguriis.
2408 5879 2725 5948 Burchard.,
2758 5879 2851 5935 lib.
2876 5894 2906 5933 ι
2931 5919 2946 5944 ,
2978 5892 3094 5947 cap.
3123 5878 3176 5932 9.
3210 5875 3378 5930 Ilsno.
