4170 6536
219 430 324 485 Si);

1065 428 1152 482 DE
1194 425 1327 482 DIV.
1370 422 1758 481 CRIMINIBUS
1798 423 1885 478 ET
1927 424 2246 483 IIEIIEDIIS
2288 428 2539 485 EORUII.

3368 434 3473 487 5M

218 545 458 608 manius,
486 544 618 598 duos
651 544 733 599 vel
765 555 948 605 unum,
975 548 1066 595 aut
1092 538 1537 606 dimidiumjuxta
1568 535 1794 605 qualita-
1823 535 1877 593 Α
1902 549 2022 589 cere
2042 538 2235 602 sciunt,
2269 549 2478 606 oportet
2510 549 2567 594 ut
2596 540 2891 595 emendare
2922 541 3195 605 festinent,
3226 542 3473 599 videlicet

217 647 329 688 tem
363 634 716 701 peccantium.

293 724 462 779 XVII.
502 725 557 778 Si
588 738 691 792 qua
716 723 905 777 mulier
932 720 1295 783 fornicaverit,
1321 729 1373 771 et
1412 717 1667 771 infantem
1708 730 1799 769 oc-

216 816 417 871 ciderit
464 816 554 882 qui
608 814 804 869 exinde
855 812 1018 867 fuerit
1067 819 1324 873 natus,et
1369 823 1489 877 qua
1535 806 1800 861 studuerit

215 909 469 960 abortum
496 906 691 966 facere.
726 914 782 958 et
810 904 950 972 quod
980 909 1297 969 conceptum
1341 909 1425 953 est
1454 911 1665 959 necare,
1706 906 1799 949 aut

217 1010 370 1053 certe
401 1008 459 1053 ut
484 1014 587 1053 non
616 998 891 1065 concipiat
915 996 1212 1059 elaborare,
1239 994 1351 1047 sive
1396 1008 1459 1047 ex
1512 990 1794 1055 adulterio,

216 1091 341 1143 sive
389 1104 456 1143 ex
510 1089 745 1158 legitimo
800 1088 1081 1155 conjugio;
1124 1086 1220 1139 bas
1271 1085 1403 1139 tales
1463 1084 1713 1137 mulieres
1744 1080 1795 1134 in

220 1189 400 1234 morte
428 1181 671 1249 recipere
700 1180 1129 1234 communionem
1158 1178 1366 1245 priores
1415 1190 1648 1231 canones
1696 1174 1793 1228 de-

215 1280 554 1325 creverunt:
589 1285 685 1325 nos
717 1280 889 1325 tamen
940 1284 1034 1340 pro
1083 1267 1451 1324 misericordia
1510 1268 1623 1321 sive
1667 1265 1798 1319 tales

212 1365 497 1430 inutiliores,
542 1364 655 1418 sive
697 1363 938 1418 conscias
991 1364 1256 1418 scelerum
1308 1363 1560 1429 ipsarum,
1609 1359 1795 1412 decem

216 1470 395 1509 annos
425 1470 584 1525 agere
612 1456 977 1524 penitentiam
1001 1455 1322 1524 judicamus.
1351 1452 1408 1507 Si
1437 1452 1628 1506 mulier
1670 1465 1797 1519 pau-

214 1547 435 1615 percula
460 1546 715 1601 occiderit
736 1546 899 1599 lilium
923 1552 1130 1605 suum',
1150 1543 1200 1595 in
1224 1556 1432 1596 canone
1467 1550 1669 1609 septem
1700 1556 1799 1593 an-

217 1653 321 1691 uos
351 1638 486 1691 dicit
513 1636 885 1705 pmnitentiam
910 1635 1047 1705 ejus.
1080 1634 1270 1690 Mulier
1298 1647 1415 1701 quae
1463 1632 1695 1699 concipit
1744 1641 1798 1685 et

216 1730 418 1783 occidit
446 1730 612 1783 filium
640 1739 731 1783 aut
779 1730 939 1782 tiliam
974 1730 1025 1782 in
1077 1736 1229 1781 utero
1283 1736 1405 1779 ante
1450 1724 1794 1793 quadraginta

215 1823 353 1885 dies,
391 1822 657 1876 homicida
685 1823 959 1890 paeniteat.
987 1820 1040 1877 Si
1074 1835 1167 1887 per
1194 1819 1403 1885 culpam
1454 1818 1571 1872 sine
1624 1817 1792 1884 bapti-

1901 628 2279 694 quinquaginta
2310 629 2425 683 dies
2470 634 2784 697 pmniteant,
2824 634 3043 701 insuper
3081 643 3136 687 et
3159 635 3468 689 verberibus

1901 720 2198 775 afficiantur
2224 740 2236 775 :
2263 723 2383 790 quia
2416 737 2637 778 necesse
2663 736 2753 780 est
2789 735 2847 780 ut
2872 742 3025 796 seges
3055 741 3174 796 qua:
3197 727 3335 782 male
3357 730 3472 796 pul-

1902 809 2029 863 lula’t
2061 825 2354 867 resecetur.

1971 903 2131 956 XXII.
2160 906 2213 959 Si
2236 910 2352 972 quis
2373 916 2552 962 autem
2576 916 2694 973 post
2709 909 3021 963 vicesimum
3047 924 3243 963 annum
3268 908 3472 963 habens

1899 1011 2120 1049 uxorem
2150 995 2202 1049 in
2232 997 2329 1050 hoc
2359 998 2650 1053 foedissimo
2671 999 2799 1052 vitio
2828 1002 3125 1065 corruerit;
3151 1002 3195 1055 si
3222 1016 3342 1055 cum
3371 1000 3469 1054 bu-

1898 1085 2039 1149 cula,
2073 1084 2260 1139 decem
2310 1101 2478 1142 annos
2526 1089 2805 1157 patuiteat,
2851 1101 2904 1144 et
2936 1089 3017 1143 lac
3063 1090 3177 1158 ejus
3206 1105 3306 1144 nec
3341 1104 3472 1144 caro

1905 1174 2270 1241 manducetur,
2293 1175 2385 1229 sed
2416 1179 2637 1232 canibus
2666 1178 2924 1233 tradatur.
2955 1179 3089 1232 Cum
3113 1180 3323 1234 cmteris
3346 1193 3473 1235 vero

1899 1266 2215 1322 animalibus
2238 1266 2533 1323 secundum
2564 1268 2931 1325 humaniorem
2963 1268 3356 1335 difﬁnitionem,
3378 1272 3476 1339 ju-

1899 1360 2077 1414 niores
2104 1369 2291 1415 aetates
2335 1358 2621 1425 minusque
2666 1375 2889 1429 capaces
2919 1372 3125 1431 septem
3155 1376 3324 1415 annos
3356 1377 3471 1429 pa:-

1900 1452 2125 1516 niteant,
2166 1460 2255 1504 aut
2275 1461 2404 1513 tres,
2436 1460 2526 1503 aut
2558 1465 2742 1504 unum.

1968 1543 2155 1597 XXIII.
2182 1544 2208 1579 ά
2234 1545 2488 1599 Maleficia
2518 1543 2766 1598 dicuntur
2793 1560 2912 1612 qua:
2941 1546 3223 1602 malefacte
3251 1547 3331 1601 vel
3356 1561 3474 1601 cre-

1897 1633 2008 1689 dite
2038 1646 2282 1689 auctores
2314 1649 2439 1689 suos
2469 1637 2795 1697 excruciant.
2820 1646 2875 1690 et
2906 1636 2969 1690 ad
3002 1637 3106 1690 ima
3134 1638 3471 1706 demergunt,

1897 1723 2001 1776 nisi
2042 1724 2407 1789 pomituerint.
2454 1725 2511 1778 Si
2557 1728 2675 1791 quis
2707 1725 2980 1779 maleficus
3011 1734 3103 1778 aut
3144 1726 3380 1778 malclica
3414 1726 3474 1777 Ii-

1899 1811 2027 1864 lium
2072 1826 2226 1865 suum
2270 1821 2362 1864 aut
2392 1812 2556 1865 filiam
2606 1826 2767 1882 supra
2814 1822 3010 1867 tectum
3037 1826 3123 1867 aut
3160 1818 3213 1868 in
3260 1814 3478 1870 fornace

214 1930 359 1975 snio,
389 1926 497 1969 tres
527 1930 696 1969 annos
728 1916 982 1984 poeniteat
1007 1931 1017 1963 :
1051 1912 1165 1965 sine
1195 1911 1370 1976 culpa,
1427 1920 1534 1962 tres
1563 1910 1797 1977 quadra-
1830 1886 1878 1945 Β
1908 1918 2003 1971 pro
2044 1903 2273 1956 sanitate
2303 1902 2529 1956 febrium
2575 1904 2831 1971 posuerit,
2862 1903 2949 1957 vel
2991 1905 3202 1972 quando
3230 1906 3350 1958 luna
3379 1906 3479 1957 ob-

215 2005 471 2072 gesimas.
510 2004 614 2057 Illa:
648 2018 877 2071 namque
904 2018 1022 2070 quae
1054 2001 1282 2054 infantes
1312 2013 1437 2054 suos
1490 2002 1795 2068 opprimunt

218 2095 575 2162 negligenter,
607 2102 665 2146 ut
695 2094 974 2146 homicidae
1002 2091 1297 2161 poeniteant
1326 2108 1337 2142 :
1371 2091 1453 2144 sin
1510 2089 1685 2153 aliter,
1744 2091 1797 2144 in

215 2184 424 2251 judicio
452 2186 679 2251 pendeat
709 2187 1028 2239 sacerdotis.

289 2274 475 2329 XVIII.
519 2276 576 2329 Si
598 2278 717 2345 quis
743 2277 999 2344 virginem
1026 2278 1347 2343 corruperit,
1377 2288 1477 2328 nec
1516 2287 1633 2327 eam
1657 2281 1799 2342 post-

217 2382 278 2420 ea
331 2368 435 2421 sibi
492 2382 712 2421 uxorem
740 2366 1027 2434 acceperit,
1060 2378 1151 2420 aut
1189 2368 1240 2421 in
1271 2380 1521 2435 sponsam
1576 2366 1799 2418 alterius

223 2460 332 2513 tale
364 2459 570 2511 facinus
598 2458 960 2522 attentaverit,
989 2460 1279 2512 secundum
1298 2459 1571 2526 antiquam
1592 2456 1797 2510 diffini-

220 2552 421 2605 tionem
447 2552 678 2619 quinque
709 2565 877 2605 annos
936 2551 1212 2618 paeniteat.
1274 2551 1567 2605 Ilumanius
1616 2558 1795 2604 autem

226 2654 337 2700 tres
369 2657 541 2696 annos
562 2642 915 2696 dilfiuierunt.
946 2642 971 2680 ι’
999 2644 1057 2697 Si
1082 2643 1201 2713 quis
1230 2658 1439 2711 spons:e
1462 2644 1682 2697 alterius
1704 2643 1800 2697 ho-

223 2735 387 2787 minis
415 2744 437 2771 ε
472 2737 641 2788 sorori
670 2736 785 2803 ejus
818 2734 1038 2787 forsitan
1064 2734 1325 2799 intulerit,
1354 2734 1509 2801 eique
1530 2733 1801 2788 inlueserit

222 2833 476 2890 tanquam
521 2841 651 2890 suae,
680 2835 735 2879 et
783 2825 885 2879 sibi
935 2824 1289 2891 expetendam
1343 2840 1402 2879 se
1448 2825 1797 2892 copulaverit,

223 2915 358 2968 hanc
385 2925 564 2968 autem
588 2917 865 2982 deceptam
894 2923 1073 2982 postea
1097 2928 1316 2968 uxorem
1337 2914 1800 2984 duxeritdespon-

219 3016 392 3059 satam
429 3024 441 3058 :
472 3008 557 3059 illa
588 3022 718 3061 vero
773 3022 893 3076 quae
941 3006 1127 3060 vitium
1160 3021 1309 3075 passa
1340 3017 1443 3070 est,
1476 3009 1520 3062 si
1574 3008 1798 3062 forsitan

224 3115 409 3155 necem
449 3101 548 3155 sibi
597 3099 856 3162 intulerit,
885 3114 1071 3153 omnes
1099 3098 1152 3152 hi
1181 3100 1267 3165 qui
1302 3098 1457 3166 hujus
1490 3098 1615 3153 facti
1670 3115 1802 3154 con-

1896 2005 2163 2057 scuratur,
2194 1993 2277 2046 vel
2318 1992 2644 2046 clamoribus
2694 1994 2829 2060 suis,
2860 1994 2947 2047 vel
2992 1994 3273 2047 maleﬁciis
3310 1995 3475 2048 sacri-

1901 2083 2023 2153 lego
2053 2100 2151 2136 usu
2184 2098 2242 2137 se
2282 2083 2560 2138 defensare
2598 2096 2755 2150 posse
2784 2084 3076 2147 c0ulidttnt,
3111 2084 3191 2137 vel
3220 2094 3277 2137 ut
3304 2084 3467 2137 frater

1902 2171 2073 2243 [ἔνθα.
2107 2172 2295 2243 fertur]
2325 2173 2376 2227 in
2420 2173 2624 2226 honore
2652 2172 2800 2227 Jovis
2830 2174 2913 2227 vel
2945 2173 3055 2227 lleli
3083 2183 3174 2227 aut
3200 2174 3340 2238 Jaui,
3384 2190 3473 2229 se-

1898 2264 2127 2317 cundum
2172 2278 2432 2333 paganam
2487 2264 2952 2331 consuetudinem,
3012 2263 3275 2318 honorare
3325 2280 3468 2332 pra:-

1900 2358 2209 2426 sumpserit,
2244 2357 2443 2426 placuit
2483 2356 2777 2411 secundum
2821 2360 3091 2424 antiquam
3132 2357 3468 2410 constitutio-

1910 2464 2025 2501 nem
2054 2463 2145 2501 sex
2182 2462 2349 2501 annos
2373 2438 2691 2516 preniieant.
2733 2445 3025 2500 Ilumanius
3052 2456 3160 2501 tres
3201 2460 3365 2501 annos
3382 2446 3476 2515 ju-

1902 2538 2235 2593 dicaverunt.

1972 2630 2159 2683 XXIV.
2193 2630 2248 2684 Si
2279 2631 2399 2701 quis
2430 2646 2523 2700 per
2552 2631 3004 2700 impugnationem
3037 2630 3231 2685 mentis
3262 2630 3465 2685 violen-

1902 2731 1983 2776 ter
2040 2722 2406 2790 coinquinatns
2454 2732 2569 2787 est,
2618 2735 2822 2790 septem
2873 2724 2986 2777 dies
3042 2724 3325 2791 pmniteat,
3381 2725 3465 2777 vel

1900 2830 2177 2885 quousque
2203 2816 2451 2883 cogitatio
2497 2813 2761 2867 vincatur.
2795 2814 2894 2879 Qui
2942 2812 2996 2867 in
3046 2814 3250 2867 somnis
3281 2813 3468 2866 volun-

1903 2916 2011 2961 tate
2042 2907 2271 2975 pollutus
2314 2912 2417 2971 est,
2452 2914 2634 2975 surgat
2671 2914 2957 2973 cantetque
2998 2919 3168 2973 genua
3201 2904 3465 2958 flectendo

1900 3007 2102 3067 septem
2138 2998 2367 3067 psalmos
2391 2996 2817 3071 ptenitentiales,
2852 2996 2904 3050 id
2943 3008 3025 3051 est
3048 2995 3285 3065 Domine,
3322 3015 3387 3052 ne
3414 3000 3468 3051 in

1900 3090 2098 3157 furore,
2146 3098 2199 3143 et
2253 3098 2516 3151 cmteros;
2565 3096 2621 3141 et
2662 3090 2713 3140 in
2764 3101 2921 3142 mane
2970 3088 3181 3155 triginta
3234 3088 3469 3157 psalmos

221 3191 339 3252 scii,
371 3190 556 3243 decem
582 3203 753 3243 annos
781 3190 1076 3257 paeniteant
1101 3188 1389 3243 secundum
1416 3203 1681 3243 canonum
1716 3193 1797 3244 in-
1822 3229 1873 3293 ο
1899 3188 2094 3234 camel-
2132 3179 2328 3232 VOICHS
2354 3188 2531 3231 θυιθιυ
2572 3178 2623 3231 in
2656 3178 2859 3231 σοιηιιῖδ
2888 3191 3129 3246 Ρθεεθτθ.
3160 3179 3204 3232 εί
3234 3178 3467 3248 Ροιιυιιιδ

276 3282 308 3293 .ᾉ
358 3282 390 3293 ᾗ.
714 3280 728 3293 ι
961 3280 1012 3293 ιιι
1174 3288 1185 3293 ,
1588 3280 1679 3293 ..ρει
1724 3280 1736 3291 η
1910 3272 1971 3293 ,ξι
2006 3272 2119 3293 -2---
2160 3270 2427 3293 -.ΑΙ.--ιιιιι.ι
2507 3268 2781 3293 Α..Α.ΙΛΑΣ-..
2830 3269 3061 3293 ....,-Ι-..,ι-
3098 3278 3270 3293 Α--.ιςι
3346 3269 3445 3293 Ι)--

221 3282 556 3336 stitntionem
588 3297 600 3331 :
635 3280 729 3336 sed
778 3280 1017 3335 nonnulli
1071 3288 1278 3349 septem
1349 3293 1516 3334 annos
1569 3280 1795 3336 diffinie-

220 3382 367 3426 runt.

294 3463 439 3517 XIX.
467 3463 546 3518 De
574 3464 657 3517 his
680 3463 767 3532 qui
798 3463 848 3517 in
877 3462 1312 3533 praevaricatione
1337 3463 1650 3533 rebaptizati
1680 3465 1796 3519 sine

224 3556 401 3622 aliqua
435 3556 771 3619 necessitate,
819 3556 1012 3622 placuit
1043 3566 1097 3607 ut
1142 3556 1283 3608 circa
1332 3571 1425 3608 eos
1473 3556 1561 3609 illa
1603 3556 1799 3610 Nicazni

226 3645 413 3698 slatuii
440 3654 736 3707 serventur,
762 3646 814 3699 id
840 3652 923 3699 est
952 3653 1009 3699 ut
1050 3656 1253 3713 septem
1284 3661 1453 3698 annos
1486 3647 1622 3699 inter
1643 3659 1799 3700 cate-

224 3735 542 3798 chumenos,
565 3744 620 3790 et
640 3737 772 3789 duos
798 3737 934 3790 inter
954 3737 1136 3800 laicos,
1154 3747 1206 3789 et
1227 3746 1406 3804 postea
1432 3738 1798 3794 moderatione

227 3835 278 3878 et
323 3826 604 3880 clementia
655 3826 896 3882 fidelibus
950 3827 1003 3881 in
1059 3825 1331 3883 oblatione
1368 3835 1421 3884 et
1472 3828 1796 3886 eucharistia

224 3916 645 3971 communicent.

300 4004 418 4059 XX.
459 4004 517 4060 Si
544 4007 663 4073 quis
689 4004 918 4061 clericus
942 4016 1032 4061 aut
1063 4007 1230 4061 laicus
1255 4007 1306 4060 in
1335 4006 1688 4061 demoliendis
1709 4022 1796 4063 se-

227 4096 425 4163 pulcris
456 4096 823 4164 deprehensus
852 4097 1028 4163 fuerit,
1051 4099 1173 4167 quia
1209 4095 1418 4151 facinus
1445 4098 1547 4153 boc
1575 4116 1672 4169 pro
1701 4117 1789 4155 sa-

220 4189 446 4257 crilegio
469 4188 674 4257 legibus
697 4188 923 4257 publicis
958 4188 1305 4258 sanguineum
1331 4188 1547 4253 dicitur,
1578 4199 1795 4259 oportet

220 4279 273 4330 iu
308 4276 398 4329 tali
442 4281 646 4330 scelere
675 4277 939 4345 proditum
970 4291 1001 4329 a
1044 4276 1326 4332 clericatus
1364 4277 1551 4334 ordine
1579 4279 1794 4336 submo-

218 4369 355 4430 veri,
381 4377 435 4422 et
466 4367 795 4436 paenitentia
821 4369 1048 4423 triennio
1072 4368 1339 4434 deputari.

293 4460 437 4515 XXI.
495 4461 551 4515 Si
607 4462 725 4529 quis
788 4460 1067 4515 ordinatus
1116 4462 1168 4515 in
1214 4462 1421 4517 scelere
1474 4464 1794 4520 sodomitieo

1907 3272 1977 3327 sit
2004 3272 2122 3326 sine
2160 3270 2452 3335 voluntate,
2503 3268 2784 3323 duodecim
2830 3269 3065 3338 psalmos
3095 3278 3295 3324 cantet.
3343 3269 3472 3324 I’ec-

1903 3379 2031 3418 cans
2094 3378 2197 3417 nou
2255 3362 2489 3431 pollutus
2544 3360 2801 3416 tredecim
2866 3360 3104 3430 psalmos
3158 3369 3355 3415 cantet.
3414 3361 3471 3415 In

1902 3468 2091 3510 somno
2142 3466 2387 3523 peccans,
2432 3453 2480 3506 si
2520 3466 2583 3505 ex
2627 3451 2951 3520 cogitatiOne
2991 3451 3242 3519 pollutus,
3286 3451 3470 3520 viginti

1900 3547 2034 3600 duos
2065 3546 2294 3613 psalmos
2324 3553 2504 3598 cantet
2535 3561 2548 3595 :
2574 3543 2617 3598 si
2648 3542 2701 3596 in
2732 3556 2922 3596 somno
2953 3557 3179 3611 peceans
3219 3542 3336 3596 sine
3375 3557 3469 3596 eo-

1898 3636 2173 3706 gitatione,
2215 3635 2499 3690 duodecim
2541 3634 2774 3704 psalmos
2814 3643 3015 3689 cantet.
3058 3635 3117 3689 Si
3173 3649 3359 3690 semen
3391 3636 3476 3689 fn-

1899 3730 2038 3784 derit
2074 3732 2125 3782 iu
2170 3730 2394 3784 ecclesia
2444 3729 2739 3794 dormiens,
2788 3739 2969 3785 cantet
3000 3729 3341 3799 Psalterium,
3386 3734 3467 3786 vel

1899 3830 2009 3875 tres
2051 3822 2165 3874 dies
2196 3822 2561 3890 pmuiteatzsi
2611 3821 2911 3875 voluntarie
2958 3836 3139 3877 semen
3184 3822 3380 3877 fuderit
3423 3825 3474 3877 in

1902 3911 2125 3967 ecclesia
2151 3911 2287 3964 mala
2317 3910 2658 3979 cogitatione,
2684 3912 2727 3964 si
2770 3912 2997 3967 clericus
3028 3921 3111 3966 est
3132 3913 3465 3980 quatuorde-

1896 4001 1999 4056 cim
2029 4001 2164 4067 dies,
2196 4002 2451 4056 diaconus
2492 4001 2679 4072 viginti
2720 4003 2879 4065 duos,
2922 4003 3199 4073 presbyter
3240 4005 3470 4073 quadra-

1896 4094 2067 4162 ginta,
2098 4090 2382 4161 episcopus
2411 4089 2810 4161 quinquaginta.
2855 4090 2959 4145 Sed
2988 4100 3073 4145 est
3103 4093 3155 4146 in
3184 4092 3370 4147 eadem
3403 4094 3464 4146 il-

1896 4184 2101 4239 lusione
2143 4185 2297 4237 valde
2340 4178 2641 4236 necessaria
2692 4179 2965 4246 discretio,
3023 4195 3146 4249 qua:
3192 4181 3463 4236 subtiliter

1896 4276 2107 4347 pensari
2126 4274 2317 4329 debeat
2342 4290 2357 4327 :
2380 4288 2445 4328 ex
2474 4288 2576 4342 qua
2605 4287 2664 4327 re
2688 4272 2880 4327 accidit
2918 4272 3081 4327 menti
3116 4271 3457 4338 dormienti<,

1899 4371 2182 4442 aliquando
2210 4385 2277 4425 ex
2320 4368 2559 4437 crapula,
2595 4366 2879 4436 aliquando
2914 4380 2983 4421 ex
3030 4376 3233 4419 natura:
3275 4380 3467 4435 super-

1897 4462 2120 4523 ﬂuitate,
2150 4457 2431 4529 aliquando
2459 4473 2525 4513 ex
2577 4458 2912 4523 necessitate,
2963 4456 3245 4525 aliquando
3288 4472 3351 4512 es
3385 4457 3467 4510 in-

223 4560 603 4628 eoinquinatus
630 4558 811 4625 fuerit,
835 4558 977 4627 quod
1009 4558 1062 4612 in
1089 4566 1293 4613 tantum
1322 4572 1501 4613 coram
1531 4559 1634 4614 Deo
1658 4560 1787 4616 abo-
1818 4565 1871 4624 D
1898 4557 2167 4613 firmitate.
2197 4551 2351 4607 Omni
2391 4551 2549 4605 modo
2592 4551 2706 4603 haec
2742 4549 2917 4603 illusio
2955 4563 3061 4601 non
3091 4555 3176 4602 est
3205 4547 3461 4611 timenda.

218 4650 479 4704 minabile
514 4649 833 4704 describitur
880 4648 1086 4714 vitium,
1122 4660 1179 4703 ut
1225 4652 1386 4704 etiam
1429 4650 1548 4718 igne
1591 4659 1647 4706 et
1682 4652 1792 4705 sul—

217 4744 390 4812 phure
409 4741 720 4795 earumdem
745 4739 986 4796 civitates
1013 4740 1255 4809 legantur
1278 4741 1571 4805 subversae,
1603 4741 1790 4797 decem

219 4847 393 4887 annos
420 4832 718 4886 secundum
747 4832 1019 4901 antiquam
1045 4832 1481 4897 constitutionem
1512 4834 1787 4901 proniteat.

218 4925 448 4989 Quidam
505 4923 786 4977 humanius
832 4931 1034 4992 septem
1090 4937 1257 4978 annos
1310 4923 1663 4979 diffinierunt.
1710 4925 1788 4980 llli

222 5026 401 5070 autem
453 5016 543 5084 qui
584 5016 832 5069 nesciunt
878 5017 985 5069 vim
1039 5015 1195 5081 hujus
1240 5014 1439 5085 flagitii,
1475 5026 1583 5071 tres
1622 5032 1790 5073 annos

223 5109 568 5177 praefuerunt
591 5117 647 5162 ut
672 5108 987 5177 preniteant.
1018 5106 1175 5183 Pueri
1204 5122 1333 5163 vero
1359 5107 1449 5178 qui
1484 5108 1613 5163 illud
1641 5123 1791 5165 exer-

289 5301 317 5329 ι
348 5288 635 5342 Turbatam
661 5286 746 5340 hic
769 5287 1049 5341 lectionem
1072 5293 1226 5338 sanat
1249 5284 1620 5340 Pmnitentiale
1651 5300 1782 5341 ano-

222 5361 388 5431 nymi.
421 5360 613 5431 ausu.
635 5386 705 5397 --
737 5357 870 5413 Vide
915 5356 1019 5412 hoc
1068 5357 1263 5411 f’uenit.
1315 5356 1452 5410 inter
1477 5354 1532 5409 S.
1570 5356 1788 5426 Egberti

220 5428 401 5500 opera.
440 5428 593 5500 Eutr.

290 5501 316 5536 ι)
368 5499 575 5553 Vitiata:
602 5495 726 5552 huic
756 5496 969 5551 lectioni
998 5495 1202 5551 medela
1250 5494 1467 5548 affertur
1509 5508 1573 5549 ex
1622 5510 1783 5552 cana-

220 5586 283 5624 ne
318 5571 390 5623 24
422 5569 716 5637 Ancyrensi
749 5567 1062 5631 lsidoriano,
1086 5566 1237 5634 cujus
1270 5564 1383 5618 liter.
1410 5575 1532 5619 sunt
1579 5568 1738 5619 verba
1770 5586 1781 5619 :

220 5642 411 5708 Siquis
440 5654 681 5703 sponsam
712 5637 898 5708 Italicus
950 5639 1116 5689 sorori
1168 5638 1279 5706 ejus
1332 5640 1503 5708 forsan
1552 5637 1785 5691 intulerit

219 5704 533 5771 violentiam,
564 5710 710 5779 eique
734 5706 985 5760 inhmerit
1016 5704 1253 5779 uman
1280 5722 1414 5767 sum;
1466 5704 1567 5779 huc
1586 5718 1782 5779 Joutrm

218 5784 441 5846 (recepta,
468 5776 647 5843 postco
669 5793 875 5831 uxorem
902 5778 1100 5830 dulrcrit
1129 5778 1484 5841 dispansam»:
1510 5790 1526 5837 ,'
1558 5776 1646 5826 illo
1671 5794 1781 5829 rem

218 5868 322 5918 τμιιε
354 5853 527 5903 vitium
561 5864 713 5918 passa
736 5859 827 5914 est,
854 5860 953 5903 etc.
1000 5850 1264 5903 Cononem
1314 5848 1511 5913 accepit
1573 5846 1775 5914 Grego-

1894 4652 2013 4723 quia
2053 4652 2191 4703 hanc
2222 4647 2431 4701 animus
2459 4644 2703 4698 nesciens
2733 4644 2967 4711 pertulit.

1968 4741 2134 4798 XXV.
2164 4739 2255 4794 Vir
2284 4738 2349 4793 ad
2375 4735 2655 4791 mulierem
2684 4743 2959 4789 menstruo
2986 4742 3227 4803 tempore
3249 4747 3355 4787 non
3384 4747 3469 4786 ac-

1894 4834 2085 4891 cedat:
2120 4831 2254 4901 quod
2307 4828 2351 4884 si
2376 4828 2583 4891 fecerit,
2615 4826 2969 4897 quadraginta
3017 4826 3131 4881 dies
3182 4826 3460 4895 peniteat.

1896 4925 2141 4981 Mulieres
2182 4928 2459 4975 menstruo
2511 4928 2753 4987 tempore
2799 4918 2854 4972 in
2904 4918 3187 4972 ecclesiam
3235 4932 3340 4971 non
3382 4918 3462 4971 in-

1898 5028 2077 5083 trent;
2106 5016 2244 5087 quod
2275 5016 2320 5070 si
2368 5013 2822 5083 praesumpserint,
2868 5022 2929 5067 ut
2957 5022 3064 5066 tres
3105 5011 3463 5065 hebdomadas

1900 5111 2208 5183 poeniteant,
2257 5106 2499 5163 nonnulli
2544 5105 2726 5161 Patres
2776 5104 2851 5159 ita
2881 5103 3224 5159 definierunt.
3265 5102 3323 5158 Si
3363 5118 3467 5173 qua

2934 5238 2941 5263 i

1895 5291 2004 5346 rius
2034 5306 2097 5345 ex
2126 5284 2482 5344 Pmnitentiali
2513 5283 2653 5353 quod
2689 5297 2786 5353 ego
2813 5282 2973 5338 Beda:
3022 5279 3248 5353 asserui,
3275 5279 3328 5334 in
3358 5293 3465 5353 quo

1892 5377 2009 5416 cum
2036 5359 2191 5413 verba
2223 5358 2308 5411 illa
2343 5374 2355 5409 :
2388 5357 2482 5407 hac
2506 5352 2676 5407 autem
2723 5352 2935 5421 decepta
2992 5352 3248 5405 mendose
3289 5352 3467 5416 expri-

1890 5441 2099 5484 mantur
2124 5431 2253 5481 hanc
2281 5436 2448 5479 autem
2475 5427 2755 5490 deceptam,
2780 5425 2952 5491 ipsum
2985 5421 3187 5490 pariter
3212 5426 3461 5475 mendum

1889 5500 2175 5570 Gregorius
2199 5497 2428 5570 retinuit.
2455 5496 2642 5570 Manst.

1964 5559 2115 5624 c"Sic
2143 5578 2226 5622 est
2252 5570 2302 5620 in
2334 5568 2511 5632 priore
2540 5565 2778 5617 editione
2826 5562 3008 5631 Regia,
3062 5570 3115 5614 et
3146 5560 3197 5612 in
3227 5559 3463 5632 Lalibea-

1891 5657 1975 5694 na.
2007 5642 2165 5694 Forte
2198 5630 2495 5703 legendum,
2529 5646 2574 5689 et
2602 5636 2765 5688 sorori
2832 5630 2942 5703 ejus
2996 5644 3225 5700 stuprum
3273 5630 3460 5681 intule-

1894 5714 1981 5773 rit,
2018 5719 2128 5763 etc.
2161 5710 2327 5761 Hann.

1967 5782 1989 5818 ιι
2031 5782 2155 5834 Vide
2191 5776 2480 5842 Bureliai'd,
2516 5776 2607 5830 lib.
2639 5791 2689 5841 ι,
2717 5788 2831 5843 cap.
2865 5773 2949 5827 II.
