4170 6536
715 409 820 463 595

1468 408 1526 465 S.
1568 404 1896 463 οιικουιιιι
1944 402 2144 460 ΡΜ)Ᾰί
2183 398 2250 455 lll
2294 400 2380 453 Dli
2420 400 2555 454 DlV.
2602 399 3011 466 (lllllllNlBUS,
3060 399 3207 457 E'I‘C.

3880 398 3982 454 590

715 524 906 578 mulier
936 526 1325 579 consuetudine
1368 533 1640 577 menstrua
1688 524 1904 592 patitur,
1939 517 2209 589 prohibeti
2244 515 2294 567 in
2324 515 2375 574 Α
2403 513 2629 578 venerit,
2655 514 2958 567 nullatenus
2989 513 3342 567 manducetur
3376 530 3385 564 :
3422 525 3519 567 nec
3544 511 3855 581 sanguinem
3887 515 3983 567 ali-

713 613 998 669 ecclesiam
1028 616 1228 669 intrare
1269 630 1376 669 non
1406 616 1586 677 debet,
1630 614 1751 683 quia
1785 622 1990 667 natura:
2015 608 2300 676 superflui-

714 715 795 757 tas
836 706 882 759 ei
911 706 962 758 in
1003 709 1156 774 culpa
1208 720 1315 761 non
1349 706 1487 760 valet
1532 706 1794 775 reputari,
1824 715 1879 759 et
1903 718 1997 772 per
2034 703 2138 757 hoc
2158 701 2298 770 quod

716 799 878 853 invita
912 800 1127 866 patitur,
1155 799 1359 869 justum
1401 813 1508 853 non
1538 810 1623 854 est
1655 806 1714 852 ut
1750 800 1818 851 ab
1849 798 2091 865 ingressu
2125 795 2299 851 eccle-

713 890 807 942 siae
859 889 1117 957 privetur.
1169 890 1427 943 Novimus
1476 904 1705 958 namque
1751 888 1892 957 quod
1947 888 2143 941 mulier
2180 901 2300 953 qua:

715 978 912 1033 tlttxum
960 980 1261 1049 patiebatur
1304 982 1600 1050 sanguinis,
1653 988 1775 1048 post
1824 987 2032 1047 tergum
2088 977 2295 1031 Domini

716 1070 994 1124 humiliter
1017 1070 1265 1135 veniens,
1293 1070 1602 1126 vestimenti
1644 1069 1763 1139 ejus
1806 1067 2072 1122 fimbriam
2104 1068 2294 1136 tetigit,

714 1170 875 1228 atque
895 1160 962 1215 ab
991 1174 1054 1214 ea
1083 1160 1264 1214 statim
1302 1175 1394 1214 sua
1425 1160 1709 1214 inlimtitas
1734 1157 1981 1214 recessit.
2010 1158 2064 1214 Si
2095 1172 2222 1225 ergo
2244 1157 2295 1209 itt

711 1250 865 1304 fluxu
913 1251 1190 1321 sanguinis
1244 1252 1417 1318 posita
1466 1250 1806 1305 laudabiliter
1870 1251 2043 1320 potuit
2088 1247 2297 1301 Domini

712 1341 1028 1396 vestimenta
1063 1354 1298 1412 tangere,
1331 1357 1426 1397 cur
1458 1358 1581 1411 qua:
1623 1351 1895 1396 menstrua
1928 1340 2128 1409 patitur
2170 1353 2298 1391 san-

714 1436 908 1503 guine,
962 1435 1009 1490 ei
1042 1450 1144 1489 non
1182 1435 1339 1490 liceat
1387 1436 1598 1491 Domini
1628 1435 1911 1490 ecclesiam
1955 1432 2199 1487 intrare?
2242 1433 2299 1487 Si

714 1530 874 1599 igitur
902 1529 1038 1584 bene
1067 1532 1409 1600 prmsumpsit
1435 1544 1555 1600 qua:
1582 1529 1961 1583 vestimentum
2007 1524 2213 1579 Domini
2245 1526 2297 1577 in

712 1624 965 1692 languore
995 1623 1164 1690 posita
1198 1624 1387 1690 tetigit,
1424 1621 1566 1690 quod
1598 1622 1689 1674 uni
1716 1636 1780 1674 ex
1815 1633 2042 1687 persona
2066 1618 2299 1672 infirmi-

714 1715 842 1767 tatis
861 1714 1195 1780 conceditur,
1226 1728 1322 1768 cur
1343 1729 1449 1768 non
1471 1712 1802 1768 concedatur
1823 1712 2032 1767 cunctis
2054 1712 2299 1765 mulieri-

710 1804 812 1859 bus
833 1822 952 1874 qua:
968 1814 1173 1860 natura:
1188 1821 1298 1861 sua:
1314 1806 1444 1861 vitio
1475 1806 1855 1860 infirmantur?
1878 1805 2087 1860 Sancta:
2118 1813 2294 1857 autem

2408 603 2559 674 enjus
2606 605 2790 659 bestia:
2819 604 2938 673 quis
2970 604 3294 657 manducare
3323 613 3413 656 aut
3459 602 3640 657 bibere
3676 616 3979 669 praesumat.

2405 695 2557 762 Quod
2586 696 2628 749 si
2659 698 2778 763 quis
2804 696 3015 759 fecerit,
3047 693 3403 765 quadraginta
3433 692 3548 748 dies
3577 692 3849 761 pinnitt-at.

2478 787 2647 841 XXX.
2707 788 2762 841 Si
2793 790 2914 856 quis
2956 796 3133 840 autem
3174 802 3268 854 per
3299 789 3655 841 temeritatem
3697 786 3981 854 baptizavit

2406 893 2511 931 non
2564 878 2843 931 ordinatus
2866 917 2882 942 ,
2931 877 3270 947 abjiciendus
3302 887 3388 931 est
3426 885 3477 931 et
3514 877 3582 930 ab
3614 878 3847 933 Ecclesia
3872 918 3886 941 ,
3930 890 3983 932 et

2405 983 2674 1037 nunquam
2707 968 2983 1021 ordinatus
3012 969 3099 1022 sit.
3134 967 3189 1022 Si
3223 965 3342 1036 quis
3373 968 3743 1036 pmnitentiam
3777 969 3857 1019 Vel
3890 969 3981 1020 ba-

2405 1062 2655 1129 ptismum
2681 1061 2954 1129 negaverit
2985 1061 3271 1127 episcopus
3300 1068 3356 1114 et
3380 1061 3691 1130 presbyter,
3737 1074 3860 1115 reus
3879 1062 3977 1114 erit

2404 1152 2739 1213 animarum,
2787 1149 3000 1204 dicente
3031 1151 3256 1205 Domino
3291 1168 3301 1201 :
3339 1147 3404 1203 In
3433 1166 3735 1219 quacunque
3762 1152 3843 1203 die
3870 1167 3981 1220 pec-

2404 1250 2548 1294 catur
2597 1255 2869 1293 conversus
2920 1242 3113 1308 fuerit,
3186 1242 3286 1293 vita
3326 1241 3450 1293 vit'ct
3498 1252 3541 1294 et
3593 1258 3694 1294 non
3741 1241 3981 1293 morietur

2405 1329 2623 1399 (Eaeclt.
2651 1332 2768 1399 55).
2793 1330 3198 1385 Confessionem
3238 1345 3389 1384 suam
3420 1333 3705 1400 unicuique
3730 1333 3825 1386 soli
3851 1332 3978 1395 Deo,

2408 1424 2451 1475 si
2485 1436 2707 1475 necesse
2733 1432 2849 1485 est,
2883 1424 3008 1477 licet
3035 1422 3229 1477 facere.
3266 1421 3321 1477 Si
3360 1426 3479 1491 quis
3533 1423 3983 1477 abrenuntiaverit

2404 1512 2625 1575 sweulo,
2655 1522 2711 1565 et
2736 1521 2920 1580 postea
2948 1528 3202 1567 reversus
3231 1513 3392 1568 fuerit
3417 1514 3467 1568 itt
3492 1514 3801 1568 smcularem
3832 1514 3980 1566 babi-

2407 1613 2548 1668 tum,
2596 1603 2887 1657 secundum
2918 1606 3191 1671 antiquam
3237 1606 3611 1660 dil'Iinitionetn
3643 1616 3850 1674 septem
3890 1622 3983 1658 at:-

2406 1710 2504 1748 nos
2543 1696 2823 1763 ptenitcat.
2876 1696 2930 1750 Si
2962 1696 3081 1763 quis
3118 1697 3504 1764 contempserit
3542 1695 3798 1750 indictum
3844 1696 3984 1764 jeju-

2407 1792 2551 1844 nium
2602 1801 2788 1845 contra
2839 1790 3057 1847 decreta
3109 1791 3424 1858 seniorum,
3480 1793 3825 1862 quadraginta
3868 1793 3983 1845 dies

711 1900 1107 1953 communionis
1138 1904 1449 1969 mysterium
1476 1902 1528 1952 in
1558 1900 1767 1952 eisdem
1792 1900 1983 1952 diebus
2016 1900 2298 1965 percipere
2330 1869 2373 1929 Β
2407 1889 2660 1954 Nullum
2689 1904 2702 1939 ε
2736 1886 2781 1939 Si
2842 1900 2975 1940 νθΐο
3025 1885 3077 1940 in
3134 1885 3539 1956 quadragesima
3594 1885 3694 1939 Ιιοο
3747 1884 3939 1939 “ﬁeri!
3960 1922 3977 1946 ν

710 2005 817 2042 non
874 1992 1067 2044 debent
1131 1991 1418 2058 prohiberi.
1482 1990 1537 2045 Si
1585 1999 1761 2045 autem
1810 2005 1873 2045 ex
1958 1990 2301 2044 veneratione

709 2096 899 2149 magna
932 2082 1178 2151 accipere
1210 2096 1315 2136 non
1340 2083 1616 2151 praesumit
1635 2128 1649 2149 ,
1679 2081 1946 2136 laudanda
1973 2091 2087 2145 est;
2132 2082 2225 2135 scd
2255 2080 2299 2135 si

708 2174 1029 2240 susceperit,
1062 2188 1168 2227 non
1198 2172 1558 2240 dijudicanda.
1595 2175 1866 2228 Menstrua
1894 2175 2036 2228 enim
2065 2188 2299 2227 consue-

712 2262 839 2314 tndu
872 2262 1187 2315 mulieribus
1216 2277 1321 2317 non
1350 2264 1526 2333 aliqua
1558 2263 1711 2331 culpa
1741 2271 1856 2327 est,
1890 2263 2142 2317 videlicet
2171 2264 2295 2331 quia

713 2352 1028 2407 naturaliter
1058 2353 1273 2407 accidit.

782 2464 973 2520 XXVI.
1014 2467 1114 2532 Qui
1139 2467 1377 2522 immolat
1400 2467 1735 2522 dtcmonihus
1757 2469 1809 2522 in
1838 2468 2077 2524 minimis
2096 2470 2295 2535 eattsis,

715 2558 766 2610 id
798 2568 880 2611 est
906 2559 972 2611 ad
1007 2561 1203 2625 fontes,
1235 2560 1316 2615 vel
1345 2562 1411 2615 ad
1442 2563 1688 2626 arbores,
1714 2576 1876 2614 unum
1904 2576 2101 2614 annum
2128 2563 2298 2630 pmni.

714 2660 844 2707 teat.
876 2651 977 2717 Qtti
1025 2652 1076 2706 in
1106 2653 1369 2708 machinis
1398 2653 1737 2709 daemonibus
1777 2654 2169 2719 itnmolaverit,
2213 2670 2300 2710 se-

713 2743 945 2796 cundum
979 2745 1297 2797 canonicam
1329 2744 1722 2799 institutionem
1750 2746 1937 2799 decem
1980 2759 2150 2798 annos
2180 2761 2295 2813 pm-

715 2833 904 2886 nitcat.
937 2833 1041 2888 Sed
1073 2834 1356 2887 humanius
1386 2843 1596 2903 septem
1628 2848 1800 2888 annos
1825 2833 2184 2889 diffinierunt.
2234 2836 2301 2890 Ut

712 2925 968 2987 arbitror,
1015 2923 1295 2980 dtemoniis
1354 2925 1406 2979 in
1462 2924 1725 2979 machinis
1753 2926 2034 2981 immolare
2070 2935 2152 2980 est
2190 2928 2301 2982 suis

714 3012 1037 3079 turpissimis
1086 3014 1559 3084 imaginationibus
1613 3016 1863 3081 credere,
1903 3018 1988 3070 vel
2040 3032 2160 3070 cum
2206 3033 2303 3086 per

710 3104 970 3171 quasdam
1001 3121 1134 3174 quas
1169 3115 1481 3160 sanctorum
1504 3116 1682 3162 sortes
1709 3107 1845 3162 falso
1867 3118 2061 3162 vocant
2092 3108 2302 3163 divina-

716 3196 876 3249 tionis
916 3196 1197 3250 scientiam
1234 3198 1552 3266 proIitcntnr
1575 3241 1589 3264 ,
1634 3198 1750 3253 sive
1782 3200 1834 3253 in
1866 3203 2297 3269 prmcantationi-
2322 3225 2372 3289 ο

714 3285 849 3349 bus,
882 3287 997 3341 sive
1027 3286 1079 3339 in
1112 3288 1533 3355 characterihus,
1570 3290 1653 3344 vel
1686 3290 1739 3343 in
1767 3291 2176 3361 quibuscunque
2215 3309 2298 3346 re-

714 3372 815 3429 bus
845 3376 1235 3444 saspendendis
1265 3388 1423 3446 atque
1452 3378 1684 3449 Iigandis
1705 3420 1721 3443 ,
1750 3381 1801 3433 in
1824 3382 2025 3450 quibus
2052 3383 2303 3437 omnibus

712 3480 801 3520 ars
837 3466 1142 3521 daemonum
1170 3483 1240 3522 ex
1271 3471 1498 3534 quadam
1530 3470 1781 3538 pestifera
1822 3472 2084 3528 societate
2132 3472 2304 3527 homi-

717 3574 843 3615 num
887 3568 942 3614 et
978 3563 1291 3629 angelorum
1346 3563 1610 3618 tnalorum
1648 3576 1860 3618 exorta.
1906 3564 2057 3619 Unde
2086 3566 2302 3621 vitanda

716 3654 844 3700 sunt
864 3662 893 3700 a
919 3646 1263 3713 Christianis,
1294 3658 1348 3702 et
1377 3649 1522 3703 omni
1553 3652 1772 3720 penitus
1802 3652 2178 3707 exsecratione
2212 3669 2302 3708 re-

719 3740 987 3808 pudianda
1014 3751 1174 3810 atque
1195 3742 1526 3798 damnanda.

788 3848 999 3905 XXVII.
1038 3850 1094 3906 Si
1131 3852 1251 3919 quis
1293 3851 1464 3907 Iidelis
1494 3852 1657 3907 homo
1686 3853 1890 3909 habens
1922 3868 2145 3909 uxorem
2176 3869 2297 3909 cum

720 3944 901 4000 Judma
942 3946 1022 3999 vel
1053 3945 1237 4016 gentili
1285 3946 1447 4000 fuerit
1492 3952 1823 4013 mceebatus,
1871 3951 2304 4003 acommunione

719 4045 985 4092 arceatur.
1032 4038 1182 4103 Quod
1221 4038 1265 4090 si
1291 4052 1413 4091 eum
1456 4038 1593 4092 alius
1630 4038 1930 4103 detexerit,
1981 4048 2102 4108 post
2146 4039 2305 4106 quin-

722 4136 1040 4206 quennium,
1069 4146 1185 4190 acta
1214 4136 1447 4205 legitima
1493 4136 1814 4206 paenitentia
1836 4175 1852 4202 ,
1883 4135 2084 4205 poterit
2115 4134 2298 4189 Domi-

720 4234 856 4283 nicze
884 4228 1077 4282 sociari
1106 4228 1496 4283 communioni.

793 4336 1027 4391 XXVIII.
1070 4345 1094 4370 ιι
1129 4337 1185 4392 Si
1231 4336 1350 4405 quis
1398 4335 1802 4401 eucharistiam,
1861 4336 1915 4389 id
1960 4346 2046 4390 est
2097 4336 2304 4390 sacriﬁ-

718 4432 885 4495 cium,
929 4446 1090 4484 causa
1136 4432 1477 4499 negligentiae
1530 4432 1857 4499 perdiderit,
1891 4448 2055 4485 unum
2101 4449 2299 4486 annum

717 4524 801 4577 vel
830 4534 939 4576 tres
968 4517 1407 4591 quadragesimas
1431 4523 1707 4589 poeniteat.
1740 4522 1892 4587 Quod
1932 4524 1978 4577 si
2010 4525 2061 4575 in
2097 4533 2296 4577 terram

718 4628 877 4667 eausa
910 4613 1245 4681 negligentia:
1290 4611 1580 4676 ceciderit,
1630 4611 2014 4681 quinquaginta
2062 4613 2305 4681 psalmos

719 4714 917 4758 cantet.
951 4706 1052 4770 Qui
1086 4704 1302 4772 negligit
1335 4703 1683 4765 sacriﬁcium,
1718 4705 1788 4757 ita
1813 4714 1872 4757 ut
1901 4718 2119 4758 vermes
2149 4704 2199 4756 in
2241 4719 2307 4757 eo

724 4794 1093 4858 inveniantur,
1144 4803 1237 4847 aut
1286 4797 1521 4847 colorem
1577 4808 1938 4862 saporemque
1982 4794 2305 4862 perdiderit,

724 4886 933 4951 triginta
960 4885 1039 4938 vel
1067 4885 1251 4954 viginti
1282 4884 1397 4939 dies
1428 4886 1708 4953 ptenituat,
1737 4887 1869 4941 etin
1897 4888 2078 4957 ignem
2109 4901 2307 4941 accen-

719 4980 894 5030 datur.
949 4977 1048 5044 Qui
1082 4978 1497 5032 l'unditcalicent
1538 4978 1593 5032 in
1625 4977 1789 5032 tinem
1832 4980 2013 5034 missa:
2050 4978 2310 5034 so'etuui—

727 5072 879 5133 lotis,
924 5072 1268 5138 quadraginta
1319 5071 1436 5125 dies
1493 5073 1777 5141 pceniteat.
1824 5073 1881 5126 Si
1921 5088 2085 5142 super
2140 5074 2309 5128 altare

722 5161 1003 5212 stillaverit
1031 5161 1169 5213 calix
1188 5199 1203 5223 ,
1245 5161 1460 5214 sorbeat
1490 5160 1735 5215 minister
1762 5161 1965 5215 stillam
1989 5202 2004 5224 ,
2056 5170 2110 5215 et
2136 5165 2308 5216 tribus

720 5252 909 5303 diebus
943 5251 1236 5319 poeniteat,
1286 5261 1339 5305 ct
1370 5252 1681 5305 linteamina
1723 5268 1841 5321 quae
1885 5251 2121 5321 tetigerit
2162 5254 2306 5307 stilla

726 5360 819 5411 per
849 5356 955 5395 tres
982 5343 1268 5397 abluantur
1300 5348 1441 5397 vices
1461 5383 1475 5407 ,
1517 5346 1686 5398 calice
1710 5346 2077 5413 subterposito
2103 5387 2117 5409 ,
2169 5361 2304 5413 aqua

724 5436 1009 5487 ablutionis
1040 5436 1090 5487 in
1120 5436 1295 5503 ignem
1331 5436 1662 5505 projiciatur.

793 5545 983 5600 XXIX.
1044 5548 1369 5601 SulTocatntn
1415 5550 1646 5605 dicimus
1688 5550 1829 5619 quod
1870 5551 1988 5604 sine
2031 5550 2305 5619 sanguinis

724 5640 989 5690 ιιῐιιςὶυιιυ
1016 5641 1315 5707 perimitur,
1353 5645 1435 5694 vel
1468 5643 1611 5712 quod
1644 5643 1697 5695 in
1731 5642 1921 5708 laqueo
1952 5653 2194 5695 necatur.
2247 5640 2305 5694 Si

722 5734 843 5796 quis
877 5746 902 5779 a
937 5732 1057 5797 lupo
1088 5733 1165 5783 \el
1194 5748 1221 5783 a
1267 5746 1397 5786 eune
1428 5746 1514 5786 aut
1556 5737 1605 5786 itt
1654 5734 1842 5801 laqueo
1870 5732 2186 5786 sull'ocatunt
2218 5732 2298 5784 Ill-

812 5850 817 5860 ‘
852 5844 982 5896 lutet
1019 5845 1256 5911 tiapttula
1282 5845 1548 5901 'Iltcodott
1577 5845 2097 5916 (.atituat'.,t.;qo.17.
2127 5846 2300 5899 Ilum.

2405 1992 2604 2031 annum
2657 1979 2944 2047 integrum.
3003 1977 3060 2031 Si
3107 1974 3225 2046 quis
3276 1977 3657 2045 contempserit
3713 1974 3981 2029 Nicaenutn

2403 2068 2689 2123 concilium
2716 2106 2731 2133 ,
2778 2077 2833 2121 et
2878 2067 3065 2122 fecerit
3114 2068 3309 2136 pascha
3363 2082 3483 2122 cum
3533 2066 3730 2121 Judteis
3776 2066 3982 2120 decima

2402 2170 2590 2231 quarta
2640 2161 2799 2226 luna,
2845 2157 3295 2213 exterminabitur
3338 2158 3408 2211 ab
3456 2157 3601 2212 omni
3653 2157 3883 2211 Ecclesia
3928 2158 3979 2210 in

2403 2261 2632 2304 mortem
2668 2265 2858 2314 suam,
2911 2250 3010 2303 nisi
3042 2250 3410 2316 paenitentiam
3452 2249 3641 2318 egerit.
3696 2248 3750 2304 Si
3781 2250 3900 2317 quis
3929 2249 3980 2302 in

2403 2340 2491 2394 die
2537 2339 2816 2394 Dominieo
2870 2354 2965 2408 per
3006 2339 3382 2407 negligentiam
3402 2338 3757 2408 jejunaverit,
3804 2348 3964 2391 totum

2406 2430 2798 2487 hebdomadam
2850 2430 3125 2485 abstinere
3169 2430 3351 2484 debet.
3394 2430 3450 2485 Si
3495 2431 3626 2484 illud
3671 2432 3979 2495 iteraverit,

2404 2522 2753 2591 quadraginta
2800 2522 2915 2576 dies
2956 2524 3238 2590 paeniteat.
3290 2521 3349 2577 Si
3382 2536 3484 2591 qua
3524 2522 3719 2576 mulier
3744 2537 3865 2576 cum
3907 2522 3983 2574 al-

2406 2626 2519 2667 tera
2571 2614 2772 2667 coitum
2833 2613 3055 2677 fecerit,
3099 2623 3328 2681 quatuor
3375 2612 3818 2683 quadragesitnas
3865 2628 3981 2682 po:-

2405 2705 2590 2757 niteat.
2642 2701 2835 2757 Molles
2867 2718 3031 2756 unum
3060 2716 3262 2756 annum
3310 2706 3627 2771 pozniteant.
3678 2703 3734 2758 Si
3760 2703 3878 2771 quis
3903 2708 3983 2756 vir

2403 2809 2526 2848 eum
2558 2808 2724 2849 uxore
2771 2807 2867 2848 sua
2900 2803 3045 2849 retro
3087 2793 3346 2862 nupserit,
3393 2794 3759 2864 corripiendus
3804 2804 3887 2848 est
3914 2809 3980 2848 te

2405 2888 2599 2951 faciat,
2642 2896 2697 2941 et
2737 2888 2790 2940 in
2819 2886 2998 2956 seipso
3039 2887 3316 2956 pteniteat.
3366 2885 3423 2942 Si
3471 2901 3573 2956 qua
3618 2887 3813 2941 mulier
3855 2896 3981 2940 ante

2406 2977 2667 3033 mundum
2705 2978 3019 3047 sanguinem
3059 2977 3344 3032 ecclesiam
3385 2976 3696 3042 intraverit,
3727 2977 3851 3047 quia
3883 2991 3981 3031 nec

2407 3072 2459 3124 in
2490 3084 2588 3123 usu
2622 3069 2851 3123 habetur
2874 3109 2890 3136 ,
2942 3068 3295 3138 quadraginta
3344 3069 3462 3125 dies
3492 3069 3764 3137 pwniteat.
3810 3069 3867 3125 Si
3902 3070 3984 3125 his

2409 3160 2743 3228 temporibus
2797 3160 3082 3229 nupserit,
3150 3160 3337 3229 viginti
3384 3160 3501 3215 dies
3554 3161 3824 3228 pceniteat.
3879 3161 3982 3226 Qui

2405 3251 2648 3321 nupserit
2672 3251 2760 3304 die
2782 3250 3082 3315 Dominico,
3116 3258 3260 3320 petat
3281 3265 3311 3305 a
3344 3250 3454 3305 Deo
3485 3251 3890 3321 indulgentiam,
3926 3260 3985 3305 ct

2406 3359 2569 3397 unum
2596 3342 2678 3399 vel
2711 3355 2819 3398 tres
2850 3343 2967 3397 dies
2999 3344 3276 3412 pmniteat.
3330 3344 3432 3411 Qui
3460 3358 3620 3398 causa
3646 3343 3860 3398 invidia:
3884 3344 3981 3398 de-

2407 3437 2571 3492 trahit
2594 3435 2814 3491 fratrem
2838 3450 3017 3499 suum,
3046 3436 3127 3490 vel
3152 3435 3382 3490 libenter
3412 3435 3560 3489 audit
3587 3434 3980 3497 detrahentem,

2405 3537 2613 3596 septem
2654 3526 2769 3581 dies
2807 3527 3085 3594 pteniteat.
3135 3524 3193 3579 Si
3240 3524 3362 3594 quis
3406 3526 3631 3581 clericus
3669 3527 3982 3579 venationes

2405 3616 2741 3682 exercuerit,
2782 3632 2948 3671 unum
2980 3632 3178 3682 annum
3210 3616 3499 3686 pteniteat,
3529 3615 3784 3672 diaconus
3812 3616 3946 3670 duos
3967 3659 3981 3679 ,

2407 3710 2691 3780 presbyter
2725 3719 2859 3764 tres.
2903 3709 2959 3764 Si
2984 3710 3104 3778 quis
3134 3724 3229 3778 per
3255 3709 3387 3764 iram
3428 3709 3594 3764 alium
3625 3711 3982 3778 percusserit,

2407 3817 2499 3862 aut
2525 3805 2914 3872 debilitavcrit,
2944 3804 3296 3875 quadraginta
3334 3804 3450 3859 dies
3476 3804 3750 3875 pmniteat.
3778 3802 3836 3858 Si
3866 3803 3985 3872 quis

2408 3914 2588 3955 aream
2617 3908 2709 3952 aut
2736 3897 2962 3951 domum
2989 3897 3361 3965 cujuscunque
3388 3895 3692 3950 voluntarie
3720 3895 3839 3964 igne
3868 3908 3981 3949 cre«

2409 3989 2671 4052 rnaverit,
2713 3988 3012 4044 secundum
3054 3988 3330 4055 antiquam
3352 3986 3728 4042 difﬁnitionetn
3763 3996 3871 4041 tres
3892 4001 3987 4041 an-

2408 4100 2508 4141 nos
2534 4082 2813 4153 ptnnitcat.
2866 4080 2925 4135 Si
2952 4080 3076 4150 quis
3104 4080 3397 4149 cujuslibet
3426 4079 3658 4134 hominis
3684 4078 3985 4134 voluntarie

2410 4178 2709 4234 membrum
2741 4175 3104 4239 truncaverit,
3140 4184 3255 4230 tres
3278 4187 3451 4229 annos
3481 4174 3732 4243 paeniteat
3759 4190 3773 4225 :
3797 4173 3987 4228 Imma-

2410 4275 2531 4327 nius
2555 4285 2721 4325 unum
2766 4283 2968 4323 annum
3003 4266 3359 4322 difﬁnierunt.
3409 4267 3511 4334 Qui
3560 4265 3855 4320 morticinia
3894 4280 3987 4318 co-

2409 4364 2636 4419 mederit
2680 4361 2903 4425 inscius,
2942 4360 3127 4430 viginti
3153 4358 3271 4414 dies
3300 4360 3576 4429 paeniteat;
3612 4360 3818 4420 sciens,
3847 4372 3987 4426 qua-

2410 4458 2676 4526 draginta.
2710 4455 3033 4521 Quicunque
3058 4454 3311 4508 furtivum
3340 4450 3663 4516 comederit,
3711 4460 3767 4505 et
3784 4452 3881 4504 scit
3901 4492 3917 4513 ,
3941 4452 3990 4505 si

2411 4562 2615 4618 pauper
2636 4553 2721 4600 est
2750 4544 2836 4599 vel
2884 4544 3088 4609 hebes,
3132 4552 3338 4613 septem
3381 4543 3495 4598 dies
3544 4542 3829 4613 pmuiteat;
3870 4540 3988 4593 sani

2418 4639 2507 4709 qui
2537 4639 2735 4703 sciunt,
2768 4636 3157 4704 quadraginta;
3186 4636 3275 4704 qui
3310 4649 3457 4703 saepe
3484 4633 3587 4689 hoc
3614 4632 3845 4696 faciunt,
3878 4642 3988 4685 tres

2414 4731 2876 4801 quadragesitnas.
2928 4728 3030 4795 Qui
3070 4730 3363 4783 comederit
3394 4729 3479 4783 vel
3514 4727 3707 4781 biberit
3746 4724 3991 4779 sordida-

2415 4833 2524 4877 tum
2566 4838 2595 4874 a
2622 4836 2758 4876 cane
2796 4820 2886 4875 vel
2925 4833 2955 4872 a
2985 4834 3173 4885 mure,
3202 4818 3585 4886 quinquaginta
3613 4814 3842 4884 psalmos
3862 4828 3992 4867 can-

2415 4922 2522 4978 tet;
2553 4911 2827 4967 saecularis
2862 4922 2972 4965 tres
3004 4909 3121 4965 dies
3145 4909 3426 4977 paeniteat.
3470 4906 3571 4973 Qui
3597 4903 3810 4961 dederit
3832 4903 3989 4957 alicui

2416 5005 2697 5074 liquorem,
2730 5005 2781 5056 in
2809 5016 2915 5072 quo
2948 5016 3066 5055 mus
3098 5000 3180 5055 vel
3211 4998 3454 5053 mustella
3482 5007 3688 5052 mortua
3710 4994 3991 5049 inveniun-

2414 5108 2520 5163 tur,
2551 5106 2759 5163 septem
2781 5094 2898 5148 dies
2935 5093 3191 5161 poeniteat
3223 5092 3349 5159 :qui
3374 5099 3551 5160 postea
3602 5088 3810 5144 noverit
3835 5085 3975 5155 quod

2418 5188 2521 5242 tale
2550 5197 2736 5256 potum
2768 5186 2983 5249 biberit,
3015 5184 3332 5239 Psalterium
3361 5191 3561 5246 cantet;
3592 5180 3862 5236 saecularis
3884 5190 3995 5233 tres

2414 5277 2534 5332 dies
2558 5277 2838 5346 poeniteat.
2865 5277 2921 5329 Si
2947 5276 3000 5329 in
3023 5274 3226 5339 farina,
3259 5284 3351 5328 aut
3380 5274 3433 5328 in
3463 5273 3640 5339 aliquo
3668 5272 3811 5327 sicco
3838 5270 3988 5332 cibo,

2416 5370 2585 5424 autin
2616 5369 2806 5433 melle,
2852 5368 2905 5421 in
2937 5368 3091 5432 oleo,
3139 5375 3230 5419 aut
3256 5366 3309 5419 in
3356 5365 3494 5419 laete
3516 5364 3830 5434 coagulato,
3868 5374 3990 5413 mus

2415 5464 2500 5517 vel
2544 5461 2789 5515 mustella
2838 5466 3063 5513 mortua:
3108 5457 3486 5520 inveniuntur,
3517 5454 3657 5523 quod
3694 5453 3835 5507 circa
3860 5466 3992 5505 cor-

2416 5568 2547 5621 pora
2575 5568 2762 5607 eorum
2784 5560 2865 5605 est
2889 5566 2981 5619 pro
2989 5549 3230 5619 jiciatur;
3276 5546 3471 5616 reliqua
3501 5560 3636 5615 aqua
3665 5552 3848 5597 sancta
3869 5557 3995 5594 con-

2418 5660 2599 5714 Spersa
2623 5690 2637 5711 ,
2684 5659 2813 5697 sana
2844 5652 3122 5696 sumantur
3164 5650 3371 5695 mente.
3420 5641 3474 5693 Si
3508 5640 3667 5709 piscis
3697 5637 3750 5689 in
3796 5635 3993 5704 piscina

2424 5746 2661 5792 mortuus
2690 5735 2849 5792 fuerit
2879 5734 3150 5797 intentus,
3184 5733 3491 5787 nullatenus
3521 5726 3868 5785 utanduceiur
3889 5768 3901 5791 ,
3947 5733 3997 5778 et
