4170 6530
210 450 307 499 5.97

988 441 1047 495 S.
1086 438 1482 495 BONIFAGIUS
1524 438 1686 494 MOG.
1731 437 1835 493 El‘.
1880 469 1945 479 ——
1987 439 2254 493 NOTITIA
2298 440 2681 496 lllSTOlllC.\.

3382 445 3488 499 593

213 562 257 612 si
306 558 430 626 quis
473 554 877 609 manducaverit
922 562 1127 622 septem
1179 554 1296 608 dies
1343 554 1599 622 pmniteat
1650 553 1806 621 (Bur-
1838 561 1883 619 Λ
1914 558 2125 613 mortis.
2158 556 2330 607 nullus
2358 558 2409 608 in
2450 558 2716 609 oblatione
2742 559 3302 609 commemorationem
3330 561 3488 611 iaciat

212 653 391 711 clmrd,
431 665 521 701 lxx
545 689 560 714 ,
594 648 751 715 100):

281 739 477 792 XX'XI.
515 740 569 793 Si
616 751 767 799 casu,
814 737 940 790 dum
984 737 1048 791 ad
1088 753 1209 791 eum
1262 737 1513 790 sacerdos
1543 737 1800 792 invitatus

213 836 415 899 veniet,
437 845 727 902 oppressus
748 830 1059 882 inﬁrmitate
1076 830 1422 891 obmutuerit,
1446 830 1529 883 vel
1557 830 1606 881 iii
1628 830 1799 896 plirte-

210 925 320 977 nesi
356 926 611 978 inventus
643 923 826 985 fuerit,
856 922 984 975 dent
1015 919 1383 973 testimonium
1439 919 1491 973 lii
1547 920 1636 988 qui
1678 935 1796 973 eunt

210 1019 519 1081 audierant,
538 1027 591 1071 et
620 1018 699 1071 sic
727 1015 956 1083 accipiat
984 1012 1371 1081 pa'nitentiain,
1392 1024 1446 1067 et
1473 1014 1517 1067 si
1548 1014 1798 1067 continuo

210 1112 455 1165 creditur
479 1112 791 1171 moriturus,
824 1107 1135 1162 infundatur
1179 1108 1259 1161 ori
1291 1106 1407 1173 ejus
1454 1106 1795 1172 eucliaristia,

211 1216 262 1259 et
296 1208 345 1257 in
384 1205 602 1258 Domini
632 1202 1124 1271 pendeatarbitrio.
1159 1200 1213 1255 Si
1244 1202 1618 1267 supervixerit,
1646 1217 1797 1254 coni-

211 1305 496 1348 moneatur
525 1309 553 1347 a
585 1293 907 1361 supradictis
934 1292 1156 1345 testibus
1191 1292 1429 1361 petitioni
1454 1307 1563 1346 sua:
1583 1293 1795 1346 Satisia-

208 1398 377 1450 ctum,
433 1396 490 1440 et
544 1386 802 1440 subdatur
854 1385 1180 1454 ιισωιίιριριίω
1234 1394 1442 1451 tempus
1483 1384 1794 1453 (Bnrcliurd.

208 1490 357 1536 xvm,
397 1478 507 1545 to).

279 1566 508 1622 XXXII.
550 1570 681 1623 Item
714 1570 908 1635 placuit
957 1576 1014 1621 ut
1062 1568 1113 1621 lii
1145 1570 1232 1637 qui
1274 1570 1386 1642 “sibi
1434 1569 1562 1635 ipsis
1585 1579 1673 1619 ant
1708 1584 1797 1635 per

209 1656 436 1721 terruin,
472 1670 555 1709 aut
593 1675 686 1727 per
726 1674 1013 1721 venenum,
1049 1669 1139 1712 aut
1169 1675 1263 1727 per
1304 1659 1674 1727 prmcipitiuni,
1710 1669 1797 1709 aut

211 1750 585 1817 suSpendium,
620 1761 711 1804 aut
741 1752 980 1820 quolibet
1013 1754 1171 1805 modo
1226 1752 1529 1806 violentiam
1563 1753 1797 1804 inierunt

278 1896 302 1919 δ
335 1882 731 1938 Concinnalnm
779 1902 841 1938 ex
895 1888 1095 1939 sanctis
1153 1885 1398 1939 Patribus
1448 1898 1793 1948 veterumque

204 1955 561 2005 conciliorum
603 1958 897 2008 eanonilins
928 1972 955 2007 a
985 1957 1297 2013 venerabili,
1332 1968 1387 2007 ut
1420 1956 1623 2011 volunt,
1658 1934 1793 2006 lteda
1831 1934 1870 1991 Β

209 2024 450 2075 libellum
504 2026 928 2087 paenitentialem
971 2026 1185 2093 jndiciis
1241 2025 1485 2090 Gregorii
1537 2026 1595 2077 lll
1646 2042 1795 2090 p.ip;e

208 2094 633 2157 stibjccissentns
667 2106 913 2161 tanquam
968 2096 1089 2149 huic
1139 2097 1369 2147 maxime
1431 2096 1549 2147 loco
1603 2109 1792 2147 eonve-

209 2166 469 2215 ltit‘ltlL‘tll.
526 2165 719 2217 Verum
762 2183 881 2217 enni
914 2180 941 2217 a
974 2167 1117 2230 regio
1161 2166 1449 2218 collectore
1479 2168 1528 2216 iii
1556 2166 1792 2229 Luparea

212 2234 455 2285 editione
475 2234 688 2297 Egberti
718 2236 1070 2289 Eboracensis
1092 2236 1475 2301 archiepiscopi
1495 2251 1643 2288 ext-et
1660 2238 1793 2301 ptio-

209 2304 368 2355 niltns
401 2304 647 2355 adnexus
675 2307 767 2366 sit,
800 2320 896 2357 nos
948 2306 1088 2359 illius
1137 2306 1377 2361 ordinent
1428 2306 1791 2360 interturbare

207 2374 476 2425 noluimus
509 2373 609 2426 hac
657 2374 710 2427 iii
758 2385 1091 2428 antecessum
1133 2376 1500 2429 admonitione
1528 2378 1784 2427 contenti.

209 2441 282 2493 Illi
326 2459 490 2509 porro
538 2445 689 2510 plura
740 2450 803 2496 :id
835 2449 1126 2510 marginem
1162 2449 1487 2513 pagellarnni
1518 2446 1790 2508 inscripsi-

207 2527 321 2565 nius
347 2530 412 2566 ex
442 2516 659 2568 Antonii
692 2516 969 2584 Augustini
1006 2517 1397 2585 archiepiscopi
1420 2515 1795 2568 Tarraconen-

1906 662 2115 709 coi-uin,
2149 662 2321 714 neque
2348 661 2467 698 cuni
2494 650 2708 712 psalmis
2746 664 2930 701 eorum
2956 662 3180 713 corpora
3208 646 3275 698 ad
3307 649 3485 711 sepul-

1914 746 2082 788 turam
2106 738 2471 803 deponentur.
2504 736 2649 788 Multi
2678 739 2821 791 enim
2851 738 2949 790 lioc
2993 738 3090 789 sibi
3122 751 3214 803 per
3238 738 3487 804 ignorano

1907 828 2033 881 tiam
2068 838 2411 895 usurparunt.
2447 827 2705 882 Similiter
2734 840 2784 882 et
2812 830 2878 883 de
2922 828 3004 883 liis
3053 828 3251 897 placuit
3280 828 3366 896 qui
3395 842 3490 895 pro

1902 922 2014 976 suis
2046 920 2338 973 sceleribus
2370 920 2684 987 puniuntur.

1977 1010 2219 1066 XXXliI.
2265 1012 2577 1080 Episcopus,
2609 1010 2911 1080 presbyter,
2968 1020 3056 1063 aut
3103 1010 3383 1074 diaconus,
3439 1010 3485 1061 si

1902 1107 2068 1175 gradu
2098 1120 2197 1159 suo
2225 1103 2423 1173 injuste
2454 1106 2712 1171 deiectus,
2748 1104 2797 1156 in
2830 1103 3064 1156 secunda
3095 1104 3299 1173 synodo
3329 1104 3485 1156 inno-

1901 1211 2027 1251 cens
2078 1194 2399 1263 reperiatur,
2446 1210 2549 1247 non
2612 1204 2786 1261 potest
2831 1208 2951 1247 eSse
2979 1192 3118 1262 quod
3160 1192 3351 1257 fuerat,
3384 1192 3485 1245 nisi

1900 1287 2097 1356 gradus
2128 1286 2357 1340 amissos
2387 1286 2633 1351 recipiat.
2683 1285 2834 1350 Quod
2884 1286 2929 1339 si
2980 1286 3264 1352 episcopus
3305 1284 3482 1347 fuerit,

1904 1382 2126 1450 recipiat
2165 1396 2345 1434 coram
2393 1380 2561 1432 altare
2600 1380 2665 1431 de
2696 1380 2936 1432 manibus
2964 1379 3336 1447 episcoporum
3366 1392 3484 1431 ora-

1905 1474 2039 1524 iinni
2086 1483 2137 1525 ct
2184 1473 2483 1539 planctani;
2516 1472 2559 1523 si
2591 1469 2870 1531 diacoous,
2911 1470 3143 1523 orarium
3176 1478 3230 1521 et
3258 1468 3434 1522 albam
3466 1487 3480 1521 :

1902 1565 2261 1616 subdiaconus
2286 1572 2556 1628 patenani,
2588 1573 2640 1614 et
2668 1561 2916 1614 calicem.
2946 1560 3033 1613 Sic
3063 1568 3116 1613 et
3147 1558 3336 1628 reliqui
3363 1573 3484 1626 gra-

1901 1655 2000 1707 dus
2029 1654 2091 1705 ad
2124 1652 2517 1721 reparationem
2570 1653 2651 1704 sui
2703 1652 2999 1719 suscipiant
3028 1664 3147 1719 qua:
3176 1665 3295 1705 cum
3334 1651 3482 1704 ordi-

1902 1761 2157 1805 narentur
2185 1756 2532 1817 perceperant
2563 1756 2609 1799 ⁸.

1901 1892 1973 1942 sis
2006 1886 2441 1941 annotationibus
2491 1884 2709 1937 sclerta.
2759 1882 3073 1936 Adtlidimus
3102 1897 3312 1950 quoque
3336 1881 3481 1949 ejus-

1902 1962 2019 2012 dt‘tll
2058 1960 2267 2023 Egberti
2293 1958 2559 2022 dialogum
2609 1956 2822 2006 brCVt'ln
2867 1954 2931 2005 de
2964 1954 3292 2005 institutione
3313 1953 3482 2005 eccle-

1900 2032 2113 2081 siastica
2146 2044 2240 2094 per
2273 2028 2746 2092 interrogationem
2779 2034 2831 2076 et
2880 2026 3307 2089 responsionem,
3340 2036 3480 2094 anno

1907 2102 2047 2151 Ib‘til
2071 2098 2293 2161 editum,
2326 2097 2495 2160 primo
2525 2094 2774 2156 Dnblinii,
2801 2108 2919 2145 enni
2950 2094 3156 2144 duabus
3181 2094 3333 2144 Beda!
3362 2093 3479 2156 epi-

1900 2172 2049 2221 Stolis
2070 2184 2098 2220 a
2130 2168 2333 2221 Joanne
2353 2164 2565 2219 Warmo
2582 2165 2757 2221 equite
2780 2172 2987 2216 aurato.
3014 2161 3479 2215 Lunata—Libros

1902 2238 2299 2306 pcenitentiales
2349 2236 2542 2306 quibus
2598 2232 2781 2306 alludit
2834 2232 3140 2306 prtccedens
3174 2240 3478 2306 Aannotator

1898 2302 2115 2363 damus:
2142 2324 2300 2361 iiiitiiii
2324 2302 2459 2360 inter
2479 2305 2534 2358 S.
2559 2305 2771 2373 Eglicrti
2796 2318 2954 2369 Opera
2980 2304 3030 2355 in
3056 2302 3155 2354 lioe
3173 2303 3476 2370 ipsotonio,

1900 2382 2124 2433 alterum
2155 2394 2279 2431 vero
2312 2379 2446 2430 inter
2480 2376 2610 2429 Ven.
2649 2376 2802 2429 [tedae
2834 2389 2994 2442 opera
3028 2388 3149 2441 qua:
3189 2373 3472 2427 continen-

1898 2462 1983 2503 tur
2018 2449 2358 2518 sequentibus
2385 2448 2562 2500 toniis.
2597 2446 2749 2499 EDIT.

235 2661 265 2665 ην
320 2662 371 2666 -κ
400 2664 453 2667 ---
470 2665 613 2669 κῌᾙκ
640 2665 833 2670 ..ἥνήη-γΑ
856 2664 1129 2670 μᾉ--λ.-,-ν,-
1146 2666 1163 2669 _
1208 2666 1217 2669 -
1262 2664 1491 2669 γρμᾼμῄῌ
1514 2661 2013 2667 γἺ-νντη“⁴ῌ“--
2033 2661 2102 2666 »νυ-ς
2146 2659 2159 2664 -
2182 2658 2287 2664 ————-
2304 2654 3477 2691 ’-~»—“ﬁ—-—’h-‘~

203 2697 1729 2712 ~-———_——..——_______—_———_—.
1745 2691 3477 2709 ...ῳ-Μή

1462 2832 1625 2875 ANNO
1670 2832 1893 2876 DONINI
1940 2830 2178 2872 DCCXLV
2196 2832 2235 2870 ll

731 3029 973 3247 S.
1088 3021 2969 3249 BONIFACIUS

1062 3394 1576 3457 MOGUNTINUS
1621 3392 2039 3453 EPISCOPUS
2084 3390 2188 3449 ET
2234 3390 2597 3450 MARTYR.

1646 3532 1913 3550 β

502 3633 1054 3735 ΝΟΤΙΤΙΑ
1133 3620 1821 3734 HISTORICA
1901 3620 2032 3723 ΙΝ
2114 3620 2223 3723 S.
2342 3615 3185 3723 BONIFACIUM.

1739 3792 1921 3802 ————-—

1371 3862 1585 3922 (Fabric.
1609 3860 1731 3909 Bibl.
1758 3861 1887 3908 med.
1912 3863 1962 3908 et
1987 3856 2071 3907 inf.
2097 3858 2294 3917 rotatis.)

1723 3972 1936 3985 ___._——

264 4058 504 4111 Sanctus
553 4055 878 4122 Bonifacius,
912 4056 1245 4123 “'inil'ridus,
1281 4058 1631 4111 Devoniensis
1674 4059 1785 4111 An-
1812 4058 1853 4118 (ζ
1894 4061 2091 4121 ρι-ωῑοτ
2146 4050 2319 4103 Vitam
2371 4050 2625 4117 scriptam
2679 4063 2708 4101 a
2758 4048 3087 4115 \Villibaldo,
3131 4051 3320 4118 babes,
3350 4068 3469 4121 pag.

195 4147 336 4214 glas,
371 4146 581 4202 ordinis
627 4147 923 4211 Benedict.,
957 4148 1395 4217 archiepiscopus
1448 4150 1786 4216 Moguntinus

193 4242 259 4291 ab
307 4252 454 4291 anno
502 4236 608 4292 745
655 4238 720 4291 ad
772 4237 897 4303 754,
932 4247 986 4292 et
1039 4238 1429 4293 Germanorum
1488 4240 1783 4307 apostolus.

197 4330 465 4397 Quidquid
513 4329 648 4381 enim
690 4339 809 4381 ante
852 4344 963 4381 eum
1009 4329 1103 4380 alii
1153 4331 1513 4394 praestiterint,
1565 4333 1788 4385 maxima

193 4428 540 4489 propugnata:
567 4427 615 4470 et
662 4418 961 4471 instaurata:
987 4435 1080 4486 per
1123 4417 1453 4471 Germaniam
1484 4419 1788 4473 Christiana:

190 4513 461 4589 religionis
516 4512 683 4580 gloria
730 4527 881 4580 penes
931 4511 1170 4564 Curatum
1224 4510 1300 4564 Μ.
1340 4514 1698 4577 imperatorem
1739 4522 1788 4566 et

193 4604 529 4673 Bonifacium
559 4615 749 4657 manet.
774 4602 1075 4671 Bonifacius
1104 4619 1226 4656 sane
1251 4605 1498 4672 quidquid
1524 4617 1632 4657 erat
1661 4608 1789 4659 inter

196 4695 436 4747 Rhenum
477 4706 522 4747 et
572 4692 827 4764 Visurgim
875 4696 1211 4762 populorum,
1246 4696 1297 4747 in
1340 4697 1517 4761 primis
1565 4694 1783 4762 Frisios,

194 4789 549 4842 Christianam
595 4788 748 4855 fidem
778 4788 1095 4857 docuit;qui
1147 4804 1261 4841 vero
1290 4786 1585 4841 Christiana
1634 4806 1783 4841 sacra

186 4881 299 4947 jam
331 4890 456 4933 ante
500 4889 815 4948 receperant,
849 4880 941 4932 lius
969 4878 1309 4945 conﬁrmavit,
1344 4879 1503 4946 iisque
1550 4880 1784 4951 discipli-

194 4987 312 5021 nam
341 4985 406 5020 ac
436 4968 575 5039 leges
598 4969 962 5022 ecclesiasticas
990 4972 1180 5024 sanxit.
1211 4969 1337 5022 llaec
1378 4984 1499 5023 vere
1528 4970 1784 5025 Herman-

195 5078 292 5115 nus
324 5060 672 5130 Conringius,
705 5073 853 5116 torno
884 5061 926 5116 ll
957 5064 1211 5129 Operum,
1249 5077 1366 5132 pag.
1399 5062 1532 5127 70l;
1564 5064 1650 5117 cui
1692 5063 1785 5117 ad-

194 5155 407 5209 dendos
440 5156 663 5209 illustris
697 5155 1034 5210 liermannns
1068 5156 1272 5222 Bunau,
1311 5166 1441 5210 tom.
1465 5156 1507 5211 ll
1536 5157 1783 5211 llistorire

197 5245 410 5314 imperii
464 5245 786 5298 Germanico
833 5245 1090 5299 idiomate
1134 5246 1315 5311 cilitze,
1363 5261 1483 5316 pag.
1525 5244 1653 5313 295,
1695 5249 1784 5317 qui

196 5338 393 5399 etiam,
448 5348 569 5403 pag.
600 5334 725 5399 500,
759 5344 904 5389 notat
936 5334 1003 5389 ab
1054 5335 1157 5390 boc
1204 5336 1477 5390 Bonil'acio
1522 5338 1783 5405 primum,

1890 4146 2019 4211 477,
2056 4144 2213 4197 etiam
2241 4141 2495 4208 scriptam
2526 4156 2554 4193 a
2588 4141 2905 4211 presbytero
2934 4142 3103 4195 sancti
3136 4142 3349 4197 Martini
3385 4146 3473 4201 UI-

1891 4236 2247 4305 trajectcnsis,
2283 4243 2357 4299 et,
2391 4248 2509 4302 pag.
2539 4232 2665 4293 481.
2695 4247 2725 4286 a
2757 4232 2984 4301 quodam
3035 4234 3467 4292 Monasteriensi.

1894 4329 2110 4385 Utliloni
2156 4327 2239 4395 (α)
2288 4327 2461 4389 labor,
2491 4326 2578 4393 qui
2642 4324 3006 4378 Willibaldum
3052 4326 3289 4381 faciliore
3331 4332 3473 4400 stylo

1888 4420 2158 4487 exposuit,
2186 4429 2239 4472 et
2281 4418 2333 4471 in
2384 4419 2520 4472 duos
2572 4417 2736 4471 libros
2779 4416 3052 4485 distinxit,
3088 4429 3264 4473 exstat
3310 4422 3471 4475 etiam

1888 4510 2028 4577 apud
2054 4509 2295 4573 Surinm,
2322 4508 2355 4559 5
2382 4508 2546 4563 Junii.
2580 4507 2734 4562 Plura
2762 4509 3011 4563 Nicolaus
3039 4508 3305 4574 Serarius,
3335 4512 3473 4565 libri.

1892 4602 2051 4655 tertio
2080 4616 2259 4654 rerum
2292 4602 2745 4668 Mogiintinarutn,
2773 4610 2827 4654 et
2855 4599 2921 4653 ad
2951 4614 3072 4653 eum
3097 4610 3235 4654 notae
3261 4602 3473 4671 Georgii

1890 4693 2181 4747 Clirisuani
2213 4691 2457 4747 Joannis.
2483 4690 2694 4745 Videsis
2736 4692 2895 4745 etiam
2924 4691 3097 4745 Vitam
3122 4694 3289 4746 sancti
3321 4693 3471 4748 διητ-

1889 4786 1982 4838 mii
2028 4785 2164 4852 apud
2195 4784 2433 4848 Surium,
2461 4784 2524 4836 l7
2556 4782 2839 4837 Decembr.
2868 4798 2884 4847 ;
2916 4784 3082 4837 saneti
3116 4783 3370 4851 Lebuini,
3405 4786 3473 4838 19.

1889 4875 2215 4941 Novembr.,
2258 4884 2311 4929 et
2368 4876 2536 4927 sancti
2588 4872 2956 4938 Willibrordi,
2996 4874 3027 4925 7
3074 4873 3388 4941 Novembr.,
3420 4888 3481 4931 et

1888 4968 2179 5036 scriptores
2211 4982 2344 5035 quos
2394 4964 2603 5020 laudavi
2655 4965 2707 5018 in
2764 4964 2904 5018 libro
2959 4962 3028 5019 de
3080 4963 3472 5034 Propagatione

1890 5060 2021 5111 lucis
2043 5059 2385 5125 evangelica,
2415 5071 2534 5125 cap.
2561 5057 2649 5110 19.
2686 5055 2864 5109 Sancti
2895 5054 3153 5123 Bonifatii
3182 5066 3228 5109 et
3269 5058 3338 5108 ad
3360 5074 3477 5110 eum

1888 5150 2091 5217 scripta
2122 5148 2370 5225 Epistola:
2397 5164 2513 5213 cu,
2546 5146 2701 5201 edita:
2739 5162 2860 5202 cum
2900 5148 3043 5200 n0tis
3073 5161 3102 5198 a
3134 5147 3351 5201 Nicolao
3379 5149 3476 5202 Se-

1894 5242 2054 5307 rario,
2100 5244 2338 5311 .‘llogunt.
2376 5239 2535 5305 1605,
2570 5240 2745 5305 in-4°,
2774 5248 2829 5294 et
2880 5242 2933 5293 in
2985 5239 3328 5301 Bibliotheeis
3372 5240 3474 5294 Da-

1891 5344 2028 5387 trum
2063 5333 2451 5388 Parisiensibns
2472 5342 2525 5387 et
2553 5333 2895 5397 Goloniensis
2920 5334 3313 5402 supplemento,
3340 5343 3474 5388 tom.

198 5440 283 5483 an.
311 5425 441 5488 752,
470 5434 696 5479 unctum
727 5426 994 5497 Pipinum,
1026 5442 1206 5497 regem
1245 5426 1593 5493 Francorum,
1622 5444 1781 5499 quem
1819 5424 1861 5483 D
1893 5425 1951 5491 ll,
1988 5440 2105 5493 pag.
2135 5426 2223 5491 48,
2260 5434 2312 5479 et
2343 5433 2489 5477 torno
2524 5423 2654 5491 Vlll,
2688 5434 2741 5478 et
2773 5424 3138 5493 Lugdunens.,
3174 5434 3302 5480 tom.
3334 5425 3472 5479 Xlll.

196 5515 413 5582 deinde,
446 5532 540 5571 an.
568 5514 705 5582 754,
738 5517 927 5572 iterato
958 5520 1111 5573 unxit
1162 5518 1465 5587 Stephanus
1510 5518 1574 5573 Ill
1624 5534 1783 5587 papa,

200 5607 463 5659 absolutis
506 5605 577 5658 ab
609 5605 840 5674 liomagii
880 5607 1186 5662 Cliilderico
1224 5608 1286 5663 Ill
1319 5608 1539 5677 praestiti
1584 5610 1785 5677 obliga-

204 5697 345 5750 tione
378 5695 627 5749 Francis.
646 5695 719 5750 De
749 5697 850 5751 lioc
876 5696 1149 5753 Bonifacio
1173 5698 1491 5753 conferenda
1525 5703 1575 5754 in
1602 5703 1787 5770 primis

204 5791 329 5843 Acta
365 5798 706 5855 sanctorum,
743 5786 776 5842 5
804 5788 951 5855 Jun.,
981 5798 1125 5845 tonio
1152 5790 1193 5858 I,
1226 5806 1345 5861 pag.
1371 5791 1473 5844 ibi!
1499 5807 1639 5861 seq.,
1672 5795 1779 5861 ubi,

1895 5512 2129 5582 Epistola
2175 5516 2243 5569 ad
2294 5513 2597 5568 Zachariam
2649 5530 2861 5584 papam.
2904 5530 2991 5569 an.
3021 5516 3145 5582 755,
3191 5516 3258 5570 de
3310 5532 3469 5571 causa

1895 5606 2169 5661 Adelberti
2196 5606 2329 5662 Galli
2360 5620 2414 5661 et
2435 5609 2727 5663 Clementis
2756 5608 2922 5672 Seoti,
2952 5609 3003 5663 in
3032 5609 3227 5665 Usserii
3262 5610 3476 5677 Episto-

1894 5696 1956 5749 lis
1985 5697 2305 5763 llibernicis,
2340 5715 2461 5770 pag.
2494 5698 2583 5764 44,
2616 5714 2735 5763 cuin
2786 5699 3056 5756 Zacliarire
3106 5700 3357 5770 Epistolis
3408 5705 3476 5757 ad

1898 5791 2246 5847 ltonifaciuni.
2276 5794 2483 5849 Statuta
2522 5811 2697 5860 nitri,
2724 5810 2787 5850 ex
2824 5804 3029 5851 vetusta
3065 5809 3327 5850 canonum
3356 5794 3478 5851 Col-

270 5898 346 5964 (ιι)
388 5896 543 5953 Adde
591 5898 887 5964 Mabillon..
915 5903 1179 5964 AualecL.
1215 5918 1332 5969 pag.
1367 5902 1491 5968 207,
1524 5904 1784 5959 Eilitionis
1826 5917 1977 5959 noue
2011 5906 2191 5960 in-loi.
