4170 6534
730 403 833 455 θος

1709 398 1766 450 S.
1812 397 2210 451 llONll’ACIL‘S
2254 397 2550 451 MUCUNT.
2598 398 2986 454 EI’ISCOI'US.

3876 404 3976 455 6N

729 515 992 574 t’nisrttptts
1026 514 1381 578 interrogatus,
1414 510 1454 583 si
1488 508 1660 558 liceret
1694 511 1741 556 in
1769 511 1899 559 vasis
1933 510 2110 583 tigridis
2134 525 2301 559 sucro—
2332 519 2377 572 Α
2409 509 2586 568 ligneis
2613 509 2852 561 calicibus
2875 513 3141 562 utebantur
3168 533 3180 572 ,'
3211 533 3341 565 wttnc
3385 533 3408 566 e
3434 528 3605 566 contra
3627 518 3776 583 lignei
3810 531 3974 566 satvr-

728 602 788 632 uu
807 596 893 633 nm
923 586 1188 647 con/icere,
1219 582 1478 644 respondit
1507 594 1523 630 :
1557 581 1826 643 Quondam
1851 579 2132 629 sacerdotis
2161 580 2301 628 aurci

1664 828 1977 937 VITA
2059 834 2165 934 S.
2246 832 2890 935 BONIFACII
2935 910 2964 958 ,

2409 580 2550 631 dotes
2579 596 2745 631 cureas
2783 591 2996 632 utuntur
3022 584 3286 635 calicibus.

2795 729 3074 740 ~_——-—.

3903 731 3967 744 .-

1606 1022 1879 1078 Auctore
1920 1019 2340 1079 \VILLIBALDO
2373 1065 2386 1089 ,
2444 1021 2640 1096 ipsius
2685 1020 3023 1096 discipulo.

897 1267 1446 1343 PROLOGUS
1526 1266 1589 1334 Λ
1610 1262 2103 1335 UCTORIS.

798 1401 1030 1452 Dominis
1057 1400 1247 1450 sanctis
1281 1406 1325 1448 et
1358 1411 1468 1448 vere
1509 1396 1557 1445 in
1585 1393 1788 1444 Christo
1817 1391 2127 1442 Cllltt‘issitttis
2159 1388 2314 1441 Lullo

726 1507 771 1546 et
800 1493 1103 1560 Mrgiugozo
1132 1502 1152 1522 "'
1188 1490 1526 1556 coepiscopis,
1555 1486 1894 1540 Willibaldus
1934 1485 2048 1535 licet
2079 1484 2316 1550 indiguus

725 1587 778 1635 in
812 1583 1032 1635 Domino
1057 1580 1340 1649 presbyter.

800 1677 1066 1742 l’crcepto
1097 1674 1199 1742 pia:
1234 1671 1567 1741 paternitatis
1600 1678 1790 1720 vestra:
1834 1667 2023 1719 achclu
2051 1666 2247 1732 pariter
2265 1674 2318 1719 et

2402 1245 2653 1298 sticorum
2685 1255 2896 1298 actuum
2931 1248 3096 1300 libros
3125 1251 3193 1303 ob
3227 1253 3505 1308 utilitatem
3540 1256 3824 1326 legentium
3863 1261 3970 1314 edi-

2401 1338 2542 1390 disse
2570 1337 2909 1404 perhibetur;
2945 1339 3201 1394 Eusebius
3231 1341 3593 1409 Ca-sarieusis,
3622 1353 3971 1404 nominatissi-

2404 1444 2519 1482 mus
2578 1429 3122 1496 historiographorum
3196 1434 3470 1499 Set-iptor.
3526 1453 3642 1490 cmn
3703 1439 3972 1508 Pamphilo

2404 1529 2637 1584 martyre
2680 1529 2732 1572 et
2762 1520 3010 1587 adjutore
3039 1539 3156 1590 suo,
3189 1539 3510 1593 suorumque
3535 1527 3631 1580 sibi
3662 1532 3972 1584 anteceden-

2408 1611 2534 1662 tium
2567 1619 2862 1678 temporum
2915 1612 3160 1664 historias
3191 1617 3321 1665 mira
3371 1617 3566 1681 eloquii
3612 1619 3971 1674 disertitudine

2332 1719 2374 1776 Β
2406 1710 2668 1762 texentes,
2719 1701 2918 1753 inﬁnita
2964 1702 3175 1770 scriptis
3203 1706 3472 1757 volumina
3512 1707 3816 1769 ediderunt;
3850 1725 3967 1764 ncc-

727 1779 877 1834 votu,
904 1786 1010 1822 non
1042 1770 1270 1838 prepriae
1302 1767 1472 1820 laudis
1505 1767 1724 1819 litterali
1755 1764 1980 1818 scientia
2024 1763 2373 1827 conlidens,"
2406 1807 2510 1843 mm
2539 1799 2592 1844 et
2621 1789 2928 1857 Gregorius,
2958 1793 3049 1858 qui
3073 1763 3194 1846 'erm
3221 1795 3300 1845 νη.
3343 1795 3507 1845 “eam,
3539 1763 3968 1852 ηιεεηοηᾶξηηέ,

725 1863 821 1915 sed
856 1861 1095 1914 debitum
1146 1859 1468 1910 υίηιιιίρηιίειι
1520 1857 1836 1919 obsequium
1890 1865 2084 1906 vestra:
2119 1856 2322 1920 impen-

720 1953 852 1993 dens
881 1939 1167 2002 sanctitati,
1204 1936 1435 1990 libenter
1463 1935 1633 2002 parui,
1659 1935 1987 1996 arduumque
2011 1933 2147 2000 quod
2176 1947 2298 1999 sug-

724 2030 964 2098 gessistis
994 2042 1149 2095 Opus,
1175 2026 1375 2094 exiguis
1398 2026 1598 2076 viribus
1623 2022 1896 2086 inchoavi,
1921 2021 1984 2073 ad
2018 2021 2297 2086 perfectio-

727 2122 805 2172 nis
835 2118 1116 2171 terminum
1148 2119 1409 2168 liuetenus
1441 2114 1726 2166 deducens.
1759 2112 1862 2165 Sed
1909 2111 2131 2164 obsecro
2160 2120 2213 2162 ut
2251 2113 2294 2163 si

720 2210 993 2278 quidpiam
1022 2207 1175 2260 aliter
1206 2221 1362 2274 quam
1391 2213 1564 2257 vestra
1597 2203 1839 2256 voluntas
1868 2202 2147 2268 expetierit
2177 2216 2296 2268 pro-

723 2301 950 2363 venerit,
1006 2296 1326 2351 inlirmitatis
1373 2309 1508 2348 mea:
1554 2293 1970 2347 imbecillitatem
2014 2292 2296 2359 operisque

725 2389 955 2456 impositi
990 2386 1369 2439 sublimitatem
1399 2397 1553 2450 :equo
1600 2382 1776 2434 animo
1812 2381 2139 2443 sustineatis,
2165 2396 2294 2448 quo-

720 2482 860 2532 niam
902 2480 1187 2532 maximum
1233 2490 1439 2529 mecum
1508 2474 1820 2528 reverentia:
1875 2482 1958 2525 est
2009 2471 2294 2535 indicium,

727 2586 850 2624 rum
895 2579 1082 2624 vestra:
1112 2567 1455 2622 sublimitatis
1487 2566 1708 2633 imperio
1737 2564 2049 2617 obedientiae
2078 2577 2294 2629 operam

722 2679 828 2717 non
856 2664 1082 2732 denego.
1108 2660 1257 2727 Quod
1290 2661 1332 2714 si
1381 2660 1594 2726 dignum
1633 2657 1830 2726 aliquid
1860 2664 1915 2710 et
1945 2657 2139 2709 nostris
2163 2665 2295 2708 tem-

726 2760 942 2826 poribus
991 2757 1317 2825 profuturum
1363 2752 1708 2812 confecerim,
1743 2751 1921 2804 divino
1951 2749 2134 2816 utique
2180 2763 2294 2800 mu-

726 2851 840 2903 tn-ri
871 2864 932 2901 ac
978 2846 1224 2916 praecepti
1255 2845 1417 2898 vestri
1463 2842 1728 2896 desiderio
1761 2839 2139 2894 conferendum
2189 2846 2292 2902 est,

718 2941 966 3008 quoniam
997 2937 1077 3005 pia
1105 2935 1421 3006 quandoque
1447 2932 1801 2987 desiderantis
1834 2932 2074 2984 voluntas
2102 2938 2158 2982 et
2185 2944 2296 2980 ma-

721 3046 845 3082 num
877 3029 1118 3081 imitatur
1164 3024 1507 3087 emuncturis,
1552 3031 1606 3075 et
1634 3020 1996 3089 impressionis
2032 3033 2142 3072 sute
2171 3019 2294 3070 vio-

719 3121 884 3173 lentia
934 3119 1014 3172 νει
1067 3117 1338 3170 minimam
1384 3113 1663 3182 quamdam
1710 3111 2024 3165 desiderata:
2061 3109 2296 3162 scientia:
2324 3123 2370 3185 ρ

718 3211 1054 3264 dulcedinem
1088 3214 1258 3275 parat,
1293 3205 1698 3270 [atuelicumque
1727 3201 2074 3269 impertienda
2098 3199 2287 3252 reﬁcit.

718 3297 965 3353 Decrevit
1005 3297 1146 3351 enim
1179 3295 1431 3348 sanctitas
1458 3303 1628 3346 vestra
1658 3291 1994 3359 insipientem
2039 3291 2290 3358 sapienti-

720 3391 839 3452 bus,
893 3399 946 3442 et
995 3388 1167 3442 minus
1211 3386 1458 3439 idoneum
1505 3382 1848 3452 prudentibus
1901 3396 2178 3450 comquare
2229 3395 2292 3434 ac

719 3483 1008 3552 pra-ferre;
1037 3487 1089 3532 et
1117 3478 1253 3548 quod
1284 3478 1398 3530 sine
1429 3485 1613 3530 nostro
1646 3475 1894 3526 videlicet
1919 3482 2132 3533 conatu,
2164 3487 2290 3540 pru-

717 3576 865 3629 denti
915 3587 1166 3626 sermone
1215 3570 1454 3624 revelare
1508 3567 1776 3636 putuistis,
1827 3566 1927 3618 hoc
1977 3562 2105 3617 mihi
2153 3563 2293 3616 velut

717 3668 903 3736 ignaro
933 3667 1232 3734 imponere.
1267 3660 1371 3715 Sed
1401 3661 1661 3727 deprecor
1723 3665 1780 3710 ut
1835 3670 1990 3724 quem
2043 3657 2292 3721 prmccpti

719 3759 882 3811 vestri
914 3755 1146 3810 torcular
1176 3752 1444 3822 deprimit,
1472 3759 1716 3819 precatus
1765 3747 1994 3800 assidua:
2036 3746 2292 3799 orationis

721 3849 962 3903 intundat
986 3888 1003 3912 ,
1034 3854 1091 3901 et
1119 3855 1346 3900 mentem
1395 3843 1613 3912 ignavia:
1659 3841 1882 3909 caligine
1930 3838 2172 3891 obtusam
2203 3852 2293 3888 vo-

719 3938 891 3992 luntas
936 3943 1240 4004 spontaneae
1271 3931 1568 3986 dilectionis
1606 3939 1796 3984 vestra:
1838 3943 1868 3983 e
1915 3942 2102 3981 somno
2147 3940 2296 3980 resu-

714 4031 893 4090 scitet.
922 4037 980 4080 ut
1008 4027 1072 4079 ad
1104 4041 1162 4078 ea
1193 4025 1259 4078 ad
1288 4040 1407 4092 qua:
1437 4023 1746 4091 cogentibus
1769 4021 1918 4073 vobis
1944 4021 2162 4072 invitata
2189 4028 2289 4082 est,

720 4118 958 4171 tenacior
988 4115 1150 4168 vivaci
1191 4128 1498 4168 sermonum
1528 4111 1831 4164 narratione
1862 4110 2128 4162 reddatur.

788 4209 844 4260 ἓ.
890 4205 1230 4273 Cumpulistis
1273 4205 1413 4256 enim
1463 4218 1588 4268 me,
1621 4211 1677 4256 ut
1729 4201 1792 4254 ad
1823 4214 2060 4252 normam
2110 4214 2292 4252 eorum

719 4312 943 4367 quorum
974 4305 1064 4348 aut
1094 4295 1213 4347 vita:
1242 4293 1634 4353 castimoniam,
1659 4300 1749 4342 aut
1778 4304 1982 4342 morum
2010 4290 2294 4341 sanctitnoo

719 4390 888 4450 niam,
915 4385 1084 4440 sancti
1111 4383 1291 4452 procul
1322 4383 1484 4437 dubio
1517 4382 1700 4435 Patres
1729 4381 1956 4448 eleganti
2010 4378 2292 4430 verborum

2403 1896 2582 1933 rarum
2612 1881 2802 1934 studiis
2831 1882 3241 1948 eruditissimus,
3275 1885 3507 1946 glorioso
3552 1887 3854 1952 apostolica:
3883 1902 3968 1941 se-

2402 1972 2482 2024 dis
2509 1973 2737 2025 culmine
2767 1974 2978 2035 sedens,
3024 1973 3296 2026 beatorum
3347 1976 3583 2029 scribens
3608 1976 3966 2030 confessorutn

2399 2064 2581 2130 vitam,
2612 2063 2953 2115 dialecticum
2990 2065 3124 2116 miro
3155 2067 3442 2118 Osteudens
3470 2068 3827 2120 moderamine
3852 2085 3966 2119 tno-

2400 2170 2533 2217 rcm,
2587 2163 2811 2221 quatuor
2860 2156 3026 2220 logica
3057 2161 3318 2221 expressit
3357 2157 3754 2211 ratiocinatione
3784 2158 3963 2221 libros,

2399 2247 2487 2313 qui
2516 2247 2785 2312 hucusque
2816 2245 3159 2298 ecclesiarum
3204 2246 3385 2299 inserti
3434 2247 3758 2301 bibliothecis
3786 2249 3967 2303 elucu-

2396 2335 2599 2388 bratam
2641 2335 2868 2402 posteris
2920 2335 3156 2387 scientiae
3210 2335 3434 2388 aﬂcrunt
3490 2335 3792 2404 dignitatem
3840 2355 3850 2388 :
3895 2337 3962 2389 ita

2398 2424 2535 2478 beati
2569 2423 2664 2476 viri
2697 2424 2856 2476 vitam
2885 2424 3274 2492 przecelsasque
3303 2425 3417 2492 ejus
3445 2426 3663 2479 virtutes
3691 2437 3746 2480 et
3766 2428 3963 2481 cultum

2400 2516 2610 2584 pietatis
2639 2523 2797 2581 atque
2824 2516 3162 2570 abstinentia:
3195 2517 3356 2570 robur
3380 2519 3725 2586 praesentibus
3760 2535 3822 2574 ac
3850 2531 3967 2588 post

2397 2607 2657 2660 secuturis
2686 2606 2894 2659 saeculis
2931 2606 3128 2674 jubetis
3169 2607 3554 2664 demonstrare.
3586 2610 3690 2665 Sed
3729 2613 3965 2678 quamvis

2397 2697 2460 2750 ad
2507 2697 2973 2751 demonstrandam
3019 2707 3281 2752 tantarqu
3328 2715 3502 2753 rerum
3546 2701 3802 2755 rationem
3848 2704 3963 2756 exi-

2396 2803 2554 2856 guutn
2585 2803 2672 2844 me
2713 2803 3038 2857 parvumque
3072 2788 3184 2842 ﬁeri
3231 2801 3498 2844 auctorem
3542 2805 3854 2860 agnoscam;
3889 2805 3962 2846 ta-

2399 2894 2520 2932 men
2568 2880 2814 2947 exigente
2863 2879 3246 2933 benevolentia
3284 2890 3474 2934 vestra:
3523 2882 3811 2950 voluntate,
3863 2884 3964 2939 hoc

2397 2970 2536 3038 quod
2592 2971 2972 3034 demandastis,
3028 2971 3179 3025 vobis
3222 2970 3530 3039 jubentibus
3583 2989 3687 3029 non
3742 2979 3967 3046 propria:

2401 3059 2825 3125 prtesumptionis
2872 3059 3151 3114 insolentia
3202 3059 3388 3126 fretus,
3420 3064 3512 3116 sed
3544 3066 3832 3120 assertione
3876 3083 3967 3121 ca-

2461 3149 2716 3202 olicorum
2760 3152 2994 3203 conlisus
3034 3151 3308 3219 aggrediar
3336 3167 3468 3218 opus
3495 3170 3509 3205 :
3539 3168 3709 3224 neque
3745 3170 3808 3209 ex
3841 3172 3963 3225 par-

2397 3240 2578 3292 vitatis
2624 3254 2757 3292 meaa
2803 3240 2942 3309 stylo
2968 3242 3195 3309 prepria:
3241 3242 3409 3294 laudis
3440 3246 3757 3311 przecouium
3787 3252 3966 3315 requi-

2395 3344 2536 3394 rens,
2561 3330 2652 3383 sed
2675 3344 2739 3383 ex
2763 3338 2920 3383 tantae
2945 3330 3020 3383 rei
3046 3331 3300 3384 relatione
3321 3330 3649 3400 profuturum
3675 3336 3966 3403 legentibus

2395 3420 2637 3486 praebens
2649 3421 2977 3488 exemplum,
2992 3420 3116 3474 dum
3133 3420 3215 3474 bis
3229 3423 3452 3490 quisque
3475 3423 3746 3477 instruitur
3769 3428 3966 3478 formu-

2397 3509 2480 3573 lis,
2499 3519 2552 3563 et
2573 3508 2636 3562 ad
2659 3509 2876 3564 meliora
2904 3512 3170 3578 profectus
3191 3513 3271 3564 sui
3294 3513 3612 3578 perfectione
3640 3514 3963 3580 perdueitur.

2799 3632 3558 3762 INCIPIT—VITA.

2509 3791 2689 3848 Carm
2731 3794 2771 3849 1.
2796 3825 2864 3836 --
2893 3798 3123 3860 Qualiter
3153 3801 3202 3849 in
3233 3800 3451 3866 nitentia
3483 3798 3577 3852 Dei
3603 3799 3859 3852 servitium

2529 3873 2537 3886 ’
3038 3869 3310 3920 inchoavit.

2464 3934 2516 3986 3.
2563 3935 2822 3988 lllustrem
2854 3936 3011 4004 igitur
3033 3953 3094 3989 ac
3116 3952 3240 3991 vere
3266 3941 3475 3992 beatam
3497 3939 3664 3993 sancti
3695 3940 3954 3995 Bonifacii

2394 4025 2587 4077 summi
2623 4025 2889 4092 pontiﬁcis
2937 4026 3094 4080 vitam
3146 4043 3429 4096 moresque
3475 4031 3611 4097 ejus,
3646 4039 3951 4085 sanctorum

2395 4129 2716 4182 magnopere
2757 4116 3050 4170 imitatione
3076 4127 3334 4182 sacratos,
3367 4118 3492 4172 licet
3519 4121 3778 4186 opacitate
3817 4135 3958 4188 pra:-

2397 4203 2557 4271 pediti
2587 4206 2844 4270 scientiae,
2875 4206 2997 4259 exili
3031 4216 3208 4260 tamen
3250 4209 3486 4276 opusculi
3534 4209 3689 4279 bujus
3731 4213 3960 4266 stamine

2399 4296 2696 4360 innectere,
2727 4309 2788 4350 ac
2810 4298 3038 4364 simplici
3063 4300 3293 4354 historia:
3325 4301 3576 4369 tegmine,
3606 4303 3951 4370 quemadmo-

2395 4384 2518 4438 dum
2573 4384 2833 4454 religiosis
2874 4388 2999 4442 viris
3059 4386 3413 4444 referentibus
3457 4395 3831 4461 comperimus,
3864 4394 3954 4461 qui

718 4481 942 4548 ambage
981 4477 1180 4532 chartis
1229 4473 1511 4528 inserendo
1563 4472 1928 4533 tradiderunt,
1988 4467 2288 4537 petentibus
2320 4475 2365 4533 D
2392 4476 2698 4542 quotidiana
2725 4477 2843 4546 ejus
2871 4480 3133 4549 colloquia
3177 4491 3232 4535 et
3261 4481 3528 4552 religionis
3555 4484 3957 4538 conversatione

719 4571 982 4638 religiosis
1030 4583 1091 4621 ac
1134 4567 1412 4622 catholicis
1460 4566 1610 4627 viris,
1660 4563 1849 4630 quibus
1883 4561 1960 4612 vel
1995 4562 2043 4612 in
2090 4559 2293 4612 Tuscia:

723 4662 981 4731 partibus,
1012 4660 1091 4712 vel
1141 4661 1193 4711 in
1239 4656 1423 4712 Galli-te
1472 4655 1734 4716 terminis,
1770 4654 1850 4706 vel
1897 4653 1947 4706 in
1994 4651 2294 4704 Germanitn

717 4753 969 4817 aditibus,
1019 4760 1110 4802 aut
1155 4751 1312 4802 etiam
1359 4747 1410 4799 in
1461 4743 1748 4798 Britannia:
1795 4743 2072 4804 limitibus,
2128 4741 2293 4794 sancti

728 4841 985 4898 lionit‘acii
1016 4840 1265 4909 martyris
1294 4837 1428 4890 fama
1479 4835 1956 4900 ntiraculorumque
1999 4831 2294 4884 coruscatio

728 4932 1029 4997 perstrepit,
1059 4928 1214 4988 sicut,
1241 4923 1516 4990 discipulis
1542 4923 1656 4990 ejus
1699 4935 1879 4974 secum
1923 4920 2010 4972 diu
2059 4933 2293 4972 commo-

725 5023 1005 5084 rantibus,
1049 5020 1130 5072 vel
1198 5017 1344 5070 vobis
1399 5015 1528 5084 ipsis
1579 5012 1965 5076 referentibus,
2018 5010 2288 5078 comperi;

726 5115 1060 5183 protemium,
1110 5110 1448 5177 mediumque
1489 5121 1550 5160 ac
1591 5105 1748 5159 ﬁnem
1779 5105 1912 5157 Viue
1956 5104 2070 5170 ejus
2097 5112 2290 5170 quanta

725 5209 928 5258 valeam
974 5200 1308 5271 indagatioue
1338 5200 1531 5254 litteris
1559 5199 1810 5252 inseram.
1854 5197 1920 5250 Et
1949 5196 2290 5261 quemadmo-

723 5299 850 5350 dum
883 5297 1063 5363 pritna:
1093 5293 1542 5361 praavaricatiouis
1587 5291 1817 5344 resMuto
1856 5288 2209 5355 chirographo
2236 5295 2290 5340 et

721 5402 858 5440 verte
909 5386 1039 5438 lucis
1088 5386 1237 5438 radio
1289 5385 1627 5438 illucescente
1679 5381 1998 5448 ligesippus,
2053 5380 2139 5446 qui
2190 5378 2288 5431 sub

722 5477 979 5530 Anacleto
1012 5475 1232 5530 Romam
1281 5475 1491 5529 venisse
1536 5471 1724 5539 fertur,
1755 5473 1983 5540 quinque
2033 5469 2282 5523 ecclesia-

791 5634 814 5659 θ
844 5625 917 5678 De
947 5635 1130 5677 sancto
1154 5625 1301 5677 Lttllo
1326 5622 1737 5693 Moguntiacnnsi
1765 5621 1995 5693 antistite
2027 5618 2280 5671 Bonifatii

719 5712 1028 5748 successore
1060 5711 1276 5760 agemus
1323 5701 1384 5747 ad
1415 5692 1539 5747 anu.
1570 5696 1704 5755 786;
1736 5693 1799 5744 de
1831 5692 2283 5760 Mrgngvzovcro

719 5783 810 5818 seu
843 5758 1550 5833 Met'gOsoWVirtziburgcusi
1600 5765 1848 5834 episcopo
1882 5762 2023 5827 plura
2053 5758 2279 5813 diximus

2395 4566 2585 4620 sedulo
2612 4570 2939 4635 prresentati,
2971 4585 3033 4624 ea
3064 4587 3183 4640 qua:
3212 4574 3496 4628 audierunt
3518 4577 3596 4629 vel
3629 4575 3868 4630 viderunt
3901 4577 3955 4630 in

2394 4657 2691 4723 exemplum
2735 4661 2961 4726 posteris
3018 4661 3376 4728 tradiderunt;
3424 4676 3734 4736 congregata
3763 4665 3953 4719 verbo-

2393 4761 2510 4799 rum
2541 4749 2820 4818 varietate,
2854 4754 3084 4807 texendo
3105 4755 3321 4808 nitimur
3349 4757 3607 4822 enodare,
3630 4768 3683 4812 et
3712 4758 3778 4812 ab
3801 4773 3957 4812 exor-

2393 4837 2480 4892 dio
2510 4855 2676 4908 usque
2721 4841 2786 4894 ad
2837 4844 2993 4896 ﬁnem
3035 4854 3228 4913 quanta
3271 4861 3550 4912 possumus
3596 4848 3952 4917 indagatione,

2396 4929 2590 4983 divinae
2621 4933 3087 5001 contemplationis
3111 4935 3228 5003 ejus
3263 4937 3664 4991 sanctimoniam
3696 4940 3947 4993 revelare.

2391 5018 2522 5071 Cum
2555 5021 2695 5072 enim
2729 5020 2979 5087 primaevo
3010 5025 3226 5091 puerilis
3256 5023 3426 5078 relatis
3453 5025 3644 5080 decore
3673 5027 3854 5089 multa,
3896 5037 3956 5081 ut

2391 5113 2550 5175 solet,
2600 5121 2852 5167 materna:
2881 5115 3252 5172 sollicitudinis
3295 5132 3422 5170 cura
3453 5117 3746 5172 ablactatus
3792 5129 3954 5187 atque

2391 5203 2649 5255 enutritus
2679 5211 2852 5268 esset;
2895 5220 3083 5273 magna
3115 5207 3359 5260 nimirum
3389 5207 3762 5272 delectatione,
3792 5216 3954 5262 ciete-

2391 5306 2570 5346 rorutn
2611 5296 2904 5362 postposito
2955 5310 3137 5352 amore
3221 5297 3764 5367 ﬁliorum,aﬁ‘ectatus
3803 5307 3885 5352 est
3922 5313 3952 5352 a

2391 5395 2557 5452 patre.
2591 5384 2696 5438 Sed
2743 5386 2830 5454 qui
2859 5386 2966 5453 jam
3006 5388 3235 5445 labentia
3263 5400 3450 5444 cuncta
3479 5392 3657 5443 animo
3700 5391 3950 5458 subjece-

2388 5484 2490 5540 rat,
2520 5484 2574 5529 et
2601 5484 2798 5531 aeterna
2829 5479 2996 5548 magis
3017 5494 3174 5548 quam
3206 5481 3484 5549 praesentia
3511 5481 3744 5550 cogitare
3772 5479 3955 5549 dispo-

2388 5631 2592 5766 J\‘itaI
2615 5633 3116 5758 sanctL‘BIurcbardi
3145 5634 3382 5705 ejusdem
3414 5636 3556 5692 sedis
3583 5638 3836 5708 episcopi,
3865 5653 3954 5692 su-

2440 5717 2495 5762 ",
2531 5717 2577 5753 at
2623 5717 2744 5756 anu.
2782 5721 2840 5756 to
2884 5744 2897 5756 .

2440 5717 2495 5762 "J,
2531 5717 2592 5754 ιλιι
2623 5717 2744 5756 anu.
2782 5717 2897 5758 tol.
