4170 6530
177 383 281 436 (ἱος

1481 383 1637 440 ΥΙΤΑ
1677 386 1737 442 8.
1781 381 2131 440 BONIFACII.

3346 385 3450 441 συθ

176 509 377 563 suerat,
435 515 554 554 cum
605 509 753 557 esset
803 513 1064 556 annorum
1113 498 1326 556 circite:
1381 510 1614 568 quatuor
1667 515 1758 553 seu
1793 498 2082 565 Anuutios
2134 496 2400 552 redditum
2453 496 2869 552 commendavit.
2926 497 3095 564 Quem
3151 501 3449 568 puerilibus

176 595 432 662 quinque.
470 594 560 648 Dei
610 594 830 649 servitio
868 609 928 650 se
969 593 1253 665 subjugare
1298 594 1520 660 studuit,
1572 595 1763 648 multo-

176 700 280 750 que
324 686 520 738 mentis
567 687 852 740 conamine
882 686 951 740 de
997 685 1361 740 mouasteriali
1406 685 1607 754 jugiter
1657 685 1762 739 vita

179 774 453 840 insudare,
471 784 523 828 et
550 774 614 827 ad
642 788 763 828 eam
792 777 984 828 mentis
997 776 1235 843 quotidie
1256 775 1460 829 nisibus
1483 776 1760 830 anhelare.

175 860 312 912 Cum
355 879 482 916 vero
511 863 692 932 aliqui,
746 865 884 917 sicut
925 865 1031 918 illis
1079 866 1388 935 regionibus
1444 867 1606 918 moris
1657 875 1762 932 est,

179 951 482 1021 presbyteri
534 952 650 1008 sive
681 955 886 1018 clerici,
919 957 1202 1024 p0pulares
1241 956 1324 1009 vel
1377 955 1542 1009 laicos
1573 957 1764 1026 praedi-

180 1043 338 1096 candi
372 1059 530 1098 causa
555 1047 966 1110 adissent,etad
993 1047 1168 1100 villam
1201 1044 1526 1116 domumque
1556 1045 1761 1116 przefati

185 1137 584 1202 patrisfamilias
617 1139 888 1194 venissent
915 1156 930 1203 ;
959 1153 1082 1194 mox
1113 1151 1366 1209 quantum
1394 1141 1761 1208 possibilitatis

179 1228 300 1296 ejus
332 1231 741 1298 pusillanimitas
774 1233 825 1286 itt
856 1233 1078 1286 infantia
1121 1248 1215 1287 sua
1268 1234 1570 1301 prccvaluit,
1599 1233 1764 1300 carpit

176 1334 300 1372 cum
338 1321 417 1374 eis
445 1321 512 1374 de
533 1321 842 1376 cmlestihus
871 1323 921 1376 lo
944 1323 1137 1387 piendo
1167 1333 1416 1388 tractare,
1440 1331 1494 1374 ct
1514 1322 1636 1388 quid
1661 1322 1763 1374 sibi

181 1427 398 1476 sineque
447 1410 744 1466 inlirtuitati
785 1413 837 1467 in
885 1412 1119 1466 futurutn
1171 1411 1473 1480 proliceret,
1526 1412 1762 1464 interro-

179 1517 326 1568 gare.

251 1593 302 1645 4.
345 1594 585 1660 Cumque
617 1597 686 1648 ita
719 1595 807 1648 diu
839 1595 904 1650 de
934 1596 1244 1650 cmlestibus
1273 1596 1522 1649 diuturna
1569 1595 1764 1648 mentis

179 1689 524 1742 meditatione
553 1692 830 1756 cogitaret,
855 1705 918 1743 ac
946 1698 1109 1743 totutn
1137 1705 1195 1743 se
1227 1690 1276 1742 in
1308 1688 1542 1741 futurum
1573 1699 1763 1741 exten-

175 1779 347 1842 deret,
383 1791 436 1835 ct
474 1783 541 1835 atl
589 1798 815 1850 superna
855 1783 1124 1852 erigeret;
1178 1785 1311 1851 patri
1351 1785 1512 1836 etiam
1542 1783 1758 1834 demum

1863 587 2040 641 adhuc
2084 587 2135 640 itt
2179 588 2333 640 annis
2380 591 2720 652 constitutus,
2772 587 3042 657 sapienter
3095 587 3205 643 suis
3263 604 3446 645 secum

1863 680 2156 734 astantibus
2185 681 2371 734 amicis
2399 680 2660 732 allocutus
2693 692 2794 741 est,
2829 690 2880 733 et
2911 679 3052 749 quod
3092 680 3260 732 multo
3291 682 3441 732 Vidi?-

1867 771 1988 824 licct
2029 777 2270 838 tempore
2299 769 2663 822 tnooasteriali
2693 785 2751 821 se
2784 771 2980 839 regular
3010 771 3277 834 subjicere
3302 769 3448 823 desi-

1864 863 2131 922 derasset,
2160 861 2461 913 rationabili
2493 859 2695 929 prolata
2729 861 3005 927 petitione,
3029 861 3170 913 sicut
3195 876 3224 913 a
3257 875 3448 928 paren-

1871 953 2015 1006 tibus
2047 952 2252 1020 pridem
2296 951 2514 1005 edoctus
2546 960 2683 1016 erat,
2737 951 3004 1005 indicavit.
3055 951 3151 1005 Cui
3205 953 3447 1020 protinus

1867 1043 2024 1098 l'atcr
2053 1043 2363 1097 monasterii
2416 1043 2545 1096 inito
2600 1042 2823 1096 fratrum
2859 1042 3104 1106 consilio,
3155 1053 3210 1096 et
3258 1057 3442 1096 eorum

1864 1144 2077 1202 accepta
2111 1135 2272 1202 (sicut
2317 1133 2575 1200 regularis
2621 1133 2741 1187 vita:
2798 1132 3041 1200 poposcit
3079 1131 3234 1200 ordo)
3283 1133 3448 1186 bene-

1863 1229 2098 1283 dictione
2127 1245 2446 1282 consensum
2485 1229 2706 1297 pra'buit
2739 1238 2792 1281 et
2820 1229 3092 1282 ell'ecltttn.
3140 1229 3334 1298 Sicque
3366 1230 3446 1283 vir

1867 1320 1978 1384 Dei,
2013 1321 2210 1374 carnali
2263 1323 2485 1372 orbatus
2535 1329 2706 1387 patre,
2753 1318 3059 1386 adoptivum
3133 1329 3327 1373 nostra:
3362 1337 3444 1373 rc-

1865 1413 2187 1482 demptionis
2219 1423 2431 1465 secutus
2463 1422 2543 1465 est
2589 1421 2790 1478 patrem
2817 1427 2829 1472 ;
2884 1414 3217 1479 terrenisque
3245 1413 3445 1467 .smculi

1867 1506 2175 1560 renuntiatis
2227 1506 2411 1568 lucris,
2468 1505 2873 1557 mercimoniuttt
2925 1503 3179 1570 deinceps
3229 1514 3445 1557 acterna:

1867 1599 2194 1651 ba-rcditatis
2225 1596 2503 1664 acquiri-re
2552 1598 2843 1660 satagebat,
2881 1606 2936 1648 ttt
2975 1595 3124 1664 juxta
3157 1595 3444 1650 veridicum

1867 1687 2120 1741 Veritatis
2153 1704 2336 1740 vocent
2365 1698 2570 1754 patrem
2603 1688 2952 1754 relinquendo
2978 1703 3040 1741 ac
3069 1700 3319 1753 matrem,
3352 1699 3445 1742 aut

1864 1792 2042 1847 agros,
2077 1789 2166 1830 aut
2198 1779 2298 1830 alia
2332 1793 2448 1846 qua:
2481 1778 2638 1841 hujus
2683 1778 2890 1839 mundi,
2936 1779 3242 1847 centuplum
3296 1781 3440 1834 acci-

174 1869 286 1923 lucc
310 1887 429 1939 que
462 1875 642 1926 animo
671 1874 890 1940 gerebat
921 1874 1196 1938 revelavit,
1237 1884 1291 1927 et
1321 1884 1377 1925 ut
1407 1887 1518 1925 siue
1559 1885 1755 1924 consu-
1787 1857 1832 1915 Β
1867 1879 2036 1936 peret,
2064 1877 2117 1921 et
2151 1869 2312 1921 vitam
2341 1878 2595 1920 aeternam
2631 1867 2931 1936 possideret
2963 1867 3180 1936 (Matth.
3211 1871 3350 1935 xix).

173 1959 306 2012 lcrct
348 1961 607 2012 voluntati
643 1964 866 2028 rogavit.
900 1964 1016 2028 Quo
1045 1971 1324 2030 comperto
1352 1963 1758 2028 obstupefactus

177 2059 348 2115 pater,
404 2064 596 2118 magna
647 2066 767 2104 eum
818 2050 1198 2118 increpationis
1242 2052 1512 2117 instantia,
1562 2055 1753 2120 partim

175 2139 334 2190 minis
366 2155 432 2192 ne
459 2154 520 2192 se
553 2140 824 2193 desereret
856 2141 1150 2209 prohibuit,
1183 2141 1374 2210 partim
1406 2143 1568 2196 etiam
1601 2143 1756 2196 blan-

168 2231 421 2284 dimentis
463 2232 528 2284 ad
581 2233 854 2285 swcularis
903 2247 1085 2286 curam
1116 2234 1402 2303 instigabat
1445 2237 1664 2304 negotii,
1699 2243 1757 2288 ttt

167 2331 522 2390 tetnporaneo
549 2339 670 2376 eum
701 2325 1019 2377 transitoria:
1051 2327 1380 2381 hzereditatis
1405 2329 1754 2395 subjuogeret

170 2414 340 2478 lucro,
378 2425 435 2470 et
467 2430 586 2470 sese
617 2414 934 2483 quandoque
962 2417 1216 2470 defuncto
1255 2432 1366 2470 suae
1416 2428 1644 2471 terrente
1675 2419 1755 2469 fa-

163 2510 382 2560 cultatis
414 2509 716 2573 Custodem,
743 2511 849 2564 into
893 2511 1053 2564 etiam
1092 2511 1358 2565 hatredcm
1397 2511 1746 2580 relinqueret.

171 2599 358 2653 Verbis
389 2602 611 2666 quidem
659 2605 1063 2670 quamplurimis
1112 2603 1448 2658 fraudulenta
1502 2605 1752 2657 humanm

161 2692 472 2746 calliditatis
501 2709 626 2746 usus
651 2696 903 2759 versutia,
931 2705 1172 2749 tenerum
1193 2709 1220 2747 a
1243 2696 1401 2764 ccepti
1429 2697 1752 2762 perfectione

164 2783 427 2848 prepositi
471 2784 710 2835 animum
742 2785 1008 2838 declinare
1041 2785 1282 2849 tentavit,
1313 2785 1587 2852 magisque
1617 2785 1753 2839 hanc

167 2887 276 2924 sua:
308 2872 735 2926 tolerabiliorem
777 2888 896 2927 esse
939 2874 1176 2927 infantia:
1203 2873 1451 2937 activam,
1479 2889 1635 2942 quam
1672 2873 1753 2926 vi-

166 2971 271 3013 tam
331 2964 729 3017 tttOttasterialis
780 2964 983 3018 tttilitie
1031 2963 1526 3032 contemplativam,
1573 2965 1752 3018 multi-

167 3053 287 3119 plici
337 3069 652 3107 sermonum
705 3055 1008 3108 adulatione
1057 3055 1336 3122 promittit,
1394 3066 1448 3108 ut
1478 3056 1558 3109 vel
1605 3055 1742 3110 sica

165 3146 427 3213 prepositi
463 3147 620 3215 hujus
642 3147 925 3200 conamine
948 3161 1068 3200 eum
1097 3147 1396 3212 cohiberet,
1420 3154 1475 3199 et
1501 3148 1565 3199 ad
1592 3163 1748 3200 mun-

1859 1981 2036 2034 CAPL‘T
2069 1980 2129 2033 ΙΙ.
2155 2011 2226 2020 -
2258 1982 2492 2045 Qualiter
2537 1982 2886 2034 adolescentiw
2914 1982 3162 2034 incentiva
3208 1984 3443 2048 primitus

2101 2055 2380 2118 frangeret,
2408 2064 2452 2104 et
2483 2053 2714 2103 omnibus
2744 2054 2886 2103 bonis
2911 2051 3200 2105 inltmerct.

1935 2138 1986 2192 6.
2032 2139 2256 2206 Expleto
2309 2142 2491 2210 igitur,
2549 2141 2673 2195 licet
2718 2143 3060 2207 summatitn,
3113 2142 3442 2210 primordiali

1857 2227 2206 2298 expositionis
2239 2241 2433 2284 nostrte
2464 2231 2673 2294 ordine,
2707 2231 2798 2299 qui
2830 2232 2972 2300 quali
2995 2245 3055 2284 se
3079 2231 3130 2284 in
3157 2231 3308 2285 initio
3327 2243 3439 2285 stu-

1863 2321 2030 2375 diosa:
2059 2321 2484 2375 conversationis
2511 2323 2880 2376 sanctimonia!
2908 2322 3224 2386 subdiderit,
3261 2323 3441 2376 brevi-

1863 2422 1942 2466 ter
1970 2413 2309 2479 protulimus,
2341 2422 2398 2464 ut
2441 2411 2655 2465 fabricae
2685 2428 2714 2464 a
2747 2413 2900 2464 nobis
2932 2411 3282 2465 fundamento
3310 2427 3439 2465 Cotl-

1857 2504 2018 2568 fccto,
2049 2513 2332 2557 structura:
2364 2504 2614 2572 paulatim
2635 2503 2933 2559 sublimitas
2964 2504 3029 2558 ad
3049 2520 3255 2559 summa
3277 2506 3437 2560 altius

1855 2598 2172 2664 erigeretur.
2225 2597 2512 2664 Postquam
2565 2598 2725 2666 igitur
2773 2597 3008 2652 infantia:
3037 2608 3241 2665 septem
3289 2598 3436 2652 evol-

1857 2698 2052 2742 vuntur
2076 2690 2221 2750 anni,
2251 2689 2476 2756 puerilis
2505 2689 2822 2743 adveniente
2844 2689 3040 2744 decore
3063 2691 3254 2754 anatis,
3275 2690 3437 2745 etiant

1853 2781 1986 2832 mira
2017 2779 2070 2832 in
2094 2793 2160 2832 eo
2182 2779 2422 2832 scientiae
2447 2780 2730 2846 prmvaluit
2763 2779 3038 2834 fortitudo.
3067 2780 3249 2851 Magna
3273 2783 3437 2851 siqui-

1853 2871 1974 2925 dem
2017 2871 2211 2924 mentis
2260 2880 2317 2925 et
2368 2871 2625 2939 ineﬂ‘abili
2673 2877 2951 2941 gravitate,
3006 2877 3213 2930 cmlesti
3269 2878 3436 2947 inspi-

1853 2975 2005 3017 rante
2033 2964 2222 3032 gratia,
2271 2963 2411 3017 sicut
2457 2964 2840 3034 subsequentia
2875 2966 3029 3036 hujus
3062 2970 3240 3036 operis
3268 2969 3434 3024 docu-

1851 3068 2032 3114 menta
2067 3060 2366 3124 declarant,
2397 3060 2595 3114 ditatus
2639 3071 2739 3125 est,
2770 3071 2824 3116 et
2851 3063 3135 3116 multarum
3181 3065 3434 3119 castimo-

1853 3147 1936 3200 nia
1965 3149 2244 3213 virtutum,
2271 3149 2420 3215 juxta
2455 3159 2731 3203 ostensum
2782 3161 3086 3207 sanctorum
3123 3157 3424 3224 exemplar,

161 3235 284 3289 dani
320 3235 478 3290 luxus
506 3237 784 3291 mollitiem
830 3237 1096 3292 incitaret.
1146 3237 1252 3294 Sed
1284 3239 1362 3292 vir
1402 3236 1514 3306 jam
1549 3239 1655 3291 Deo
1686 3240 1737 3292 in
1773 3218 1821 3282 (ἶ
1855 3239 2265 3306 praecedentium
2297 3249 2351 3294 et
2376 3243 2757 3296 venerabilium
2785 3244 3044 3300 institutis
3071 3218 3430 3304 Patrum'sub-

167 3329 391 3393 pueritia
425 3328 634 3396 plenus,
667 3337 863 3395 quanto
892 3337 972 3382 est
1003 3343 1034 3382 a
1063 3338 1212 3398 patre
1245 3330 1366 3397 plus
1420 3329 1746 3397 prohibitus,

163 3427 310 3471 tanto
337 3418 533 3472 mentis
563 3429 775 3486 arrepta
803 3420 1112 3475 fortitudine
1137 3423 1414 3476 ccelestem
1439 3422 1537 3475 sibi
1567 3423 1748 3487 acqui-

160 3525 280 3565 rere
318 3511 652 3574 thesaurum,
686 3524 737 3563 et
768 3511 934 3566 sacris
967 3527 1027 3566 se
1071 3514 1399 3581 conjungere
1444 3511 1745 3566 litterarum

159 3602 352 3655 studiis
397 3604 585 3656 anxius
614 3602 918 3658 anhelabat.
953 3602 1144 3671 Fitque
1179 3603 1373 3658 mirum
1404 3603 1456 3657 in
1503 3603 1743 3670 modum,

158 3695 317 3749 sicuti
349 3709 563 3762 semper
592 3695 776 3748 divina
807 3711 965 3764 agere
988 3697 1128 3750 solet
1157 3696 1544 3760 misericordia,
1568 3706 1624 3748 ut
1651 3709 1747 3748 suo

161 3785 532 3838 imbecillioris
561 3785 737 3840 :etatis
780 3786 936 3840 militi
970 3785 1110 3840 Deus
1150 3795 1206 3840 et
1243 3796 1434 3855 ereptae
1475 3786 1552 3840 rei
1601 3784 1742 3840 sola-

159 3879 315 3942 tium,
340 3887 396 3931 et
415 3878 587 3931 anxia:
605 3879 897 3934 voluntatis
919 3888 1288 3948 augmentum,
1319 3879 1740 3946 obsistentisque

157 3971 495 4036 repentinam
551 3971 718 4038 patris
779 3971 1131 4024 mutationem
1192 3970 1389 4024 mentis
1461 3970 1746 4038 providens

157 4059 493 4114 condenaret
522 4080 535 4114 :
563 4062 632 4116 ita
658 4071 712 4114 ut
736 4076 838 4113 uno
859 4061 1159 4129 eodemque
1181 4060 1440 4128 temporis
1466 4075 1745 4125 successu,

159 4164 215 4209 et
263 4153 459 4208 festina
516 4162 721 4223 patrem
775 4153 1037 4221 agritudo
1086 4155 1364 4208 subitaneo
1405 4154 1514 4222 jam
1572 4151 1746 4205 immi-

163 4256 327 4298 nente
359 4245 545 4297 mortis
596 4244 823 4298 articulo
853 4246 1202 4312 subrepserit,
1233 4254 1288 4299 et
1318 4245 1400 4312 pia
1432 4243 1746 4313 quantocius

161 4337 314 4402 pueri
351 4350 547 4405 magno
595 4335 822 4402 tempori
866 4335 1147 4389 intervallo
1177 4335 1465 4403 prmpedita
1500 4334 1746 4388 voluntas

157 4429 511 4492 succreverit,
540 4428 870 4494 Dominoque
901 4427 1018 4482 Deo
1037 4427 1328 4498 adjuvante
1351 4428 1746 4482 succrescendo

161 4521 384 4588 impleta
418 4531 502 4573 est
529 4536 592 4574 ae
631 4523 886 4587 perfecta.

1850 3331 2013 3395 ditus,
2067 3333 2369 3386 declaratus
2405 3348 2466 3387 ac
2507 3334 2810 3390 decoratus.
2863 3336 3008 3392 Adeo
3052 3341 3197 3394 enim
3247 3341 3432 3395 divino

1850 3426 2052 3479 exarsit
2098 3425 2332 3492 ingenio,
2385 3441 2449 3480 ac
2504 3426 2749 3481 lectionis
2799 3429 3040 3497 apprime
3089 3447 3149 3486 se
3195 3434 3432 3488 subdidit

1852 3517 2134 3582 exercitio,
2166 3525 2222 3570 ut
2246 3516 2467 3585 singulis
2507 3517 2806 3586 quibusque
2851 3519 3046 3574 additis
3093 3525 3424 3588 temporibus

1850 3611 2136 3662 momentis
2178 3619 2338 3677 atque
2370 3608 2514 3662 horis
2543 3625 2915 3679 annorumque
2960 3613 3243 3668 curriculis
3270 3631 3432 3684 auge-

1849 3710 2033 3751 rentur
2061 3698 2309 3750 etiamin
2360 3713 2426 3751 eo
2470 3712 2700 3766 superna
2754 3699 3083 3767 adjumenta,
3138 3703 3428 3770 divinaque

1850 3787 2112 3841 donorum
2146 3786 2475 3840 incrementa
2507 3788 2827 3856 protectoris
2859 3805 2873 3841 :
2907 3799 2958 3844 et
2997 3803 3198 3859 quanto
3247 3802 3428 3860 pasto-

1848 3879 1977 3932 ralis
2031 3877 2338 3947 pmdagogio
2385 3879 2677 3947 magisterii
2710 3889 2792 3933 est
2835 3893 3136 3948 provectus,
3177 3893 3322 3937 tanto
3361 3885 3427 3938 ad

1850 3971 2143 4037 profectum
2174 3981 2390 4024 (eterna:
2441 3969 2790 4024 beatitudinis
2818 3973 2981 4040 (sicut
3027 3972 3212 4028 fideles
3240 3975 3427 4029 confa-

1848 4063 2166 4117 miliaritatis
2198 4063 2343 4116 illius
2381 4062 2491 4116 veri
2545 4077 2638 4130 pro
2685 4073 2834 4117 certo
2879 4065 3058 4118 testati
3112 4065 3258 4136 sunt)
3303 4079 3427 4122 eum

1851 4153 2162 4222 quotidiana
2195 4153 2312 4220 ejus
2341 4153 2514 4207 studia
2557 4152 2671 4222 jugi
2720 4153 2888 4209 laudis
2933 4155 3146 4208 litterali
3204 4157 3431 4211 medita-

1853 4246 2002 4298 tione
2033 4245 2118 4299 die
2166 4256 2435 4314 noctuque
2485 4244 2807 4309 incitavere,
2841 4255 3025 4298 contra
3067 4245 3286 4301 infestas
3313 4248 3430 4302 dia-

1849 4335 2037 4388 bolica:
2094 4336 2454 4404 suggestionis
2505 4335 2943 4403 persecutiones,
3005 4351 3127 4404 qua:
3189 4347 3427 4391 tenerunt

1848 4441 1990 4494 sepe
2019 4427 2155 4491 apud
2193 4427 2445 4479 mortales
2471 4425 2764 4494 iuventutis
2799 4425 2983 4480 florem
3030 4442 3128 4482 ceu
3173 4429 3430 4484 nebulosa

1851 4492 2075 4583 quadam
2108 4517 2367 4569 excitatis
2400 4492 2922 4585 caligine‘btegcre
2950 4518 3145 4582 solent,
3177 4519 3434 4573 mirabili-

232 4615 294 4666 5.
332 4610 618 4676 Postquam
644 4613 784 4663 enim
810 4610 946 4662 miro
976 4609 1384 4677 dispensationis
1417 4610 1509 4664 Dei
1548 4609 1745 4679 judicio
1778 4609 1826 4668 D
1857 4618 1935 4662 ter
1966 4618 2246 4676 protexere
2281 4625 2292 4658 :
2342 4608 2411 4660 ita
2459 4617 2516 4659 ut
2559 4607 2719 4659 etiam
2777 4617 2996 4674 propter
3043 4608 3431 4663 indesinentem

163 4703 442 4757 carnalem
476 4705 661 4770 ingens
692 4704 862 4758 sancti
894 4703 992 4755 viri
1035 4712 1234 4768 patrem
1287 4704 1585 4770 arripuerat
1633 4707 1746 4757 lan-

161 4810 320 4864 guor,
353 4794 597 4860 deposita
632 4809 752 4846 mox
786 4794 1009 4862 pristina
1055 4793 1251 4847 mentis
1295 4795 1588 4861 pertinacia
1621 4811 1751 4861 pue-

162 4902 306 4948 rum,
348 4885 767 4953 prooinquorum
802 4885 942 4938 facta
972 4886 1351 4949 conventione,
1383 4885 1446 4937 ad
1479 4897 1752 4940 monaste-

163 4979 302 5029 rium
350 4975 494 5043 quod
552 4977 844 5044 priscorum
897 4985 1232 5042 nuncupatur
1292 4976 1555 5030 vocabulo
1609 4978 1748 5032 Ade-

163 5078 466 5120 stancastre
523 5074 547 5099 α
600 5077 929 5134 spontaneos
984 5079 1014 5117 a
1069 5067 1294 5120 Domino
1354 5067 1568 5136 quidem
1623 5083 1748 5122 eor-

166 5171 350 5228 reptus
389 5159 606 5222 direxit,
636 5167 690 5212 et
720 5158 861 5212 fideli
888 5159 1009 5212 viro
1043 5157 1338 5224 Wolfardo,
1371 5160 1458 5228 qui
1501 5169 1556 5214 et
1584 5161 1750 5216 abbas

166 5253 376 5308 exstitit
427 5252 569 5304 illius
603 5253 938 5314 monasterii,
971 5265 1065 5320 per
1108 5250 1295 5304 fideles
1325 5264 1434 5304 sua:
1467 5251 1748 5318 legationis

238 5404 261 5430 ⁸
294 5394 428 5446 Aliis
458 5392 857 5444 Ade~cancastre
884 5397 936 5440 et
981 5388 1045 5439 ad
1096 5386 1281 5440 I'Iscam
1331 5397 1570 5450 castrum,
1598 5386 1742 5450 quod

167 5465 467 5519 EdWardus
503 5461 722 5512 Maihcw
751 5458 802 5510 in
835 5459 1209 5526 Martyrologio
1239 5459 1411 5522 Anglo
1444 5456 1742 5510 Benedicti-

169 5555 234 5589 no
265 5551 371 5587 non
409 5532 550 5585 male
583 5531 967 5595 interpretatur
994 5529 1276 5589 Exoniam,
1309 5530 1463 5594 Vulgo
1486 5527 1742 5589 It'xcester,

170 5610 477 5673 primariam
513 5600 766 5673 Devonia:
792 5599 891 5650 civi
913 5608 1058 5673 atem
1095 5599 1156 5673 ad
1191 5601 1353 5673 lscatn
1381 5601 1602 5673 flumen,
1630 5614 1747 5664 qua:

167 5668 652 5730 λιιιτδιτίιιιρτιςιιιηυ
697 5669 832 5722 dicta
882 5671 969 5730 sit,
1001 5671 1150 5730 quasi
1187 5671 1426 5722 (Iastium
1459 5670 1522 5717 ad
1558 5668 1744 5730 bram,

168 5757 371 5799 tanictst
412 5741 797 5796 monasterium
826 5742 963 5801 apud
1000 5741 1254 5792 litttmtatu
1299 5751 1406 5789 ttttn
1437 5740 1602 5789 luisse
1636 5741 1749 5790 nul~

169 5823 264 5872 ιυιι,
305 5816 478 5886 piodit
512 5820 938 5867 ιιιυηυηθριιίιιιιι.
975 5811 1132 5873 ΙῖριΙίι,
1171 5810 1218 5862 tu
1261 5811 1329 5863 lib
1389 5823 1460 5875 trt,
1510 5826 1626 5878 cap.
1658 5809 1750 5874 22-3.,

1854 4699 2121 4752 diuturna:
2164 4697 2534 4750 sollicitudinis
2581 4695 2701 4763 ejus
2741 4711 2923 4751 curam
2966 4707 3019 4750 et
3051 4698 3432 4766 sempiternam

1854 4805 2124 4843 sacrarum
2177 4789 2350 4858 legum
2383 4789 2856 4849 examinationetn,
2896 4788 3209 4842 illecebrosa
3264 4791 3316 4844 in
3365 4807 3432 4846 eo

1854 4879 2230 4934 adolescentia:
2279 4878 2544 4932 incentiva
2587 4887 2642 4931 et
2692 4877 2992 4932 carnalium
3044 4879 3432 4936 desideriorum

1854 4977 2080 5044 impetus
2132 4975 2380 5043 primitus
2425 4975 2802 5042 impingentes,
2857 4974 3085 5028 Domino
3137 4976 3245 5029 Deo
3287 4976 3435 5030 auxi-

1855 5068 2052 5129 liante,
2107 5065 2337 5118 maxima
2394 5079 2455 5118 ex
2519 5075 2669 5132 parte
2717 5064 3006 5129 sedavere,
3052 5066 3323 5132 magisque
3374 5081 3435 5120 ac

1853 5159 2018 5225 magis
2061 5158 2125 5210 ad
2178 5171 2515 5210 communem
2548 5157 2851 5224 provehunt
2885 5156 3204 5224 p0pulorum
3235 5157 3444 5210 doctri-

1854 5266 2015 5313 nam;
2072 5265 2255 5317 quam,
2303 5263 2408 5301 non
2444 5249 2611 5301 multo
2656 5257 2924 5302 transacto
2973 5251 3229 5318 temporis
3272 5250 3444 5304 inter-

1860 5386 2105 5439 meminit
2160 5383 2478 5446 Ytancestir,
2533 5383 2681 5436 urbis
2735 5383 3069 5436 orientalium
3129 5345 3442 5445 Saxonth

1859 5472 2015 5522 quam
2068 5457 2119 5507 in
2155 5457 2269 5522 ripa
2307 5454 2466 5505 I’ante
2503 5455 2668 5506 omnis
2719 5454 2875 5517 locat,
2909 5457 2995 5505 ubi
3044 5463 3097 5505 et
3127 5455 3185 5508 8.
3227 5453 3438 5506 Cedtlus

1859 5529 2142 5593 episcopus
2175 5526 2355 5578 sedem
2409 5524 2569 5592 figere
2621 5525 2805 5577 solitus
2835 5533 2970 5575 erat.
3005 5522 3306 5584 ltancertrr,
3333 5523 3432 5576 Es-

1859 5601 2020 5648 sexitc
2077 5596 2354 5662 oppidum,
2390 5595 2548 5647 hodie
2579 5594 2637 5648 S.
2672 5594 2812 5647 l‘etri
2857 5596 2922 5644 ad
2969 5593 3225 5660 Aggerem
3254 5597 3438 5660 appel-

1863 5669 2022 5728 latur,
2059 5670 2222 5728 vulgo
2269 5667 2330 5718 8.
2386 5665 2578 5716 Peters.
2616 5671 2678 5717 At
2713 5666 2857 5716 locus
2891 5663 2973 5716 Itic
3004 5665 3067 5716 de
3114 5663 3440 5718 tnonastetiu

1863 5738 2283 5789 occidentalium
2319 5741 2589 5790 basonum
2618 5735 3047 5805 itttetpretattdus
3073 5744 3173 5799 est,
3201 5744 3256 5789 ut
3279 5747 3445 5803 sopiat

1863 5812 2222 5876 piabavttttns.
