4170 6532
713 417 810 471 (ill?

1677 414 1734 474 S.
1780 407 2180 468 BONIFACIUS
2220 407 2516 465 MOCUNT.
2560 407 2952 466 EPISCOPUS.

3876 408 3976 466 608

727 542 885 601 VztIlO,
913 535 1201 591 secundum
1255 529 1559 601 pontificale
1607 528 1991 584 ecclesiastica:
2022 525 2289 579 definitio-
2326 527 2376 584 A
2403 524 2635 578 virorum
2665 539 2824 593 quam
2879 525 3038 579 etiam
3087 524 3347 594 virginum
3397 523 3593 580 Christi
3638 527 3971 593 apertissime

727 633 808 686 nis
837 632 1110 685 decretum
1157 627 1446 690 inchoavit,
1478 623 1726 678 dilatavit
1764 638 1824 678 ac
1874 621 2116 688 perfecit.
2149 619 2296 685 Quo-

729 729 868 780 niam
898 725 1095 778 caduca
1143 719 1299 788 hujus
1347 717 1528 773 mttndi
1561 725 1909 772 contemnens
1955 723 2292 778 ornamenta,

728 814 1116 872 monasterialis
1145 813 1269 865 vita:
1303 825 1544 864 normam
1576 810 1626 863 in
1658 806 1879 861 infantia
1925 821 2021 860 sua
2052 806 2155 860 rite
2196 805 2296 859 sub

725 911 996 964 moderata
1024 905 1195 960 Patris
1242 903 1448 973 prmfati
1491 902 1878 972 gubernatione
1907 915 2075 955 annos
2107 915 2296 969 quam-

733 1001 990 1069 plurimos
1017 997 1324 1062 custodivit,
1354 997 1525 1051 donec
1552 995 1796 1063 pueritiae
1838 997 2129 1049 fatescente
2161 993 2298 1063 ML,

729 1090 1050 1163 fac'essante]
1084 1092 1296 1145 lascivia
1349 1096 1402 1143 et
1450 1086 1742 1155 pubertatis
1789 1086 2082 1140 inchoante
2114 1084 2298 1139 adole-

725 1187 929 1241 scentia
975 1185 1247 1239 ardentior
1272 1183 1420 1237 illum
1447 1180 1698 1248 ingenioli
1729 1180 1812 1233 sui
1839 1179 2084 1232 voluntas
2107 1191 2300 1232 accen-

726 1278 822 1341 dit,
860 1283 917 1330 nt
945 1276 1007 1330 ad
1043 1276 1262 1329 finitima
1305 1282 1520 1344 quoque
1564 1272 1907 1337 monasteria,
1955 1269 2300 1341 magisteriali

729 1371 974 1425 lectionis
1023 1377 1340 1438 provocatus
1371 1366 1610 1437 penuria,
1662 1380 1782 1419 cum
1829 1379 2099 1419 consensu
2145 1373 2302 1433 atque

729 1460 958 1514 consilio
985 1473 1373 1514 conservorum
1403 1455 1640 1511 fidelium
1671 1454 1954 1525 Patrisque
1995 1453 2301 1509 monasterii

731 1552 945 1621 perveni
958 1562 1056 1606 ret.

799 1643 850 1696 7.
893 1642 1133 1710 Cumque
1158 1650 1282 1695 voto
1309 1641 1465 1695 simul
1494 1651 1547 1696 et
1572 1640 1863 1696 intentione
1899 1639 2298 1708 Omnipotentis

725 1731 825 1786 sibi
862 1733 1052 1788 adesse
1081 1733 1410 1788 incessanter
1438 1749 1625 1802 magna
1654 1750 1866 1800 precum
1914 1734 2160 1788 instantia
2190 1737 2303 1789 suf-

729 1823 953 1890 fragium
989 1825 1295 1891 postularet,
1323 1825 1534 1878 tandem
1565 1825 1742 1878 divina
1773 1827 1982 1879 cmlitus
2010 1825 2303 1892 inspirante

2399 615 2610 669 claruit.
2657 615 2891 682 Quorum
2937 615 3151 683 quidem
3195 615 3766 683 quamplurimi,virili
3811 628 3970 670 savus

2399 708 2592 761 robore
2642 705 2924 760 confortati
2976 719 3030 760 et
3078 707 3320 761 lectionis
3361 705 3608 760 instantia
3667 706 3974 766 incitati,ad

2399 814 2520 852 eum
2551 798 2874 862 confluxere,
2908 806 2962 852 et
2992 798 3359 852 saluberrima:
3382 799 3616 852 scientiae
3648 799 3845 853 fontem
3879 813 3972 865 po-

2401 902 2592 955 tantes,
2645 905 2926 946 numerosa
2980 889 3377 959 Scripturarum
3432 890 3697 944 volumina
3753 891 3974 958 legendo

2401 997 2734 1039 recensuere.
2769 984 2971 1051 Quibus
3012 998 3141 1052 ergo
3171 999 3331 1036 sexus
3361 983 3666 1037 infirmioris
3693 981 3974 1036 imbecilli-

2402 1085 2482 1130 tas
2515 1078 2702 1138 inerat,
2735 1085 2788 1129 et
2817 1075 3028 1129 assidua
3059 1075 3313 1144 pergendi
3338 1075 3697 1144 abnegabatur
3728 1073 3972 1138 facultas,

2404 1176 2560 1221 tanta:
2587 1166 2690 1221 sibi
2739 1167 3020 1236 sapientia:
3071 1166 3241 1221 virum
3299 1166 3458 1221 divini
3514 1167 3730 1222 inflante
3777 1165 3975 1234 Spiritu

2404 1258 2598 1313 amoris
2646 1259 2953 1328 praesentari
2999 1258 3276 1322 fecerunt,
3329 1259 3746 1330 paginarumque
3799 1269 3976 1312 trans-

2405 1359 2681 1406 Currentes
2725 1351 2940 1413 seriem,
2969 1351 3170 1405 cmlesti
3215 1350 3472 1404 instanter
3514 1348 3772 1405 scrutinio
3816 1347 3982 1402 infue-

2405 1456 2545 1506 sere,
2560 1450 2614 1496 et
2628 1451 3080 1497 sacramentorum
3097 1457 3288 1496 arcana
3309 1442 3787 1512 mysteriorumqne
3799 1441 3976 1495 abdita

2401 1533 2596 1602 jugiter
2626 1532 3042 1588 meditabantur.
3095 1534 3261 1599 Quem
3309 1533 3378 1588 ita
3420 1547 3646 1602 superna
3685 1534 3979 1587 sublevavit

2405 1626 2596 1695 gratia,
2638 1633 2694 1678 ut
2741 1624 2894 1693 juxta
2948 1623 3145 1695 egregii
3200 1625 3560 1692 prredicatoris
3613 1623 3885 1692 exemplar
3925 1629 3980 1675 et

2406 1719 2640 1787 gentium
2687 1717 2920 1770 doctoris
2963 1731 3167 1778 vocem,
3200 1715 3423 1768 formam
3475 1715 3676 1767 habens
3727 1727 3977 1767 sanorum

2406 1809 2690 1862 verborum
2715 1849 2728 1872 ,
2765 1809 2815 1861 in
2849 1807 2952 1862 [ide
2981 1819 3033 1861 et
3061 1808 3346 1861 dilectione
3375 1806 3500 1861 Jesu
3532 1806 3728 1860 Christi
3756 1805 3982 1859 sollicite

730 1916 920 1980 gratia,
949 1915 1012 1967 ad
1045 1917 1419 1968 monasterium
1451 1915 1590 1984 quod
1639 1932 1803 1984 usque
1849 1917 2004 1969 ιιοιιίε
2038 1917 2304 1970 Νιιιδρειιυ
2339 1883 2382 1940 Β
2410 1918 2601 1956 curans
2626 1905 2857 1971 seipsum
2885 1902 3206 1969 probabilem
3236 1902 3514 1956 exhiberet
3540 1901 3648 1955 Deo
3679 1899 3982 1984 Operarimn

731 2007 861 2073 ML,
886 2007 1166 2076 Nuiscelle]
1194 2007 1403 2068 dicitur,
1439 2008 1699 2075 pervenit,
1732 2017 1787 2061 ct
1834 2009 2002 2061 beata:
2035 2008 2306 2061 memoriae

734 2098 1060 2150 Winherchti
1094 2099 1223 2167 ML,
1261 2096 1504 2167 Wihcrti]
1532 2097 1738 2152 abbatis
1762 2138 1776 2162 ,
1809 2097 1895 2166 qui
1926 2097 2308 2152 venerabiliter

731 2189 1038 2256 prmdictnm
1067 2189 1164 2242 sub
1195 2189 1417 2255 regulari
1459 2188 1734 2255 disciplina
1784 2190 2000 2258 regebat
2031 2199 2306 2242 monaste-

731 2279 888 2342 rium,
919 2278 1142 2343 spiritali
1177 2280 1467 2330 litterarum
1495 2287 1518 2313 ι
1552 2277 1822 2344 diligentia
1853 2288 2168 2346 provocatus
2195 2279 2306 2332 ele-

724 2369 798 2435 git
823 2367 1202 2435 magisterium,
1224 2367 1550 2435 fratrumque
1578 2383 1757 2422 secum
1788 2369 1836 2422 in
1863 2369 2086 2422 Domino
2114 2369 2293 2421 viven-

730 2457 859 2510 tium
914 2458 1296 2519 contubernia;
1357 2474 1419 2510 ac
1473 2461 1549 2512 sic
1606 2474 1881 2512 servorum
1938 2459 2032 2513 Dei
2086 2461 2298 2527 junctus

727 2551 1016 2616 consortio,
1045 2550 1291 2603 devotum
1320 2549 1541 2602 Domino
1571 2550 1679 2602 Deo
1699 2551 1970 2603 servitium
1995 2559 2048 2602 et
2070 2550 2296 2604 laborio-

729 2658 840 2696 sam
871 2645 1162 2710 vigiliarum
1189 2644 1489 2696 instantiam
1510 2644 1855 2712 lectionisque
1877 2643 2074 2697 divina:
2093 2661 2308 2713 operam

729 2736 928 2802 ingenti
976 2735 1330 2788 meditationis
1360 2735 1536 2789 studio
1575 2734 1853 2789 exhibuit:
1885 2736 1953 2788 ita
1985 2744 2043 2789 ut
2075 2735 2303 2789 maxima

728 2827 941 2879 demum
987 2827 1376 2894 Scripturarum
1425 2827 1760 2890 eruditione,
1795 2835 1901 2879 tam
1948 2830 2311 2894 grammatica:

731 2921 860 2971 artis
902 2920 1199 2988 eloquentia
1251 2929 1305 2973 et
1353 2929 1647 2973 metrorutn
1695 2919 1997 2972 medullam:
2051 2920 2312 2973 facundia:

733 3011 1128 3074 modulatione,
1158 3025 1314 3079 quam
1345 3012 1502 3064 etiam
1548 3009 1783 3064 historia:
1829 3011 2052 3078 simplici
2096 3012 2310 3079 exposi-

732 3102 872 3154 tione
906 3141 922 3164 ,
955 3113 1004 3154 et
1046 3101 1296 3170 spiritalis
1348 3101 1608 3168 tripertita
1656 3101 2019 3169 intelligentia:
2051 3103 2313 3171 interpre-

729 3198 929 3245 tatione
946 3192 1201 3256 imbutus,
1221 3192 1557 3260 dictandique
1576 3193 1764 3261 peritia
1783 3192 2120 3246 laudabiliter
2142 3194 2305 3251 lnlsit.

731 3298 788 3340 ut
805 3287 964 3340 etiam
979 3287 1095 3339 aliis
1111 3287 1320 3340 demum
1342 3298 1680 3353 paternarum
1703 3288 1972 3342 exstiterit
1997 3289 2312 3357 paedagogus

732 3378 1095 3438 traditionem,
1129 3386 1183 3431 et
1227 3387 1411 3430 auctor
1458 3377 1783 3446 magisterii,
1815 3378 1906 3444 qui
1937 3386 1988 3431 et
2016 3377 2314 3447 discipulus

733 3475 886 3518 antea
916 3466 1275 3532 subjectorum
1305 3480 1425 3518 esse
1451 3480 1553 3517 non
1587 3466 1871 3519 recusavit.

805 3554 861 3609 8.
903 3556 1159 3622 Quoniam
1193 3571 1358 3610 sacrm
1391 3572 1505 3609 mos
1534 3567 1615 3612 est
1641 3559 2064 3612 conversationis
2099 3568 2152 3613 ut
2184 3576 2316 3626 pra:-

733 3645 874 3698 ferre
902 3658 962 3698 se
983 3645 1191 3698 caeteris
1223 3645 1558 3712 pertimescat
1578 3647 1666 3715 qui
1697 3647 1886 3715 subjici
1909 3647 2032 3702 aliis
2056 3650 2312 3715 renuerit,

733 3736 855 3805 quia
877 3747 929 3790 et
955 3743 1116 3790 rectze
1141 3736 1458 3792 obedientize
1477 3752 1695 3807 operam
1727 3739 1981 3808 subjectis
2004 3740 2314 3809 impendere

738 3843 844 3882 non
895 3828 1110 3891 valebit,
1139 3843 1294 3895 quam
1347 3843 1573 3897 superna
1626 3829 1861 3898 praelatis
1916 3830 2316 3898 dispensatione

727 3919 874 3989 juste
903 3935 1006 3973 non
1032 3919 1322 3976 exhibebit.
1363 3920 1508 3975 lianc
1532 3921 1674 3976 enim
1705 3923 1775 3976 ita
1805 3923 2057 3979 omnibus
2085 3925 2138 3978 in
2167 3939 2316 3979 com-

736 4025 896 4063 mune
917 4010 1216 4066 viventibus
1238 4021 1290 4064 et
1315 4013 1547 4067 maxime
1572 4028 1673 4067 suo
1693 4013 1793 4068 sub
1813 4014 2042 4080 regulari
2069 4015 2316 4070 videlicet

733 4097 1010 4166 disciplina
1038 4099 1213 4153 abbati
1235 4100 1546 4153 monachica
1572 4101 1816 4157 subditus
1839 4103 2140 4158 obedientia
2177 4120 2314 4174 pra:-

735 4189 913 4253 bebat,
944 4200 1002 4244 ut
1049 4190 1230 4244 labore
1278 4206 1526 4246 manuum
1572 4194 1884 4263 quotidiano
1913 4204 1968 4250 et
1991 4195 2313 4265 disciplinali

734 4277 1030 4332 officiorum
1049 4279 1510 4337 administratione
1525 4283 1855 4338 incessanter
1871 4286 2160 4342 secundum
2183 4303 2316 4356 pra:-

737 4367 940 4421 finitam
989 4367 1126 4421 beati
1177 4367 1348 4423 Patris
1401 4370 1672 4426 Benedicti
1723 4385 1881 4428 rectm
1911 4375 2313 4431 constitutionis

740 4456 958 4511 formam
998 4459 1291 4525 insisteret,
1323 4463 1675 4533 omnibusque
1718 4467 2022 4532 exemplum
2069 4467 2206 4523 bene
2227 4469 2312 4521 vi-

735 4547 915 4613 vendi,
945 4548 995 4601 in
1027 4548 1192 4604 verbo
1218 4559 1273 4604 et
1298 4555 1704 4608 conversatione
1723 4595 1739 4619 ,
1769 4556 1820 4610 in
1852 4556 1956 4611 ﬁde
1983 4567 2037 4610 et
2062 4558 2309 4614 castitate
2335 4595 2386 4654 Ι)

735 4652 795 4693 se
829 4639 1066 4707 prmbens
1091 4682 1106 4704 ,
1135 4649 1193 4694 ut
1221 4656 1408 4697 omnes
1437 4647 1505 4697 de
1530 4644 1702 4699 fructu
1727 4647 1842 4715 ejus
1874 4648 2230 4716 perciperent,
2256 4658 2312 4704 et

733 4731 849 4797 ipse
873 4732 1108 4784 omnium
1135 4734 1397 4788 mercedis
1424 4743 1638 4789 mternm
1663 4737 1962 4806 perciperet
1987 4738 2306 4804 portionem.

736 4822 841 4877 Sed
871 4831 927 4875 et
952 4821 1262 4877 humilitatis
1281 4839 1492 4893 quoque
1519 4826 1635 4895 ejus
1664 4837 1719 4882 et
1739 4829 2016 4882 charitatis
2044 4829 2310 4886 excellen-

735 4913 864 4967 tiam
892 4913 1038 4967 solns
1058 4914 1148 4981 qui
1174 4914 1501 4969 occultorum
1523 4924 1605 4969 est
1642 4917 1887 4986 cognitor
1921 4917 2078 4982 Deus,
2107 4919 2308 4974 intimae

735 5003 1083 5071 inspectionis
1105 5019 1216 5057 sum
1237 5005 1658 5060 consideratione
1681 5007 1847 5072 novit,
1877 5023 1977 5077 qua
2000 5024 2184 5064 omnes
2205 5011 2306 5065 sibi

734 5098 1127 5150 commilitones
1154 5098 1331 5152 solerti
1378 5115 1502 5154 cura
1529 5097 1878 5168 subjunxerat
1901 5141 1914 5164 ,
1952 5110 2006 5152 ut
2035 5101 2101 5152 ab
2130 5103 2207 5154 eis
2235 5102 2312 5154 ti-

737 5189 872 5240 tnori
920 5188 1114 5254 pariter
1159 5189 1443 5244 haberetur
1480 5201 1534 5244 et
1580 5192 1748 5243 amori
1784 5208 1796 5242 :
1828 5200 1882 5245 et
1927 5206 2086 5259 quem
2132 5191 2310 5246 divina

738 5278 967 5332 lectione
990 5278 1244 5334 haberent
1267 5282 1492 5339 socium,
1523 5290 1707 5333 mutuo
1733 5280 2038 5348 apostolica:
2065 5279 2309 5334 admoni-

738 5368 898 5422 tionis
931 5370 1131 5426 honore
1176 5373 1527 5439 prmvcnirent
1575 5380 1631 5426 ut
1674 5381 1900 5440 patrem.
1954 5372 2228 5439 Tantaque
2257 5373 2310 5426 in

737 5476 803 5512 eo
831 5461 1154 5516 affabilitatis
1182 5479 1303 5533 erga
1336 5463 1532 5518 fratres
1559 5473 1613 5517 et
1636 5465 1871 5517 cmlestis
1906 5462 2158 5516 doctrinae
2184 5478 2308 5518 suc-

735 5559 902 5611 crevit
952 5560 1253 5626 magnitudo
1279 5603 1293 5625 ,
1325 5568 1404 5624 nt,
1439 5576 1653 5614 rumore
1693 5569 1891 5613 sancta:
1922 5557 2308 5612 exhortationis

740 5650 854 5716 ejus
902 5652 1292 5716 crebrescente,
1324 5653 1458 5706 fama
1503 5653 1681 5708 multis
1711 5667 1803 5721 per
1835 5650 2152 5705 monasteria
2202 5659 2306 5702 tam

2410 1995 2838 2049 inconfusibileni
2867 2035 2882 2060 ,
2933 2005 3077 2049 recte
3119 2004 3431 2049 tractantem
3480 1995 3700 2048 verbum
3747 1992 3986 2047 veritatis

2415 2088 2461 2153 (ι
2497 2086 2628 2138 Tim.
2668 2086 2748 2154 ιι).

2411 2180 2587 2233 Carv'r
2628 2178 2710 2232 Ill.
2741 2210 2803 2219 —
2841 2180 2990 2245 Quod
3036 2181 3279 2232 doctrinm
3327 2180 3528 2232 uerbum
3577 2177 3802 2230 omnibus
3850 2193 3984 2240 prm-

2483 2252 2638 2312 berct,
2669 2261 2716 2304 et
2758 2252 2892 2319 quod
2927 2252 3058 2303 hanc
3091 2267 3191 2303 non
3238 2267 3331 2303 suo
3380 2258 3498 2302 ante
3539 2259 3730 2318 tempus
3775 2246 3986 2300 arbitrio

2481 2325 2787 2390 arripuerat.

2482 2432 2536 2486 9.
2578 2431 2654 2485 Ad
2686 2431 2988 2499 generalem
3017 2446 3144 2501 ergo
3167 2431 3493 2500 quotidiana:
3523 2429 3988 2499 contemplationis

2414 2526 2530 2595 ejus
2563 2527 2783 2579 formam
2815 2536 2870 2579 et
2899 2525 3202 2579 diuturnam
3242 2525 3582 2595 parcimonia:
3609 2523 3987 2578 continentiam

2413 2632 2590 2673 sermo
2637 2635 2664 2671 a
2703 2620 2858 2673 nobis
2905 2620 3287 2688 aliquantisper
3332 2620 3566 2674 directus
3613 2619 3901 2683 derivatur,
3933 2627 3988 2671 ut

2415 2727 2509 2780 per
2537 2711 2771 2779 singulos
2811 2725 3050 2780 quosque
3079 2725 3334 2765 ascensus
3361 2709 3602 2765 sublimia
3635 2709 3792 2778 hujus
3819 2699 4012 2761 sancti'

2412 2803 2512 2857 viri
2536 2817 2694 2871 opera
2718 2802 3035 2870 propensius
3061 2798 3440 2868 compendiosa
3467 2798 3748 2854 verborum
3776 2797 3989 2852 raritate

2414 2908 2719 2964 sequamur,
2753 2892 3092 2961 studiumque
3139 2892 3260 2945 vitm
3310 2906 3404 2959 per
3451 2891 3624 2944 omnia
3677 2887 3988 2944 venerabilis

2417 2986 2672 3039 Bonifacii
2728 2985 2974 3039 subtilius
3028 2983 3328 3050 indaganda
3381 2995 3765 3051 prosequantur
3797 2998 3809 3032 :
3842 2987 3899 3034 ut
3938 2987 3987 3030 ct

2415 3092 2563 3144 aequa
2593 3076 2894 3144 libramian
2920 3074 3286 3128 moderatione
3305 3073 3582 3140 exemplar
3605 3071 3757 3124 nobis
3776 3069 3986 3124 aeternio

2421 3169 2565 3233 tatis,
2586 3180 2642 3221 et
2672 3179 2858 3235 petens
2881 3165 2971 3217 fiat
2996 3165 3303 3233 apostolicae
3330 3161 3642 3218 eruditionis
3675 3174 3880 3223 norma,
3902 3159 3986 3226 qui

2340 3234 2387 3296 C
2423 3275 2516 3326 per
2539 3234 2842 3311 sanctorum
2867 3256 3110 3324 exempla
3134 3253 3352 3310 arduam
3375 3253 3606 3308 cmlestis
3631 3249 3986 3321 intelligentia

2419 3351 2661 3406 semitam
2693 3349 2920 3403 feliciter
2948 3347 3233 3410 scandens,
3264 3361 3326 3400 ac
3355 3345 3608 3414 praevium
3642 3341 3849 3410 pepulis
3881 3340 3983 3392 du-

2415 3451 2594 3496 catum
2647 3441 2924 3511 prmbcns,
2956 3450 3162 3509 portam
3210 3437 3417 3491 Domini
3469 3435 3561 3489 Dei
3616 3433 3802 3496 nostri,
3832 3446 3986 3498 quam

2414 3537 2544 3605 justi
2574 3535 2872 3596 intrabunt,
2905 3533 3018 3600 ipse
3049 3533 3319 3601 ingressus
3345 3529 3572 3594 aperuit,
3602 3533 3656 3579 et
3679 3524 3746 3577 ab
3771 3522 3986 3578 infantis

2415 3643 2508 3682 sua
2539 3641 2706 3696 usque
2747 3625 2812 3680 ad
2841 3625 3168 3692 decrepitam
3201 3624 3372 3677 mtatis
3400 3627 3722 3674 senectutem
3773 3625 3983 3685 prmter-

2415 3719 2609 3775 iterum
2641 3733 2745 3772 non
2777 3716 3117 3770 mediocriter
3143 3713 3357 3768 Patrum
3405 3710 3720 3778 sapientiam
3753 3707 3986 3760 imitatus

2416 3823 2516 3880 est,
2543 3813 2670 3867 dum
2715 3810 3091 3880 prepbetarum
3127 3806 3323 3878 jugiter
3347 3815 3406 3861 et
3435 3803 3798 3872 apostolorum
3828 3799 3988 3854 verba

2415 3908 2557 3979 ston
2585 3905 2882 3960 sanctitatis
2910 3902 3210 3969 conscripta
3232 3943 3247 3966 ,
3282 3907 3337 3954 et
3381 3897 3666 3968 gloriosam
3698 3901 3988 3963 martyrum

2417 4000 2716 4068 passionem
2767 3997 3017 4051 nimirum
3062 3993 3302 4061 apicibus
3351 3990 3646 4044 litterarum
3693 3986 3989 4047 insertam,

2413 4090 2507 4147 sed
2551 4097 2605 4144 et
2648 4087 3008 4157 evangelicam
3055 4081 3266 4138 Domini
3316 4081 3410 4136 Dei
3450 4078 3617 4134 nostri
3649 4075 3987 4131 traditionem

2413 4179 2652 4250 quotidie
2680 4175 3089 4232 commendabat
3115 4170 3388 4227 memoria:
3414 4189 3426 4222 :
3452 4177 3508 4224 et
3531 4167 3820 4223 secundum
3848 4168 3991 4233 Apo-

2413 4272 2607 4327 stolum
2637 4267 2690 4341 (I
2735 4268 2855 4322 Cor.
2884 4267 2963 4334 x),
2992 4265 3105 4320 sive
3155 4263 3527 4318 manducasset
3546 4299 3561 4322 ,
3590 4259 3700 4313 sive
3747 4255 3987 4320 bibisset,

2413 4364 2528 4419 sive
2555 4360 2700 4417 aliud
2726 4359 2924 4428 aliquid
2953 4356 3173 4426 egisset,
3205 4354 3377 4408 laudis
3421 4366 3635 4422 semper
3666 4347 3986 4420 preconium

2412 4465 2468 4513 et
2503 4457 2711 4511 devotae
2741 4454 3006 4523 fastigium
3032 4449 3362 4521 jubilationis
3392 4457 3498 4501 tam
3544 4454 3721 4500 mente
3748 4456 3901 4510 quam
3931 4449 3989 4496 et

2412 4566 2507 4606 ore
2537 4547 2870 4619 persolvebat
2900 4545 3010 4600 Dee
3029 4585 3044 4610 ,
3073 4544 3221 4612 juxta
3263 4539 3391 4595 illud
3425 4532 3821 4605 Psalmographi
3850 4529 3986 4585 :Be-

2413 4643 2642 4696 nedicam
2672 4637 2948 4693 Dominum
2978 4637 3030 4690 in
3059 4635 3196 4689 omni
3229 4642 3471 4701 tempore,
3500 4643 3700 4697 semper
3739 4626 3850 4679 laus
3877 4623 3989 4693 ejus

2411 4736 2466 4788 in
2494 4749 2581 4788 ore
2608 4747 2717 4786 meo
2748 4728 2920 4800 (Psat.
2948 4725 3165 4796 xxxtn).
3201 4723 3256 4779 ln
3279 4732 3482 4778 tantum
3509 4722 3650 4776 enim
3679 4715 3986 4784 Scriptura-

2411 4841 2528 4882 rum
2553 4829 2749 4881 exarsit
2777 4821 3062 4886 desiderio,
3095 4830 3152 4873 ut
3197 4815 3342 4871 omni
3369 4830 3427 4870 se
3470 4813 3766 4868 intentione
3799 4821 3987 4862 earum

2411 4915 2688 4972 imitationi
2713 4922 2768 4969 et
2791 4910 3046 4967 auditioni
3070 4907 3269 4978 saepius
3295 4905 3644 4975 coniungeret
3663 4940 3678 4966 ,
3701 4909 3753 4955 et
3779 4912 3895 4967 qua:
3914 4895 3989 4952 ob

2411 5007 2707 5063 doctrinam
2751 5003 3064 5072 populorum
3113 4997 3416 5064 conscripta
3465 5000 3614 5059 sunt,
3639 4989 3750 5059 ipse
3791 4987 3986 5056 quippe

2417 5100 2549 5153 mira
2596 5095 2789 5165 eloquii
2831 5091 3204 5148 disertitudine
3232 5097 3288 5144 et
3316 5083 3666 5141 solertissima
3706 5074 3986 5165 parabola-

2413 5205 2530 5244 runt
2577 5163 2876 5241 assertione
2904 5181 3191 5240 elli‘caciter
3235 5175 3576 5248 pra2dicando
3603 5172 3854 5228 retexuit.
3885 5163 3982 5219 Cui

2418 5283 2521 5336 tale
2549 5277 2891 5335 discretionis
2920 5283 3397 5346 temperamentum
3440 5268 3632 5335 inerat,
3659 5275 3712 5318 ut
3741 5270 3796 5317 et
3817 5257 3983 5329 vigori

2414 5374 2766 5440 correptionis
2792 5369 3236 5436 mansuetudo,et
3257 5365 3404 5433 vigor
3428 5353 3818 5430 prtedicationis
3844 5363 3991 5403 man-

2415 5463 2680 5517 suetudini
2732 5475 2838 5514 non
2887 5459 3092 5514 deerat.
3139 5457 3242 5512 Sed
3291 5467 3449 5522 quem
3482 5449 3625 5504 zelus
3670 5441 3986 5498 accenderat

2416 5554 2631 5621 "ifioris,
2659 5553 3011 5607 mansuetudo
3036 5549 3309 5619 mitigabat
3330 5545 3546 5600 amoris.
3575 5537 3837 5595 Divitibus
3859 5546 3986 5599 ergo

2415 5662 2477 5701 ac
2510 5646 2810 5715 potentibus
2855 5644 3145 5710 liberisque
3169 5655 3231 5695 ac
3261 5636 3429 5694 servis
3476 5632 3730 5703 mqualcm
3789 5634 3988 5681 sanctae

812 5791 832 5814 η
866 5784 1147 5846 Gregorius
1181 5800 1312 5851 papa
1357 5785 1417 5844 ll.
1451 5788 1498 5838 ia
1531 5786 1750 5855 epistola
1783 5803 1896 5856 qtae
1928 5794 2006 5839 est
2054 5785 2184 5838 iatcr
2219 5781 2586 5837 Uutlildtlldlllt‘o‘
2617 5781 2803 5837 etdiuc
2841 5779 2958 5844 ll8,
2995 5777 3223 5832 afﬁrmat
3302 5771 3623 5830 Bonifatium
3693 5766 3755 5819 ab
3814 5764 3984 5842 infert-

740 5864 809 5902 ua
847 5868 1020 5905 eccm.»
1049 5857 1233 5908 lituras
1263 5858 1512 5909 didicisse.
