4170 6530
176 455 281 510 609

1485 438 1641 493 VITA
1684 437 1738 493 S.
1786 431 2134 489 BONIFACII.

3330 432 3435 487 GN

179 563 568 619 exhortationis
614 559 859 615 exhibuit
903 556 1277 625 disciplinam,
1329 565 1383 608 ut
1432 570 1529 607 nec
1571 544 2101 613 divitesACunique
2156 544 2330 595 omnis
2382 552 2603 624 senatus
2657 551 2710 594 ct
2774 543 3056 595 universus
3112 544 3431 599 clericorum

182 652 449 707 adulando
475 651 805 705 demulceret
830 691 846 714 ,
881 662 977 701 nec
1008 662 1210 707 servos,
1238 660 1333 698 nec
1362 644 1556 696 liberos
1584 641 1762 694 distri-

183 747 361 798 Ciione
409 750 766 812 praegravaret
793 758 804 792 :
830 740 922 795 sed
967 740 1115 808 juxta
1158 734 1491 805 Apostoluin,
1519 732 1764 787 omnibus

184 837 362 889 omnia
394 838 561 888 factus
587 843 691 897 est,
726 842 784 885 ut
812 846 1001 884 omnes
1047 829 1387 884 lucrifaceret
1418 824 1472 891 (Ι
1506 825 1626 878 Cor.
1662 822 1761 889 ix).

185 928 286 991 Qui
312 935 366 980 et
409 926 665 979 doctrina:
694 923 931 976 caelestis
962 922 1339 975 documentum
1384 933 1487 970 non
1516 929 1614 969 suo
1642 920 1765 965 ante

188 1026 398 1083 tempus
422 1015 649 1084 arripuit
669 1014 910 1075 arbitrio,
933 1028 1026 1065 nec
1050 1010 1422 1065 obstinationis
1446 1022 1556 1061 sua:
1582 1004 1763 1073 rapina

188 1120 497 1176 usurpatum
519 1106 821 1174 acquisivit,
839 1104 931 1158 sed
950 1114 1147 1157 sancite
1170 1101 1482 1155 humilitatis
1503 1099 1763 1169 profectu,

188 1200 404 1265 triginta
429 1208 519 1249 aut
547 1197 774 1265 amplius
803 1208 1064 1247 annorum
1095 1194 1296 1246 habens
1323 1202 1564 1256 nitatem,
1598 1189 1763 1258 magi-

186 1288 390 1343 steriali
421 1297 475 1342 et
503 1287 745 1341 familiari
772 1285 1074 1340 sublevatus
1101 1284 1385 1349 electione,
1416 1283 1572 1353 juxta
1605 1297 1766 1336 cano-

188 1381 317 1431 nica:
343 1375 744 1431 constitutionis
769 1376 1005 1446 regulam
1051 1374 1305 1443 suscepit,
1338 1384 1393 1427 et
1418 1375 1484 1426 ad
1519 1372 1768 1425 sacerdo-

188 1470 305 1523 talis
334 1466 501 1523 ofﬁcii
533 1467 754 1538 gradum
787 1467 814 1495 ⁸
844 1467 1071 1521 diversis
1110 1466 1377 1546 donorum
1421 1464 1621 1517 ditatus
1650 1479 1768 1516 mu-

187 1560 405 1615 neribus
432 1560 679 1623 accessit,
712 1559 779 1611 ita
814 1568 869 1610 ut
896 1558 1252 1627 eleemosynis
1299 1555 1514 1625 quidem
1548 1554 1765 1609 miseri—

186 1653 495 1722 cordiaque
525 1652 803 1719 operibus,
827 1658 1081 1717 quantum
1110 1649 1209 1703 sub
1238 1648 1469 1716 regulari
1500 1654 1767 1699 monaste-

186 1744 415 1811 rialique
472 1741 749 1811 praevaluit
806 1740 1179 1805 districtione,
1227 1752 1391 1805 apere
1447 1736 1653 1806 penitus
1705 1749 1767 1789 ac

185 1837 468 1888 voluntate
520 1832 833 1887 deserviret.
888 1830 993 1885 Sed
1046 1840 1101 1884 et
1151 1839 1408 1884 nocturna
1463 1827 1764 1896 vigiliarum

1866 636 1997 689 ordo
2047 645 2152 686 tam
2214 619 2507 701 providenti
2568 644 2777 702 peracta
2831 636 3113 688 collatione
3165 642 3433 691 Consenti-

1867 738 2008 789 retit,
2042 724 2323 777 confestim
2363 739 2450 777 rex
2476 738 2701 777 cunctus
2743 723 2943 777 Christi
2978 727 3204 782 famulos
3235 730 3436 783 allocu-

1868 826 1951 869 tus
1998 824 2109 876 est,
2157 824 2210 867 et
2250 815 2332 867 cui
2390 813 2544 880 hujiis'
2597 814 2827 880 [πωῐιιιίυ
2870 816 3146 884 legationis
3189 821 3431 873 nuntium

1867 906 2237 974 imponerent,
2288 908 2591 958 sciscitatus
2629 914 2729 957 cst.
2761 908 2907 960 Τιιιιιε
2941 922 3157 976 repente
3194 926 3433 963 summus

1868 1001 1918 1054 in
1949 998 2165 1052 Christo
2208 998 2619 1051 archimaiidrita
2650 998 2737 1067 qui
2780 1002 3028 1065 pra-dicto
3060 1017 3286 1069 priecrat
3317 1021 3429 1057 iuo-

1866 1089 2100 1144 nasterio
2119 1126 2135 1152 ,
2188 1088 2400 1141 nomine
2435 1088 2726 1142 Wiiibcrch
2754 1128 2769 1152 ,
2808 1100 2859 1143 et
2891 1090 2953 1143 W
2962 1092 3094 1145 intra
3124 1094 3211 1161 qui
3239 1110 3423 1146 mona-

1866 1183 2030 1236 sterio
2060 1179 2211 1249 quod
2237 1179 2433 1233 dicitur
2468 1178 2761 1250 Dissi‘lbtirg
2810 1182 3153 1250 pra-sidebat;
3186 1193 3242 1239 et
3273 1186 3432 1239 Beer-

1866 1274 2027 1339 wald,
2082 1274 2171 1343 qui
2230 1272 2406 1327 divina
2464 1275 2766 1328 cmnohiiim
2821 1278 3235 1345 gubernatione,
3292 1282 3432 1348 quod

1865 1366 2204 1434 antiquorum
2257 1376 2595 1432 nuncupatur
2647 1369 2902 1420 vocabulo
2956 1369 3432 1441 Glestiiigaburgd,

1868 1458 2120 1527 regebat;
2157 1470 2361 1518 necnon
2390 1467 2444 1509 et
2469 1456 2555 1509 alii
2588 1456 2738 1510 multi
2771 1458 2926 1526 hujus
2963 1464 3132 1515 sancti
3181 1465 3438 1531 prepositi

1870 1545 2081 1612 Patres,
2117 1558 2357 1599 sanctum
2390 1546 2531 1599 hunc
2559 1548 2731 1599 virum
2762 1548 2985 1601 accitum
3016 1552 3346 1608 adduxerunt
3368 1557 3434 1608 ad

1870 1651 2077 1704 regem;
2127 1638 2211 1691 cui
2258 1648 2309 1691 et
2362 1638 2607 1691 nuntium
2656 1654 2744 1691 rex
2780 1652 2832 1692 et
2879 1640 3160 1708 legationis
3190 1646 3434 1698 notitiam

1874 1728 2145 1797 imposuit,
2170 1739 2227 1783 et
2254 1730 2507 1783 adhibitis
2524 1745 2706 1783 secum
2738 1732 2901 1785 sociis
2922 1734 3118 1786 direxit
3140 1750 3258 1787 eum
3288 1753 3435 1803 pace.

1867 1820 1971 1885 Qui
2024 1822 2187 1874 etiam
2235 1823 2420 1876 nuntio
2476 1823 2575 1874 sibi
2628 1824 2873 1889 imposito
2924 1827 3070 1893 juxta
3132 1829 3440 1883 mandatum

180 1926 355 1992 spatia
383 1925 635 1977 omnibus
664 1924 809 1976 horis
838 1924 1193 1991 praiveiiiens,
1234 1919 1492 1973 orationis
1518 1933 1575 1973 se
1608 1919 1760 1971 solli-
1799 1920 1839 1980 Β
1868 1910 2160 1974 seniorum,
2196 1926 2453 1979 prospero
2483 1913 2673 1965 itinere
2707 1916 2948 1980 pervenit
2983 1918 3049 1968 ad
3081 1917 3205 1970 Cent
3227 1960 3241 1981 ,
3274 1932 3327 1975 et
3353 1938 3441 1975 ar-

182 2018 339 2068 citiiis
388 2015 650 2067 labormsa
697 2012 1006 2080 operatione
1052 2010 1509 2077 exercuitzcujus
1538 2023 1638 2062 nec
1675 2023 1766 2075 pa-

183 2106 428 2158 tientiam
480 2104 555 2155 ira
606 2100 912 2169 subripuit,
962 2114 1061 2154 nec
1116 2098 1567 2169 longanimitatem
1621 2098 1768 2150 furor

186 2193 516 2257 commovit,
545 2208 644 2247 nec
674 2185 837 2246 libido
863 2192 1246 2247 continentiam
1292 2188 1638 2261 expugnavit,
1668 2202 1767 2242 nec

181 2286 566 2339 abStinentiam
614 2285 980 2353 gastriniargia
1013 2285 1260 2349 violavit;
1308 2283 1403 2337 sed
1432 2284 1501 2335 ita
1528 2281 1674 2337 omni
1705 2296 1766 2336 se

185 2376 378 2446 jejunii
433 2378 734 2447 frugalitate
787 2377 1109 2448 subjugavii,
1138 2388 1195 2431 ut
1225 2376 1405 2430 vinum
1445 2384 1499 2429 et
1533 2377 1757 2429 siceram

185 2469 393 2536 bibens,
432 2474 707 2536 utriusque
754 2468 1079 2523 Testainenti
1128 2470 1425 2522 imitaretur
1471 2468 1678 2531 Patres,
1710 2476 1765 2521 et

184 2578 304 2616 cum
336 2563 552 2630 egregio
578 2561 813 2630 gentium
843 2562 1044 2615 diceret
1068 2560 1289 2615 doctore
1314 2577 1325 2611 :
1351 2556 1556 2628 Castigo
1578 2574 1763 2627 corpus

184 2672 351 2707 meum
372 2666 420 2707 et
442 2656 670 2708 servituti
689 2655 922 2722 subjirio,
947 2670 1009 2708 ne
1029 2658 1162 2724 forte
1181 2654 1296 2706 aliis
1322 2654 1633 2721 prcutit-aiis,
1656 2653 1766 2720 ipse

184 2750 430 2816 reprobus
451 2748 637 2814 e/ﬁciar
666 2744 717 2816 (Ι
743 2747 860 2800 Cor.
893 2747 988 2817 Ix).

185 2839 367 2891 Capur
403 2837 490 2890 IV.
518 2866 586 2876 —
610 2837 682 2888 De
702 2854 761 2890 eo
787 2839 921 2903 quod
952 2839 1014 2889 ab
1044 2838 1273 2891 omnibus
1303 2838 1595 2904 primatibus
1628 2838 1768 2891 dire-

280 2918 395 2962 ctus
428 2909 493 2960 sit
523 2908 589 2959 ad
616 2906 739 2960 Cent
759 2948 775 2971 ,
830 2918 877 2960 et
907 2910 1040 2976 quod
1067 2910 1132 2959 ad
1157 2907 1390 2961 Fresiam
1418 2910 1662 2975 pervenit.

260 3000 351 3053 10.
414 2997 651 3053 Collecta
703 3015 829 3067 ergo
874 3000 1099 3067 sparsim
1144 3002 1389 3067 superius
1445 3002 1767 3057 sublimitate

185 3093 356 3145 sancti
390 3090 546 3159 hujus
580 3090 675 3143 viri
708 3091 988 3159 virtutum,
1042 3092 1256 3145 silentio
1280 3108 1397 3161 qua:
1426 3095 1763 3161 subsequun-

190 3192 275 3236 tur
305 3184 529 3236 minime
555 3183 1002 3250 prietermitteiida
1031 3183 1379 3247 aestimamus,
1408 3200 1526 3252 qua:
1551 3196 1602 3237 et
1633 3186 1765 3238 lide-

1871 2000 2215 2068 ehiepiscopo
2252 2004 2446 2055 summi
2491 2003 2830 2070 pontiﬁcatus
2876 2002 3041 2059 infula
3096 2012 3317 2075 praedito
3354 2029 3439 2065 sa-

1869 2090 2080 2157 pienter
2110 2101 2322 2154 cuncta,
2362 2094 2812 2157 quemadmodum
2844 2099 3066 2152 edoctus
3088 2110 3201 2154 erat
3231 2119 3259 2153 a
3292 2117 3436 2172 rege,

1872 2192 1963 2246 per
2008 2178 2249 2232 ordinem
2311 2179 2568 2233 revelavit
2602 2200 2613 2232 :
2647 2193 2701 2236 et
2749 2187 2826 2237 sic
2871 2200 3167 2254 spontaneo
3214 2204 3435 2262 accepto

1869 2285 2127 2337 responso
2147 2310 2163 2335 ,
2212 2280 2331 2339 post
2362 2288 2466 2325 non
2498 2274 2694 2327 multos
2715 2276 2832 2329 dies
2862 2293 3109 2334 reversus
3136 2293 3217 2336 est
3246 2287 3310 2338 ad
3344 2304 3436 2352 pa-

1868 2363 2025 2415 triam
2054 2404 2069 2425 ,
2102 2365 2432 2431 pi‘azl'atoque
2465 2366 2573 2431 regi
2626 2368 2891 2432 praedictis
2921 2373 3095 2425 servis
3134 2374 3224 2428 Dei
3253 2391 3434 2433 secum

1867 2454 2281 2517 assistentibus,
2338 2470 2369 2507 a
2415 2456 2703 2509 venerabili
2755 2461 3159 2531 archiepiscotio
3208 2478 3430 2536 sponta-

1869 2558 2027 2597 neum
2048 2545 2276 2596 scienter
2296 2544 2832 2611 detulitresponsum,
2865 2558 2921 2601 et
2945 2566 3188 2619 magnum
3219 2558 3433 2611 univer-

1867 2633 1942 2685 sis
1966 2633 2195 2686 contulit
2226 2633 2498 2701 gaudium,
2516 2650 2579 2689 ac
2598 2636 2676 2689 sic
2695 2636 2947 2706 deinceps
2978 2642 3110 2694 mira
3152 2644 3433 2713 dispensa-

1870 2725 2027 2777 tionis
2068 2723 2160 2776 Dei
2190 2723 2557 2778 benevolentia
2586 2741 2779 2780 nomen
2816 2732 2934 2795 ejus
2956 2730 3287 2789 diffamatum
3309 2749 3391 2793 eSt
3412 2782 3427 2804 ,

1871 2826 1921 2869 et
1972 2816 2188 2869 celebre
2236 2816 2373 2883 apud
2418 2831 2606 2871 omnes
2660 2826 2762 2870 tam
2811 2822 3096 2876 saeculares
3144 2826 3438 2895 dignitates

1870 2922 2025 2976 quam
2066 2908 2226 2960 etiam
2273 2907 2622 2960 ecclesiastici
2653 2907 2815 2963 officii
2863 2912 3078 2967 ordines
3117 2915 3436 2985 habebatur,

1869 2999 1937 3052 ita
1986 3007 2044 3051 ut
2082 2996 2275 3051 aniodo
2301 2997 2414 3067 jam
2468 2998 2750 3066 proﬁciens
2791 3001 2842 3054 in
2889 3001 3143 3073 futurum,
3195 3012 3437 3077 synodali

1870 3091 2165 3155 saepissime
2190 3105 2376 3143 eorum
2406 3090 2657 3145 intererat
2681 3094 2940 3148 instituto.

1943 3182 2028 3235 ll.
2071 3182 2177 3235 Sed
2221 3184 2344 3249 quia
2373 3196 2525 3235 meiis
2563 3184 2671 3236 Deo
2706 3186 2881 3241 dicata
2914 3188 3183 3245 favoribus
3220 3208 3325 3248 non
3355 3205 3434 3249 st-

188 3278 320 3330 lium
350 3276 638 3329 didicimus
660 3276 923 3328 relatione
944 3277 1201 3339 virorum,
1230 3284 1285 3330 et
1312 3275 1589 3330 manifesta
1615 3278 1762 3347 equi-
1790 3280 1835 3339 C
1870 3272 2069 3327 tollitur
2101 3273 2374 3335 humanis.
2425 3288 2522 3328 nec
2550 3274 2789 3329 lavdibus
2814 3278 3119 3333 sublevatur
3139 3323 3153 3345 ,
3196 3297 3437 3352 cmperat

190 3370 314 3421 dem
388 3369 681 3435 scriptura:
735 3366 1087 3435 patefactione
1157 3382 1409 3422 exserere
1476 3383 1760 3433 curamus,

190 3466 391 3525 quanta
422 3472 638 3511 suarum
671 3458 1071 3525 perseverantia
1103 3458 1287 3511 virium
1319 3468 1371 3512 et
1400 3461 1590 3526 emptis
1611 3460 1765 3514 bonis

188 3551 511 3614 inhaireret,
559 3558 613 3603 et
664 3549 729 3601 ad
762 3548 861 3603 alia
909 3565 1136 3619 quicque
1184 3550 1379 3605 festiue
1426 3554 1763 3620 properando

189 3644 430 3695 animum
488 3642 753 3695 incitaret.
795 3628 1035 3710 Cumque
1078 3643 1279 3696 diutius
1327 3654 1559 3697 mentem
1606 3659 1764 3714 supra

190 3732 518 3785 enumeratis
561 3732 846 3785 virtutibus
885 3734 1197 3796 edomaret,
1238 3734 1388 3788 etde
1432 3734 1517 3789 die
1546 3736 1595 3789 in
1625 3736 1764 3789 diem

188 3812 253 3878 ad
312 3825 508 3878 altiora
558 3823 823 3877 bonorum
883 3825 1202 3879 documenta
1258 3827 1359 3881 sub
1411 3828 1667 3896 prmdicto
1706 3844 1767 3883 se

190 3917 594 3985 presbyteratus
616 3916 780 3986 gradu
812 3918 1169 3987 proveheret;
1214 3916 1323 3986 jam
1353 3931 1610 3990 regnante
1643 3921 1668 3959 δ
1704 3922 1759 3976 1n

192 4005 647 4062 West-Saxonum
680 4020 827 4076 rege,
877 4007 1152 4063 subitanea
1182 4010 1422 4077 quaedam
1453 4011 1771 4068 incubuerat

191 4111 327 4151 nova
371 4094 605 4165 quadam
638 4096 901 4150 seditione
925 4106 1110 4151 exorta
1143 4098 1434 4153 necessitas
1461 4118 1473 4152 :
1499 4109 1553 4154 et
1585 4104 1766 4156 statim

183 4186 451 4257 synodale
508 4200 540 4239 a
587 4186 904 4253 primatibus
966 4186 1323 4242 Ecelesiarum
1374 4202 1496 4243 cum
1544 4192 1768 4245 consilio

186 4279 429 4348 praedicti
460 4278 600 4345 regis
627 4292 903 4330 servorum
940 4277 1031 4331 Dei
1080 4278 1277 4332 factum
1324 4287 1409 4334 est
1459 4282 1767 4336 concilium.

186 4368 417 4435 ﬂosque
442 4365 691 4420 omnibus
718 4366 770 4419 in
797 4381 961 4419 unum
993 4369 1436 4423 convenientibus
1458 4411 1474 4436 ,
1528 4371 1769 4427 saluber-

190 4459 323 4510 rima
373 4456 443 4511 de
496 4456 595 4510 hac
638 4457 838 4510 recenti
889 4457 1227 4513 dissensione
1271 4460 1485 4514 consilii
1536 4465 1765 4531 quaestio

186 4548 330 4601 inter
376 4544 741 4601 sacerdotales
788 4546 1140 4603 ecclesiastici
1191 4549 1395 4605 ordinis
1436 4554 1632 4621 gradus
1680 4571 1768 4611 sa-

1864 3366 1929 3418 ad
1983 3366 2088 3418 alia
2140 3366 2304 3418 multa
2352 3366 2728 3422 sollicitudinis
2768 3384 2895 3423 cura
2945 3374 3196 3427 attentius
3240 3392 3435 3445 propc-

1867 3473 2023 3523 rare,
2076 3466 2131 3512 et
2167 3468 2445 3527 parentum
2494 3458 2844 3530 afﬁniumque
2892 3478 3108 3518 suorum
3156 3471 3427 3523 consortia

1865 3549 2103 3604 devitarc
2125 3589 2139 3613 ,
2171 3559 2225 3603 et
2252 3552 2533 3618 peregrina
2560 3552 2727 3620 magis
2754 3568 2910 3621 quam
2945 3565 3181 3621 paterna:
3209 3558 3433 3613 Incredi-

1867 3642 1989 3694 tatis
2034 3651 2293 3694 terrarum
2338 3642 2451 3695 loca
2490 3641 2819 3715 desiderare.
2864 3644 2968 3699 Sed
3010 3663 3129 3701 cum
3170 3651 3245 3702 sic
3275 3652 3431 3721 longo

1868 3731 2128 3798 temporis
2155 3730 2440 3786 intervallo
2468 3745 2649 3786 secum
2680 3735 3036 3789 solertissime
3078 3739 3430 3803 deliberaret,

1870 3832 1924 3875 ut
1954 3824 2179 3891 patriam
2212 3833 2563 3893 parentesque
2602 3824 2919 3892 desereret,
2969 3831 3180 3883 tandem
3209 3847 3431 3901 accepto

1870 3915 2038 3967 beata:
2087 3916 2360 3968 memorias
2421 3916 2656 3982 praedicti
2709 3916 2881 3969 Patris
2914 3921 3195 3985 consultu,
3246 3934 3433 3978 cuncta

1869 3993 2030 4057 animi
2070 4004 2154 4058 sui
2184 4012 2393 4058 secreta
2420 4005 2559 4058 intra
2584 4006 2969 4060 conscientiam
3012 4019 3166 4063 antea
3204 4013 3435 4066 abscon-

1869 4095 1976 4149 dita
2004 4103 2249 4164 patenter
2280 4096 2508 4162 aperuit,
2544 4104 2597 4149 et
2627 4110 2814 4163 magna
2850 4112 3063 4162 precum
3082 4102 3341 4156 'instantia
3372 4108 3440 4159 ad

1873 4200 2200 4239 consensum
2240 4201 2352 4238 sua:
2386 4186 2675 4239 voluntatis
2713 4189 2881 4239 sancti
2914 4188 3009 4241 viri
3050 4193 3283 4245 animum
3313 4210 3440 4261 pro-

1868 4276 2098 4329 vocavit.
2172 4272 2275 4340 Qui
2324 4275 2487 4328 etiam
2540 4290 2730 4341 magna
2789 4276 3037 4343 primitus
3086 4278 3439 4336 admiratione

1870 4364 2296 4435 obstupefactus,
2330 4365 2571 4433 poscenti
2598 4380 2729 4418 sane
2769 4366 3193 4437 supplicantique
3221 4369 3438 4425 deside-

1871 4466 2047 4511 ratum
2083 4456 2147 4509 ad
2172 4466 2379 4523 tempus
2412 4453 2735 4510 contradixit
2761 4456 2880 4520 iter,
2914 4464 2972 4508 ut
3000 4460 3159 4527 ccepti
3183 4463 3440 4529 propositi

1869 4550 2084 4604 sedaret
2113 4544 2463 4603 industriam.
2501 4546 2607 4603 Sed
2647 4548 2713 4601 ad
2742 4559 3041 4603 extremum
3076 4551 3437 4608 invalescente

191 4638 404 4705 pienter
422 4636 681 4701 exoritur,
714 4644 765 4689 et
796 4636 1124 4704 prudentiori
1152 4637 1284 4692 inito
1304 4642 1548 4695 consultu
1580 4644 1764 4701 ﬁdeles
1803 4632 1843 4690 D
1869 4641 2251 4710 omnipotentis
2274 4642 2367 4697 Dei
2393 4646 2751 4713 providentia,
2773 4649 3038 4703 convaluit
3057 4632 3227 4704 etiam
3255 4666 3438 4707 sermo

186 4730 242 4783 in
298 4726 528 4782 Domino
578 4728 780 4797 legatos
829 4728 896 4783 ad
951 4730 1409 4801 archiepiscopum
1456 4734 1761 4793 Cantuarize

189 4817 424 4873 civitatis
467 4817 683 4873 nomine
731 4817 1122 4874 Berctwaldum
1158 4829 1182 4858 ε
1215 4820 1557 4879 destinandos
1598 4826 1763 4897 depu-

189 4916 391 4973 tarunt,
427 4923 496 4963 ne
524 4922 711 4963 eorum
737 4910 1135 4977 praesumptioni
1165 4922 1257 4966 aut
1279 4915 1565 4969 temeritati
1596 4919 1766 4974 ascri-

189 5001 416 5057 beretur
439 4999 484 5054 si
506 4999 630 5071 quid
654 4999 773 5055 sine
821 5001 952 5055 tanti
978 5001 1244 5070 pontiﬁcis
1266 4984 1485 5075 agerent
1513 5008 1764 5067 consilio.

265 5187 292 5215 ⁸
339 5176 642 5232 Bonifacius
680 5176 960 5248 presbyter
1004 5180 1280 5235 ordinatus
1321 5184 1555 5247 quotidie
1591 5187 1760 5243 semel

194 5247 458 5302 duntaxat
482 5249 649 5317 sacris
670 5247 1016 5317 operabatur,
1044 5260 1271 5307 testante
1293 5252 1584 5310 Walafrido
1610 5258 1763 5313 Stra-

196 5319 264 5372 bo
287 5320 341 5373 in
375 5319 471 5400 lib.
496 5316 563 5400 de
578 5316 720 5400 Beli.
737 5318 961 5400 _eccles.,
988 5335 1106 5400 cap.
1130 5320 1233 5386 22;
1265 5338 1384 5377 nam
1404 5325 1492 5379 alii
1522 5342 1768 5383 nonnun-

196 5404 356 5458 quam
390 5398 471 5442 ter
498 5386 547 5441 id
574 5386 885 5452 actitabant,
927 5386 1115 5446 eodem
1138 5404 1373 5447 auctore.

228 5457 394 5536 -b:ln.
416 5472 513 5536 seu
554 5458 657 5521 lnaa
701 5459 1109 5536 occidentalium
1151 5462 1417 5536 Saxonum
1459 5464 1597 5536 regis
1638 5467 1767 5536 piis-

196 5530 321 5583 simi
348 5530 580 5597 elogium
615 5527 892 5599 retulimus
919 5542 1080 5599 supra
1111 5532 1175 5585 ad
1203 5548 1399 5590 annum
1424 5527 1548 5589 730'.

271 5610 295 5637 ε
343 5598 745 5672 Bercthvvaldus
787 5597 1187 5672 Cantuariensis
1226 5606 1509 5672 episcopus
1553 5622 1617 5661 ex
1667 5608 1766 5663 ab-

208 5669 328 5746 bate
368 5670 1052 5746 ιξριιιεεόιιιιὶιιο,ΔειπιειιιιιιιιΔ
1081 5688 1221 5726 anno
1262 5669 1367 5746 695
1409 5669 1474 5729 ad
1528 5677 1656 5746 75l,
1700 5695 1765 5734 es

212 5740 365 5807 Beda:
399 5741 492 5793 lib.
532 5756 584 5798 v.
618 5754 737 5806 cap.
763 5736 797 5791 9
818 5748 869 5792 et
894 5739 985 5806 24,
1022 5742 1088 5796 de
1116 5758 1180 5796 eo
1208 5744 1275 5798 ad
1304 5762 1427 5807 ann.
1462 5748 1587 5801 7'51.

274 5806 299 5842 ά
345 5811 395 5863 Id
423 5820 505 5863 est
546 5808 953 5878 Glastonieiise;
995 5813 1073 5866 sic
1101 5814 1242 5867 enim
1282 5806 1511 5870 intumo
1542 5817 1559 5869 I
1595 5818 1771 5871 Mona-

206 5881 315 5934 stici
366 5880 645 5952 Anglicani
670 5917 687 5946 ,
742 5892 859 5949 pag.
896 5881 997 5951 15,
1031 5883 1221 5955 legitur
1255 5902 1266 5939 :
1301 5885 1592 5958 Hemgiﬂus
1620 5891 1773 5946 abbas

1873 4738 2104 4806 petentis
2130 4781 2146 4806 ,
2200 4745 2256 4790 et
2294 4744 2439 4789 tanta
2480 4736 2687 4791 abbatis
2738 4739 3064 4809 fratrumque
3108 4756 3325 4796 suorum
3356 4758 3447 4798 se-

1868 4845 1989 4885 cum
2041 4829 2140 4884 sub
2198 4828 2428 4898 regulari
2483 4829 2765 4899 disciplina
2817 4832 3105 4887 viventium
3154 4834 3441 4890 devotione

1872 4926 2182 4994 adoptatum
2206 4924 2551 4979 inchoaverat
2572 4926 2697 4991 iter,
2729 4925 3061 4995 Dominoque
3092 4928 3445 4997 Deodispcn-

1870 5026 2021 5073 sante
2071 5018 2465 5085 compleverat,
2516 5028 2571 5072 ut
2622 5016 2673 5072 ei
2723 5019 2885 5072 etiam
2937 5019 3155 5075 humani
3200 5033 3447 5091 sumptus

1870 5187 2324 5257 (Glastoniensis)
2371 5194 2477 5261 (ato
2525 5193 2853 5261 perfunctus,
2894 5196 2949 5248 in
2998 5206 3193 5250 vetusta
3236 5201 3448 5255 ecclesia

1871 5275 2085 5324 pausam
2121 5263 2347 5329 corporis
2397 5265 2765 5331 suscepit:ciii
2813 5268 3081 5319 succcessit
3132 5270 3440 5324 Berwaldiis

1869 5344 2006 5404 anno
2040 5332 2226 5404 gratia:
2254 5333 2698 5401 septingentesimo
2724 5336 2920 5404 quinto.
2953 5338 3061 5390 Hea:
3089 5335 3187 5390 Ina
3230 5342 3372 5392 dedit
3400 5343 3448 5394 ei

1868 5400 2044 5467 viginti
2086 5402 2258 5463 Iiidas,
2281 5414 2385 5454 etc.
2423 5405 2475 5455 lii
2504 5406 2688 5457 charta
2734 5400 3039 5460 donationis
3070 5408 3137 5460 ab
3169 5408 3256 5461 lna
3289 5413 3441 5465 facta:

1869 5470 2065 5543 dicitur
2108 5471 2421 5543 Keiitvviniis
2455 5489 2547 5527 rex
2581 5475 2868 5543 Glastingie
2907 5488 3118 5530 matrem
3147 5491 3440 5533 sanctorum

1872 5541 2048 5593 vocari
2097 5543 2285 5594 solitus
2324 5542 2520 5606 fuisse;
2562 5554 2615 5598 et
2643 5561 2759 5599 eam
2797 5541 2865 5598 ab
2908 5549 3053 5600 omni
3098 5550 3339 5603 saeculari
3384 5560 3439 5605 et.

1875 5610 2246 5664 ecclesiastico
2277 5614 2532 5683 obsequio
2566 5615 2854 5669 immunem
2884 5620 3166 5683 statuisse,
3210 5634 3272 5672 ac
3303 5636 3446 5673 con-

1872 5686 2100 5755 cessisse
2146 5682 2499 5755 privilegium
2528 5686 2777 5738 fratribus
2806 5686 3033 5755 eligendi
3076 5682 3323 5741 abbatem
3354 5708 3432 5743 se-

1874 5754 2096 5826 cundum
2124 5754 2347 5826 regulam
2372 5753 2742 5826 S.__Benedicti.
2771 5753 2910 5825 Lege
2944 5757 3255 5812 Wictliherti
3283 5777 3435 5826 pres-

1880 5822 2048 5890 byteri
2092 5824 2372 5899 epistolam
2441 5822 2510 5899 5_5
2555 5826 2691 5882 inter
2744 5822 3104 5884 Bonifacianas
3147 5830 3213 5881 ad
3258 5822 3441 5899 fratres

1878 5894 2168 5947 monasterii
2198 5892 2601 5966 Gleslingabnrg.
