4170 6536
729 423 825 476 ti”

1713 422 1768 471 ὃ.
1815 413 2213 468 Ιὶῦκιῐδλίζιῖὃ
2254 412 2556 469 ΜυϐυΝΤ.
2603 414 2995 470 ICI‘ISCOPL'S.

3888 424 3993 478 64.2

728 540 916 593 solatia
949 536 1173 591 libenter
1202 534 1598 603 impenderent,
1631 544 1683 587 et
1712 549 1900 601 ntagna
1932 531 2112 584 cordis
2145 546 2298 582 cotn-
2334 532 2382 589 Α
2420 530 2715 584 viatoribus
2764 534 2935 585 solum
2978 534 3265 599 migravit;
3318 551 3378 589 ac
3421 543 3723 593 monasterii
3776 544 3855 595 sui
3904 561 3990 597 se-

729 634 967 685 motione
1012 631 1363 695 lacrymarum
1396 628 1592 681 diutius
1624 627 1914 679 infusiones
1940 665 1954 686 ,
2001 623 2305 675 orationum

729 720 1146 790 Supplicatiimes
1187 734 1286 788 pro
1314 733 1377 773 eo
1413 718 1476 769 ad
1523 717 1809 770 Dominum
1853 715 2164 767 funderent.
2210 712 2305 765 llic

731 816 891 868 etiam
917 812 1041 866 dum
1071 810 1333 879 spirituali
1360 808 1696 862 confortatus
1721 816 1990 859 armatura
2011 848 2025 871 ,
2069 815 2122 859 et
2143 819 2310 858 saccu-

735 904 835 958 lari
873 902 1195 957 sublimatus
1226 910 1527 968 sumptura,
1562 901 1843 967 utriusque
1878 898 2005 952 vita:
2033 896 2310 967 stipendiis

732 995 954 1050 minime
986 1003 1226 1058 careret;
1278 993 1536 1047 adhibitis
1567 1004 1749 1044 secum
1783 992 1992 1045 duobus
2022 999 2111 1043 aut
2142 989 2311 1042 tribus

732 1085 1023 1149 fratribus,
1072 1099 1297 1153 quorum
1332 1081 1601 1150 corporali
1632 1080 2008 1151 spiritualique
2042 1079 2312 1147 indigebat

731 1179 1135 1244 sustentaculo,
1185 1176 1454 1247 profectus
1510 1184 1615 1241 est,
1650 1188 1710 1228 ac
1740 1176 1818 1228 sic
1851 1174 2128 1228 immensis
2187 1188 2310 1242 per-

731 1272 931 1337 agratis
963 1279 1122 1324 terra:
1154 1268 1391 1337 partibus
1412 1308 1426 1332 ,
1472 1281 1729 1336 prospero
1766 1280 1930 1321 ovans
1961 1267 2180 1319 fratrum
2220 1278 2313 1318 co-

732 1362 959 1423 mitatu,
1018 1358 1262 1429 pervenit
1298 1358 1363 1410 ad
1404 1359 1578 1411 locum
1629 1358 1718 1411 ubi
1761 1367 1875 1411 erat
1914 1359 2089 1411 forum
2134 1372 2310 1412 rerum

733 1452 1101 1517 venalium“,
1175 1459 1231 1503 et
1288 1464 1456 1517 usque
1527 1449 1686 1503 hodie
1748 1452 1966 1515 antiquo
2018 1449 2309 1515 Anglorum

736 1544 1127 1612 Saxonumque
1176 1542 1437 1595 vorabqu
1484 1542 1789 1608 appellatur
1843 1539 2149 1591 Lundcmric
2191 1555 2209 1592 :
2250 1554 2312 1593 ac

735 1646 841 1685 non
869 1632 1040 1685 multo
1073 1640 1343 1684 transacto
1390 1628 1716 1697 postliminio
1738 1666 1754 1692 ,
1790 1636 2070 1680 nautarum
2105 1629 2313 1681 naviter

738 1736 912 1778 novus
949 1726 1162 1793 quidem
1209 1722 1462 1790 epibata,
1513 1720 1886 1774 consentiente
1925 1719 2176 1773 nauclero
2219 1735 2311 1787 ag-

740 1829 953 1884 gressus
1006 1822 1091 1867 est
1133 1828 1349 1879 navem,
1412 1812 1675 1879 uauloque
1729 1812 2000 1879 impenso,
2055 1825 2308 1879 prospero

734 1914 1014 1958 ventorum
1062 1904 1188 1956 llatu
1234 1903 1484 1971 pervenit
1529 1901 1592 1953 ad
1639 1900 1848 1951 Dorstat
1879 1899 1937 1964 lt;
2000 1901 2176 1967 ibique
2207 1898 2307 1951 ali—
2342 1886 2388 1946 Β

734 1995 972 2064 quandtu
1004 2004 1389 2055 commoratus,
1423 1991 1664 2045 debitum
1700 1990 1922 2043 Domino
1954 1990 2061 2043 Deo
2083 1988 2312 2042 exsolvit

739 2088 829 2140 die
867 2095 1134 2152 noctuque
1172 2079 1521 2152 pratconium.
1575 2080 1682 2134 Sed
1732 2080 1985 2147 quoniam
2023 2080 2177 2146 gravi
2225 2080 2308 2131 in-

734 2186 955 2247 grueute
988 2187 1317 2244 paganorum
1347 2174 1549 2240 impetu
1582 2171 1791 2224 hosnlis
1820 2179 2005 2223 exorta
2042 2167 2312 2223 dissensio

735 2268 872 2320 inter
921 2266 1171 2319 Karolum
1225 2273 1249 2301 ο
1302 2262 1600 2331 principem
1662 2261 2068 2329 gloriosumque
2119 2260 2308 2312 ducem

744 2356 1096 2421 Francorum,
1128 2361 1183 2407 et
1206 2352 1509 2405 Ratbodum
1544 2365 1725 2420 regem
1742 2350 2051 2415 Tresorum,
2089 2349 2313 2417 populos

732 2463 799 2501 ex
849 2456 1070 2515 utraque
1119 2453 1271 2512 parte
1319 2442 1705 2512 perturbabat,
1788 2441 2131 2510 maximaque
2190 2454 2313 2508 pars

738 2538 1099 2592 Ecclesiarum
1124 2536 1325 2590 Christi
1350 2548 1469 2601 qua:
1501 2533 1831 2586 Francorum
1864 2532 2016 2601 prius
2052 2533 2103 2584 in
2131 2531 2312 2585 Fresia

736 2630 989 2697 subjectte
1012 2637 1164 2681 erant
1192 2624 1450 2693 imperio,
1479 2622 1718 2675 Ratbodi
1752 2622 2097 2675 incumbente
2125 2636 2309 2689 perse~

742 2722 959 2777 cutioue
994 2733 1058 2773 ac
1098 2731 1380 2772 servorum
1426 2714 1518 2769 Dei
1548 2712 1685 2767 facta
1722 2713 2076 2783 expulsione,
2108 2722 2313 2768 vastata

742 2822 859 2869 erat
886 2826 948 2866 ac
974 2811 1269 2871 destructa,
1321 2807 1589 2861 idolorum
1620 2819 1837 2874 quoque
1866 2805 2074 2859 cultura
2103 2814 2315 2860 exstru-

746 2906 848 2959 ctis
871 2902 1219 2957 delubrorum
1251 2899 1389 2953 fanis
1419 2898 1714 2967 lugubriter
1748 2906 2002 2952 renovata
2032 2913 2047 2950 :
2079 2906 2206 2951 tunc
2235 2900 2315 2951 vir

741 2994 857 3058 Dei,
890 2999 1168 3063 perspecta
1220 2988 1589 3059 perversitatis
1647 2988 1903 3057 nequitia,
1966 2990 2207 3056 pervenit
2248 2988 2314 3041 ad

735 3085 898 3139 Τιτεή
923 3128 938 3150 ,
1002 3084 1177 3151 ibique
1215 3082 1496 3151 aliquantis
1533 3081 1856 3149 exspectatis
1893 3081 2116 3145 diebus,
2153 3081 2314 3135 adve-

745 3176 978 3230 nientem
1018 3188 1197 3241 regem
1249 3172 1553 3226 ltatbodum
1596 3172 1858 3226 allocutus
1886 3182 2003 3236 est,
2049 3182 2107 3227 ut
2134 3175 2312 3229 multis

740 3272 954 3327 illarum
982 3267 1401 3325 circumvallatis
1429 3280 1492 3319 ae
1519 3267 1823 3335 conspectis
1854 3276 2115 3320 terrarum
2147 3269 2313 3335 parti-

739 3366 875 3429 bus,
931 3371 1109 3417 utrum
1137 3360 1238 3415 sibi
1290 3358 1343 3413 in
1396 3360 1627 3412 futurum
1676 3358 2069 3425 prrcdicationis
2108 3359 2313 3427 uspiam

737 3464 1044 3526 patesceret
1094 3452 1281 3516 locus,
1336 3450 1675 3519 perquireret
1706 3464 1721 3498 :
1750 3463 2153 3516 proponensque
2202 3452 2315 3504 ani-

738 3562 860 3609 mo,
896 3554 953 3598 ut
997 3541 1043 3598 si
1093 3556 1195 3612 qua
1242 3540 1297 3596 in
1345 3551 1497 3609 parte
1540 3538 1698 3608 hujus
1745 3541 1922 3609 populi
1970 3542 2313 3610 Evangeliutn

739 3641 1043 3705 patesceret
1068 3631 1246 3685 aditus
1275 3645 1383 3699 quo
1413 3630 1753 3694 claresceret,
1789 3630 1946 3683 verbi
1977 3630 2193 3698 quidem
2219 3632 2311 3686 Dei

736 3728 943 3783 semina
998 3725 1345 3780 ministraret.
1391 3722 1543 3789 Quod
1591 3723 1752 3776 etiam
1805 3723 1986 3776 multis
2034 3726 2315 3780 transactis

738 3833 1001 3873 annorum
1066 3812 1352 3870 curriculis
1406 3812 1640 3883 gloriosa
1705 3813 1952 3882 martyrii
2015 3812 2315 3870 tesnlieatio

736 3908 1126 3977 comprobavit.

811 3999 903 4053 ta.
960 3997 1067 4051 Sed
1130 3992 1257 4063 quia
1318 4000 1622 4048 sanctorum
1676 3992 1945 4061 singulare
1985 4009 2176 4048 munus
2231 4005 2315 4051 est

735 4088 1059 4153 sanctitatis,
1103 4085 1228 4141 dum
1290 4086 1357 4139 ad
1402 4092 1612 4153 tempus
1656 4100 1808 4138 suum
1860 4086 1977 4140 sine
2023 4087 2315 4155 spiritualis

738 4184 915 4237 virore
942 4178 1199 4251 germinis
1239 4176 1477 4232 laborem
1507 4175 1730 4231 minime
1760 4176 2045 4245 pollentem
2098 4182 2311 4250 perspi-

734 4277 904 4339 ciunt,
959 4273 1026 4327 ad
1079 4270 1185 4325 alia
1248 4282 1471 4339 prorsus
1515 4267 1632 4322 loca
1682 4269 1905 4324 fecunda
1950 4272 2147 4326 labaris
2191 4289 2315 4328 cum

735 4364 912 4418 fructu
951 4361 1187 4431 migrant
1220 4375 1234 4412 :
1268 4357 1518 4428 quoniam
1550 4360 1817 4413 incassum
1857 4358 2190 4417 inhabitatnr
2230 4366 2314 4417 lo-

736 4470 859 4519 cus,
889 4453 933 4506 si
958 4462 1009 4505 et
1040 4451 1243 4505 fructus
1266 4449 1417 4504 deest
1437 4449 1754 4503 sanctitatis.
1786 4449 2017 4507 Sanctus
2062 4456 2203 4509 enim
2233 4456 2315 4511 vir

734 4545 861 4599 dum
888 4542 1125 4598 sterilem
1156 4538 1463 4609 aliquandiu
1508 4539 1797 4593 Fresorutn
1832 4550 2030 4595 terram
2082 4543 2308 4598 inhabi-

737 4646 898 4700 taret,
936 4645 990 4691 et
1030 4634 1232 4688 :estatis
1277 4630 1624 4699 autumnique
1672 4632 2054 4702 aliquantulum
2102 4647 2310 4707 tempus

739 4731 1066 4801 prietcriret;
1090 4729 1200 4797 jam
1225 4727 1372 4781 arida
1402 4727 1636 4781 coalestis
1679 4742 1798 4781 rore
1824 4728 2163 4785 fecunditatis
2187 4733 2317 4786 reli-

741 4832 929 4892 querat
949 4834 1100 4885 arva,
1130 4826 1184 4873 et
1226 4818 1403 4873 natale
1451 4818 1563 4872 suis
1592 4832 1777 4872 secum
1827 4820 2146 4888 supradictis
2176 4837 2309 4877 con-

810 4963 835 4991 ⁸
874 4952 1045 5019 Beda,
1077 4951 1130 5005 in
1159 4950 1261 5004 lib.
1294 4966 1329 5004 ιι
1380 4948 1537 5011 llist.,
1568 4963 1692 5015 cap.
1724 4948 1787 5012 5,
1830 4949 2159 5006 Lundoniam
2218 4971 2311 5008 vo-

738 5034 824 5077 cat
871 5024 1145 5075 multorum
1202 5023 1481 5095 emporium
1541 5022 1844 5095 populorum
1881 5032 2030 5095 terra
2078 5027 2309 5095 marique

737 5096 1069 5155 venientium,
1120 5107 1236 5155 qum
1277 5092 1403 5145 urbs
1451 5092 1551 5144 hoc
1602 5093 1716 5144 loco
1759 5093 2118 5159 signiﬁcatur.
2162 5092 2302 5151 Idem

736 5177 923 5217 auctor
977 5163 1305 5217 Londouiam
1359 5163 1488 5218 dicit
1550 5164 1895 5227 ntetropolim
1965 5167 2304 5220 Orientalium

737 5236 1045 5295 Saxonum,
1094 5234 1180 5301 qui
1226 5231 1462 5284 Tltamesi
1502 5233 1699 5300 ﬂuvio,
1752 5233 1943 5299 inquit,
1996 5235 2306 5291 dirimuntur

738 5322 770 5357 a
801 5305 1001 5364 Cantia,
1034 5313 1076 5355 et
1100 5304 1196 5373 ipsi
1229 5303 1461 5373 orientali
1493 5302 1621 5355 mari
1642 5303 1886 5370 contigui.

812 5375 837 5413 δ
883 5372 1210 5426 liorestatutn
1261 5387 1355 5425 seu
1403 5372 1743 5427 Dorestatnm
1798 5373 2090 5439 oppidum,
2148 5381 2304 5438 vulgo

743 5444 1168 5498 Wic-Dnerstede
1208 5443 1258 5497 in
1301 5442 1465 5497 Frisia
1491 5483 1506 5506 ,
1547 5458 1649 5495 non
1693 5446 1859 5496 semel
1891 5458 1919 5494 a
1966 5445 2304 5504 Nortmaudis

741 5517 1027 5579 insessum,
1060 5517 1217 5566 situm
1244 5523 1325 5568 est
1352 5515 1415 5565 ad
1445 5513 1664 5567 ﬂuvium
1691 5512 1908 5577 Lacam,
1936 5514 2113 5580 Lacte,
2147 5522 2303 5583 paulo

739 5601 896 5653 supra
937 5582 1240 5652 Trajectum
1292 5583 1532 5645 inferius,
1583 5584 1666 5635 hic
1698 5598 1725 5634 a
1775 5583 2087 5641 Willibaldo
2140 5582 2300 5644 Trcclt

739 5672 833 5709 seu
865 5655 1065 5715 Trecltt,
1102 5653 1260 5705 modo
1293 5653 1497 5706 Utrcrltt
1530 5655 1874 5721 appellatum.

816 5736 838 5763 ο
882 5727 1011 5778 lliue
1062 5722 1357 5777 refutantur
1407 5724 1438 5777 ii
1484 5730 1572 5791 qui
1628 5726 1849 5789 primam
1921 5726 2174 5784 Bonifacii
2248 5748 2299 5785 tn

743 5796 963 5847 Frisiatn
1010 5796 1391 5860 profectionem
1448 5810 1588 5845 anno
1630 5795 1732 5846 704
1779 5800 2135 5863 consignant,
2192 5814 2299 5855 tum

739 5868 863 5935 quia
898 5866 1197 5919 liervvaldus
1229 5879 1385 5933 supra
1437 5876 1760 5919 memoratus
1789 5868 2024 5921 nondum
2070 5884 2135 5925 eo
2163 5887 2301 5928 anno

2340 4588 2390 4648 D

2412 631 2555 675 creta
2592 632 2796 688 petens,
2844 627 3005 678 etiam
3038 625 3258 693 ibidem,
3308 632 3523 683 secundi
3554 634 3811 699 siquidem
3859 644 3987 692 anni

2413 714 2641 767 hiemem
2690 716 3091 783 tripudiantinm
3159 718 3380 772 fratrum
3438 737 3618 778 amore
3668 740 3988 795 Susceptus,

2412 804 2697 858 hiemando
2748 816 3082 876 transegerat
3112 809 3179 875 ά,
3239 819 3296 863 ut
3352 813 3586 870 doctoris
3638 822 3989 887 apostolicam

2411 899 2647 964 gentium
2671 912 2856 952 vocem
2875 900 3176 955 imitaretur
3197 902 3453 957 dicentis:
3476 904 3501 957 Ι
3509 905 3557 958 bi
3586 911 3718 962 enim
3747 916 3992 966 constitui

2412 992 2635 1044 hiemare
2664 992 2791 1061 (Tit.
2827 994 2932 1062 Ill).

2411 1083 2591 1166 Cartir
2626 1086 2687 1139 V.
2713 1088 3052 1166 furialiter,
3077 1093 3317 1159 defuncto
3374 1094 3551 1147 abbate
3580 1112 3691 1159 suo,
3726 1113 3839 1148 cum
3869 1100 3989 1166 fra-

2481 1158 2640 1231 tribus
2681 1157 3003 1220 aliquantum
3033 1157 3228 1231 tempus
3246 1176 3588 1218 commoratus
3608 1157 3711 1223 est.
3742 1181 3789 1219 et
3817 1157 3989 1231 prium

2480 1227 2548 1277 ad
2603 1226 2817 1306 [tantum
2850 1247 2963 1281 cum
2989 1226 3416 1289 cantaiendatiliis
3445 1242 3664 1305 episcopi
3695 1242 3770 1291 sui
3803 1226 3991 1296 literis

2480 1309 2721 1358 pervertit.

2481 1386 2567 1439 15.
2602 1388 2946 1444 Transcursis
2971 1393 3079 1460 jam
3124 1409 3190 1447 ex
3242 1406 3392 1463 parte
3444 1398 3615 1451 sancti
3655 1400 3752 1454 viri
3786 1402 3994 1455 virtuti—

2414 1480 2531 1541 bus,
2564 1481 2947 1549 subsequentia
2997 1482 3134 1551 ejus,
3180 1486 3629 1550 quemadmodum
3685 1505 3796 1543 rem
3829 1494 3996 1545 rntni-

2411 1574 2612 1641 g‘erulis
2672 1574 3027 1627 referentibus
3073 1588 3272 1643 geSIam
3307 1580 3687 1644 Comperimus,
3747 1591 3997 1646 patenter

2414 1665 3080 1732 proferimus,utapcrtior
3112 1667 3161 1717 in
3186 1680 3491 1734 perpetuum
3521 1669 3638 1722 vita:
3680 1686 3996 1740 mortuoque

2412 1754 2523 1821 ejus
2553 1755 2617 1806 ad
2647 1771 2888 1807 normam
2912 1769 3111 1807 sancite
3135 1761 3560 1813 conversationis
3595 1761 3735 1813 illitis
3768 1765 3995 1816 tenden-

2417 1842 2559 1895 tibus
2608 1851 2787 1910 pateat
2816 1844 2988 1896 callis.
3024 1845 3267 1912 Cumque
3322 1847 3509 1914 ingens
3549 1851 3995 1917 peregrinationis

2416 1932 2681 1994 exegisset
2733 1932 3052 1996 discrimen,
3101 1934 3470 2001 gurgitumqnc
3526 1938 3688 1988 maris
3737 1940 3996 1992 cvasi~sct

2421 2022 2788 2091 dispendium,
2813 2034 2864 2078 et
2899 2026 3119 2078 fratrum
3171 2041 3393 2080 suorum
3442 2027 3629 2082 iterum
3665 2046 3906 2085 revetsus
3937 2050 3997 2088 se

2418 2115 2658 2168 societati
2733 2115 3012 2180 dedisset,
3091 2132 3387 2187 eorumque
3456 2124 3808 2177 contubernio
3878 2126 3994 2178 dies

2416 2204 2611 2258 deinde
2644 2205 2902 2272 plurimos
2948 2206 3295 2273 itijunxisset;
3346 2210 3496 2276 gravi
3528 2210 3741 2266 demum
3804 2218 3998 2269 mentis

2419 2303 2665 2361 arreptus
2716 2304 2799 2348 est
2856 2310 3091 2350 mterore
3141 2305 3198 2351 et
3253 2299 3453 2352 recenti
3504 2315 3789 2369 oppressus
3834 2309 3996 2359 animi

2419 2382 2651 2449 tristitia,
2682 2383 2811 2437 dum
2845 2385 3035 2438 senilia
3059 2385 3166 2453 jatn
3201 2390 3443 2458 magistri
3472 2391 3705 2444 membra
3742 2392 3995 2448 inﬁrmari

2416 2477 2794 2543 conspiceret,
2853 2488 3262 2548 extremumque
3331 2493 3540 2536 astante
3616 2487 3995 2540 monachorum

2422 2568 2840 2636 congregatione
2904 2568 3081 2623 obitus
3137 2572 3216 2624 Siti
3271 2571 3447 2636 diem,
3496 2573 3764 2642 languoris
3804 2593 3999 2632 eanva-

2420 2656 2659 2712 lcseente
2695 2658 3078 2723 immensitate,
3138 2662 3398 2716 vibrando
3446 2666 3856 2735 palpitandoquc
3894 2670 3995 2722 im-

2420 2750 2657 2815 mittere,
2695 2759 2751 2803 et
2782 2750 2998 2805 tandem
3032 2753 3283 2821 deposito
3312 2756 3552 2823 corporis
3582 2758 3868 2825 ergastulo,
3898 2759 3999 2812 sub

2420 2842 2557 2897 tristi
2585 2844 2928 2897 mmrentium
2971 2855 3192 2911 aspectu
3242 2845 3491 2911 fratruut,
3528 2849 3767 2902 ultimum
3810 2852 3996 2905 efllare

2420 2934 2669 3001 spiritum
2696 2935 2905 2989 videret
2925 2944 2969 2987 °.
2998 2935 3133 3003 Quia
3158 2937 3530 2992 insanctorun:
3562 2939 3867 3008 frequenter
3887 2958 3998 2996 ror-

2418 3025 2575 3078 dibus
2619 3026 3011 3094 eompassionis
3074 3028 3382 3095 Specialiter
3434 3029 3721 3084 condolens
3776 3034 3999 3102 refulget

2420 3115 2614 3183 pietas,
2657 3130 2758 3183 qua
2807 3115 2871 3167 ad
2922 3126 3132 3184 tempus
3189 3116 3375 3170 sedqu
3420 3118 3595 3171 solent
3645 3121 3993 3174 cmelri;.tari:

2347 3238 2393 3300 ρ
2426 3209 2520 3261 sed
2536 3209 2831 3274 apostolico
2851 3207 3174 3261 inhznrentes
3200 3219 3467 3277 praecepto
3490 3207 3541 3262 iu
3568 3209 3995 3280 Dominojngi'er

2422 3299 2792 3352 consolantur.
2843 3296 2961 3352 Jam
3006 3297 3202 3353 blande
3258 3299 3480 3351 advrsus
3534 3310 3616 3353 est
3660 3298 3892 3365 fratres,
3940 3312 3997 3355 et

2418 3387 2789 3456 spiritualibus
2818 3402 2913 3442 eos
2942 3389 3226 3457 colloquiis
3252 3404 3458 3445 memor
3499 3401 3734 3458 paterna:
3758 3394 3997 3447 traditio-

2420 3480 2502 3531 nis
2536 3479 2801 3543 hortatur,
2834 3487 2893 3543 ut
2926 3479 3187 3548 regularis
3213 3478 3415 3549 jugiter
3456 3481 3847 3536 constitutionis
3884 3483 3993 3537 for-

2419 3586 2557 3623 mam
2579 3582 2629 3624 et
2650 3570 3030 3625 ecclesiastica:
3050 3571 3377 3626 definitionis
3400 3586 3639 3627 normam
3669 3573 3719 3626 in
3744 3575 3991 3631 onmibus

2416 3671 2826 3728 conservarent,
2856 3673 2911 3717 et
2943 3671 2998 3717 ut
3051 3662 3222 3716 Patris
3271 3664 3553 3732 cujuslibet
3611 3665 3900 3731 Spiritualis
3931 3683 3993 3722 se

2418 3752 2804 3821 subiungerent
2859 3754 3107 3819 imperio,
3162 3755 3435 3809 instruxit.
3463 3754 3609 3809 Tunc
3639 3769 3826 3810 omnes
3864 3773 3989 3811 uua-

2418 3842 2635 3897 nimiter
2657 3844 2909 3898 consonis
2934 3843 3205 3898 instabant
3235 3846 3474 3908 vocibus,
3502 3854 3557 3900 et
3584 3856 3825 3900 sanctum
3856 3848 3994 3902 hunc

2417 3934 2612 3999 virum,
2641 3936 2730 4002 qui
2764 3934 2858 3989 illo
2885 3934 3166 3989 dicebatur
3189 3934 3242 3988 in
3271 3943 3512 4005 tempore
3536 3934 3790 4001 Wiutrid,
3815 3940 3991 3992 cuncti

2420 4027 2796 4094 precabantur,
2849 4034 2905 4079 ut
2934 4024 3207 4095 pastorale
3237 4040 3401 4094 super
3428 4039 3523 4079 eos
3572 4025 3779 4080 abbatis
3828 4027 3996 4080 Susci-

2418 4128 2570 4185 peret
2601 4115 2997 4186 magisterium.
3025 4116 3131 4171 Sed
3179 4116 3425 4171 refutatis
3452 4131 3575 4169 mox
3607 4119 3789 4185 patria:
3826 4118 3992 4171 l'acul-

2418 4211 2619 4264 tatibus
2649 4219 2699 4264 et
2735 4210 2969 4278 primatu
3016 4207 3293 4278 regiminis
3339 4208 3586 4276 abiecto,
3631 4210 3697 4262 ad
3730 4210 3994 4277 pitedcsti-

2419 4313 2540 4357 nata
2567 4302 2676 4369 jam
2708 4311 2989 4370 promptus
3020 4314 3082 4353 ac
3116 4308 3354 4368 paratos,
3383 4300 3565 4354 solerti
3597 4314 3657 4354 se
3685 4314 3810 4354 cura
3831 4316 3994 4355 excu—

2418 4395 2574 4459 savit,
2610 4406 2934 4463 omnemque
2967 4392 3240 4446 haeredum
3283 4390 3418 4464 [Αι.,
3443 4389 3837 4465 proltzcrcdum]
3865 4392 3989 4447 sub-

2418 4483 2666 4539 stantiam
2708 4482 3024 4550 abnegando
3063 4481 3264 4536 renuit.

2495 4575 2583 4627 N.
2616 4572 2749 4627 Cum
2783 4587 2914 4627 vero
2946 4572 3228 4627 hibernale
3265 4574 3373 4641 jam
3416 4579 3625 4641 tempus
3678 4571 3988 4642 prtcteriret,

2417 4676 2471 4721 et
2501 4666 2649 4719 calor
2698 4665 2905 4719 astatis
2947 4665 3335 4730 candesceret,
3380 4664 3709 4734 pristinaque
3767 4663 3988 4719 labentis

2417 4758 2541 4812 anni
2593 4766 2944 4812 renovaretur
2985 4756 3248 4821 intentio,
3297 4758 3443 4812 omni
3473 4756 3833 4813 sollicitudine
3887 4757 3987 4812 iter

2418 4851 2673 4905 omissum
2729 4850 2974 4905 iterando
3023 4864 3287 4906 renovare
3334 4851 3557 4907 studuit.
3600 4851 3749 4906 Tunc
3796 4851 3983 4907 litteris

2414 5000 2528 5044 erat
2554 4990 2717 5045 abbas
2736 4988 3145 5053 Glastoniensis;
3172 4998 3283 5043 tum
3306 4989 3428 5057 quia
3452 4988 3523 5044 Ca
3539 4989 3684 5043 roltts
3712 4989 3983 5044 hlartellns

2414 5063 2626 5114 vixdum
2660 5062 2935 5114 infantiam
2958 5069 3284 5125 excesserat,
3308 5063 3396 5127 qui
3424 5075 3571 5113 anno
3599 5063 3850 5113 duntaxn
3873 5061 3976 5115 ηδ

2414 5147 2532 5187 cum
2568 5131 2826 5184 Radbodo
2854 5132 3048 5184 bellum
3078 5144 3266 5198 gerere
3290 5132 3477 5186 emuit.

2484 5200 2511 5238 ά
2546 5201 2787 5265 Reliquit,
2814 5210 2868 5253 et
2891 5201 3027 5253 infra
3058 5205 3320 5263 transegit.
3352 5200 3468 5254 .lam
3498 5199 3696 5252 similes
3720 5198 3968 5268 loquendi

2413 5272 2601 5326 modos
2649 5270 3048 5325 observavimus
3094 5271 3145 5324 in
3202 5270 3318 5324 Vita
3364 5271 3424 5325 S.
3455 5270 3779 5340 Willibrordi
3837 5270 3973 5340 apud

2412 5344 2739 5405 Alcuinum,
2792 5342 2881 5409 qui
2942 5340 3209 5408 prasterita
3271 5343 3550 5410 plusquam
3594 5339 3827 5409 perfecta
3884 5357 3977 5409 pro

2414 5412 2674 5466 absolutis
2706 5428 2811 5464 non
2837 5412 3001 5466 semel
3035 5414 3332 5479 usurpavit.

2485 5493 2509 5520 ο
2561 5482 2637 5535 Ad
2680 5482 2812 5535 hane
2846 5481 3179 5536 Wiuberchti
3206 5482 3417 5536 abbatis
3447 5479 3822 5535 Nuiscellensis
3884 5494 3976 5535 seu

2411 5553 2799 5607 Nutscelleusis
2856 5563 3083 5605 mortem
3129 5567 3233 5607 non
3290 5560 3495 5620 spectat
3541 5551 3765 5620 epistola
3808 5551 3872 5602 t7
3914 5553 3971 5607 S.

2412 5625 2666 5677 ltouil'acii
2711 5625 2779 5677 de
2824 5623 2972 5679 obitu
3022 5622 3283 5690 Wigberti
3338 5623 3567 5685 abbatis,
3624 5621 3978 5676 hauddubium

2413 5693 2851 5754 Fritislariensis,
2881 5692 2975 5758 qui
3006 5692 3280 5746 Bontl'acio
3310 5695 3533 5747 absente
3562 5694 3645 5759 (ut
3689 5692 3899 5759 quidem
3932 5696 3979 5745 itt

2412 5765 2638 5829 epistola
2693 5765 3037 5829 exiirimitur)
3068 5764 3377 5817 decesserat
3408 5782 3419 5815 :
3452 5777 3572 5815 cum
3604 5762 3735 5817 alter
3762 5763 3830 5819 tle
3878 5780 3979 5832 quo

2415 5837 2497 5890 hic
2539 5848 2717 5890 sermo
2746 5849 2811 5889 eo
2858 5844 3123 5902 przesente
3153 5834 3399 5903 Spiritum
3441 5836 3700 5890 emiserit.
