4170 6526
199 401 305 454 613

1521 390 1673 444 ΠΪΛ
1717 390 1772 444 S.
1820 390 2176 447 BUNll’ACll.

3359 402 3419 455 (ἶῖ
3436 403 3463 453 ι

198 517 358 569 etiam
414 508 865 565 commendatitiis
894 521 923 560 a
956 505 1121 559 beata:
1166 506 1439 559 memoria:
1498 506 1718 560 Danicle
1754 517 1775 541 ο
1809 512 1853 567 Α
1884 511 2123 563 ordinem
2181 513 2385 566 itiuetis
2434 517 2519 570 Sui
2575 528 2733 587 atque
2791 521 3052 574 adventus
3112 527 3452 579 occasionem

196 606 537 672 speculatore
570 602 741 670 plebis
792 600 884 653 Dei
927 601 1181 665 acceptis,
1203 599 1267 651 ad
1300 600 1477 651 limina
1511 601 1778 665 apostolo-

197 713 315 750 rmn
350 698 572 748 Romam
597 695 781 748 venire
814 691 1052 744 tentavit.
1095 691 1263 755 Quem
1318 699 1492 743 tamen
1524 691 1777 744 resisten-

202 794 331 846 timn
372 789 676 857 aliquandiu
732 786 952 840 fratrum
1026 786 1215 837 orbata
1284 783 1454 837 Patris
1506 784 1781 852 impedivit

199 882 511 939 necessitas.
540 878 881 946 charitasque
899 877 1205 945 cjnlantium
1228 890 1288 927 ac
1308 878 1609 942 compassio
1632 885 1779 930 utro-

198 972 360 1038 bique
391 970 680 1025 dolentium
708 968 776 1019 ad
805 978 1010 1033 tempus
1041 964 1366 1028 obsistebat;
1409 964 1475 1017 ita
1504 975 1555 1018 ιιι
1589 979 1781 1035 magno

200 1062 414 1127 quidem
468 1062 665 1113 mentis
716 1072 913 1126 angore
964 1065 1313 1124 premeretur,
1350 1066 1403 1110 et
1435 1056 1483 1109 in
1516 1072 1676 1124 quant
1722 1072 1779 1111 se

202 1162 433 1206 verteret
462 1161 661 1219 partem
698 1151 985 1216 ignoraret.
1038 1146 1309 1199 Mctuebat
1340 1147 1481 1200 enim
1536 1164 1602 1201 ne
1650 1163 1778 1215 grex

202 1246 460 1312 magistro
512 1244 855 1307 commissus,
905 1240 1014 1309 jam
1067 1240 1184 1293 sine
1236 1239 1504 1302 vigilantis
1556 1240 1779 1306 pastoris

198 1336 465 1399 cu-todia,
490 1350 556 1389 eo
580 1334 898 1397 decedente,
920 1332 1164 1399 luporum
1194 1332 1457 1385 morsibus
1480 1342 1700 1399 pateret,
1727 1342 1780 1384 et

202 1441 256 1483 ιιι
312 1441 536 1496 peregre
586 1425 959 1494 proficiscendi
1011 1424 1321 1478 autumnale
1370 1424 1471 1476 sibi
1524 1423 1780 1476 deficeret

200 1533 409 1589 tempus
441 1518 785 1573 formidabat.
829 1515 1070 1583 Cumque
1098 1514 1447 1581 Omnipotens
1470 1515 1623 1566 solita
1673 1528 1777 1566 non

199 1618 489 1671 immemor
519 1613 733 1680 pietatis
757 1626 866 1664 sua:
892 1610 1199 1668 clementia.
1225 1624 1434 1662 servum
1464 1622 1615 1660 suum
1636 1614 1777 1659 tanta

194 1708 356 1759 animi
399 1718 650 1773 pressura
680 1701 1057 1770 perturbatum
1104 1715 1167 1753 ex
1206 1699 1374 1752 anxio
1407 1699 1563 1753 vellet
1594 1698 1779 1751 dolore

194 1798 423 1864 eripere,
460 1805 512 1848 et
560 1793 856 1860 jucundum
914 1792 1059 1861 gregi
1107 1792 1387 1859 providere
1432 1792 1774 1859 magistrum;

186 1887 297 1954 jam
329 1886 535 1954 praefati
566 1886 826 1939 antistitis
851 1900 975 1951 erga
1009 1883 1201 1937 fratres
1248 1884 1496 1936 intestina
1530 1885 1664 1936 facta
1696 1895 1779 1936 est
1810 1876 1857 1935 B

191 1978 493 2040 meditatio,
524 1987 577 2030 et
615 1976 767 2028 bona:
801 1977 993 2029 iudulis
1043 1977 1217 2028 virum
1273 1976 1487 2028 nomine
1547 1976 1775 2042 Stepha-

193 2085 319 2123 num
372 2067 497 2121 huic
547 2068 839 2136 prwsidere
896 2067 1025 2121 fecit
1082 2068 1380 2135 Ecclesiae,
1435 2077 1489 2121 et
1534 2080 1775 2121 sanetum

193 2160 335 2212 hunc
358 2161 533 2212 virum
582 2174 676 2226 per
708 2160 894 2226 longas
935 2159 1386 2228 peregrinationis
1413 2160 1526 2213 vias
1560 2160 1636 2211 ire
1686 2173 1775 2209 vo-

191 2253 393 2303 lentem
455 2251 521 2303 ad
572 2252 688 2303 loca
740 2249 1063 2305 incolumem
1097 2251 1359 2305 destinata
1416 2252 1627 2305 direxit.
1676 2252 1774 2317 Qui

192 2342 441 2408 protinus
472 2339 693 2406 quidem
719 2340 1027 2394 valcdicens
1058 2340 1312 2394 fratribus
1364 2340 1633 2409 profectus
1672 2353 1774 2403 est,

196 2436 484 2500 locumque
516 2446 609 2498 per
641 2432 796 2500 longa
831 2442 1092 2487 terrarum
1136 2435 1330 2502 spatia,
1363 2435 1450 2501 qui
1491 2434 1599 2501 jam
1643 2450 1775 2500 prcc-

192 2528 367 2582 dictus
392 2528 588 2580 dicitur
618 2527 946 2591 Lundcnwic,
982 2528 1092 2579 voti
1117 2540 1340 2595 compos
1368 2526 1521 2592 adiit,
1554 2536 1608 2580 et
1636 2526 1777 2580 celo-

191 2622 267 2674 cis
311 2620 561 2674 celeriter
616 2620 910 2688 marginem
982 2619 1293 2682 scandens,
1349 2620 1512 2687 coepit
1569 2618 1777 2686 ignotas

194 2714 360 2769 maris
412 2721 619 2766 tentare
672 2711 815 2775 vias;
870 2710 1395 2779 tripudiantibusque
1444 2712 1637 2773 nautis,
1672 2712 1776 2764 im-

193 2820 378 2860 mensa
412 2802 552 2858 Coro
596 2802 757 2856 flante
785 2808 1007 2857 carhasa
1060 2805 1481 2871 consurgebant,
1510 2816 1564 2858 et
1618 2806 1775 2872 pleno

192 2907 355 2950 vento
408 2909 777 2963 prosperoipie
803 2909 967 2948 cursu
998 2894 1135 2949 ostia
1168 2896 1405 2947 fluminis
1448 2896 1605 2949 citius
1633 2896 1772 2960 quod

191 2988 384 3041 dicitur
413 2988 573 3040 Cucnt
606 2986 656 3051 δ,
689 2988 831 3039 omni
856 2988 964 3053 jam
1010 2998 1260 3055 expertes
1289 2989 1533 3057 periculo
1558 2991 1770 3042 naufra-

190 3081 263 3149 gii
310 3080 606 3148 aspiciunt,
639 3088 693 3131 et
740 3078 805 3130 ad
836 3079 1039 3131 aridam
1090 3079 1321 3146 sospites
1354 3088 1550 3133 terram
1590 3095 1775 3147 perve-

198 3174 374 3226 niunt.
412 3170 520 3225 Sed
543 3180 599 3224 ει
621 3179 796 3223 castra
827 3170 1014 3222 ntetati
1043 3180 1167 3223 sunt
1191 3172 1243 3223 in
1270 3170 1575 3234 Cueutawic,
1603 3173 1773 3224 donec

194 3264 581 3331 superveniens
601 3277 660 3316 se
682 3262 1010 3331 collegarum
1042 3263 1326 3317 multitudo
1357 3273 1773 3333 congregasset;

194 3354 550 3422 omnibusque
588 3353 869 3417 collectis,
920 3367 1018 3422 per
1070 3354 1311 3423 singulos
1362 3369 1605 3423 quosque
1660 3355 1777 3409 dics

199 3444 516 3499 imminente
567 3443 758 3497 hiemis
798 3443 995 3513 frigore
1027 3446 1248 3511 profecti
1279 3454 1428 3511 sunt,
1479 3446 1779 3514 multasque

200 3548 512 3591 sanctorum
573 3535 834 3591 ecclesias
897 3535 1103 3591 orando
1154 3537 1439 3600 aderunt,
1499 3546 1559 3590 ut
1613 3540 1777 3591 tutius

194 3628 495 3696 opitulante
528 3625 838 3679 Altitht'ono
892 3625 1084 3694 Alpina
1136 3628 1395 3680 montium
1424 3626 1552 3695 juga
1604 3635 1779 3681 trans-

192 3718 514 3779 cenderent,
574 3714 1160 3784 Longobardorumque
1187 3732 1315 3786 erga
1366 3718 1486 3771 illos
1532 3718 1779 3773 humani-

194 3822 354 3867 tatem
398 3810 583 3863 mitius
623 3810 921 3871 sentirent,
965 3808 1299 3879 militumque
1341 3810 1659 3865 malitiosam
1691 3826 1779 3863 su-

194 3904 397 3974 perbia:
425 3901 761 3957 ferocitatem
790 3900 1005 3955 facilius
1038 3901 1343 3956 evaderent.
1378 3900 1617 3971 Cumque
1656 3917 1782 3958 san-

193 4008 404 4051 ctorum
454 3992 780 4060 suffragante
824 3991 1120 4061 patrocinio
1152 4001 1207 4048 et
1237 3992 1462 4047 Domino
1506 3994 1615 4047 Deo
1662 3993 1777 4046 dis-

196 4096 495 4154 pensante,
553 4085 732 4139 omnis
790 4086 988 4153 quippe
1046 4085 1239 4138 cohors
1316 4083 1777 4138 contubernalium

194 4176 473 4231 comitatui
512 4175 669 4243 hujus
692 4178 862 4229 sancti
888 4176 987 4229 viri
1020 4175 1312 4240 inhaerens,
1339 4173 1522 4227 limina
1555 4176 1613 4228 Β.
1639 4175 1780 4229 Petri

196 4267 431 4334 apostoli
465 4280 723 4335 prospere
767 4279 1053 4335 aggressus
1105 4273 1207 4328 est,
1256 4265 1548 4319 immensas
1598 4270 1779 4320 statim

194 4356 414 4411 Christo
447 4370 543 4423 pro
571 4355 831 4423 sospitate
857 4371 1042 4410 eorum
1073 4366 1251 4425 grates
1278 4356 1602 4425 persolvunt,
1624 4367 1782 4425 atque

195 4445 485 4500 ecclesiam
542 4444 603 4500 S.
648 4444 792 4499 Petri
843 4446 1103 4515 principis
1168 4447 1533 4515 apostolorum
1589 4460 1781 4516 magno

195 4556 317 4595 cum
346 4537 544 4608 gaudio
597 4538 845 4605 ingressi,
878 4537 1230 4593 abolitionem
1283 4540 1650 4607 peccaminum
1686 4556 1780 4609 po-
1804 4576 1860 4635 Β

197 4629 483 4692 stnlantes,
514 4625 725 4680 diversa
773 4626 987 4694 quidem
1022 4641 1242 4681 munera
1274 4642 1458 4681 eorum
1503 4630 1781 4696 quamplu-

202 4719 319 4772 ritni
373 4716 701 4771 detulerunt.
730 4715 1041 4769 Transactis
1069 4725 1247 4777 autem
1276 4715 1467 4770 diebus
1493 4731 1601 4770 non
1641 4720 1775 4770 mul-

203 4810 271 4862 tis
321 4814 545 4861 sanctus
596 4804 698 4859 iste
739 4805 822 4859 vir
874 4804 1231 4858 venerabilem
1274 4806 1418 4860 sedis
1468 4807 1781 4875 apostolica:

204 4914 395 4968 papam
437 4897 609 4952 beata:
652 4896 928 4951 memoria
958 4893 1271 4964 Gregorium
1305 4910 1334 4948 a
1361 4896 1533 4964 primo
1585 4911 1782 4951 secun-

204 4990 354 5054 dum,
381 4998 436 5042 ει
466 4988 762 5042 novissimo
795 4988 1023 5054 priorem
1047 4985 1240 5040 affatus
1273 4988 1383 5055 (qui
1414 4996 1471 5042 et
1512 4988 1783 5057 vulgarica

207 5080 575 5139 Romanorum
604 5076 783 5145 lingua
824 5074 1019 5130 dicitur
1049 5075 1257 5146 Junior)
1286 5091 1503 5132 onmem
1551 5079 1660 5133 sibi
1688 5095 1787 5150 per

279 5223 305 5250 ⁸
335 5212 434 5267 Hic
460 5219 547 5267 est
576 5210 757 5265 Daniel
810 5208 1221 5265 occidentalium
1268 5208 1539 5266 Saxonum
1568 5214 1783 5280 episco-

207 5299 326 5351 pus,
354 5283 446 5351 qui
474 5289 614 5336 teste
645 5280 785 5335 Beda
832 5281 883 5334 in
916 5282 1010 5334 lib.
1035 5295 1091 5344 v,
1115 5296 1233 5349 cap.
1260 5282 1350 5345 19,
1384 5300 1483 5336 una
1532 5300 1651 5337 cuin
1687 5286 1782 5338 Al-

207 5355 427 5407 dhelmo
466 5354 730 5407 successit
785 5352 1095 5405 Pecthelmo
1145 5353 1422 5421 episcopo,
1469 5368 1609 5407 anno
1651 5356 1779 5419 705,

207 5437 433 5492 eratque
472 5432 747 5492 superstes
800 5434 943 5476 anno
988 5421 1117 5488 75f,
1165 5438 1271 5492 quo
1314 5424 1457 5478 Beda
1504 5424 1784 5480 historiam

206 5510 357 5549 suam
388 5493 634 5547 absolvit.

281 5568 307 5602 δ
334 5562 620 5631 Quantiam
650 5561 857 5617 scilicet
895 5565 1113 5619 fluvium
1144 5563 1197 5617 in
1228 5562 1447 5633 Morinis
1477 5563 1661 5618 Galliae
1692 5581 1786 5633 po-

215 5635 352 5704 pulis
378 5633 445 5687 ad
474 5632 834 5687 Britannicum
859 5636 1076 5701 fretum,
1109 5635 1263 5703 vulgo
1286 5634 1337 5687 la
1370 5631 1572 5687 Canche
1597 5631 1783 5704 appel-

209 5707 418 5769 latutn,
471 5718 639 5771 aquo
695 5706 1069 5773 Quentawicns
1123 5718 1309 5772 portus
1364 5704 1782 5773 denominatus,

211 5776 373 5831 modo
400 5774 657 5840 Stapnla,
689 5772 943 5843 Estaples,
972 5776 1167 5828 dictus.

284 5855 309 5885 ι
336 5846 495 5899 Binas
516 5859 645 5915 ergo
676 5844 876 5902 litteras
906 5860 937 5901 a
970 5845 1188 5900 Daniele
1240 5856 1519 5916 acceperat
1564 5845 1787 5902 Bonifa-

1798 3228 1848 3289 ϐ

1886 603 2275 665 inanifestavit;
2324 614 2376 659 et
2410 610 2552 675 quali
2594 612 2783 662 anxius
2826 614 3095 666 desiderio
3136 615 3335 666 diutius
3367 617 3460 669 de-

1884 693 2130 746 sudassct
2159 698 2391 763 aperuit.
2419 699 2646 753 Sanctus
2674 703 2854 768 itaque
2881 718 3011 772 papa
3054 714 3275 770 repente
3307 704 3461 757 hilari

1884 784 2051 846 vultu,
2100 786 2566 856 arridentihusqne
2616 794 2788 845 oculis
2836 793 3057 847 intuitus
3109 797 3160 849 in
3202 797 3465 858 eum,in-

1881 876 2101 943 quisivit
2132 894 2196 932 an
2232 882 2436 935 litteras
2477 883 2544 936 ab
2576 885 2831 954 episcopo
2852 902 2953 941 suo
2993 890 3461 944 commendatitias

1880 967 2181 1021 detulisSel.
2228 973 2296 1025 At
2330 974 2417 1027 ille
2459 977 2621 1028 etiam
2654 989 2902 1046 exempto
2930 980 3092 1047 pallio
3120 982 3359 1035 chartam
3390 998 3458 1037 ex

1883 1078 2030 1116 more
2059 1065 2347 1120 involutam
2382 1080 2404 1107 ε
2439 1070 2753 1141 litterasque
2784 1074 3025 1139 protulit,
3071 1074 3328 1143 deditque
3360 1077 3459 1129 mi-

1883 1156 2039 1209 rabili
2065 1167 2263 1233 sancta:
2296 1165 2679 1218 recordationis
2702 1166 2844 1227 viro;
2882 1167 2969 1234 qui
3002 1171 3178 1224 statim
3222 1170 3460 1237 acceptis

1882 1247 2072 1302 litteris
2099 1252 2283 1303 annuit
2321 1252 2369 1305 ei
2418 1262 2474 1307 ιιι
2524 1257 2715 1310 abiret.
2765 1259 3104 1326 Apostolicus
3152 1275 3277 1313 vero
3321 1276 3457 1330 papa

1883 1341 2131 1404 perlectis
2179 1342 2367 1395 litteris
2417 1354 2470 1396 et
2520 1352 2781 1400 recensita
2825 1349 3282 1403 commendatititn
3327 1366 3456 1405 eon-

1882 1432 2190 1499 scriptiouis
2222 1434 2429 1497 charta,
2462 1438 2706 1490 sedulum
2740 1441 2991 1507 deinceps
3019 1459 3140 1506 cum
3193 1458 3258 1499 eo
3298 1445 3461 1499 halic-

1881 1522 1969 1575 hat
2021 1526 2344 1590 qnutiiliantc
2418 1530 2799 1596 disputationis
2852 1534 3219 1601 colloquium,
3276 1538 3453 1593 donec

1883 1615 2247 1680 proticiSt-endi
2280 1621 2642 1688 redeundique
2673 1624 2915 1679 testivum
2964 1627 3188 1683 instaret
3222 1638 3453 1700 tempus.

1878 1724 2053 1807 Cum
2350 1735 2459 1807 eius
2490 1734 2657 1807 reditu
2698 1752 2759 1787 ra:
2794 1735 2975 1807 Ilomfr,
3002 1740 3245 1791 mandato
3269 1757 3454 1807 paprr;

1955 1799 2153 1875 etnquid
2182 1800 2233 1849 in
2264 1799 2567 1875 Thuringiu,
2601 1802 2823 1856 Francia
2843 1818 2886 1856 et
2918 1805 3097 1861 Fresia
3122 1799 3455 1875 prmdicmtdo

1957 1866 2175 1933 e/Iiccrit
2205 1885 2224 1921 :
2256 1871 2388 1922 etde
2414 1873 2564 1942 gestis
2591 1890 2705 1924 cum
2739 1875 3067 1931 Willibrordo
3100 1866 3353 1947 episcopo.

1954 1981 2037 2034 15.
2067 1980 2200 2035 Cum
2224 1999 2353 2037 vero
2381 1984 2544 2039 Nisan
2579 1990 2797 2054 mensis,
2852 1994 2938 2060 qui
2972 2003 3055 2047 εει
3084 1994 3299 2060 Aprilis,
3331 2011 3467 2063 pra:-

1881 2074 2085 2134 tcriret,
2116 2083 2168 2126 et
2197 2072 2329 2137 Jair,
2360 2078 2448 2143 qui
2492 2087 2575 2130 est
2619 2080 2805 2147 Maius,
2853 2083 2963 2149 jam
3011 2096 3181 2151 porta:
3226 2098 3465 2151 patesce-

1884 2172 2034 2223 rent;
2070 2171 2192 2215 tunc
2215 2166 2372 2217 etiam
2394 2168 2657 2233 postulata
2676 2180 2834 2238 atque
2850 2186 3066 2241 accepta
3092 2176 3465 2232 benedictione

1879 2260 1932 2305 ct
1960 2253 2149 2307 litteris
2177 2253 2202 2291 ά
2237 2269 2266 2307 a
2303 2256 2618 2311 beatissimo
2648 2275 2804 2328 papa,
2862 2263 2927 2315 ad
2976 2263 3334 2332 inspiciendus
3365 2266 3465 2320 im-

1879 2344 2217 2397 manissimus
2249 2346 2551 2401 Germania:
2579 2350 2805 2416 populos
2854 2352 3089 2407 direCtus
3135 2364 3237 2421 est,
3293 2366 3349 2409 ut
3390 2372 3462 2409 an

1885 2436 2084 2486 inculta
2117 2436 2366 2488 cordium
2398 2452 2522 2489 arva
2553 2441 2860 2505 evangelico
2886 2454 3029 2494 arata
3062 2458 3298 2507 vomere,
3329 2461 3466 2513 pra:-

1882 2525 2164 2577 dicationis
2194 2540 2380 2580 semen
2432 2530 2675 2596 recipere
2721 2531 3008 2587 voluissent
3062 2535 3191 2605 [.4l.,
3240 2538 3461 2607 vellent]

1878 2615 2265 2668 consideraret.
2295 2618 2369 2670 Ac
2398 2616 2475 2671 sic
2508 2622 2780 2688 extemplo
2808 2626 3027 2678 collecta
3059 2642 3341 2682 numerosa
3373 2644 3465 2683 rc-

1878 2704 2156 2773 liqniarum
2182 2708 2551 2775 multitudine,
2578 2714 2855 2781 reciproco
2882 2730 3097 2770 suorum
3129 2719 3300 2771 reditu
3337 2734 3466 2774 con-

1880 2810 2159 2849 servorum
2193 2797 2360 2851 Italia:
2395 2798 2526 2854 fines
2550 2802 2700 2866 adiit,
2753 2806 3119 2876 optimumque
3160 2809 3465 2879 Langobar-

1876 2884 2067 2939 dorum
2104 2902 2283 2956 regem
2318 2890 2745 2948 Liodobraudnm
2776 2895 2907 2966 [Al.,
2936 2898 3342 2972 Liutpraudum]
3373 2921 3465 2971 pa-

1881 2979 2049 3033 citicis
2069 2981 2359 3036 salutatum
2387 2987 2696 3039 muneribus
2717 2990 3073 3057 compellavit,
3093 3000 3148 3044 et
3173 2994 3464 3050 honorifice

1887 3070 1954 3122 ab
1976 3085 2041 3123 eo
2072 3084 2371 3141 susceptus,
2406 3076 2601 3129 lassata
2630 3093 2690 3130 ex
2724 3079 2917 3134 itinere
2943 3083 3181 3136 membra
3211 3098 3465 3152 repausa-

1875 3158 1994 3224 bat,
2016 3175 2078 3214 ac
2116 3164 2192 3216 sic
2224 3178 2617 3234 remuneratus,
2639 3170 2803 3222 ardua
2822 3185 2883 3222 ac
2906 3172 3061 3237 plana
3080 3188 3325 3240 agrorum
3341 3190 3465 3244 per-

1879 3265 2071 3317 agrans
2097 3254 2289 3321 spatia,
2321 3265 2587 3325 praerupta
2618 3257 2825 3326 Alpium
2846 3260 2968 3329 jttga
2994 3265 3339 3330 transcendit,
3368 3265 3462 3319 in-

1880 3340 2225 3408 cognitosque
2270 3343 2634 3412 Bajoariurum
2666 3358 2718 3400 et
2757 3351 2995 3402 contines
3026 3350 3325 3406 Germaniae
3350 3364 3460 3409 ter-

1880 3428 2052 3483 tninos
2097 3432 2433 3499 aggrediens,
2473 3434 2527 3487 in
2557 3437 2902 3507 'l'huringiam
2947 3439 3098 3509 juxta
3147 3446 3459 3500 mandatmn

1879 3522 2187 3588 apostolicae
2234 3526 2376 3580 sedis
2428 3530 2821 3586 considerando
2870 3549 3182 3604 progressus
3234 3548 3340 3602 est,
3390 3541 3459 3593 ad

1881 3610 2047 3665 instar
2104 3614 2350 3670 videlicet
2406 3619 2839 3686 prudentissima:
2896 3626 3034 3693 apis,
3090 3643 3209 3695 quae
3261 3631 3456 3685 suctim

1879 3716 2186 3773 eamporum
2213 3707 2556 3764 circumvolat
2580 3726 2723 3777 arva,
2749 3722 2805 3769 et
2832 3731 3170 3772 numerosam
3198 3720 3453 3777 redolen-

1883 3798 2011 3851 tium
2052 3798 2337 3853 herbarum
2365 3803 2572 3869 c0piam
2626 3808 2929 3877 pennigeris
2958 3811 3191 3866 molliter
3218 3825 3460 3882 perstre-

1881 3908 2014 3961 pens
2062 3894 2163 3949 alis
2198 3897 2564 3966 circumvolat,
2602 3904 2947 3974 carpentique
2994 3920 3169 3961 rostro
3192 3918 3458 3977 pertentat

1880 3987 2129 4041 mclliflua
2159 4027 2177 4053 ,
2228 3990 2315 4043 ubi
2365 3994 2597 4047 nectaris
2648 3995 2779 4051 latet
2821 3996 3069 4062 dulcedo,
3101 4010 3156 4054 et
3183 4003 3293 4056 suis
3338 4018 3456 4057 eam

1882 4080 2023 4132 omni
2049 4081 2256 4146 penitus
2294 4083 2551 4138 mortiferi
2576 4088 2721 4140 succi
2744 4090 3098 4144 amaritudine
3129 4102 3457 4160 contempta,

1881 4174 2125 4227 alveariis
2166 4176 2386 4241 invehit,
2432 4186 2486 4231 et
2510 4181 2804 4233 secundum
2842 4183 3124 4249 quamdam
3150 4187 3459 4251 apostolica:

1882 4263 2304 4318 ratiocinationis
2329 4266 2525 4335 eloquii
2579 4270 3004 4336 similitudinem,
3035 4275 3212 4327 omnia
3245 4278 3454 4342 probat,

1881 4355 2095 4422 etquod
2124 4356 2315 4409 bonum
2344 4367 2426 4410 est
2450 4369 2613 4414 tenet.

1957 4448 2041 4499 16.
2057 4446 2286 4501 Sanctus
2315 4450 2489 4518 itaque
2518 4451 2597 4504 vir
2629 4451 2717 4505 Dei
2745 4452 2798 4506 in
2820 4451 3277 4523 Thuringiajuxta
3310 4458 3452 4512 insi-

1888 4546 1997 4591 tum
2025 4539 2128 4592 sibi
2162 4540 2467 4594 mandatum
2491 4543 2762 4610 apostolici
2814 4545 3104 4612 pontiﬁcis,
3149 4557 3449 4614 senatores,

1885 4630 2111 4699 denique
2135 4632 2301 4697 plebis
2327 4637 2485 4686 totius
2511 4635 2684 4701 p0puli
2710 4635 2977 4703 principes
3002 4637 3178 4692 verbis
3207 4636 3460 4707 spiritua-

1885 4724 2022 4778 libns
2051 4723 2242 4778 alLtus
2271 4734 2373 4789 est,
2404 4741 2609 4795 eosque
2633 4727 2699 4781 ad
2729 4743 2908 4783 veram
2933 4730 3216 4798 agnitionis
3238 4732 3375 4785 viam
3406 4742 3461 4787 et

1884 4816 2246 4886 intelligentia:
2268 4817 2437 4871 lucem
2462 4819 2790 4886 provocavit,
2812 4835 2972 4887 quam
2995 4821 3120 4874 olim
3138 4830 3262 4876 ante
3290 4824 3459 4877 maxi—

1885 4923 1968 4961 ma
1996 4906 2253 4975 siquidem
2283 4921 2347 4960 ex
2380 4918 2530 4977 parte
2559 4908 2737 4976 pravis
2767 4909 2968 4963 seducti
2998 4909 3309 4966 doctoribus
3339 4929 3461 4979 per-

1884 4996 2152 5049 didcrunt.
2184 4995 2288 5050 Sed
2323 5006 2375 5050 et
2402 4998 2707 5051 sacerdotes
2735 5008 2791 5053 et
2839 5001 3197 5069 presbyteros,
3230 5017 3457 5069 quorum

1883 5088 1973 5140 alii
2004 5086 2253 5156 religioso
2281 5087 2375 5141 Dei
2404 5089 2781 5157 omnipotentis
2801 5090 2943 5143 cultu
2973 5091 3329 5159 incaluerant,
3368 5094 3457 5148 alii

1885 5214 2042 5289 eius:
2076 5230 2207 5289 unas
2235 5216 2450 5284 quidem
2478 5217 2753 5282 involutas,
2808 5218 2859 5272 id
2911 5228 2995 5274 est
3036 5220 3293 5289 sigillatas
3316 5261 3333 5285 ,
3385 5223 3454 5276 ad

1888 5286 2197 5358 Gregorium
2234 5301 2453 5355 papam;
2496 5289 2631 5340 alias
2675 5290 2973 5358 encyclicas
3014 5286 3341 5357 et'apertas
3388 5294 3457 5345 ad

1885 5354 2072 5411 omnes
2096 5354 2427 5411 Christianos
2460 5375 2473 5409 :
2516 5373 2740 5424 quarum
2770 5354 2875 5413 illae
2905 5354 3241 5421 exciderunt.
3262 5362 3344 5414 ha:
3374 5363 3457 5415 in-

1888 5436 1970 5480 ter
2000 5426 2368 5498 Dooifaciauas
2414 5429 2601 5481 ordine
2631 5427 2700 5481 '55
2731 5429 3085 5495 reperiuntur.
3128 5431 3348 5498 Scripsit
3389 5444 3447 5485 et

1887 5498 2003 5569 ipse
2061 5496 2362 5569 Bonifacius
2412 5500 2665 5565 epistolas
2713 5509 2819 5552 tres
2844 5500 2909 5552 ad
2945 5496 3259 5563 Danielem,
3297 5500 3457 5569 cujus

1886 5567 2065 5638 itidem
2093 5566 2374 5635 epistolam
2420 5570 2584 5623 refert
2612 5571 2860 5623 Serartus
2890 5572 2941 5623 in
2976 5578 3117 5624 uotis
3145 5572 3210 5623 ad
3240 5566 3442 5638 epistu-

1888 5639 1991 5691 lam
2023 5637 2075 5688 5.

1960 5707 1987 5743 ἀ
2021 5708 2241 5762 Exstant
2267 5706 2348 5760 hae
2380 5708 2565 5761 littera:
2591 5708 2727 5762 data:
2762 5710 2937 5763 Idibus
2968 5710 3114 5772 Maii,
3144 5727 3278 5763 anno
3302 5712 3456 5763 tertio

1888 5778 2086 5848 imperii
2130 5776 2325 5850 Leonis
2348 5780 2589 5850 Augusti,
2619 5781 2800 5834 indict.
2832 5784 2885 5847 “2.,
2914 5797 3029 5850 qua:
3060 5793 3199 5836 nota:
3232 5782 3460 5835 chrono-

1889 5850 2071 5918 logica:
2102 5862 2240 5903 anno
2271 5848 2372 5901 710
2396 5855 2741 5918 respondent.
