4170 6538
742 425 844 478 615

1734 414 1788 466 S.
1834 409 2237 463 RONIFACIUS
2283 404 2584 458 MUCUNT.
2632 404 3017 461 EPISC'lPIIS.

3905 408 4001 460 (ii-'2

739 538 955 607 quidem
990 533 1274 588 fornicaria
1302 526 1648 584 contaminati
1696 526 2015 592 pollutione,
2066 523 2325 574 castimo-

2441 528 2660 582 pttttt'l‘t'l
2707 517 3025 582 deprecatus
3071 529 3185 581 est;
3222 529 3269 573 et
3304 520 3553 586 quoniam
3583 520 4000 589 quinquagesimi

749 632 847 684 nia:
872 627 1276 687 continentiam,
1306 638 1460 693 quam
1503 621 1670 673 sacris
1720 620 2019 671 Servieutes
2062 612 2322 665 altaribus

749 735 967 773 sertare
990 718 1310 776 debuerunt,
1340 716 1649 774 amiserant,
1692 710 2028 764 sermonibus
2058 704 2320 767 evangeli-

753 814 850 874 cis,
873 818 1127 879 quantum
1154 791 1343 876 potuit,
1373 822 1399 857 a
1427 804 1643 855 malitia:
1672 802 1929 871 pravitate
1952 799 2013 849 ad
2054 797 2323 849 canonica:

754 901 1150 956 constitutionis
1214 896 1585 952 rectitudinem
1651 894 1882 948 correxit
1947 891 2325 958 admonuitque

754 1012 914 1064 atque
938 996 1213 1048 instruxit.
1243 992 1305 1043 Et
1342 990 1623 1043 Franciam
1656 987 1847 1039 deinde
1880 986 2125 1039 lratribus
2148 996 2323 1035 secum

748 1084 1172 1141 commeantibus
1202 1084 1477 1151 ingressus
1506 1089 1610 1144 est,
1673 1078 1958 1146 statimque
1997 1078 2169 1129 audita
2204 1076 2328 1127 llat-

749 1180 873 1235 bodi
904 1187 930 1215 ‘|
957 1178 1243 1232 Fresorum
1272 1176 1414 1242 regis
1441 1182 1633 1235 morte,
1663 1172 1872 1225 alveum
1897 1169 2110 1237 quidem
2157 1167 2327 1220 lltuni-

758 1269 839 1323 nis
887 1283 1080 1338 magno
1116 1268 1331 1336 gavisus
1357 1264 1551 1333 gaudio
1590 1264 1802 1331 navigio
1850 1260 2111 1322 ascendit,
2140 1268 2328 1325 aptans

755 1363 895 1430 quod
926 1362 1084 1417 etiam
1115 1360 1293 1414 Fresia
1318 1359 1612 1425 recepisset
1641 1357 1867 1410 verbum
1919 1355 2028 1418 Dei,
2076 1360 2129 1407 et
2158 1353 2221 1405 ad
2252 1352 2332 1405 in-

756 1457 927 1509 cultas
951 1453 1156 1507 caelesti
1187 1450 1569 1521 praedicatione
1618 1459 1789 1504 terras
1822 1446 2077 1515 pervenit.
2111 1444 2333 1512 Jamque

761 1545 956 1597 atrocis
982 1552 1228 1597 cessante
1250 1541 1392 1610 regis
1416 1540 1637 1593 llathodi
1662 1539 2053 1608 persecutioiie,
2078 1536 2334 1590 doetriuaz

760 1635 995 1689 erelest’is
1016 1633 1222 1687 semina
1249 1630 1587 1696 ministravit,
1608 1638 1662 1683 et
1684 1630 1832 1683 verbi
1867 1630 1957 1681 llei
1990 1630 2129 1681 fame
2152 1627 2337 1696 expul-

761 1741 818 1779 sa
872 1725 1168 1779 famelicam
1197 1722 1468 1789 paganica:
1498 1720 1898 1788 superSIitiouis
1945 1720 2335 1773 multitudinem

762 1826 978 1871 aeterna:
1011 1812 1406 1883 praedicationis
1437 1814 1625 1867 refecit
1664 1814 1880 1881 pabulo.
1928 1813 2164 1877 Cumque
2188 1810 2334 1864 desi-

761 1907 997 1961 derantis
1018 1913 1239 1973 repente
1266 1914 1498 1958 mentem
1525 1912 1848 1968 spontaneos
1888 1904 2062 1969 Oper-is
2086 1915 2335 1967 sequere-

763 2009 846 2051 tur
872 1996 1114 2059 eliectus,
1145 2004 1201 2049 et
1228 1996 1400 2047 votiva
1427 1993 1810 2060 prtedestinatze
1832 1992 2091 2044 doctrinae
2117 1992 2201 2044 lux
2227 1990 2336 2044 Do-

764 2087 912 2139 mino
947 2084 1061 2137 Deo
1109 2086 1458 2152 dispensante
1486 2083 1831 2145 claresceret,
1861 2082 2145 2147 Carolique
2186 2081 2338 2134 ducis

762 2178 985 2249 gloriosi
1013 2192 1174 2246 super
1214 2176 1476 2230 Fresones
1505 2175 1808 2229 roboratum
1851 2185 1993 2228 esset
2024 2173 2335 2241 imperium;

758 2270 870 2337 jam
902 2268 1124 2324 buccina
1156 2267 1391 2322 cmlestis
1422 2266 1566 2320 verbi
1610 2265 1890 2331 increpuit,
1942 2273 1995 2318 et
2028 2265 2339 2332 prardieato-

764 2377 883 2415 rum
907 2360 1226 2414 adveniente
1252 2358 1470 2424 superni
1501 2355 1638 2409 roris
1673 2354 1947 2410 fertilitate
1978 2372 2075 2409 vox
2110 2356 2341 2410 intonuit

765 2454 860 2507 Dei
890 2468 903 2505 :
934 2452 1095 2505 etiam
1124 2463 1222 2517 per
1246 2447 1653 2502 Willibrordum
1677 2449 1846 2501 virum
1892 2448 2249 2502 venerabilem
2280 2462 2341 2503 ac

759 2550 1138 2610 cooperatores
1165 2539 1281 2608 ejus
1312 2546 1637 2607 propagatus
1684 2548 1767 2592 est
1816 2553 2014 2591 sermo.
2070 2539 2175 2593 Sed
2217 2542 2339 2608 quia

763 2647 999 2688 messem
1031 2631 1244 2700 quidem
1296 2630 1541 2692 multam,
1591 2628 1866 2696 operarios
1915 2639 2092 2683 autem
2145 2645 2341 2697 paucos

757 2725 934 2779 inesse
958 2722 1228 2786 cernebat,
1287 2728 1502 2774 sanctos
1531 2716 1621 2773 hic
1650 2718 1744 2773 Dei
1776 2719 2000 2773 famulus
2027 2734 2176 2789 COOpl
2198 2730 2342 2776 rator

763 2816 938 2870 factus
989 2816 1147 2868 etiam
1194 2822 1279 2867 est
1330 2827 1424 2881 per
1454 2821 1562 2865 tres
1593 2810 1902 2867 binstanter
1944 2826 2115 2866 annos
2165 2811 2338 2867 Willi-

766 2904 944 2961 brordi
978 2903 1406 2972 archiepiscopi;
1452 2902 1780 2971 multumque
1834 2904 1887 2955 in
1936 2903 2149 2957 Christo
2195 2904 2344 2957 labo-

765 3012 914 3062 rans,
953 3010 1058 3051 non
1085 3010 1246 3064 parvo
1259 3010 1309 3049 m
1341 2995 1566 3048 Domino
1593 2995 1845 3083 populum
1884 2995 2169 3049 destructis
2196 2996 2343 3050 delu-

764 3090 986 3142 brorum
1015 3088 1151 3139 l'anis
1179 3094 1234 3139 et
1250 3086 1538 3138 exstructis
1561 3084 1905 3137 ecclesiarum
1939 3085 2184 3139 Oratoriis
2208 3100 2341 3153 pra:-

763 3180 875 3234 fato
901 3178 1148 3244 pontifice
1176 3177 1472 3244 opitulante
1492 3177 1795 3245 acquisivit.

834 3269 922 3325 17.
953 3267 1087 3321 Cum
1132 3278 1262 3320 vero
1292 3278 1537 3318 summus
1584 3264 1671 3318 bic
1696 3265 1962 3319 senuisset
1990 3265 2251 3333 pontifex,
2287 3276 2343 3321 et

764 3362 938 3416 :ctatis
968 3358 1207 3429 plurimis
1228 3364 1542 3428 gravaretur
1558 3356 1729 3421 annis,
1755 3356 1994 3410 decrevit
2011 3359 2196 3421 etiam,
2216 3374 2340 3428 sug-

759 3465 981 3523 gerente
1004 3450 1384 3520 discipulorum
1414 3458 1593 3515 cmtu,
1641 3458 1700 3502 ut
1752 3450 2001 3503 solatiqu
2052 3450 2182 3503 tanti
2232 3452 2344 3504 nti-

765 3547 972 3603 nisterii
1000 3561 1110 3601 sua:
1138 3544 1425 3612 decrepita:
1454 3541 1712 3597 senectuti
1762 3544 2085 3612 provideret,
2117 3556 2174 3598 et
2204 3543 2341 3597 ﬁde—

764 3644 868 3697 lem
920 3642 988 3695 de
1037 3654 1204 3708 parva
1252 3639 1663 3709 congregatione
1709 3637 1882 3690 virum
1931 3638 2190 3706 eligeret,
2247 3640 2337 3708 qui

762 3741 913 3787 tanto
943 3744 1179 3799 praeesse
1205 3728 1466 3799 potuisset
1492 3728 1711 3797 pepulo.
1731 3728 2024 3797 Aecitoque
2046 3729 2145 3783 hoc
2172 3730 2343 3784 famu-

762 3828 836 3891 lo,
864 3825 1081 3881 salutari
1114 3839 1237 3878 cum
1263 3824 1618 3878 instructione
1642 3821 1938 3887 admonuit,
1979 3832 2038 3877 ut
2067 3826 2345 3893 episcopa-

762 3920 829 3972 lis
858 3916 1137 3985 regiminis
1188 3916 1490 3983 susciperet
1535 3913 1781 3983 gradum,
1839 3922 1893 3968 et
1935 3914 2000 3969 ad
2052 3916 2340 3983 regendum

766 4006 858 4063 Dei
906 4008 1160 4075 populum
1207 4006 1309 4060 sibi
1349 4005 1680 4061 subveniret.
1725 4006 1826 4070 Qui
1868 4006 2029 4060 etiam
2075 4007 2343 4062 humiliter

767 4108 986 4166 repente
1014 4112 1292 4164 respuens,
1316 4096 1537 4151 minime
1556 4110 1618 4150 se
1641 4096 1856 4165 dignum
1901 4112 2021 4151 esse
2066 4099 2343 4166 episcopa-

765 4200 851 4244 tus
875 4191 1041 4258 gradu
1072 4189 1364 4255 referebat,
1395 4199 1451 4244 et
1479 4202 1546 4242 ne
1575 4188 1676 4242 sibi
1703 4198 1864 4243 tanta:
1884 4191 2159 4258 dignitatis
2186 4191 2341 4245 fasti~

760 4282 907 4352 gium
933 4279 1314 4336 adolescentia:
1346 4289 1369 4318 ε
1399 4279 1572 4334 adhuc
1602 4280 1657 4334 in
1686 4280 1841 4336 armis
1890 4283 2181 4337 constituto
2239 4283 2341 4337 im-

833 4463 859 4491 °
894 4454 1133 4531 ltadbodi
1162 4454 1447 4531 Frisonum
1488 4455 1643 4531 ducis
1690 4473 1837 4513 mors
1884 4462 2108 4530 contigit
2147 4465 2338 4519 eodem

764 4542 872 4589 quo
919 4527 1175 4579 liotti'facu
1215 4529 1418 4580 reditus
1445 4544 1510 4581 ex
1546 4530 1685 4581 Urbe
1710 4544 1870 4594 anno,
1897 4527 2096 4587 Christi
2130 4535 2338 4589 scilicet

2430 613 2554 663 anni
2589 612 2635 676 ά,
2659 612 2809 679 juxta
2834 613 3107 666 canonica:
3140 613 3467 666 rectitudinis
3494 629 3757 677 normam,
3780 615 4002 667 necdqu

2430 704 2585 771 plene
2618 708 2881 768 reciperet
2910 715 3144 766 aetatem,
3179 714 3402 757 testatus
3425 716 3503 758 est
3536 716 3592 758 ut
3615 709 3754 758 otnni
3781 723 3839 761 se
3863 710 4007 775 peni-

2431 811 2514 853 tus
2544 800 2905 853 excusationis
2940 800 3378 867 tergiversatione
3405 801 3472 851 ah
3500 800 3652 868 hujus
3679 801 3878 869 gradus
3902 804 4009 855 cel-

2429 892 2663 945 situdine
2689 890 3009 944 declinaret.
3039 890 3331 943 Prmdicttts
3356 890 3532 958 itaque
3556 901 3659 944 tam
3684 891 3850 944 sancti
3878 907 4008 959 pne-

2430 986 2568 1037 eouii
2618 984 2879 1050 pontifex,
2926 985 3150 1053 placidis
3198 983 3344 1035 illum
3387 982 3565 1035 verbis
3616 984 3929 1050 increpavit,
3960 995 4010 1037 et

2430 1076 2671 1147 diligenti
2704 1091 2825 1128 eum
2849 1092 2975 1128 cura
3009 1074 3074 1128 ad
3108 1074 3261 1143 hujus
3291 1076 3546 1142 prepositi
3592 1075 3812 1143 graduttt
3860 1076 4013 1127 insti-

2432 1172 2595 1239 gavit,
2626 1169 2911 1237 populique
2940 1168 3167 1236 subjeeti
3202 1170 3483 1221 maximam
3533 1183 3853 1236 magnopere
3885 1185 4013 1236 pau-

2434 1268 2694 1329 pertatem
2728 1258 3071 1326 praedicebat.
3124 1259 3227 1313 Sed
3258 1273 3380 1311 cum
3424 1274 3595 1326 neque
3638 1259 3714 1312 sic
3734 1269 4011 1326 correptus

2434 1352 2498 1405 ad
2528 1350 2925 1419 suscipiendum
2960 1350 3117 1420 hujus
3146 1350 3484 1405 CBI>iIUdiniS
3523 1351 3743 1419 gradum
3786 1366 4011 1405 cono-n-

2437 1454 2584 1507 t:ret,
2612 1444 2833 1513 jamque
2866 1458 2957 1513 per
2980 1444 3167 1511 longas
3200 1443 3535 1496 tricationum
3566 1457 3742 1495 moras
3762 1442 4010 1506 spiritua-

2440 1538 2502 1590 lis
2534 1537 2671 1590 inter
2696 1551 2789 1591 eos
2840 1544 3025 1601 exorta
3076 1537 3371 1601 contentio,
3403 1544 3457 1588 et
3501 1550 3732 1589 consona
3781 1536 4012 1603 pulchra:

2438 1630 2778 1684 discretionis
2809 1630 2943 1683 facta
2973 1640 3053 1684 est
3076 1629 3361 1683 dissensio.
3392 1629 3485 1683 llic
3516 1646 3639 1683 vero
3668 1628 3851 1697 grandi
3878 1645 4011 1699 prm-

2440 1735 2628 1778 ventus
2657 1725 2975 1788 humilitate,
2995 1725 3123 1777 tanti
3149 1725 3369 1792 gradunt
3403 1724 3727 1778 contradixit
3755 1723 4005 1786 honoris;

2440 1817 2529 1872 ille
2552 1828 2728 1871 autem
2761 1816 2986 1886 piissimi
3018 1817 3257 1885 appetitu
3307 1817 3437 1870 lucri
3481 1815 3739 1882 irretitus,
3786 1818 4011 1870 salutent

2440 1911 2746 1979 Concupivit
2790 1910 3110 1962 animarum.
3139 1908 3377 1976 Cumque
3424 1910 3500 1962 sic
3535 1909 3741 1962 diversa
3763 1907 3869 1975 jam
3900 1922 4012 1961 ser-

2445 2004 2868 2056 mocinationutn
2903 2000 3061 2054 verba
3117 1998 3345 2053 invicem
3403 2000 3769 2068 protulissent,
3800 2010 4015 2053 sanctus

2442 2096 2525 2148 ltic
2560 2094 2654 2149 Dei
2694 2110 2905 2158 servus,
2951 2094 3092 2146 velut
3146 2094 3195 2145 in
3249 2092 3509 2160 spirituali
3568 2091 3796 2161 quodam
3846 2092 4015 2144 Stadio

2442 2188 2675 2257 positus,
2708 2186 2913 2255 placide
2946 2198 3162 2251 prorsus
3216 2184 3573 2237 exertSat'onis
3625 2198 3876 2236 exscrens
3906 2197 4017 2235 ser-

2441 2293 2655 2332 mouetn
2689 2276 2765 2329 ait
2800 2294 2810 2328 :
2847 2293 2863 2326 ι
2904 2274 2947 2330 Ο
2974 2290 3200 2330 summm
3240 2276 3533 2328 sanctitatis
3566 2278 3821 2344 pontifex,
3854 2290 3886 2329 ο
3911 2274 4017 2341 διιίο

2442 2372 2655 2424 ritualis
2688 2380 2900 2437 proreta
2930 2369 3137 2436 agonis,
3170 2384 3267 2437 ego
3293 2370 3433 2422 enim
3471 2383 3499 2420 a
3529 2367 3682 2421 beato
3710 2377 3906 2419 sanrta-
3937 2380 4017 2419 rc-

2445 2459 2775 2513 cordationis
2826 2460 3086 2527 Gregorio
3135 2474 3267 2527 papa
3319 2458 3650 2513 Germanicis
3712 2458 4015 2510 mandatum

2443 2552 2692 2622 gentibus
2722 2552 2888 2606 detuli
2923 2568 2935 2603 :
2968 2566 3067 2619 ego
3094 2552 3402 2618 apostolicm
3433 2551 3576 2603 sedis
3601 2553 3737 2618 legat
3760 2567 3862 2603 unc
3904 2553 4019 2602 lun-

2443 2661 2596 2714 gens,
2627 2645 2693 2699 ad
2724 2644 3087 2698 occidentales
3134 2644 3483 2698 barbarorum
3538 2645 3779 2713 regiones
3831 2652 4019 2710 sponte

2445 2741 2549 2787 tua:
2598 2748 2684 2787 me
2731 2732 2970 2786 dutuinio
3019 2732 3427 2802 gubernationis
3456 2733 3681 2800 injunxi,
3709 2742 3763 2787 et
3794 2733 4019 2801 propria:

2444 2824 2736 2877 voluntatis
2768 2823 3014 2887 arbitrio,
3046 2823 3325 2892 ignorante
3364 2823 3702 2877 dominorum
3730 2822 4018 2877 sublimato

2444 2918 2708 2984 copulari,
2760 2931 2984 2984 quorum
3038 2930 3205 2984 usque
3237 2915 3286 2969 in
3347 2916 3658 2969 hodiernum
3689 2915 3830 2970 diem
3863 2932 4020 2983 spon-

2448 3008 2614 3060 siottis
2633 3018 2753 3060 voto
2770 3007 3092 3061 constrictus
3115 3024 3258 3074 sum,
3282 3008 3525 3061 servituti
3555 3019 3709 3077 atque
3726 3009 4019 3076 :ubjec'us.

2445 3098 2783 3166 Quapropter
2809 3097 2922 3152 sine
2944 3098 3257 3166 apostolica:
3285 3099 3427 3153 sedis
3449 3100 3695 3154 cmisultu
3723 3110 3776 3155 et
3794 3102 4021 3156 authcno

2449 3191 2569 3244 tica:
2613 3189 2869 3258 jussionis
2929 3190 3178 3244 mandato
3206 3201 3310 3243 tam
3363 3190 3631 3259 przeclarte
3681 3190 4025 3245 sublimitatis

2449 3282 2691 3333 ordinem
2723 3282 2994 3349 suscipere
3022 3297 3128 3336 non
3155 3281 3346 3335 audeo.
3387 3299 3406 3333 ι
3445 3282 3549 3338 Sed
3581 3292 3629 3336 ct
3658 3284 3760 3335 alia
3800 3299 4028 3353 qua-que

2447 3371 2757 3425 rationabili
2801 3371 3076 3440 petitionis
3106 3372 3494 3440 supplicatione
3515 3374 3673 3428 verba
3697 3375 4023 3443 proferebat,

2446 3464 2666 3519 dicens:
2702 3484 2721 3515 r
2758 3465 3000 3519 Obsecro
3036 3465 3193 3534 igitur
3229 3478 3283 3519 ut
3314 3480 3399 3520 me
3448 3465 3676 3535 propria:
3721 3468 4027 3534 sponsionis

2447 3557 2682 3611 vinctum
2735 3558 2940 3611 catenis
2991 3559 3058 3609 ad
3107 3557 3201 3611 has
3251 3558 3317 3612 ad
3367 3572 3498 3626 quas
3551 3559 3789 3625 primitus
3826 3574 3856 3611 a
3897 3563 4028 3613 sede

2448 3649 2739 3716 apostolica
2774 3649 2969 3701 missus
3002 3662 3121 3701 sum
3152 3657 3345 3712 terras,
3392 3649 3713 3702 destinando
3740 3648 3963 3717 dirigas.
4000 3670 4019 3700 ι

2445 3743 2542 3796 Cui
2576 3744 2816 3811 protinus
2838 3743 2924 3795 vir
2953 3742 3068 3801 Dei,
3093 3742 3272 3795 audita
3292 3750 3451 3795 tanta:
3471 3740 3809 3810 professionis
3833 3757 4019 3804 causa,

2445 3836 2568 3888 data
2608 3836 2654 3888 ei
2705 3835 3082 3889 benedictione
3132 3835 3398 3889 licentiam
3446 3833 3590 3888 dedit
3634 3836 3885 3888 abi-undi.
3918 3834 4021 3902 Qui

2444 3930 2605 3982 etiam
2636 3927 2818 3981 statim
2868 3928 3241 3996 proficiscens,
3294 3927 3541 3995 pervenit
3589 3926 3655 3981 ad
3709 3926 3884 3981 locum
3939 3927 4027 3981 cui

2447 4034 2639 4073 nomen
2692 4019 3001 4073 inscribitur
3056 4019 3443 4081 Amanaburch,
3508 4018 3657 4087 juxta
3711 4019 4024 4087 Apostolum

2445 4112 2709 4165 enutritus
2738 4111 2919 4166 verbis
2946 4110 3069 4167 fidei
3096 4118 3154 4167 et
3198 4109 3357 4166 bona:
3401 4111 3657 4168 doctrina:
3686 4126 3845 4183 quam
3877 4127 4026 4168 asse-

2445 4212 2600 4256 cutus
2628 4210 2729 4255 εει.

2445 4473 2629 4539 ςωβίῑ,
2674 4471 2727 4525 ἰη
2780 4470 3155 4525 adolescentiae
3202 4468 3361 4525 annis
3412 4468 3731 4524 consumtus
3774 4470 3878 4523 dici
3911 4486 4018 4526 non

2447 4556 2646 4613 posset.
2679 4542 2991 4609 Quanquam
3016 4555 3145 4595 sane
3186 4540 3296 4609 jant
3346 4540 3550 4613 virilem
3589 4550 3797 4595 aetatem
3829 4552 4025 4609 attge-

761 4596 887 4679 ‘Zl9_,
928 4611 985 4648 ex
1014 4596 1172 4679 modo
1202 4600 1420 4679 notatis:
1451 4598 1524 4651 De
1553 4598 1649 4679 hac
1694 4597 2136 4679 ltadbodimorte
2177 4604 2331 4679 Boui-

2444 4596 2547 4675 iat,
2575 4613 2664 4679 qui
2690 4596 2819 4667 ante
2845 4596 3097 4667 sacerdos
3127 4596 3301 4666 fuerat
3346 4611 3625 4667 ordinatus
3669 4626 3809 4666 anno
3840 4596 4021 4667 aetatis

764 4667 897 4739 [ario
927 4667 1211 4739 presbytero
1241 4667 1537 4739 gratulatur
1564 4669 1737 4736 ltugga
1782 4686 1874 4722 seu
1923 4672 2197 4739 Eadhurga
2231 4678 2329 4730 ab-

767 4738 988 4811 batissa,
1008 4738 1244 4811 epistola
1269 4736 1339 4811 55
1384 4738 1521 4811 inter
1553 4739 1943 4811 tironil'aeianas,
1992 4744 2043 4794 iu
2066 4736 2166 4811 qua
2198 4762 2341 4798 meu-

769 4807 969 4860 tionem
1003 4806 1135 4860 facit
1188 4807 1531 4860 revelationis
1561 4808 1831 4863 Bonil'acio
1883 4816 2037 4865 facta:
2064 4806 2129 4867 de
2161 4816 2335 4869 futura

772 4892 944 4929 utesse
974 4877 1139 4944 ipsius
1160 4876 1299 4945 apud
1327 4876 1654 4941 Germanos;
1685 4892 1737 4931 et
1760 4881 1879 4934 libri
1903 4884 1970 4935 de
1996 4884 2338 4939 l’assionibus

774 4962 1088 5026 martyrum,
1111 4961 1265 5025 quem
1301 4946 1599 5003 Bonifacius
1630 4962 1830 5021 martyr
1860 4953 1971 5022 ipse
2005 4955 2213 5008 futurus
2237 4958 2341 5011 sibi

768 5028 913 5072 trans
923 5026 1055 5069 mtttl
1083 5027 1324 5083 petierat.

840 5087 867 5124 ιι
892 5087 1159 5158 Tredefint
1180 5102 1343 5140 annos
1370 5089 1612 5143 scribunt
1630 5090 1686 5143 S.
1733 5090 2025 5158 Lindgerns
2048 5095 2098 5148 in
2128 5094 2242 5150 Vita
2275 5098 2335 5150 S.

769 5156 1010 5228 Gregorii
1038 5155 1399 5228 Trajectensis
1429 5160 1657 5222 abbatis,
1688 5155 1988 5216 lluchaldus
2018 5168 2067 5217 in
2124 5168 2236 5219 Vita
2278 5170 2337 5222 S.

766 5226 1015 5290 Lebuiui,
1046 5226 1282 5303 Joannes
1309 5229 1378 5283 de
1410 5228 1548 5303 Belia
1575 5232 1625 5283 in
1652 5231 1941 5294 Chronico,
1970 5245 2023 5288 ct
2046 5238 2088 5288 si
2112 5240 2200 5303 qui
2226 5239 2337 5293 alii.

766 5304 837 5353 At
867 5311 1161 5372 uesanam
1200 5298 1475 5372 duntaxat
1516 5302 1800 5369 legendum
1842 5318 1965 5357 esse
2022 5298 2343 5372 persuadent

770 5381 879 5421 tum
907 5368 1175 5443 chlonus
1199 5369 1293 5422 lib.
1323 5370 1505 5443 tuVitae
1534 5368 1589 5424 εξ
1622 5372 1898 5435 Βυιιίίίιρὶἱ,
1947 5368 2069 5443 cap.
2108 5380 2196 5442 H,
2230 5389 2340 5432 tum

769 5440 1123 5514 pontificatus
1139 5438 1379 5514 gregarii
1412 5456 1562 5508 papze
1593 5446 1832 5507 secundi,
1866 5460 1896 5497 a
1918 5438 2101 5514 quos.
2133 5438 2345 5501 Bonifa-

768 5510 908 5584 c_innt
930 5523 1073 5584 anno
1096 5508 1219 5584 723,
1254 5515 1463 5584 hocest
1490 5523 1609 5584 post
1639 5525 1864 5581 quatuor
1901 5508 2070 5570 annos
2100 5534 2257 5584 quam
2286 5522 2336 5571 in

768 5578 1108 5652 fiertnaniatn
1156 5582 1223 5632 ab
1277 5582 1468 5652 eodem
1496 5578 1756 5638 directus
1799 5586 1991 5652 fuerat,
2035 5578 2339 5644 ordinatum

770 5648 957 5711 fuisse,
977 5664 1040 5701 ex
1071 5650 1417 5715 sequentibus
1445 5654 1783 5707 manifestum
1813 5667 1913 5708 est.

851 5728 874 5751 '-
909 5720 1037 5772 llinc
1058 5729 1281 5787 apparet
1307 5719 1414 5774 falli
1445 5737 1537 5775 eos
1558 5726 1647 5789 qui
1675 5727 2000 5780 Itonilacinm
2030 5743 2170 5780 anno
2191 5729 2346 5785 Chri-

774 5785 977 5867 stinti'it)
1001 5785 1181 5867 ttatittn
1212 5785 1699 5867 existitttattt,_alias
1735 5813 1873 5848 anno
1900 5799 2025 5861 7‘2J,
2057 5815 2165 5867 quo
2189 5817 2344 5853 evan-

772 5859 957 5924 gelica:
988 5860 1346 5928 pr.rdicatiutti
1374 5876 1492 5917 cum
1522 5864 1581 5920 S.
1609 5866 1947 5925 Wilhbrordo
1976 5859 2192 5939 operam
2215 5871 2344 5928 dare

2444 4695 2731 4748 trtgesttno.

2512 4754 2539 4791 ά
2563 4754 2730 4807 Nulla:
2750 4752 3131 4807 ecclesiastica:
3161 4750 3305 4819 leges
3345 4761 3526 4806 vetant
3556 4753 3871 4818 ep’scopum
3893 4765 4021 4808 ante

2442 4839 2637 4878 annum
2690 4827 2863 4877 a-tatis
2890 4826 3385 4891 quinquagesimum
3431 4821 3692 4884 ordinari,
3724 4825 3858 4877 bene
3887 4834 4017 4877 ante

2444 4897 2800 4963 trigesimum.
2871 4893 3178 4963 Bonifacius
3219 4904 3461 4963 spectare
3511 4894 3720 4947 videtur
3771 4894 3836 4946 ad
3892 4894 4022 4947 illud

2442 4961 2599 5019 Num.
2627 4980 2744 5033 eap.
2779 4979 2894 5030 vttt,
2931 4980 3072 5018 vers.
3103 4962 3173 5014 ‘24
3217 4980 3228 5015 :
3274 4961 3406 5016 Hice
3443 4973 3519 5016 est
3564 4964 3647 5016 lea:
3699 4963 4019 5017 Leeitarum.

2442 5037 2484 5089 Α
2513 5037 2689 5107 viginti
2719 5038 2942 5104 quinque
2971 5034 3120 5107 mntis
3148 5044 3191 5085 et
3216 5050 3418 5107 supra,‘
3458 5034 3803 5102 ingrediantur
3834 5045 3887 5086 ut
3919 5038 4021 5087 mi-

2444 5103 2653 5160 nistrent
2683 5108 2737 5160 in
2770 5106 3093 5158 tabernaculo
3124 5103 3345 5171 foederis.
3380 5104 3608 5171 Cumqu
3654 5106 4019 5170 quinquagesi-

2442 5194 2577 5229 mum
2629 5193 2826 5229 aumtm
2882 5176 3047 5229 anatis
3098 5175 3451 5241 impleverim,
3502 5175 3689 5229 serrt'rc
3732 5178 4018 5239 cessabunt,

2442 5259 2683 5315 eruntque
2707 5247 2922 5299 ministri
2952 5252 3163 5310 fratrum
3187 5260 3396 5298 suorum
3426 5246 3478 5297 in
3508 5247 3832 5298 tabernaculo
3854 5246 4018 5314 [adeo

2442 5320 2535 5385 ris,
2564 5328 2620 5369 ut
2669 5320 2958 5370 custodiant
2984 5331 3096 5385 qua:
3126 5316 3218 5368 sibi
3241 5317 3431 5383 fuerint
3468 5320 3836 5369 commendata.
3861 5323 4019 5370 certe

2443 5389 2735 5457 Gregorius
2758 5388 2996 5455 Magnus,
3021 5387 3113 5440 lib.
3137 5401 3171 5439 ιι
3198 5386 3355 5448 Diab,
3376 5402 3495 5449 cap.
3521 5387 3575 5448 2,
3602 5387 3739 5440 istuc
3761 5389 4016 5454 respexit,

2443 5460 2569 5512 dum
2604 5474 2696 5526 per
2726 5460 2941 5529 Moysen
2970 5458 3043 5509 ait
3063 5472 3183 5510 esse
3217 5467 3542 5525 prteceptum
3584 5458 3634 5510 in
3666 5457 3851 5529 Εμριιιι
3878 5459 4019 5526 (lege

2445 5532 2496 5581 in
2522 5529 2787 5597 Nutneris)
2813 5526 2869 5581 ut
2902 5528 3084 5580 Levita:
3111 5544 3144 5580 ιι
3171 5528 3349 5595 viginti
3370 5529 3587 5595 quinque
3614 5526 3763 5580 annis
3790 5540 3838 5579 et
3860 5544 4018 5589 supra

2447 5602 2730 5652 ministrare
2759 5601 2991 5657 debeant,
3015 5601 3077 5649 ab
3108 5614 3241 5650 arma
3262 5614 3375 5650 erro
3414 5600 3824 5666 quinquagesimo
3847 5616 4015 5651 curo-

2445 5674 2529 5722 αρε
2558 5686 2792 5723 vasorum
2823 5672 2982 5737 ﬁant;
3012 5669 3169 5736 idque
3197 5670 3497 5734 pastoribus
3543 5685 3643 5736 app
3668 5670 3791 5721 ieat.
3820 5671 3873 5722 lu
3906 5672 3931 5719 κ
3950 5674 4018 5722 ita

2448 5743 2690 5794 Silvestri
2726 5756 2872 5808 papae
2902 5743 3047 5795 lucus
3070 5747 3248 5794 exstat
3278 5742 3361 5808 qui
3396 5741 3520 5794 huic
3545 5740 3716 5793 versui
3746 5744 4021 5811 explicau-

2447 5812 2515 5865 do
2536 5813 2702 5882 aptari
2729 5820 2923 5881 potest.
