4170 6530
154 433 251 486 ﬁl?

1488 422 1516 470 ν
1531 420 1635 471 l'fA
1678 420 1729 471 S.
1780 411 2131 469 UONIFACH.

3298 404 3400 458 618

150 545 328 600 Caeur
380 539 487 593 V'll.
538 564 601 575 —-
650 532 917 600 Quomodo
967 531 1233 583 Saxonum
1260 542 1305 583 et
1345 530 1615 583 Hessorum
1639 548 1726 599 po-
1760 541 1803 588 Α
1836 544 1953 579 mox
1983 525 2257 578 ecclesiam
2293 524 2625 589 perveniens,
2651 521 2891 583 diligenti
2918 533 2975 573 se
3009 520 3251 573 oratione
3281 534 3399 572 mu-

218 614 371 684 pulos
397 609 657 669 convertit,
689 608 824 657 etde
866 604 1019 672 gestis
1071 606 1175 653 suis
1224 602 1456 653 nuntium
1514 602 1724 684 [tamam

219 671 389 746 irrisit;
423 683 690 747 eodemque
720 690 835 726 mox
866 671 1114 737 evocatus,
1140 689 1253 723 etim
1284 687 1415 738 papa
1449 671 1727 724 collocutus

216 764 311 806 εει.

223 841 309 896 18.
339 843 439 896 Per
470 839 707 907 singulos
739 838 878 891 enim
915 851 942 889 a
977 834 1236 903 prommio
1270 836 1463 902 gradus
1519 832 1731 887 virtutis

148 936 471 987 documenta
508 940 561 983 ct
590 928 786 981 laboris
815 928 865 979 in
898 925 1122 978 Domino
1172 926 1522 977 constantiam
1578 922 1731 987 hujus

147 1026 316 1078 sancti
348 1022 445 1074 viri
480 1020 915 1084 perstrinximus,
950 1024 1006 1067 ut
1050 1014 1331 1082 sequentia
1362 1015 1605 1067 δυὺιίιὶυδ
1639 1014 1731 1063 bo-

150 1128 339 1173 norum
371 1112 486 1181 ejus
509 1111 751 1177 exempla
777 1106 1137 1175 conglobatim
1161 1106 1226 1158 ad
1246 1105 1554 1157 memoriam
1581 1116 1730 1154 revo-

150 1218 352 1257 cemus.
384 1200 625 1265 Cumque
670 1198 935 1266 ingentem
968 1195 1191 1249 Domino
1224 1196 1474 1263 populum
1529 1193 1578 1245 in
1621 1192 1734 1245 Fri-

153 1294 373 1348 sonibus
399 1289 996 1358 acquireret,multique
1024 1289 1091 1339 ab
1119 1301 1183 1341 eo
1205 1288 1465 1356 spirituali
1490 1285 1730 1337 doctrina

152 1388 322 1439 edocti
379 1384 444 1435 ad
500 1382 825 1451 agnitionem
858 1380 1115 1441 veritatis,
1169 1378 1546 1430 irradiantibus
1597 1391 1733 1429 verte

153 1476 288 1530 lucis
317 1473 501 1535 radiis,
526 1480 905 1539 pervenerunt.
924 1469 1301 1538 Tuncquippe,
1321 1470 1543 1522 Domino
1563 1478 1734 1534 patro-

151 1567 391 1629 cinante,
410 1565 540 1615 alias
558 1560 860 1615 Germanice
879 1560 1200 1627 prmdicandi
1219 1574 1373 1611 causa
1392 1569 1567 1626 partes
1586 1559 1733 1621 adiit,

152 1668 203 1710 et
234 1655 605 1722 supradictum
642 1653 937 1713 locum,cui
968 1652 1163 1719 gemini
1198 1651 1735 1718 precerantgcrtnani,

158 1747 345 1800 Detdic
374 1747 625 1799 videlicet
653 1753 708 1797 et
736 1743 953 1805 Dierolf,
987 1743 1213 1795 Domino
1262 1744 1551 1795 auxiliante
1605 1741 1742 1792 obti—

150 1838 286 1903 nuit,
314 1851 513 1903 eosque
543 1850 572 1887 a
602 1835 860 1899 sacrilega
915 1833 1183 1886 idolorum
1232 1847 1478 1893 censura,
1506 1845 1607 1897 qua
1642 1829 1739 1881 sub

150 1929 381 1995 quodam
413 1924 835 1979 Christianitatis
881 1924 1097 1975 nomine
1129 1922 1267 1975 male
1299 1921 1449 1974 abusi
1482 1930 1622 1980 sunt,
1654 1936 1738 1973 re-

154 2017 391 2079 vocavit,
424 2030 487 2069 ac
516 2016 803 2083 plurimam
835 2013 1012 2081 populi
1042 2013 1251 2065 turbam
1288 2023 1431 2065 recte
1482 2012 1739 2079 patefacta

154 2108 519 2175 intelligentia:
547 2107 651 2165 via.
678 2119 921 2158 errorum
947 2103 1191 2171 deposito
1232 2102 1458 2155 horrore
1477 2144 1489 2161 ,
1514 2117 1542 2153 a
1576 2101 1741 2152 male-

158 2198 278 2250 vola
311 2195 631 2264 gentilitatis
661 2192 1043 2259 superatitione
1074 2192 1319 2252 retraxit,
1353 2199 1406 2243 et
1438 2188 1741 2240 monasterii

153 2286 381 2339 collecta
436 2296 717 2336 servorum
766 2280 859 2333 Dei
908 2279 1323 2347 congregatione
1379 2279 1569 2331 cellam
1617 2290 1746 2329 con-

153 2379 369 2432 struxit.
386 2375 645 2429 Similiter
660 2372 871 2440 etjuxta
895 2371 1023 2423 ﬁnes
1036 2371 1328 2433 Saxonum,
1348 2370 1636 2421 [iussorum
1656 2384 1745 2433 po-

158 2468 336 2533 pulum
362 2465 639 2535 paganicis
671 2463 843 2515 adhuc
876 2461 1064 2513 ritibus
1094 2461 1457 2523 aberrantem,
1487 2474 1514 2509 a
1547 2458 1746 2509 daemo-

158 2559 394 2621 niorum,
427 2554 732 2623 evangelica
764 2550 1103 2618 prrcdicando
1135 2551 1408 2613 mandata,
1437 2550 1749 2611 captivitate

158 2650 441 2711 liberavit,
506 2644 792 2709 multisque
848 2642 1083 2694 millibus
1132 2640 1405 2693 hominum
1458 2650 1747 2707 expurgata

164 2739 419 2809 paganica
452 2744 719 2790 vetustate
752 2731 1059 2800 baptizatis.

229 2830 601 2885 19.1doneum
630 2825 828 2895 quippe
867 2825 1114 2876 nuntium
1166 2836 1230 2875 ac
1275 2822 1486 2875 ﬁdelem
1534 2835 1748 2872 suarum

162 2924 469 2976 litterarum
527 2916 840 2985 portitorem
898 2912 1115 2966 nomine
1160 2912 1365 2964 Binnan
1411 2910 1634 2963 Romam
1672 2907 1754 2961 di-

160 3013 323 3076 rexit,
350 3009 602 3075 Patrique
634 3003 922 3059 venerabili
953 3002 1265 3069 apostolica:
1296 2999 1438 3053 sedis
1490 2996 1751 3067 pontiﬁci,

163 3104 412 3157 universa
442 3112 562 3167 qua:
592 3098 734 3149 circa
761 3095 909 3147 illum
938 3093 1161 3145 Domino
1210 3092 1369 3144 dante
1420 3090 1556 3143 facta
1605 3100 1746 3149 sunt.

162 3203 306 3245 muta
337 3190 554 3259 quidem
584 3187 757 3238 littera
786 3183 1144 3243 ministrante,
1174 3196 1265 3248 per
1282 3181 1521 3233 ordinem
1550 3178 1751 3232 revela-
1781 3210 1825 3271 Ο

165 3285 256 3349 vit,
287 3292 341 3336 et
368 3279 511 3349 quod
544 3290 735 3345 magna
765 3273 1049 3328 multitudo
1100 3270 1371 3325 hominum
1428 3270 1608 3323 divino
1639 3269 1755 3322 illu-

166 3381 368 3427 strante
386 3366 585 3438 Spiritu
602 3362 1017 3433 regenerationis
1034 3364 1329 3429 perciperet
1344 3370 1755 3427 sacramentum,

166 3459 553 3517 manifestavit.
580 3456 685 3511 Sed
713 3464 767 3509 et
806 3454 873 3508 de
917 3455 1076 3507 rebus
1123 3467 1240 3521 qute
1287 3452 1352 3504 ad
1398 3451 1759 3518 quotidianam

174 3552 429 3607 Ecclesia:
453 3550 543 3601 Dei
578 3546 952 3601 necessitatem
979 3543 1270 3612 populique
1295 3550 1612 3609 proventum
1646 3556 1758 3605 per-

173 3641 438 3703 tinebant,
470 3639 617 3707 plura
642 3636 709 3689 ob
731 3634 1011 3689 consilium
1032 3633 1175 3686 sedis
1199 3630 1507 3698 apostolicae
1536 3630 1761 3682 interro-

168 3732 344 3801 gando
374 3728 719 3795 conscripsit.
751 3724 885 3779 Cum
917 3725 1061 3777 enim
1092 3724 1393 3791 aliquantos
1423 3721 1537 3773 dies
1574 3720 1762 3786 praela-

171 3834 255 3878 tus
278 3822 367 3876 hic
397 3820 613 3874 nuntius
642 3815 900 3886 praedicto
945 3822 1187 3868 maneret
1215 3813 1352 3876 loco,
1386 3820 1441 3866 et
1464 3811 1573 3879 jam
1624 3812 1764 3863 redi-

172 3926 255 3969 tus
287 3913 373 3967 sui
406 3920 618 3979 tempus
640 3908 895 3969 instaret,
923 3914 1048 3959 tunc
1098 3903 1257 3958 etiam
1286 3916 1315 3953 a
1356 3902 1579 3969 praefato
1624 3900 1762 3952 sedis

169 4004 483 4074 apostolica:
514 3998 783 4070 pontiﬁce,
812 4006 1051 4050 mutuum
1086 3993 1368 4061 legationis
1400 4006 1511 4044 suae
1543 4004 1764 4056 respon-

173 4116 293 4157 sum
323 4100 567 4165 accepit;
593 4103 648 4148 et
666 4092 845 4146 statim
872 4102 1128 4146 reversus
1167 4088 1408 4141 chartam
1452 4085 1594 4139 sedis
1638 4098 1765 4150 apo-

176 4190 386 4246 stolica
414 4181 957 4251 conscriptionisjam
990 4191 1097 4231 non
1140 4176 1310 4229 multo
1342 4183 1611 4227 transacto
1635 4183 1765 4226 tem-

177 4293 309 4349 pore
340 4278 598 4346 magistro
619 4272 814 4326 attulit.

248 4369 345 4422 2t).
378 4367 621 4432 Cumque
660 4370 877 4416 sanctus
917 4357 999 4411 vir
1044 4356 1233 4410 allatas
1278 4353 1491 4424 legisset
1542 4354 1765 4414 litteras,

178 4460 409 4528 carptim
442 4472 501 4510 se
532 4454 812 4508 invitatum
840 4448 907 4502 ad
938 4449 1160 4503 Romam
1190 4443 1480 4511 intellexit,
1514 4444 1767 4496 festinus-

180 4565 287 4620 que
313 4560 587 4602 summum
618 4540 937 4598 obedientia:
978 4538 1198 4609 gradum
1250 4536 1476 4604 implere
1526 4533 1766 4597 tentavit,
1802 4556 1850 4616 ο
1874 4538 1971 4591 apo

180 4642 545 4706 clientumque
574 4634 855 4690 confestim
898 4631 1124 4698 stipatus
1172 4636 1385 4680 caterva
1440 4634 1493 4677 et
1548 4623 1769 4676 fratrum

183 4734 583 4796 circumseptus
606 4730 838 4794 agmine,
870 4724 1197 4777 Francorum
1225 4732 1287 4771 ac
1336 4715 1769 4783 Burgundionum

186 4827 460 4893 italiaque
486 4822 597 4891 jam
640 4818 869 4874 collibus
908 4815 1120 4884 Alpium
1169 4809 1514 4872 transcensis,
1545 4808 1769 4860 limitum

189 4921 324 4970 lines
353 4916 693 4979 militumque
725 4908 982 4963 terminos
1010 4903 1405 4971 transmigravit
1436 4920 1449 4953 ε
1494 4909 1546 4955 et
1578 4900 1773 4953 [toma-

190 5024 273 5061 ηπ
322 5005 473 5059 urbis
520 5002 786 5056 mtenibus
830 4998 1153 5067 conspectis,
1202 4995 1507 5050 Altithrono
1556 5003 1777 5058 repente

188 5097 483 5165 condignas
513 5092 800 5163 gratiarum
836 5090 1020 5144 Iaudes
1051 5087 1325 5156 rependit,
1358 5094 1411 5138 et
1438 5084 1503 5137 ad
1542 5084 1601 5137 Β.
1635 5082 1779 5137 Petri

265 5242 293 5269 ει
323 5230 583 5286 Nimirum
629 5227 823 5281 Leonis
873 5223 1213 5290 imperatoris
1238 5234 1377 5274 anno
1421 5219 1491 5290 77,
1536 5226 1588 5271 et
1640 5217 1779 5271 Con-

194 5302 414 5357 stantini
434 5300 551 5366 ejus
574 5297 664 5350 lilii
686 5312 827 5349 anno
843 5296 896 5355 ι,
912 5289 1169 5366 iridi_ct.6,
1190 5302 1251 5349 ut
1270 5292 1427 5366 ﬁdem
1453 5289 1649 5366 faciunt
1671 5297 1778 5366 tum

198 5358 481 5441 professio:
512 5369 630 5441 ﬁdei
672 5367 851 5441 sancti
876 5363 1157 5441 Donifacii,
1182 5372 1292 5441 tum
1318 5362 1506 5414 litterre
1538 5358 1783 5441 Gregorii

202 5428 349 5511 papae
398 5438 733 5511 inferiusﬂb
757 5436 1005 5511 _(_)thlono
1043 5428 1783 5511 referendae?:“proindeque

197 5499 338 5565 anno
364 5510 563 5562 Christi
595 5506 721 5559 723.
757 5506 888 5559 Hinc
915 5505 1261 5571 conspicuum
1292 5510 1376 5555 est
1429 5499 1777 5560 Bonilacinm,

199 5598 302 5636 non
326 5594 498 5632 annos
536 5577 823 5636 tredecim,
857 5577 950 5628 sed
983 5585 1092 5628 tres
1118 5574 1389 5632 .duntaxat
1432 5584 1551 5621 cum
1595 5578 1780 5619 sancto

200 5648 551 5703 Willibrordo
599 5647 962 5699 collaborasse
994 5648 1043 5697 in
1072 5642 1381 5705 evangelico
1411 5640 1641 5704 negotio,
1668 5648 1718 5689 et
1751 5653 1779 5689 a

199 5721 459 5788 Gregorio
492 5716 558 5780 ll,
584 5729 691 5769 non
725 5714 819 5788 ll],
838 5716 998 5767 iuisse
1025 5715 1324 5767 ordinatum
1350 5728 1363 5774 ;
1386 5710 1436 5765 id
1462 5708 1601 5778 quod
1626 5714 1785 5762 etiam

208 5808 263 5847 ix
294 5784 541 5860 sequenti
572 5800 720 5838 num.
749 5784 824 5835 ‘25
850 5794 1081 5839 εοιιδιιιι,

609 5876 854 5934 Parnm.
926 5874 1025 5933 LX
1042 5872 1252 5933 XXIX.

1838 622 1985 671 nivit.
2012 618 2246 683 (Suntque
2275 616 2465 667 lassata
2501 615 2733 666 membra
2768 616 3031 678 paulisper
3056 611 3403 681 quievissent,

1829 710 1936 775 jam
1964 709 2014 756 lt.
2046 706 2302 771 Gregorio
2332 704 2639 769 apostolicae
2662 704 2800 756 sedis
2832 702 3071 755 Pontiﬁci
3103 702 3404 755 nuntiatum

1834 810 1912 850 cst
1940 796 2074 864 quod
2108 795 2192 847 hic
2220 796 2306 847 Dei
2333 794 2559 847 famulus
2589 794 2882 845 adveniret.
2932 794 3032 857 Qui
3071 793 3229 847 etiam
3271 793 3409 845 bene

1834 904 2003 952 susce,
2028 896 2109 939 lus
2140 888 2192 938 in
2232 887 2620 939 xenodochium
2648 885 2909 937 adductus
2934 894 3033 937 est.
3076 886 3406 939 Adveniente

1838 989 2010 1043 itaque
2041 986 2344 1043 Opportuno
2370 976 2739 1028 collocutionis
2770 989 2957 1028 eorum
2986 976 3091 1035 die.
3124 984 3177 1027 et
3205 976 3269 1027 ad
3312 976 3404 1027 ba-

1839 1070 2038 1122 silicam
2072 1069 2208 1121 beati
2235 1068 2375 1120 Petri
2407 1066 2633 1133 apostoli
2664 1069 2980 1119 adventante
3005 1064 3238 1132 glorioso
3265 1066 3412 1118 sedis

1839 1159 2139 1227 apostolica:
2173 1160 2441 1224 pontiﬁce,
2467 1156 2744 1209 confestim
2779 1156 2862 1207 hic
2892 1157 2982 1208 Dei
3023 1155 3249 1209 famqus
3280 1156 3415 1208 invi-

1843 1260 1980 1304 tatus
2009 1259 2092 1303 est
2123 1267 2134 1301 :
2164 1259 2353 1302 etcum
2386 1249 2562 1317 paucis
2609 1248 2908 1301 ad.nvict-rn
2954 1261 3015 1298 ac
3070 1246 3298 1313 paciﬁcis
3352 1260 3413 1299 se

1843 1348 2160 1398 salutassent
2190 1344 2383 1404 verbis,
2418 1343 2522 1405 jam
2549 1342 2612 1393 de
2639 1339 2893 1407 Symbolo
2921 1347 2974 1391 ct
3003 1338 3124 1391 ﬁdei
3159 1337 3413 1389 ecclesia-

1844 1440 1986 1490 stica:
2013 1435 2296 1486 traditione
2326 1431 2646 1498 apostolicus
2678 1431 2821 1481 illum
2855 1428 3090 1495 pontifex
3114 1426 3407 1494 inquisivit.

1844 1530 1938 1579 Cui
1973 1544 2090 1581 mox
2130 1527 2213 1577 hic
2266 1526 2344 1576 \‘ir
2385 1524 2476 1575 Dei
2530 1522 2801 1573 humiliter
2849 1518 3120 1583 respondit
3164 1517 3345 1569 dicens
3400 1531 3414 1567 :

1849 1619 2065 1670 Domine
2100 1615 2420 1683 Apostolice,
2449 1614 2565 1663 novi
2597 1626 2680 1661 me
2710 1609 3009 1674 imperitum
3035 1606 3144 1673 jam
3183 1604 3418 1673 peregri-

1848 1722 1945 1759 nus
1996 1716 2184 1757 vestra:
2238 1702 2609 1753 familiaritatis
2664 1713 2944 1759 sermone,
2988 1697 3081 1749 sed
3125 1709 3307 1761 quaeso
3358 1703 3419 1745 ut

1846 1800 2013 1851 otium
2046 1794 2171 1847 niihi
2199 1803 2251 1846 et
2280 1801 2488 1859 tempus
2514 1786 2912 1842 conscribendzc
2946 1785 3064 1838 ﬁdei
3106 1784 3235 1837 mihi
3283 1798 3416 1835 con-

1775 1877 1817 1934 B
1848 1888 2027 1947 cedas,
2060 1893 2111 1936 et
2155 1894 2297 1935 muta
2351 1890 2552 1932 tantum
2600 1880 2773 1931 littera
2817 1891 2991 1930 meam
3038 1873 3424 1927 rationabiliter

1848 1980 2005 2026 ﬁdem
2038 1975 2332 2038 adaperiat.
2368 1971 2469 2035 Qui
2500 1970 2660 2022 etiam
2690 1968 2932 2033 protinus
2961 1964 3257 2023 concessit,
3284 1974 3335 2014 et
3369 1972 3423 2013 ut

1848 2067 2038 2119 festiue
2093 2065 2231 2115 hanc
2279 2064 2600 2129 scripturam
2654 2060 2888 2111 deferret
2937 2055 3238 2123 imperavit.
3290 2054 3421 2105 Cum

1847 2160 2118 2224 aliquanto
2155 2154 2410 2221 temporis
2447 2152 2660 2205 evoluto
2688 2150 2859 2213 apatio
2908 2160 3106 2198 sancue
3154 2144 3425 2197 Trinitatis

1850 2248 2006 2299 ﬁdem
2039 2246 2237 2298 urbana
2261 2247 2575 2310 eloquentia:
2606 2241 2827 2292 scientia
2876 2237 3231 2301 conscriptam
3273 2233 3427 2286 dettl.

1850 2340 2016 2399 lisset,
2054 2338 2284 2390 reddidit
2314 2334 2532 2401 praefato
2565 2329 2819 2399 pontiﬁci.
2868 2327 3211 2395 Exspectavit
3234 2325 3428 2393 quippe

1852 2429 2197 2481 nihilominus
2228 2426 2341 2478 dies
2371 2426 2599 2491 aliquos,
2635 2422 2710 2473 sic
2739 2421 2929 2473 saltem
2962 2416 3276 2472 reinvitatns
3322 2423 3424 2477 est,

1851 2528 1903 2572 et
1930 2520 2251 2570 Lateranum
2278 2514 2552 2573 inductus,
2584 2510 2853 2562 humiliter
2883 2520 3049 2575 prono
3074 2504 3217 2559 vultu
3249 2513 3429 2570 postu-

1854 2613 1952 2662 lata
1980 2606 2371 2665 benedictione,
2410 2603 2633 2669 pedibus
2664 2598 2946 2667 apostolici
2975 2596 3243 2665 pontiﬁcis
3269 2595 3429 2648 advo-

1852 2701 1992 2751 lutus
2020 2706 2123 2749 est.
2151 2696 2359 2761 Quique
2391 2702 2612 2759 repente
2642 2706 2762 2744 eum
2805 2687 3060 2741 relevavit
3098 2699 3128 2737 a
3176 2695 3336 2748 terra,
3376 2692 3433 2738 et

1853 2796 2091 2841 chartam
2123 2789 2172 2839 in
2204 2801 2308 2853 qua
2334 2784 2539 2849 integra
2571 2794 2624 2835 et
2650 2782 2957 2847 incorrupta
2992 2778 3111 2833 ﬁdei
3139 2777 3307 2845 patuit
3336 2790 3433 2831 ve-

1856 2884 2003 2945 ritas,
2027 2880 2146 2930 huic
2176 2876 2374 2929 famulo
2404 2876 2497 2928 Dei
2526 2872 3020 2938 reddidit,eumque
3041 2867 3333 2922 consedere
3357 2866 3435 2920 fe-

1855 2971 1947 3033 cit,
1981 2978 2032 3022 et
2059 2966 2275 3021 salutari
2302 2979 2424 3019 eum
2449 2963 2812 3016 admonitione
2854 2957 3113 3013 doctrinae
3156 2954 3432 3019 instruxit,

1857 3069 1913 3113 ut
1936 3060 2073 3111 hanc
2095 3058 2210 3111 sine
2235 3055 2633 3109 intermissione
2670 3054 3040 3105 intemeratam
3086 3045 3211 3101 ﬁdei
3259 3042 3438 3098 muui'o

1861 3152 2056 3202 tionem
2083 3150 2413 3205 observaret.
2433 3154 2485 3198 et
2512 3144 2632 3197 aliis
2661 3143 2922 3196 instanter
2947 3152 3162 3194 suarum
3194 3150 3291 3205 pro
3313 3148 3439 3202 pos-

1862 3239 2116 3291 sibilitate
2146 3238 2335 3289 virium
2380 3232 2715 3302 przedicaret.
2764 3230 2924 3283 Multa
2956 3240 3168 3294 quoque
3218 3224 3319 3277 alia
3371 3221 3440 3276 de

1864 3328 2116 3394 religione
2147 3326 2444 3380 sanctitatis
2473 3332 2526 3377 et
2555 3321 2676 3375 ﬁdei
2705 3321 2929 3373 veritate
2970 3312 3292 3370 sciscitando
3315 3325 3440 3380 pro-

1865 3420 1985 3483 fert,
2020 3421 2089 3471 ita
2120 3426 2177 3471 ut
2216 3430 2428 3470 omnem
2460 3429 2593 3481 pene
2644 3412 2783 3465 diem
2836 3410 3034 3479 pariter
3080 3404 3442 3473 colloquendo

1862 3510 2164 3564 alternatim
2192 3510 2471 3568 ducerent,
2498 3516 2548 3556 et
2575 3503 2641 3555 ad
2675 3511 2976 3557 extremum
3007 3498 3234 3567 qualiter
3263 3494 3441 3563 populi

1865 3616 1955 3665 per
1974 3600 2124 3652 devia
2152 3600 2293 3665 prius
2318 3598 2608 3649 facinorum
2628 3596 2941 3648 aberrantes
2966 3588 3091 3644 ﬁdei
3119 3586 3442 3641 docutuen'a

1864 3707 1957 3743 sua
1995 3690 2373 3757 praedicatione
2405 3688 2743 3754 perciperent
2770 3682 3076 3735 sciscitatus
3105 3687 3205 3732 est.

1942 3784 2033 3836 2|.
2066 3783 2270 3835 Etcum
2300 3795 2397 3849 pro
2428 3792 2576 3832 certo
2606 3776 2961 3843 comperisset
2983 3770 3123 3839 quod
3152 3767 3443 3822 maximam

1864 3881 2078 3949 quidem
2106 3873 2498 3929 multitudinem
2533 3868 2703 3937 plebis
2754 3879 2783 3917 a
2830 3863 3089 3929 sacrilega
3140 3859 3445 3913 dtemonum

1866 3974 2071 4025 cultura
2096 3968 2161 4019 ad
2214 3963 2541 4018 consortium
2593 3967 2792 4011 sancite
2838 3953 3089 4008 Ecclesia:
3138 3951 3447 4010 ascisceret,

1867 4062 2131 4119 intimavit
2164 4060 2213 4112 ei
2258 4058 2377 4125 quia
2409 4055 2749 4121 episcopatus
2793 4048 2894 4101 sibi
2916 4046 3197 4112 imponere
3225 4040 3448 4109 gradum

1870 4157 2119 4209 voluisset
2146 4151 2280 4219 ML,
2315 4145 2524 4216 vellet],
2560 4142 2767 4211 populis
2790 4136 3038 4207 pastorali
3067 4135 3212 4201 prius
3252 4130 3451 4186 sollici-

1870 4247 2049 4301 tudine
2075 4243 2317 4311 privatis,
2351 4247 2405 4290 et
2430 4236 2579 4304 juxta
2611 4231 2933 4285 sententiam
2978 4224 3187 4279 Domini
3228 4222 3322 4275 Dei
3357 4235 3452 4273 no.

1869 4340 1962 4392 stri
1990 4333 2312 4403 iacentibus,
2346 4329 2485 4382 sicut
2527 4337 2661 4379 oves
2701 4336 2806 4375 non
2852 4317 3106 4372 habentes
3158 4322 3451 4381 pastorem,

1873 4433 2142 4501 prrierre.
2188 4423 2296 4477 Sed
2334 4421 2457 4489 quia
2487 4414 2863 4471 contradicere
2890 4410 3012 4463 huic
3041 4414 3185 4459 tanto
3214 4402 3450 4470 pontiﬁci

1978 4518 2180 4573 stolicre
2202 4512 2343 4567 sedis
2369 4509 2587 4577 praalato
2612 4520 2716 4557 non
2735 4501 2976 4565 auderet,
2992 4494 3264 4551 consensit
3291 4492 3452 4547 etiam

1882 4587 1935 4668 et
1965 4606 2217 4664 obedivit.
2244 4605 2437 4671 Sicque
2468 4612 2707 4652 summus
2735 4603 2932 4649 sancta:
2961 4587 3294 4643 auctoritatis
3323 4599 3455 4652 pon—

1886 4706 2008 4758 tifex
2034 4703 2173 4757 diem
2203 4686 2873 4750 constituitordinationis,
2910 4683 2959 4735 id
3002 4688 3087 4734 est
3135 4678 3306 4748 pridie
3354 4675 3458 4728 Ka-

1883 4796 2156 4851 lendarutn
2194 4786 2564 4843 Decembrium
2598 4792 2644 4834 ιι.
2677 4780 2920 4845 Cumque
2948 4780 3319 4827 sacrosanctus
3364 4782 3455 4821 so-

1884 4884 2168 4943 lemnitatis
2186 4882 2302 4933 dies
2324 4887 2377 4931 et
2397 4871 2668 4928 natalitius
2692 4867 2917 4922 Andre-.1:
2939 4873 2993 4918 ct
3016 4860 3289 4931 praalinita:
3311 4857 3459 4911 ordi-

1886 4977 2113 5033 nationis
2144 4972 2427 5031 illuxisset,
2454 4967 2563 5032 jam
2596 4976 2749 5014 sacer
2781 4956 2923 5012 sedis
2976 4952 3279 5021 apostolicae
3321 4963 3458 5017 pon-

1886 5073 2014 5125 tifex
2040 5067 2379 5135 episcopatus
2410 5058 2510 5111 sibi
2555 5062 2609 5108 et
2636 5050 2889 5115 nominis,
2918 5045 2945 5082 ι’
2978 5044 3118 5113 quod
3141 5050 3224 5096 est
3251 5038 3462 5093 Bonifa-

1958 5210 1983 5247 δ
2014 5210 2128 5261 Ja'n
2166 5213 2285 5257 ante
2314 5192 2702 5251 ordinationem
2733 5203 2883 5241 suam
2932 5180 3254 5261 Winfridusn
3268 5193 3463 5258 nomen

1889 5248 2128 5339 habe-lia
2149 5248 2472 5327 lio'nifa’cius,
2498 5266 2790 5339 utconstat
2815 5271 2879 5311 ex
2928 5253 3167 5339 epistola
3186 5331 3197 5339 ⁸
3210 5248 3458 5339 ρι·ςιέ2τίἰ

2141 5318 2472 5422 ςῑιῖδίῖῇὀέιό
2500 5338 2665 5422 relata
2698 5331 2856 5422 libi].
2886 5318 3085 5422 capts,

1889 5388 2035 5483 355i,
2066 5432 2200 5469 anno
2230 5414 2377 5464 tertio
2405 5406 2600 5473 imperii
2633 5388 2862 5483 Leonis,-
2896 5388 3091 5483 inﬂict;
3128 5391 3373 5483 secunda,
3411 5388 3461 5447 id

2313 5461 2436 5548 qua:
2469 5461 2897 5548 t'atnctiepistola
2928 5463 3195 5548 Boni-[iacio
3227 5461 3465 5548 reliq7oso

2488 5554 2596 5631 est.

1893 5599 2429 5687 i'i'52T53é3.ie.'.3"éi'tiii
2469 5599 2670 5670 directa
2723 5607 2995 5687 Bonifacio
3031 5599 3156 5687 sive
3189 5599 3467 5687 Winlredo

1893 5672 2663 5767 di‘rjiiissintoibei'prcsbytero;
2711 5696 2829 5752 qua:
2855 5678 3075 5748 epistola
3126 5674 3264 5725 inter
3317 5672 3471 5724 Boni-

1896 5770 2127 5829 facianas
2158 5766 2353 5824 05155.

2884 5842 2960 5901 20
