  <div class='ocr_page' id='page_1' title='image "/cluster/home/n/w/nwhite01/storage/ocr_20150623/88-89/uc1.31175000868714/987.png"; bbox 0 0 4170 6532; ppageno 0'>
   <div class='ocr_carea' id='block_1_1' title="bbox 763 398 866 451">
    <p class='ocr_par' dir='ltr' id='par_1_1' title="bbox 763 398 866 451">
     <span class='ocr_line' id='line_1_1' title="bbox 763 398 866 451; baseline 0.01 -1"><span class='ocrx_word' id='word_1_1' title='bbox 763 398 866 451; x_wconf 76' lang='grc'><strong>619</strong></span> 
     </span>
    </p>
   </div>
   <div class='ocr_carea' id='block_1_2' title="bbox 1773 395 3057 454">
    <p class='ocr_par' dir='ltr' id='par_1_2' title="bbox 1773 395 3057 454">
     <span class='ocr_line' id='line_1_2' title="bbox 1773 395 3057 454; baseline 0.004 -5"><span class='ocrx_word' id='word_1_2' title='bbox 1773 397 1827 449; x_wconf 83' lang='lat' dir='ltr'><strong>S.</strong></span> <span class='ocrx_word' id='word_1_3' title='bbox 1877 395 2279 448; x_wconf 61' lang='grc' dir='ltr'><strong>ΒΟΝΙῙΤΛΟΗΪΞ</strong></span> <span class='ocrx_word' id='word_1_4' title='bbox 2321 396 2622 450; x_wconf 74' lang='lat' dir='ltr'><strong>MUCUNI&#39;.</strong></span> <span class='ocrx_word' id='word_1_5' title='bbox 2673 397 3057 454; x_wconf 71' lang='lat' dir='ltr'><strong>EPiSCOPL&#39;S.</strong></span> 
     </span>
    </p>
   </div>
   <div class='ocr_carea' id='block_1_3' title="bbox 3900 405 4001 459">
    <p class='ocr_par' dir='ltr' id='par_1_3' title="bbox 3900 405 4001 459">
     <span class='ocr_line' id='line_1_3' title="bbox 3900 405 4001 459; baseline -0.02 0"><span class='ocrx_word' id='word_1_6' title='bbox 3900 405 4001 459; x_wconf 75' lang='grc' dir='ltr'><strong>(ἱὶο</strong></span> 
     </span>
    </p>
   </div>
   <div class='ocr_carea' id='block_1_4' title="bbox 764 509 4000 591">
    <p class='ocr_par' dir='ltr' id='par_1_4' title="bbox 764 509 4000 591">
     <span class='ocr_line' id='line_1_4' title="bbox 764 509 4000 591; baseline 0.002 -26"><span class='ocrx_word' id='word_1_7' title='bbox 764 516 914 576; x_wconf 89' lang='lat' dir='ltr'><strong>cius,</strong></span> <span class='ocrx_word' id='word_1_8' title='bbox 969 510 1217 578; x_wconf 90' lang='lat' dir='ltr'><strong>imposuit</strong></span> <span class='ocrx_word' id='word_1_9' title='bbox 1261 509 1592 577; x_wconf 77' lang='lat' dir='ltr'><strong>dignitatem,</strong></span> <span class='ocrx_word' id='word_1_10' title='bbox 1643 511 1799 575; x_wconf 87' lang='lat' dir='ltr'><strong>eique</strong></span> <span class='ocrx_word' id='word_1_11' title='bbox 1845 510 2078 562; x_wconf 75' lang='lat' dir='ltr'><strong>libi-Ilum</strong></span> <span class='ocrx_word' id='word_1_12' title='bbox 2129 511 2178 564; x_wconf 92' lang='lat' dir='ltr'><strong>in</strong></span> <span class='ocrx_word' id='word_1_13' title='bbox 2225 526 2326 578; x_wconf 89' lang='lat' dir='ltr'><strong>quo</strong></span> <span class='ocrx_word' id='word_1_14' title='bbox 2357 519 2403 576; x_wconf 75' lang='grc' dir='ltr'>Α</span> <span class='ocrx_word' id='word_1_15' title='bbox 2434 511 2591 564; x_wconf 89' lang='lat' dir='ltr'><strong>fracta</strong></span> <span class='ocrx_word' id='word_1_16' title='bbox 2619 513 2850 591; x_wconf 74' lang='lat' dir='ltr'><strong>culmine</strong></span> <span class='ocrx_word' id='word_1_17' title='bbox 2875 513 3097 580; x_wconf 89' lang='lat' dir='ltr'><strong>corruit,</strong></span> <span class='ocrx_word' id='word_1_18' title='bbox 3131 521 3184 567; x_wconf 88' lang='lat' dir='ltr'><strong>et</strong></span> <span class='ocrx_word' id='word_1_19' title='bbox 3205 513 3355 582; x_wconf 86' lang='lat' dir='ltr'><strong>quasi</strong></span> <span class='ocrx_word' id='word_1_20' title='bbox 3385 517 3600 582; x_wconf 82' lang='lat' dir='ltr'><strong>superni</strong></span> <span class='ocrx_word' id='word_1_21' title='bbox 3631 526 3789 573; x_wconf 90' lang='lat' dir='ltr'><strong>nutus</strong></span> <span class='ocrx_word' id='word_1_22' title='bbox 3810 521 4000 575; x_wconf 87' lang='lat' dir='ltr'><strong>solatio</strong></span> 
     </span>
    </p>
   </div>
   <div class='ocr_carea' id='block_1_5' title="bbox 763 600 2333 667">
    <p class='ocr_par' dir='ltr' id='par_1_5' title="bbox 763 600 2333 667">
     <span class='ocr_line' id='line_1_5' title="bbox 763 600 2333 667; baseline -0.003 -10"><span class='ocrx_word' id='word_1_23' title='bbox 763 603 1116 658; x_wconf 82' lang='lat' dir='ltr'><strong>sacratissima</strong></span> <span class='ocrx_word' id='word_1_24' title='bbox 1143 601 1521 655; x_wconf 74' lang='lat' dir='ltr'><strong>ecclesiastica:</strong></span> <span class='ocrx_word' id='word_1_25' title='bbox 1543 602 1939 654; x_wconf 85' lang='lat' dir='ltr'><strong>constitutionis</strong></span> <span class='ocrx_word' id='word_1_26' title='bbox 1967 601 2087 667; x_wconf 84' lang='lat' dir='ltr'><strong>jura</strong></span> <span class='ocrx_word' id='word_1_27' title='bbox 2122 600 2333 667; x_wconf 87' lang='lat' dir='ltr'><strong>pontiﬁ-</strong></span> 
     </span>
    </p>
   </div>
   <div class='ocr_carea' id='block_1_6' title="bbox 761 692 2334 761">
    <p class='ocr_par' dir='ltr' id='par_1_6' title="bbox 761 692 2334 761">
     <span class='ocr_line' id='line_1_6' title="bbox 761 692 2334 761; baseline -0.002 -13"><span class='ocrx_word' id='word_1_28' title='bbox 761 697 965 748; x_wconf 85' lang='lat' dir='ltr'><strong>calibus</strong></span> <span class='ocrx_word' id='word_1_29' title='bbox 985 701 1134 761; x_wconf 81' lang='lat' dir='ltr'><strong>gesta</strong></span> <span class='ocrx_word' id='word_1_30' title='bbox 1164 702 1288 748; x_wconf 89' lang='lat' dir='ltr'><strong>sunt</strong></span> <span class='ocrx_word' id='word_1_31' title='bbox 1318 693 1691 756; x_wconf 74' lang='lat' dir='ltr'><strong>conventibus,</strong></span> <span class='ocrx_word' id='word_1_32' title='bbox 1711 692 2162 745; x_wconf 75' lang='lat' dir='ltr'><strong>accommodavit:</strong></span> <span class='ocrx_word' id='word_1_33' title='bbox 2197 703 2248 745; x_wconf 92' lang='lat' dir='ltr'><strong>et</strong></span> <span class='ocrx_word' id='word_1_34' title='bbox 2277 700 2334 745; x_wconf 89' lang='lat' dir='ltr'><strong>ut</strong></span> 
     </span>
    </p>
   </div>
   <div class='ocr_carea' id='block_1_7' title="bbox 761 780 2330 850">
    <p class='ocr_par' dir='ltr' id='par_1_7' title="bbox 761 780 2330 850">
     <span class='ocr_line' id='line_1_7' title="bbox 761 780 2330 850; baseline -0.004 -12"><span class='ocrx_word' id='word_1_35' title='bbox 761 803 823 838; x_wconf 75' lang='lat' dir='ltr'><strong>cx</strong></span> <span class='ocrx_word' id='word_1_36' title='bbox 853 786 952 838; x_wconf 92' lang='lat' dir='ltr'><strong>boc</strong></span> <span class='ocrx_word' id='word_1_37' title='bbox 975 783 1280 837; x_wconf 86' lang='lat' dir='ltr'><strong>inconvulsa</strong></span> <span class='ocrx_word' id='word_1_38' title='bbox 1311 782 1452 850; x_wconf 84' lang='lat' dir='ltr'><strong>apud</strong></span> <span class='ocrx_word' id='word_1_39' title='bbox 1483 797 1541 836; x_wconf 89' lang='lat' dir='ltr'><strong>sc</strong></span> <span class='ocrx_word' id='word_1_40' title='bbox 1577 782 1890 848; x_wconf 84' lang='lat' dir='ltr'><strong>pontiﬁcalis</strong></span> <span class='ocrx_word' id='word_1_41' title='bbox 1921 780 2034 834; x_wconf 66' lang='lat' dir='ltr'><strong>haec</strong></span> <span class='ocrx_word' id='word_1_42' title='bbox 2055 781 2330 847; x_wconf 82' lang='lat' dir='ltr'><strong>disciplina</strong></span> 
     </span>
    </p>
   </div>
   <div class='ocr_carea' id='block_1_8' title="bbox 754 869 2327 941">
    <p class='ocr_par' dir='ltr' id='par_1_8' title="bbox 754 869 2327 941">
     <span class='ocr_line' id='line_1_8' title="bbox 754 869 2327 941; baseline -0.003 -12"><span class='ocrx_word' id='word_1_43' title='bbox 754 888 805 929; x_wconf 86' lang='lat' dir='ltr'><strong>et</strong></span> <span class='ocrx_word' id='word_1_44' title='bbox 837 876 1178 931; x_wconf 71' lang='lat' dir='ltr'><strong>institutionis</strong></span> <span class='ocrx_word' id='word_1_45' title='bbox 1209 875 1341 927; x_wconf 87' lang='lat' dir='ltr'><strong>ordo</strong></span> <span class='ocrx_word' id='word_1_46' title='bbox 1369 883 1742 941; x_wconf 87' lang='lat' dir='ltr'><strong>permaneret,</strong></span> <span class='ocrx_word' id='word_1_47' title='bbox 1777 872 2062 941; x_wconf 85' lang='lat' dir='ltr'><strong>populique</strong></span> <span class='ocrx_word' id='word_1_48' title='bbox 2105 869 2327 938; x_wconf 85' lang='lat' dir='ltr'><strong>subjecti</strong></span> 
     </span>
    </p>
   </div>
   <div class='ocr_carea' id='block_1_9' title="bbox 755 961 2328 1033">
    <p class='ocr_par' dir='ltr' id='par_1_9' title="bbox 755 961 2328 1033">
     <span class='ocr_line' id='line_1_9' title="bbox 755 961 2328 1033; baseline -0.004 -13"><span class='ocrx_word' id='word_1_49' title='bbox 755 970 835 1022; x_wconf 85' lang='lat' dir='ltr'><strong>his</strong></span> <span class='ocrx_word' id='word_1_50' title='bbox 867 969 1169 1021; x_wconf 83' lang='lat' dir='ltr'><strong>imbuantur</strong></span> <span class='ocrx_word' id='word_1_51' title='bbox 1196 965 1453 1033; x_wconf 82' lang='lat' dir='ltr'><strong>cxemplis</strong></span> <span class='ocrx_word' id='word_1_52' title='bbox 1485 963 1768 1030; x_wconf 81' lang='lat' dir='ltr'><strong>imperavit</strong></span> <span class='ocrx_word' id='word_1_53' title='bbox 1797 980 1811 1028; x_wconf 86' lang='lat'><strong>;</strong></span> <span class='ocrx_word' id='word_1_54' title='bbox 1839 964 1933 1017; x_wconf 85' lang='lat' dir='ltr'><strong>sed</strong></span> <span class='ocrx_word' id='word_1_55' title='bbox 1964 971 2019 1016; x_wconf 87' lang='lat' dir='ltr'><strong>et</strong></span> <span class='ocrx_word' id='word_1_56' title='bbox 2049 961 2328 1014; x_wconf 87' lang='lat' dir='ltr'><strong>familiari-</strong></span> 
     </span>
    </p>
   </div>
   <div class='ocr_carea' id='block_1_10' title="bbox 759 1052 2328 1122">
    <p class='ocr_par' dir='ltr' id='par_1_10' title="bbox 759 1052 2328 1122">
     <span class='ocr_line' id='line_1_10' title="bbox 759 1052 2328 1122; baseline -0.003 -12"><span class='ocrx_word' id='word_1_57' title='bbox 759 1067 920 1112; x_wconf 82' lang='lat' dir='ltr'><strong>tatem</strong></span> <span class='ocrx_word' id='word_1_58' title='bbox 948 1066 1146 1112; x_wconf 82' lang='lat' dir='ltr'><strong>sanctac</strong></span> <span class='ocrx_word' id='word_1_59' title='bbox 1167 1056 1310 1109; x_wconf 80' lang='lat' dir='ltr'><strong>sedis</strong></span> <span class='ocrx_word' id='word_1_60' title='bbox 1338 1055 1652 1122; x_wconf 72' lang='lat' dir='ltr'><strong>apostolica:</strong></span> <span class='ocrx_word' id='word_1_61' title='bbox 1686 1063 1790 1107; x_wconf 90' lang='lat' dir='ltr'><strong>tam</strong></span> <span class='ocrx_word' id='word_1_62' title='bbox 1821 1054 1918 1106; x_wconf 90' lang='lat' dir='ltr'><strong>sibi</strong></span> <span class='ocrx_word' id='word_1_63' title='bbox 1965 1067 2120 1120; x_wconf 89' lang='lat' dir='ltr'><strong>quam</strong></span> <span class='ocrx_word' id='word_1_64' title='bbox 2159 1052 2328 1107; x_wconf 89' lang='lat' dir='ltr'><strong>omni-</strong></span> 
     </span>
    </p>
   </div>
   <div class='ocr_carea' id='block_1_11' title="bbox 754 1142 2329 1215">
    <p class='ocr_par' dir='ltr' id='par_1_11' title="bbox 754 1142 2329 1215">
     <span class='ocr_line' id='line_1_11' title="bbox 754 1142 2329 1215; baseline -0.004 -13"><span class='ocrx_word' id='word_1_65' title='bbox 754 1151 851 1202; x_wconf 86' lang='lat' dir='ltr'><strong>bus</strong></span> <span class='ocrx_word' id='word_1_66' title='bbox 878 1149 977 1202; x_wconf 85' lang='lat' dir='ltr'><strong>sibi</strong></span> <span class='ocrx_word' id='word_1_67' title='bbox 1002 1144 1256 1215; x_wconf 86' lang='lat' dir='ltr'><strong>subjectis</strong></span> <span class='ocrx_word' id='word_1_68' title='bbox 1282 1161 1344 1200; x_wconf 89' lang='lat' dir='ltr'><strong>ex</strong></span> <span class='ocrx_word' id='word_1_69' title='bbox 1379 1145 1480 1199; x_wconf 91' lang='lat' dir='ltr'><strong>hoc</strong></span> <span class='ocrx_word' id='word_1_70' title='bbox 1517 1145 1568 1197; x_wconf 91' lang='lat' dir='ltr'><strong>in</strong></span> <span class='ocrx_word' id='word_1_71' title='bbox 1613 1145 1843 1197; x_wconf 89' lang='lat' dir='ltr'><strong>futurum</strong></span> <span class='ocrx_word' id='word_1_72' title='bbox 1874 1142 2222 1207; x_wconf 90' lang='lat' dir='ltr'><strong>condonavit;</strong></span> <span class='ocrx_word' id='word_1_73' title='bbox 2275 1152 2329 1196; x_wconf 88' lang='lat' dir='ltr'><strong>et</strong></span> 
     </span>
    </p>
   </div>
   <div class='ocr_carea' id='block_1_12' title="bbox 755 1232 2324 1305">
    <p class='ocr_par' dir='ltr' id='par_1_12' title="bbox 755 1232 2324 1305">
     <span class='ocr_line' id='line_1_12' title="bbox 755 1232 2324 1305; baseline -0.004 -15"><span class='ocrx_word' id='word_1_74' title='bbox 755 1239 925 1291; x_wconf 74' lang='lat' dir='ltr'><strong>tiaroli</strong></span> <span class='ocrx_word' id='word_1_75' title='bbox 955 1237 1104 1291; x_wconf 86' lang='lat' dir='ltr'><strong>ducis</strong></span> <span class='ocrx_word' id='word_1_76' title='bbox 1139 1237 1355 1305; x_wconf 80' lang='lat' dir='ltr'><strong>gloriosi</strong></span> <span class='ocrx_word' id='word_1_77' title='bbox 1389 1236 1500 1288; x_wconf 79' lang='lat' dir='ltr'><strong>suis</strong></span> <span class='ocrx_word' id='word_1_78' title='bbox 1528 1233 1908 1286; x_wconf 81' lang='lat' dir='ltr'><strong>sacratissimis</strong></span> <span class='ocrx_word' id='word_1_79' title='bbox 1938 1232 2134 1286; x_wconf 81' lang='lat' dir='ltr'><strong>litteris</strong></span> <span class='ocrx_word' id='word_1_80' title='bbox 2179 1233 2324 1301; x_wconf 84' lang='lat' dir='ltr'><strong>regni</strong></span> 
     </span>
    </p>
   </div>
   <div class='ocr_carea' id='block_1_13' title="bbox 755 1325 2322 1394">
    <p class='ocr_par' dir='ltr' id='par_1_13' title="bbox 755 1325 2322 1394">
     <span class='ocr_line' id='line_1_13' title="bbox 755 1325 2322 1394; baseline -0.005 -11"><span class='ocrx_word' id='word_1_81' title='bbox 755 1331 1046 1385; x_wconf 81' lang='lat' dir='ltr'><strong>munimine</strong></span> <span class='ocrx_word' id='word_1_82' title='bbox 1068 1345 1129 1383; x_wconf 91' lang='lat' dir='ltr'><strong>ac</strong></span> <span class='ocrx_word' id='word_1_83' title='bbox 1151 1329 1432 1382; x_wconf 84' lang='lat' dir='ltr'><strong>devotione</strong></span> <span class='ocrx_word' id='word_1_84' title='bbox 1456 1336 1696 1379; x_wconf 85' lang='lat' dir='ltr'><strong>sanctum</strong></span> <span class='ocrx_word' id='word_1_85' title='bbox 1729 1326 1870 1378; x_wconf 90' lang='lat' dir='ltr'><strong>hunc</strong></span> <span class='ocrx_word' id='word_1_86' title='bbox 1904 1325 2073 1379; x_wconf 88' lang='lat' dir='ltr'><strong>virum</strong></span> <span class='ocrx_word' id='word_1_87' title='bbox 2117 1325 2322 1394; x_wconf 87' lang='lat' dir='ltr'><strong>episco-</strong></span> 
     </span>
    </p>
   </div>
   <div class='ocr_carea' id='block_1_14' title="bbox 755 1415 1754 1491">
    <p class='ocr_par' dir='ltr' id='par_1_14' title="bbox 755 1415 1754 1491">
     <span class='ocr_line' id='line_1_14' title="bbox 755 1415 1754 1491; baseline -0.005 -20"><span class='ocrx_word' id='word_1_88' title='bbox 755 1433 907 1488; x_wconf 82' lang='lat' dir='ltr'><strong>patus</strong></span> <span class='ocrx_word' id='word_1_89' title='bbox 927 1422 1088 1491; x_wconf 87' lang='lat' dir='ltr'><strong>gradu</strong></span> <span class='ocrx_word' id='word_1_90' title='bbox 1118 1418 1406 1488; x_wconf 90' lang='lat' dir='ltr'><strong>pollentem</strong></span> <span class='ocrx_word' id='word_1_91' title='bbox 1434 1415 1754 1484; x_wconf 73' lang='lat' dir='ltr'><strong>subiugavit.</strong></span> 
     </span>
    </p>
   </div>
   <div class='ocr_carea' id='block_1_15' title="bbox 753 1523 2324 1592">
    <p class='ocr_par' dir='ltr' id='par_1_15' title="bbox 753 1523 2324 1592">
     <span class='ocr_line' id='line_1_15' title="bbox 753 1523 2324 1592; baseline -0.006 -6"><span class='ocrx_word' id='word_1_92' title='bbox 753 1536 926 1588; x_wconf 64' lang='lat' dir='ltr'><strong>tiarur</strong></span> <span class='ocrx_word' id='word_1_93' title='bbox 958 1530 1089 1586; x_wconf 77' lang='lat' dir='ltr'><strong>Vlll.</strong></span> <span class='ocrx_word' id='word_1_94' title='bbox 1119 1559 1191 1572; x_wconf 92' lang='lat'><strong><em>—</em></strong></span> <span class='ocrx_word' id='word_1_95' title='bbox 1229 1529 1492 1592; x_wconf 77' lang='lat' dir='ltr'><strong>Quomodo</strong></span> <span class='ocrx_word' id='word_1_96' title='bbox 1546 1527 1706 1578; x_wconf 84' lang='lat' dir='ltr'><strong>Roma</strong></span> <span class='ocrx_word' id='word_1_97' title='bbox 1764 1525 2026 1577; x_wconf 77' lang='lat' dir='ltr'><strong>discrdeus</strong></span> <span class='ocrx_word' id='word_1_98' title='bbox 2083 1523 2324 1577; x_wconf 84' lang='lat' dir='ltr'><strong>Carolum</strong></span> 
     </span>
    </p>
   </div>
   <div class='ocr_carea' id='block_1_16' title="bbox 824 1594 2324 1663">
    <p class='ocr_par' dir='ltr' id='par_1_16' title="bbox 824 1594 2324 1663">
     <span class='ocr_line' id='line_1_16' title="bbox 824 1594 2324 1663; baseline -0.005 -8"><span class='ocrx_word' id='word_1_99' title='bbox 824 1605 1147 1655; x_wconf 80' lang='lat' dir='ltr'><strong>Francorum</strong></span> <span class='ocrx_word' id='word_1_100' title='bbox 1185 1602 1362 1652; x_wconf 83' lang='lat' dir='ltr'><strong>ducem</strong></span> <span class='ocrx_word' id='word_1_101' title='bbox 1389 1600 1536 1660; x_wconf 80' lang='lat' dir='ltr'><strong>adiit,</strong></span> <span class='ocrx_word' id='word_1_102' title='bbox 1569 1605 1614 1648; x_wconf 87' lang='lat' dir='ltr'><strong>et</strong></span> <span class='ocrx_word' id='word_1_103' title='bbox 1647 1596 1768 1663; x_wconf 85' lang='lat' dir='ltr'><strong>quid</strong></span> <span class='ocrx_word' id='word_1_104' title='bbox 1786 1597 1838 1646; x_wconf 82' lang='lat' dir='ltr'><strong>in</strong></span> <span class='ocrx_word' id='word_1_105' title='bbox 1873 1594 2051 1647; x_wconf 68' lang='lat' dir='ltr'><strong>[fessis</strong></span> <span class='ocrx_word' id='word_1_106' title='bbox 2079 1605 2125 1646; x_wconf 86' lang='lat' dir='ltr'><strong>et</strong></span> <span class='ocrx_word' id='word_1_107' title='bbox 2150 1608 2324 1663; x_wconf 81' lang='lat' dir='ltr'><strong>postea</strong></span> 
     </span>
    </p>
   </div>
   <div class='ocr_carea' id='block_1_17' title="bbox 821 1665 2324 1738">
    <p class='ocr_par' dir='ltr' id='par_1_17' title="bbox 821 1665 2324 1738">
     <span class='ocr_line' id='line_1_17' title="bbox 821 1665 2324 1738; baseline -0.007 -13"><span class='ocrx_word' id='word_1_108' title='bbox 821 1676 874 1725; x_wconf 78' lang='lat' dir='ltr'><strong>in</strong></span> <span class='ocrx_word' id='word_1_109' title='bbox 917 1671 1197 1738; x_wconf 74' lang='lat' dir='ltr'><strong>&#39;l&#39;huringia</strong></span> <span class='ocrx_word' id='word_1_110' title='bbox 1226 1667 1553 1736; x_wconf 73' lang='lat' dir='ltr'><strong>pi&#39;wdicando</strong></span> <span class='ocrx_word' id='word_1_111' title='bbox 1580 1665 1766 1730; x_wconf 73' lang='lat' dir='ltr'><strong>r/Tecit.</strong></span> <span class='ocrx_word' id='word_1_112' title='bbox 1803 1665 1874 1738; x_wconf 86' lang='lat' dir='ltr'><strong>_Dc</strong></span> <span class='ocrx_word' id='word_1_113' title='bbox 1894 1665 2133 1738; x_wconf 57' lang='lat' dir='ltr'><strong>tyrannis</strong></span> <span class='ocrx_word' id='word_1_114' title='bbox 2156 1674 2200 1716; x_wconf 85' lang='lat' dir='ltr'><strong>et</strong></span> <span class='ocrx_word' id='word_1_115' title='bbox 2237 1667 2324 1738; x_wconf 68' lang='lat' dir='ltr'><strong>dc-</strong></span> 
     </span>
    </p>
   </div>
   <div class='ocr_carea' id='block_1_18' title="bbox 821 1734 2323 1813">
    <p class='ocr_par' dir='ltr' id='par_1_18' title="bbox 821 1734 2323 1813">
     <span class='ocr_line' id='line_1_18' title="bbox 821 1734 2323 1813; baseline -0.006 -19"><span class='ocrx_word' id='word_1_116' title='bbox 821 1752 1028 1811; x_wconf 80' lang='lat' dir='ltr'><strong>pravata</strong></span> <span class='ocrx_word' id='word_1_117' title='bbox 1069 1734 1315 1806; x_wconf 70' lang='lat' dir='ltr'><strong>religione</strong></span> <span class='ocrx_word' id='word_1_118' title='bbox 1363 1737 1416 1813; x_wconf 73' lang='lat' dir='ltr'><strong>iit</strong></span> <span class='ocrx_word' id='word_1_119' title='bbox 1454 1739 1656 1813; x_wconf 42' lang='lat' dir='ltr'><strong>eadem.</strong></span> <span class='ocrx_word' id='word_1_120' title='bbox 1680 1736 1957 1813; x_wconf 59' lang='lat' dir='ltr'><strong>provincia.</strong></span> <span class='ocrx_word' id='word_1_121' title='bbox 1990 1734 2089 1813; x_wconf 32' lang='lat' dir='ltr'><strong>JDe</strong></span> <span class='ocrx_word' id='word_1_122' title='bbox 2133 1735 2323 1813; x_wconf 69' lang='lat' dir='ltr'><strong>nuntiis</strong></span> 
     </span>
    </p>
   </div>
   <div class='ocr_carea' id='block_1_19' title="bbox 821 1805 2320 1868">
    <p class='ocr_par' dir='ltr' id='par_1_19' title="bbox 821 1805 2320 1868">
     <span class='ocr_line' id='line_1_19' title="bbox 821 1805 2320 1868; baseline -0.005 -5"><span class='ocrx_word' id='word_1_123' title='bbox 821 1805 1003 1864; x_wconf 49' lang='lat' dir='ltr'><strong>&#39;i&#39;erum</strong></span> <span class='ocrx_word' id='word_1_124' title='bbox 1035 1811 1248 1864; x_wconf 76' lang='lat' dir='ltr'><strong>Romam</strong></span> <span class='ocrx_word' id='word_1_125' title='bbox 1271 1809 1436 1859; x_wconf 85' lang='lat' dir='ltr'><strong>missis</strong></span> <span class='ocrx_word' id='word_1_126' title='bbox 1460 1816 1506 1860; x_wconf 77' lang='lat' dir='ltr'><strong>et</strong></span> <span class='ocrx_word' id='word_1_127' title='bbox 1535 1805 1728 1857; x_wconf 85' lang='lat' dir='ltr'><strong>duobus</strong></span> <span class='ocrx_word' id='word_1_128' title='bbox 1771 1805 2040 1868; x_wconf 73' lang='lat' dir='ltr'><strong>wdiﬁcutis</strong></span> <span class='ocrx_word' id='word_1_129' title='bbox 2069 1811 2320 1856; x_wconf 82' lang='lat' dir='ltr'><strong>monaste-</strong></span> 
     </span>
    </p>
   </div>
   <div class='ocr_carea' id='block_1_20' title="bbox 818 1883 980 1934">
    <p class='ocr_par' dir='ltr' id='par_1_20' title="bbox 818 1883 980 1934">
     <span class='ocr_line' id='line_1_20' title="bbox 818 1883 980 1934; baseline 0.012 -2"><span class='ocrx_word' id='word_1_130' title='bbox 818 1883 980 1934; x_wconf 80' lang='lat' dir='ltr'><strong>riofis.</strong></span> 
     </span>
    </p>
   </div>
   <div class='ocr_carea' id='block_1_21' title="bbox 815 1961 2320 2032">
    <p class='ocr_par' dir='ltr' id='par_1_21' title="bbox 815 1961 2320 2032">
     <span class='ocr_line' id='line_1_21' title="bbox 815 1961 2320 2032; baseline -0.004 -12"><span class='ocrx_word' id='word_1_131' title='bbox 815 1970 906 2022; x_wconf 71' lang='lat'><strong>‘29..</strong></span> <span class='ocrx_word' id='word_1_132' title='bbox 941 1969 988 2020; x_wconf 93' lang='lat' dir='ltr'><strong>ls</strong></span> <span class='ocrx_word' id='word_1_133' title='bbox 1017 1977 1192 2019; x_wconf 91' lang='lat' dir='ltr'><strong>autem</strong></span> <span class='ocrx_word' id='word_1_134' title='bbox 1222 1965 1345 2018; x_wconf 91' lang='lat' dir='ltr'><strong>dum</strong></span> <span class='ocrx_word' id='word_1_135' title='bbox 1380 1977 1476 2032; x_wconf 87' lang='lat' dir='ltr'><strong>per</strong></span> <span class='ocrx_word' id='word_1_136' title='bbox 1497 1963 1681 2032; x_wconf 87' lang='lat' dir='ltr'><strong>longos</strong></span> <span class='ocrx_word' id='word_1_137' title='bbox 1710 1962 1914 2015; x_wconf 93' lang='lat' dir='ltr'><strong>viarum</strong></span> <span class='ocrx_word' id='word_1_138' title='bbox 1939 1961 2208 2016; x_wconf 90' lang='lat' dir='ltr'><strong>anfractus</strong></span> <span class='ocrx_word' id='word_1_139' title='bbox 2240 1961 2320 2014; x_wconf 90' lang='lat' dir='ltr'><strong>in-</strong></span> 
     </span>
    </p>
   </div>
   <div class='ocr_carea' id='block_1_22' title="bbox 754 2053 2318 2127">
    <p class='ocr_par' dir='ltr' id='par_1_22' title="bbox 754 2053 2318 2127">
     <span class='ocr_line' id='line_1_22' title="bbox 754 2053 2318 2127; baseline -0.004 -14"><span class='ocrx_word' id='word_1_140' title='bbox 754 2062 985 2127; x_wconf 74' lang='lat' dir='ltr'><strong>gentium</strong></span> <span class='ocrx_word' id='word_1_141' title='bbox 1034 2058 1348 2126; x_wconf 84' lang='lat' dir='ltr'><strong>populorum</strong></span> <span class='ocrx_word' id='word_1_142' title='bbox 1393 2055 1591 2108; x_wconf 86' lang='lat' dir='ltr'><strong>adisset</strong></span> <span class='ocrx_word' id='word_1_143' title='bbox 1635 2054 1899 2117; x_wconf 90' lang='lat' dir='ltr'><strong>confinia,</strong></span> <span class='ocrx_word' id='word_1_144' title='bbox 1946 2053 2058 2119; x_wconf 90' lang='lat' dir='ltr'><strong>jam</strong></span> <span class='ocrx_word' id='word_1_145' title='bbox 2101 2054 2318 2122; x_wconf 88' lang='lat' dir='ltr'><strong>quidem</strong></span> 
     </span>
    </p>
   </div>
   <div class='ocr_carea' id='block_1_23' title="bbox 760 2142 2322 2215">
    <p class='ocr_par' dir='ltr' id='par_1_23' title="bbox 760 2142 2322 2215">
     <span class='ocr_line' id='line_1_23' title="bbox 760 2142 2322 2215; baseline -0.004 -14"><span class='ocrx_word' id='word_1_146' title='bbox 760 2149 820 2201; x_wconf 84' lang='lat' dir='ltr'><strong>ad</strong></span> <span class='ocrx_word' id='word_1_147' title='bbox 857 2147 1128 2215; x_wconf 85' lang='lat' dir='ltr'><strong>pra-fatum</strong></span> <span class='ocrx_word' id='word_1_148' title='bbox 1163 2145 1487 2197; x_wconf 77' lang='lat' dir='ltr'><strong>Francorum</strong></span> <span class='ocrx_word' id='word_1_149' title='bbox 1521 2142 1814 2208; x_wconf 88' lang='lat' dir='ltr'><strong>principem</strong></span> <span class='ocrx_word' id='word_1_150' title='bbox 1845 2142 2025 2205; x_wconf 88' lang='lat' dir='ltr'><strong>venit,</strong></span> <span class='ocrx_word' id='word_1_151' title='bbox 2061 2149 2115 2195; x_wconf 90' lang='lat' dir='ltr'><strong>et</strong></span> <span class='ocrx_word' id='word_1_152' title='bbox 2156 2155 2322 2194; x_wconf 89' lang='lat' dir='ltr'><strong>vene-</strong></span> 
     </span>
    </p>
   </div>
   <div class='ocr_carea' id='block_1_24' title="bbox 753 2231 2320 2302">
    <p class='ocr_par' dir='ltr' id='par_1_24' title="bbox 753 2231 2320 2302">
     <span class='ocr_line' id='line_1_24' title="bbox 753 2231 2320 2302; baseline -0.004 -11"><span class='ocrx_word' id='word_1_153' title='bbox 753 2238 988 2292; x_wconf 90' lang='lat' dir='ltr'><strong>rabiliter</strong></span> <span class='ocrx_word' id='word_1_154' title='bbox 1016 2235 1083 2289; x_wconf 91' lang='lat' dir='ltr'><strong>ab</strong></span> <span class='ocrx_word' id='word_1_155' title='bbox 1114 2249 1178 2288; x_wconf 89' lang='lat' dir='ltr'><strong>eo</strong></span> <span class='ocrx_word' id='word_1_156' title='bbox 1208 2246 1507 2302; x_wconf 86' lang='lat' dir='ltr'><strong>susceptus,</strong></span> <span class='ocrx_word' id='word_1_157' title='bbox 1550 2233 1755 2284; x_wconf 84' lang='lat' dir='ltr'><strong>litteras</strong></span> <span class='ocrx_word' id='word_1_158' title='bbox 1814 2231 2050 2298; x_wconf 82' lang='lat' dir='ltr'><strong>praedicti</strong></span> <span class='ocrx_word' id='word_1_159' title='bbox 2095 2232 2320 2284; x_wconf 80' lang='lat' dir='ltr'><strong>Romani</strong></span> 
     </span>
    </p>
   </div>
   <div class='ocr_carea' id='block_1_25' title="bbox 749 2321 2318 2398">
    <p class='ocr_par' dir='ltr' id='par_1_25' title="bbox 749 2321 2318 2398">
     <span class='ocr_line' id='line_1_25' title="bbox 749 2321 2318 2398; baseline -0.003 -18"><span class='ocrx_word' id='word_1_160' title='bbox 749 2329 1014 2398; x_wconf 86' lang='lat' dir='ltr'><strong>pontiﬁcis</strong></span> <span class='ocrx_word' id='word_1_161' title='bbox 1043 2328 1298 2396; x_wconf 87' lang='lat' dir='ltr'><strong>sedisque</strong></span> <span class='ocrx_word' id='word_1_162' title='bbox 1342 2324 1649 2393; x_wconf 74' lang='lat' dir='ltr'><strong>apostolica:</strong></span> <span class='ocrx_word' id='word_1_163' title='bbox 1695 2324 1888 2378; x_wconf 82' lang='lat' dir='ltr'><strong>Carolo</strong></span> <span class='ocrx_word' id='word_1_164' title='bbox 1938 2321 2058 2377; x_wconf 87' lang='lat' dir='ltr'><strong>duci</strong></span> <span class='ocrx_word' id='word_1_165' title='bbox 2107 2322 2318 2386; x_wconf 90' lang='lat' dir='ltr'><strong>detulit,</strong></span> 
     </span>
    </p>
   </div>
   <div class='ocr_carea' id='block_1_26' title="bbox 745 2411 2320 2488">
    <p class='ocr_par' dir='ltr' id='par_1_26' title="bbox 745 2411 2320 2488">
     <span class='ocr_line' id='line_1_26' title="bbox 745 2411 2320 2488; baseline -0.006 -17"><span class='ocrx_word' id='word_1_166' title='bbox 745 2423 966 2488; x_wconf 73' lang='lat' dir='ltr'><strong>ejusque</strong></span> <span class='ocrx_word' id='word_1_167' title='bbox 993 2417 1230 2472; x_wconf 85' lang='lat' dir='ltr'><strong>dominio</strong></span> <span class='ocrx_word' id='word_1_168' title='bbox 1257 2431 1320 2469; x_wconf 91' lang='lat' dir='ltr'><strong>ac</strong></span> <span class='ocrx_word' id='word_1_169' title='bbox 1348 2415 1642 2484; x_wconf 87' lang='lat' dir='ltr'><strong>patrocinio</strong></span> <span class='ocrx_word' id='word_1_170' title='bbox 1683 2422 1706 2449; x_wconf 75' lang='grc'><strong><em>⁸</em></strong></span> <span class='ocrx_word' id='word_1_171' title='bbox 1745 2413 2008 2474; x_wconf 84' lang='lat' dir='ltr'><strong>subditus,</strong></span> <span class='ocrx_word' id='word_1_172' title='bbox 2039 2411 2105 2465; x_wconf 90' lang='lat' dir='ltr'><strong>ad</strong></span> <span class='ocrx_word' id='word_1_173' title='bbox 2136 2413 2320 2466; x_wconf 88' lang='lat' dir='ltr'><strong>obses-</strong></span> 
     </span>
    </p>
   </div>
   <div class='ocr_carea' id='block_1_27' title="bbox 743 2503 2322 2564">
    <p class='ocr_par' dir='ltr' id='par_1_27' title="bbox 743 2503 2322 2564">
     <span class='ocr_line' id='line_1_27' title="bbox 743 2503 2322 2564; baseline -0.004 0"><span class='ocrx_word' id='word_1_174' title='bbox 743 2527 829 2564; x_wconf 84' lang='lat' dir='ltr'><strong>sas</strong></span> <span class='ocrx_word' id='word_1_175' title='bbox 853 2519 1010 2564; x_wconf 89' lang='lat' dir='ltr'><strong>antea</strong></span> <span class='ocrx_word' id='word_1_176' title='bbox 1034 2510 1321 2564; x_wconf 88' lang='lat' dir='ltr'><strong>Ilessorum</strong></span> <span class='ocrx_word' id='word_1_177' title='bbox 1348 2517 1517 2561; x_wconf 87' lang='lat' dir='ltr'><strong>metas</strong></span> <span class='ocrx_word' id='word_1_178' title='bbox 1539 2520 1658 2558; x_wconf 93' lang='lat' dir='ltr'><strong>cum</strong></span> <span class='ocrx_word' id='word_1_179' title='bbox 1682 2520 1947 2557; x_wconf 89' lang='lat' dir='ltr'><strong>consensu</strong></span> <span class='ocrx_word' id='word_1_180' title='bbox 1971 2504 2144 2556; x_wconf 82' lang='lat' dir='ltr'><strong>Caroli</strong></span> <span class='ocrx_word' id='word_1_181' title='bbox 2171 2503 2322 2557; x_wconf 85' lang='lat' dir='ltr'><strong>ducis</strong></span> 
     </span>
    </p>
   </div>
   <div class='ocr_carea' id='block_1_28' title="bbox 745 2592 2318 2664">
    <p class='ocr_par' dir='ltr' id='par_1_28' title="bbox 745 2592 2318 2664">
     <span class='ocr_line' id='line_1_28' title="bbox 745 2592 2318 2664; baseline -0.006 -8"><span class='ocrx_word' id='word_1_182' title='bbox 745 2603 925 2657; x_wconf 88' lang='lat' dir='ltr'><strong>rediit.</strong></span> <span class='ocrx_word' id='word_1_183' title='bbox 959 2601 1094 2654; x_wconf 85' lang='lat' dir='ltr'><strong>Tum</strong></span> <span class='ocrx_word' id='word_1_184' title='bbox 1123 2613 1250 2652; x_wconf 88' lang='lat' dir='ltr'><strong>vero</strong></span> <span class='ocrx_word' id='word_1_185' title='bbox 1279 2599 1566 2652; x_wconf 82' lang='lat' dir='ltr'><strong>llessorum</strong></span> <span class='ocrx_word' id='word_1_186' title='bbox 1585 2595 1693 2664; x_wconf 90' lang='lat' dir='ltr'><strong>jam</strong></span> <span class='ocrx_word' id='word_1_187' title='bbox 1721 2595 1867 2648; x_wconf 90' lang='lat' dir='ltr'><strong>mulli</strong></span> <span class='ocrx_word' id='word_1_188' title='bbox 1893 2593 2167 2647; x_wconf 77' lang='lat' dir='ltr'><strong>catholicze</strong></span> <span class='ocrx_word' id='word_1_189' title='bbox 2197 2592 2318 2647; x_wconf 83' lang='lat' dir='ltr'><strong>ﬁdei</strong></span> 
     </span>
    </p>
   </div>
   <div class='ocr_carea' id='block_1_29' title="bbox 744 2685 2317 2757">
    <p class='ocr_par' dir='ltr' id='par_1_29' title="bbox 744 2685 2317 2757">
     <span class='ocr_line' id='line_1_29' title="bbox 744 2685 2317 2757; baseline -0.004 -13"><span class='ocrx_word' id='word_1_190' title='bbox 744 2693 964 2756; x_wconf 74' lang='lat' dir='ltr'><strong>subditi,</strong></span> <span class='ocrx_word' id='word_1_191' title='bbox 1010 2705 1071 2745; x_wconf 92' lang='lat' dir='ltr'><strong>ac</strong></span> <span class='ocrx_word' id='word_1_192' title='bbox 1122 2689 1452 2757; x_wconf 78' lang='lat' dir='ltr'><strong>septiforniis</strong></span> <span class='ocrx_word' id='word_1_193' title='bbox 1495 2687 1726 2755; x_wconf 88' lang='lat' dir='ltr'><strong>Spiritus</strong></span> <span class='ocrx_word' id='word_1_194' title='bbox 1776 2685 1938 2754; x_wconf 84' lang='lat' dir='ltr'><strong>gratia</strong></span> <span class='ocrx_word' id='word_1_195' title='bbox 1997 2685 2317 2749; x_wconf 84' lang='lat' dir='ltr'><strong>confirmati,</strong></span> 
     </span>
    </p>
   </div>
   <div class='ocr_carea' id='block_1_30' title="bbox 746 2773 2319 2846">
    <p class='ocr_par' dir='ltr' id='par_1_30' title="bbox 746 2773 2319 2846">
     <span class='ocr_line' id='line_1_30' title="bbox 746 2773 2319 2846; baseline -0.005 -10"><span class='ocrx_word' id='word_1_196' title='bbox 746 2797 933 2836; x_wconf 91' lang='lat' dir='ltr'><strong>manus</strong></span> <span class='ocrx_word' id='word_1_197' title='bbox 989 2779 1386 2846; x_wconf 89' lang='lat' dir='ltr'><strong>impositionem</strong></span> <span class='ocrx_word' id='word_1_198' title='bbox 1445 2786 1788 2843; x_wconf 91' lang='lat' dir='ltr'><strong>acceperunt.</strong></span> <span class='ocrx_word' id='word_1_199' title='bbox 1852 2775 1915 2827; x_wconf 79' lang='lat' dir='ltr'><strong>Et</strong></span> <span class='ocrx_word' id='word_1_200' title='bbox 1961 2775 2047 2827; x_wconf 85' lang='lat' dir='ltr'><strong>alii</strong></span> <span class='ocrx_word' id='word_1_201' title='bbox 2105 2773 2319 2842; x_wconf 83' lang='lat' dir='ltr'><strong>quidem</strong></span> 
     </span>
    </p>
   </div>
   <div class='ocr_carea' id='block_1_31' title="bbox 743 2864 2320 2935">
    <p class='ocr_par' dir='ltr' id='par_1_31' title="bbox 743 2864 2320 2935">
     <span class='ocr_line' id='line_1_31' title="bbox 743 2864 2320 2935; baseline -0.003 -12"><span class='ocrx_word' id='word_1_202' title='bbox 743 2873 967 2926; x_wconf 89' lang='lat' dir='ltr'><strong>necdum</strong></span> <span class='ocrx_word' id='word_1_203' title='bbox 991 2871 1170 2923; x_wconf 90' lang='lat' dir='ltr'><strong>animo</strong></span> <span class='ocrx_word' id='word_1_204' title='bbox 1191 2867 1498 2935; x_wconf 85' lang='lat' dir='ltr'><strong>confortati,</strong></span> <span class='ocrx_word' id='word_1_205' title='bbox 1517 2869 1842 2920; x_wconf 71' lang='lat' dir='ltr'><strong>intemeratae</strong></span> <span class='ocrx_word' id='word_1_206' title='bbox 1864 2864 1983 2919; x_wconf 88' lang='lat' dir='ltr'><strong>ﬁdei</strong></span> <span class='ocrx_word' id='word_1_207' title='bbox 2006 2865 2320 2918; x_wconf 87' lang='lat' dir='ltr'><strong>documenta</strong></span> 
     </span>
    </p>
   </div>
   <div class='ocr_carea' id='block_1_32' title="bbox 743 2953 2319 3030">
    <p class='ocr_par' dir='ltr' id='par_1_32' title="bbox 743 2953 2319 3030">
     <span class='ocr_line' id='line_1_32' title="bbox 743 2953 2319 3030; baseline -0.003 -17"><span class='ocrx_word' id='word_1_208' title='bbox 743 2965 946 3030; x_wconf 87' lang='lat' dir='ltr'><strong>integre</strong></span> <span class='ocrx_word' id='word_1_209' title='bbox 976 2959 1214 3026; x_wconf 82' lang='lat' dir='ltr'><strong>recipere</strong></span> <span class='ocrx_word' id='word_1_210' title='bbox 1241 2967 1561 3022; x_wconf 89' lang='lat' dir='ltr'><strong>renuerunt;</strong></span> <span class='ocrx_word' id='word_1_211' title='bbox 1589 2957 1676 3009; x_wconf 89' lang='lat' dir='ltr'><strong>alii</strong></span> <span class='ocrx_word' id='word_1_212' title='bbox 1697 2956 1860 3010; x_wconf 90' lang='lat' dir='ltr'><strong>etiam</strong></span> <span class='ocrx_word' id='word_1_213' title='bbox 1885 2955 2042 3023; x_wconf 81' lang='lat' dir='ltr'><strong>lignis</strong></span> <span class='ocrx_word' id='word_1_214' title='bbox 2063 2963 2118 3006; x_wconf 92' lang='lat' dir='ltr'><strong>et</strong></span> <span class='ocrx_word' id='word_1_215' title='bbox 2148 2953 2174 2992; x_wconf 69' lang='grc' dir='ltr'><strong>ιτ</strong></span> <span class='ocrx_word' id='word_1_216' title='bbox 2199 2954 2319 3008; x_wconf 85' lang='lat' dir='ltr'><strong>fon-</strong></span> 
     </span>
    </p>
   </div>
   <div class='ocr_carea' id='block_1_33' title="bbox 742 3043 2320 3114">
    <p class='ocr_par' dir='ltr' id='par_1_33' title="bbox 742 3043 2320 3114">
     <span class='ocr_line' id='line_1_33' title="bbox 742 3043 2320 3114; baseline -0.004 -10"><span class='ocrx_word' id='word_1_217' title='bbox 742 3056 883 3106; x_wconf 88' lang='lat' dir='ltr'><strong>tibus</strong></span> <span class='ocrx_word' id='word_1_218' title='bbox 906 3050 1166 3112; x_wconf 87' lang='lat' dir='ltr'><strong>clanculo,</strong></span> <span class='ocrx_word' id='word_1_219' title='bbox 1197 3049 1288 3102; x_wconf 91' lang='lat' dir='ltr'><strong>alii</strong></span> <span class='ocrx_word' id='word_1_220' title='bbox 1331 3057 1509 3101; x_wconf 90' lang='lat' dir='ltr'><strong>autem</strong></span> <span class='ocrx_word' id='word_1_221' title='bbox 1562 3056 1746 3114; x_wconf 86' lang='lat' dir='ltr'><strong>aperte</strong></span> <span class='ocrx_word' id='word_1_222' title='bbox 1793 3043 2184 3099; x_wconf 83' lang='lat' dir='ltr'><strong>sacrificabant.</strong></span> <span class='ocrx_word' id='word_1_223' title='bbox 2218 3043 2320 3098; x_wconf 83' lang='lat' dir='ltr'><strong>Alii</strong></span> 
     </span>
    </p>
   </div>
   <div class='ocr_carea' id='block_1_34' title="bbox 742 3136 2321 3209">
    <p class='ocr_par' dir='ltr' id='par_1_34' title="bbox 742 3136 2321 3209">
     <span class='ocr_line' id='line_1_34' title="bbox 742 3136 2321 3209; baseline -0.003 -17"><span class='ocrx_word' id='word_1_224' title='bbox 742 3158 868 3198; x_wconf 76' lang='lat' dir='ltr'><strong>vero</strong></span> <span class='ocrx_word' id='word_1_225' title='bbox 898 3142 1160 3209; x_wconf 83' lang='lat' dir='ltr'><strong>aruspicia</strong></span> <span class='ocrx_word' id='word_1_226' title='bbox 1185 3149 1238 3195; x_wconf 90' lang='lat' dir='ltr'><strong>et</strong></span> <span class='ocrx_word' id='word_1_227' title='bbox 1265 3139 1644 3200; x_wconf 89' lang='lat' dir='ltr'><strong>divinationes,</strong></span> <span class='ocrx_word' id='word_1_228' title='bbox 1663 3138 1927 3207; x_wconf 83' lang='lat' dir='ltr'><strong>pra-stigia</strong></span> <span class='ocrx_word' id='word_1_229' title='bbox 1953 3146 2112 3202; x_wconf 85' lang='lat' dir='ltr'><strong>atque</strong></span> <span class='ocrx_word' id='word_1_230' title='bbox 2140 3136 2321 3189; x_wconf 86' lang='lat' dir='ltr'><strong>incan-</strong></span> 
     </span>
    </p>
   </div>
   <div class='ocr_carea' id='block_1_35' title="bbox 2438 602 4001 678">
    <p class='ocr_par' dir='ltr' id='par_1_35' title="bbox 2438 602 4001 678">
     <span class='ocr_line' id='line_1_35' title="bbox 2438 602 4001 678; baseline 0.007 -26"><span class='ocrx_word' id='word_1_231' title='bbox 2438 602 2486 652; x_wconf 92' lang='lat' dir='ltr'><strong>in</strong></span> <span class='ocrx_word' id='word_1_232' title='bbox 2506 612 2731 670; x_wconf 88' lang='lat' dir='ltr'><strong>quatuor</strong></span> <span class='ocrx_word' id='word_1_233' title='bbox 2747 604 2906 657; x_wconf 91' lang='lat' dir='ltr'><strong>etiam</strong></span> <span class='ocrx_word' id='word_1_234' title='bbox 2937 610 3114 673; x_wconf 90' lang='lat' dir='ltr'><strong>partes</strong></span> <span class='ocrx_word' id='word_1_235' title='bbox 3143 602 3352 670; x_wconf 89' lang='lat' dir='ltr'><strong>dirupta</strong></span> <span class='ocrx_word' id='word_1_236' title='bbox 3375 613 3474 669; x_wconf 90' lang='lat' dir='ltr'><strong>est,</strong></span> <span class='ocrx_word' id='word_1_237' title='bbox 3494 614 3548 659; x_wconf 93' lang='lat' dir='ltr'><strong>et</strong></span> <span class='ocrx_word' id='word_1_238' title='bbox 3568 619 3792 674; x_wconf 86' lang='lat' dir='ltr'><strong>quatuor</strong></span> <span class='ocrx_word' id='word_1_239' title='bbox 3821 610 4001 678; x_wconf 70' lang='lat' dir='ltr'><strong>ingeuo</strong></span> 
     </span>
    </p>
   </div>
   <div class='ocr_carea' id='block_1_36' title="bbox 2437 692 4001 768">
    <p class='ocr_par' dir='ltr' id='par_1_36' title="bbox 2437 692 4001 768">
     <span class='ocr_line' id='line_1_36' title="bbox 2437 692 4001 768; baseline 0.006 -24"><span class='ocrx_word' id='word_1_240' title='bbox 2437 692 2501 745; x_wconf 85' lang='lat' dir='ltr'><strong>tis</strong></span> <span class='ocrx_word' id='word_1_241' title='bbox 2535 693 2912 758; x_wconf 80' lang='lat' dir='ltr'><strong>magnitudinis</strong></span> <span class='ocrx_word' id='word_1_242' title='bbox 2962 693 3150 762; x_wconf 67' lang='lat' dir='ltr'><strong>mquali</strong></span> <span class='ocrx_word' id='word_1_243' title='bbox 3208 692 3535 758; x_wconf 80' lang='lat' dir='ltr'><strong>longitudine</strong></span> <span class='ocrx_word' id='word_1_244' title='bbox 3583 701 3774 762; x_wconf 86' lang='lat' dir='ltr'><strong>trunci,</strong></span> <span class='ocrx_word' id='word_1_245' title='bbox 3802 700 4001 768; x_wconf 82' lang='lat' dir='ltr'><strong>absque</strong></span> 
     </span>
    </p>
   </div>
   <div class='ocr_carea' id='block_1_37' title="bbox 2436 784 3999 852">
    <p class='ocr_par' dir='ltr' id='par_1_37' title="bbox 2436 784 3999 852">
     <span class='ocr_line' id='line_1_37' title="bbox 2436 784 3999 852; baseline 0.008 -17"><span class='ocrx_word' id='word_1_246' title='bbox 2436 784 2652 836; x_wconf 88' lang='lat' dir='ltr'><strong>fratrum</strong></span> <span class='ocrx_word' id='word_1_247' title='bbox 2705 785 2888 838; x_wconf 90' lang='lat' dir='ltr'><strong>labore</strong></span> <span class='ocrx_word' id='word_1_248' title='bbox 2934 784 3223 838; x_wconf 83' lang='lat' dir='ltr'><strong>astantium</strong></span> <span class='ocrx_word' id='word_1_249' title='bbox 3271 795 3650 852; x_wconf 84' lang='lat' dir='ltr'><strong>apparuerunt.</strong></span> <span class='ocrx_word' id='word_1_250' title='bbox 3710 787 3824 852; x_wconf 83' lang='lat' dir='ltr'><strong>Qun</strong></span> <span class='ocrx_word' id='word_1_251' title='bbox 3888 792 3999 846; x_wconf 89' lang='lat' dir='ltr'><strong>viso</strong></span> 
     </span>
    </p>
   </div>
   <div class='ocr_carea' id='block_1_38' title="bbox 2434 874 3997 944">
    <p class='ocr_par' dir='ltr' id='par_1_38' title="bbox 2434 874 3997 944">
     <span class='ocr_line' id='line_1_38' title="bbox 2434 874 3997 944; baseline 0.006 -19"><span class='ocrx_word' id='word_1_252' title='bbox 2434 875 2578 940; x_wconf 91' lang='lat' dir='ltr'><strong>prius</strong></span> <span class='ocrx_word' id='word_1_253' title='bbox 2599 874 2912 928; x_wconf 73' lang='lat' dir='ltr'><strong>(levetantes</strong></span> <span class='ocrx_word' id='word_1_254' title='bbox 2942 875 3160 944; x_wconf 89' lang='lat' dir='ltr'><strong>pagani,</strong></span> <span class='ocrx_word' id='word_1_255' title='bbox 3191 883 3245 928; x_wconf 92' lang='lat' dir='ltr'><strong>et</strong></span> <span class='ocrx_word' id='word_1_256' title='bbox 3270 877 3377 942; x_wconf 80' lang='lat' dir='ltr'><strong>jam</strong></span> <span class='ocrx_word' id='word_1_257' title='bbox 3429 891 3578 930; x_wconf 85' lang='lat' dir='ltr'><strong>versa</strong></span> <span class='ocrx_word' id='word_1_258' title='bbox 3633 876 3748 933; x_wconf 85' lang='lat' dir='ltr'><strong>vlce</strong></span> <span class='ocrx_word' id='word_1_259' title='bbox 3786 881 3997 936; x_wconf 82' lang='lat' dir='ltr'><strong>benedi-</strong></span> 
     </span>
    </p>
   </div>
   <div class='ocr_carea' id='block_1_39' title="bbox 2435 966 3997 1035">
    <p class='ocr_par' dir='ltr' id='par_1_39' title="bbox 2435 966 3997 1035">
     <span class='ocr_line' id='line_1_39' title="bbox 2435 966 3997 1035; baseline 0.004 -16"><span class='ocrx_word' id='word_1_260' title='bbox 2435 969 2665 1020; x_wconf 85' lang='lat' dir='ltr'><strong>ctionem</strong></span> <span class='ocrx_word' id='word_1_261' title='bbox 2697 966 2942 1030; x_wconf 88' lang='lat' dir='ltr'><strong>Domino,</strong></span> <span class='ocrx_word' id='word_1_262' title='bbox 2978 966 3195 1033; x_wconf 87' lang='lat' dir='ltr'><strong>pristina</strong></span> <span class='ocrx_word' id='word_1_263' title='bbox 3224 967 3431 1035; x_wconf 87' lang='lat' dir='ltr'><strong>abjecta</strong></span> <span class='ocrx_word' id='word_1_264' title='bbox 3462 967 3853 1035; x_wconf 88' lang='lat' dir='ltr'><strong>maledictione,</strong></span> <span class='ocrx_word' id='word_1_265' title='bbox 3884 986 3997 1026; x_wconf 90' lang='lat' dir='ltr'><strong>crc-</strong></span> 
     </span>
    </p>
   </div>
   <div class='ocr_carea' id='block_1_40' title="bbox 2430 1054 3014 1110">
    <p class='ocr_par' dir='ltr' id='par_1_40' title="bbox 2430 1054 3014 1110">
     <span class='ocr_line' id='line_1_40' title="bbox 2430 1054 3014 1110; baseline 0 -2"><span class='ocrx_word' id='word_1_266' title='bbox 2430 1055 2617 1110; x_wconf 89' lang='lat' dir='ltr'><strong>dentes</strong></span> <span class='ocrx_word' id='word_1_267' title='bbox 2652 1054 3014 1109; x_wconf 85' lang='lat' dir='ltr'><strong>reddiderunt.</strong></span> 
     </span>
    </p>
   </div>
   <div class='ocr_carea' id='block_1_41' title="bbox 2498 1145 3997 1214">
    <p class='ocr_par' dir='ltr' id='par_1_41' title="bbox 2498 1145 3997 1214">
     <span class='ocr_line' id='line_1_41' title="bbox 2498 1145 3997 1214; baseline 0.003 -17"><span class='ocrx_word' id='word_1_268' title='bbox 2498 1145 2587 1199; x_wconf 72' lang='lat'><strong>‘23.</strong></span> <span class='ocrx_word' id='word_1_269' title='bbox 2611 1147 2759 1200; x_wconf 85' lang='lat' dir='ltr'><strong>Tunc</strong></span> <span class='ocrx_word' id='word_1_270' title='bbox 2780 1157 2958 1200; x_wconf 90' lang='lat' dir='ltr'><strong>autem</strong></span> <span class='ocrx_word' id='word_1_271' title='bbox 2975 1161 3197 1200; x_wconf 83' lang='lat' dir='ltr'><strong>summa:</strong></span> <span class='ocrx_word' id='word_1_272' title='bbox 3213 1146 3508 1202; x_wconf 87' lang='lat' dir='ltr'><strong>sanctitatis</strong></span> <span class='ocrx_word' id='word_1_273' title='bbox 3531 1146 3997 1214; x_wconf 85' lang='lat' dir='ltr'><strong>antistes,consilio</strong></span> 
     </span>
    </p>
   </div>
   <div class='ocr_carea' id='block_1_42' title="bbox 2430 1237 3993 1309">
    <p class='ocr_par' dir='ltr' id='par_1_42' title="bbox 2430 1237 3993 1309">
     <span class='ocr_line' id='line_1_42' title="bbox 2430 1237 3993 1309; baseline 0.004 -19"><span class='ocrx_word' id='word_1_274' title='bbox 2430 1237 2558 1290; x_wconf 87' lang='lat' dir='ltr'><strong>inito</strong></span> <span class='ocrx_word' id='word_1_275' title='bbox 2588 1252 2706 1290; x_wconf 90' lang='lat' dir='ltr'><strong>cum</strong></span> <span class='ocrx_word' id='word_1_276' title='bbox 2737 1237 3012 1302; x_wconf 83' lang='lat' dir='ltr'><strong>fratribus,</strong></span> <span class='ocrx_word' id='word_1_277' title='bbox 3060 1237 3288 1306; x_wconf 83' lang='lat' dir='ltr'><strong>ligneum</strong></span> <span class='ocrx_word' id='word_1_278' title='bbox 3327 1253 3392 1293; x_wconf 85' lang='lat' dir='ltr'><strong>ex</strong></span> <span class='ocrx_word' id='word_1_279' title='bbox 3432 1240 3742 1309; x_wconf 77' lang='lat' dir='ltr'><strong>supradicta:</strong></span> <span class='ocrx_word' id='word_1_280' title='bbox 3791 1242 3993 1296; x_wconf 80' lang='lat' dir='ltr'><strong>arboris</strong></span> 
     </span>
    </p>
   </div>
   <div class='ocr_carea' id='block_1_43' title="bbox 2430 1326 3994 1401">
    <p class='ocr_par' dir='ltr' id='par_1_43' title="bbox 2430 1326 3994 1401">
     <span class='ocr_line' id='line_1_43' title="bbox 2430 1326 3994 1401; baseline 0.003 -21"><span class='ocrx_word' id='word_1_281' title='bbox 2430 1329 2644 1381; x_wconf 88' lang='lat' dir='ltr'><strong>metallo</strong></span> <span class='ocrx_word' id='word_1_282' title='bbox 2680 1326 3013 1401; x_wconf 72' lang='lat' dir='ltr'><strong>oratoriumd</strong></span> <span class='ocrx_word' id='word_1_283' title='bbox 3044 1329 3361 1393; x_wconf 79' lang='lat' dir='ltr'><strong>construxit,</strong></span> <span class='ocrx_word' id='word_1_284' title='bbox 3395 1329 3626 1398; x_wconf 88' lang='lat' dir='ltr'><strong>illudque</strong></span> <span class='ocrx_word' id='word_1_285' title='bbox 3660 1333 3709 1384; x_wconf 93' lang='lat' dir='ltr'><strong>in</strong></span> <span class='ocrx_word' id='word_1_286' title='bbox 3742 1331 3994 1386; x_wconf 81' lang='lat' dir='ltr'><strong>honorem</strong></span> 
     </span>
    </p>
   </div>
   <div class='ocr_carea' id='block_1_44' title="bbox 2427 1417 3995 1493">
    <p class='ocr_par' dir='ltr' id='par_1_44' title="bbox 2427 1417 3995 1493">
     <span class='ocr_line' id='line_1_44' title="bbox 2427 1417 3995 1493; baseline 0.001 -21"><span class='ocrx_word' id='word_1_287' title='bbox 2427 1418 2591 1472; x_wconf 89' lang='lat' dir='ltr'><strong>sancti</strong></span> <span class='ocrx_word' id='word_1_288' title='bbox 2626 1417 2764 1472; x_wconf 86' lang='lat' dir='ltr'><strong>Petri</strong></span> <span class='ocrx_word' id='word_1_289' title='bbox 2806 1420 3030 1485; x_wconf 90' lang='lat' dir='ltr'><strong>apostoli</strong></span> <span class='ocrx_word' id='word_1_290' title='bbox 3054 1419 3335 1485; x_wconf 85' lang='lat' dir='ltr'><strong>dedicavit,</strong></span> <span class='ocrx_word' id='word_1_291' title='bbox 3367 1429 3526 1490; x_wconf 88' lang='lat' dir='ltr'><strong>atque</strong></span> <span class='ocrx_word' id='word_1_292' title='bbox 3573 1423 3833 1477; x_wconf 79' lang='lat' dir='ltr'><strong>universis</strong></span> <span class='ocrx_word' id='word_1_293' title='bbox 3877 1440 3995 1493; x_wconf 61' lang='lat' dir='ltr'><strong>qua:</strong></span> 
     </span>
    </p>
   </div>
   <div class='ocr_carea' id='block_1_45' title="bbox 2430 1508 3997 1582">
    <p class='ocr_par' dir='ltr' id='par_1_45' title="bbox 2430 1508 3997 1582">
     <span class='ocr_line' id='line_1_45' title="bbox 2430 1508 3997 1582; baseline 0.007 -26"><span class='ocrx_word' id='word_1_294' title='bbox 2430 1509 2770 1576; x_wconf 68' lang='lat' dir='ltr'><strong>przcdiximus</strong></span> <span class='ocrx_word' id='word_1_295' title='bbox 2785 1508 3061 1576; x_wconf 90' lang='lat' dir='ltr'><strong>completis</strong></span> <span class='ocrx_word' id='word_1_296' title='bbox 3075 1520 3129 1564; x_wconf 92' lang='lat' dir='ltr'><strong>et</strong></span> <span class='ocrx_word' id='word_1_297' title='bbox 3146 1525 3374 1578; x_wconf 86' lang='lat' dir='ltr'><strong>superno</strong></span> <span class='ocrx_word' id='word_1_298' title='bbox 3396 1511 3716 1582; x_wconf 83' lang='lat' dir='ltr'><strong>suﬁ&#39;ragaute</strong></span> <span class='ocrx_word' id='word_1_299' title='bbox 3729 1523 3859 1566; x_wconf 91' lang='lat' dir='ltr'><strong>nutu</strong></span> <span class='ocrx_word' id='word_1_300' title='bbox 3878 1529 3997 1581; x_wconf 86' lang='lat' dir='ltr'><strong>per-</strong></span> 
     </span>
    </p>
   </div>
   <div class='ocr_carea' id='block_1_46' title="bbox 2426 1599 3996 1674">
    <p class='ocr_par' dir='ltr' id='par_1_46' title="bbox 2426 1599 3996 1674">
     <span class='ocr_line' id='line_1_46' title="bbox 2426 1599 3996 1674; baseline 0.005 -24"><span class='ocrx_word' id='word_1_301' title='bbox 2426 1600 2578 1666; x_wconf 74' lang='lat' dir='ltr'><strong>actis,</strong></span> <span class='ocrx_word' id='word_1_302' title='bbox 2596 1599 3018 1668; x_wconf 81' lang='lat' dir='ltr'><strong>ad&#39;l‘huringiam</strong></span> <span class='ocrx_word' id='word_1_303' title='bbox 3041 1609 3062 1635; x_wconf 71' lang='grc' dir='ltr'>ε</span> <span class='ocrx_word' id='word_1_304' title='bbox 3080 1601 3350 1668; x_wconf 89' lang='lat' dir='ltr'><strong>profectus</strong></span> <span class='ocrx_word' id='word_1_305' title='bbox 3368 1612 3471 1666; x_wconf 91' lang='lat' dir='ltr'><strong>cst,</strong></span> <span class='ocrx_word' id='word_1_306' title='bbox 3490 1605 3798 1659; x_wconf 88' lang='lat' dir='ltr'><strong>etseniores</strong></span> <span class='ocrx_word' id='word_1_307' title='bbox 3824 1606 3996 1674; x_wconf 85' lang='lat' dir='ltr'><strong>plebis</strong></span> 
     </span>
    </p>
   </div>
   <div class='ocr_carea' id='block_1_47' title="bbox 2427 1690 3998 1766">
    <p class='ocr_par' dir='ltr' id='par_1_47' title="bbox 2427 1690 3998 1766">
     <span class='ocr_line' id='line_1_47' title="bbox 2427 1690 3998 1766; baseline 0.006 -26"><span class='ocrx_word' id='word_1_308' title='bbox 2427 1690 2711 1756; x_wconf 71' lang='grc' dir='ltr'><strong>[ιοριιιίῳιε</strong></span> <span class='ocrx_word' id='word_1_309' title='bbox 2741 1691 3005 1758; x_wconf 89' lang='lat' dir='ltr'><strong>principes</strong></span> <span class='ocrx_word' id='word_1_310' title='bbox 3033 1690 3220 1743; x_wconf 74' lang='lat' dir='ltr'><strong>allatus</strong></span> <span class='ocrx_word' id='word_1_311' title='bbox 3258 1701 3359 1754; x_wconf 88' lang='lat' dir='ltr'><strong>est,</strong></span> <span class='ocrx_word' id='word_1_312' title='bbox 3393 1708 3592 1762; x_wconf 89' lang='lat' dir='ltr'><strong>eosque</strong></span> <span class='ocrx_word' id='word_1_313' title='bbox 3622 1696 3805 1749; x_wconf 89' lang='lat' dir='ltr'><strong>relicta</strong></span> <span class='ocrx_word' id='word_1_314' title='bbox 3836 1697 3998 1766; x_wconf 88' lang='lat' dir='ltr'><strong>igno-</strong></span> 
     </span>
    </p>
   </div>
   <div class='ocr_carea' id='block_1_48' title="bbox 2425 1778 3985 1848">
    <p class='ocr_par' dir='ltr' id='par_1_48' title="bbox 2425 1778 3985 1848">
     <span class='ocr_line' id='line_1_48' title="bbox 2425 1778 3985 1848; baseline 0.005 -17"><span class='ocrx_word' id='word_1_315' title='bbox 2425 1782 2609 1831; x_wconf 81' lang='lat' dir='ltr'><strong>rantiae</strong></span> <span class='ocrx_word' id='word_1_316' title='bbox 2631 1781 2870 1832; x_wconf 70' lang='lat' dir='ltr'><strong>cmcitate</strong></span> <span class='ocrx_word' id='word_1_317' title='bbox 2899 1778 2964 1832; x_wconf 92' lang='lat' dir='ltr'><strong>ad</strong></span> <span class='ocrx_word' id='word_1_318' title='bbox 2996 1790 3265 1848; x_wconf 87' lang='lat' dir='ltr'><strong>acceptam</strong></span> <span class='ocrx_word' id='word_1_319' title='bbox 3293 1781 3491 1834; x_wconf 91' lang='lat' dir='ltr'><strong>dudum</strong></span> <span class='ocrx_word' id='word_1_320' title='bbox 3523 1782 3940 1839; x_wconf 83' lang='lat' dir='ltr'><strong>Christianitatis</strong></span> <span class='ocrx_word' id='word_1_321' title='bbox 3966 1785 3985 1823; x_wconf 76' lang='grc' dir='ltr'><em>τ</em></span> 
     </span>
    </p>
   </div>
   <div class='ocr_carea' id='block_1_49' title="bbox 2353 1848 3990 1946">
    <p class='ocr_par' dir='ltr' id='par_1_49' title="bbox 2353 1848 3990 1946">
     <span class='ocr_line' id='line_1_49' title="bbox 2353 1848 3990 1946; baseline 0.005 -25"><span class='ocrx_word' id='word_1_322' title='bbox 2353 1848 2397 1907; x_wconf 76' lang='grc' dir='ltr'><strong>Β</strong></span> <span class='ocrx_word' id='word_1_323' title='bbox 2426 1868 2733 1936; x_wconf 68' lang='lat' dir='ltr'><strong>religionem</strong></span> <span class='ocrx_word' id='word_1_324' title='bbox 2764 1869 3007 1923; x_wconf 92' lang='lat' dir='ltr'><strong>iterando</strong></span> <span class='ocrx_word' id='word_1_325' title='bbox 3039 1873 3362 1939; x_wconf 82' lang='lat' dir='ltr'><strong>provocavit,</strong></span> <span class='ocrx_word' id='word_1_326' title='bbox 3393 1872 3512 1939; x_wconf 89' lang='lat' dir='ltr'><strong>quia</strong></span> <span class='ocrx_word' id='word_1_327' title='bbox 3543 1871 3820 1928; x_wconf 86' lang='lat' dir='ltr'><strong>fatiscente</strong></span> <span class='ocrx_word' id='word_1_328' title='bbox 3848 1874 3990 1946; x_wconf 64' lang='grc' dir='ltr'><strong>[ιτς.</strong></span> 
     </span>
    </p>
   </div>
   <div class='ocr_carea' id='block_1_50' title="bbox 2422 1960 3995 2035">
    <p class='ocr_par' dir='ltr' id='par_1_50' title="bbox 2422 1960 3995 2035">
     <span class='ocr_line' id='line_1_50' title="bbox 2422 1960 3995 2035; baseline 0.005 -22"><span class='ocrx_word' id='word_1_329' title='bbox 2422 1960 2741 2032; x_wconf 87' lang='lat' dir='ltr'><strong>facessante]</strong></span> <span class='ocrx_word' id='word_1_330' title='bbox 2789 1975 3008 2015; x_wconf 89' lang='lat' dir='ltr'><strong>suorum</strong></span> <span class='ocrx_word' id='word_1_331' title='bbox 3051 1977 3232 2031; x_wconf 88' lang='lat' dir='ltr'><strong>regum</strong></span> <span class='ocrx_word' id='word_1_332' title='bbox 3280 1963 3535 2028; x_wconf 91' lang='lat' dir='ltr'><strong>dominio,</strong></span> <span class='ocrx_word' id='word_1_333' title='bbox 3568 1981 3753 2034; x_wconf 87' lang='lat' dir='ltr'><strong>magna</strong></span> <span class='ocrx_word' id='word_1_334' title='bbox 3782 1968 3995 2035; x_wconf 89' lang='lat' dir='ltr'><strong>quidem</strong></span> 
     </span>
    </p>
   </div>
   <div class='ocr_carea' id='block_1_51' title="bbox 2421 2050 3998 2112">
    <p class='ocr_par' dir='ltr' id='par_1_51' title="bbox 2421 2050 3998 2112">
     <span class='ocr_line' id='line_1_51' title="bbox 2421 2050 3998 2112; baseline 0.004 -8"><span class='ocrx_word' id='word_1_335' title='bbox 2421 2067 2607 2105; x_wconf 90' lang='lat' dir='ltr'><strong>eorum</strong></span> <span class='ocrx_word' id='word_1_336' title='bbox 2637 2052 2890 2105; x_wconf 88' lang='lat' dir='ltr'><strong>comitum</strong></span> <span class='ocrx_word' id='word_1_337' title='bbox 2922 2050 3204 2106; x_wconf 89' lang='lat' dir='ltr'><strong>multitudo</strong></span> <span class='ocrx_word' id='word_1_338' title='bbox 3230 2053 3330 2107; x_wconf 86' lang='lat' dir='ltr'><strong>sub</strong></span> <span class='ocrx_word' id='word_1_339' title='bbox 3366 2054 3657 2111; x_wconf 83' lang='lat' dir='ltr'><strong>Theobaldi</strong></span> <span class='ocrx_word' id='word_1_340' title='bbox 3686 2065 3741 2110; x_wconf 90' lang='lat' dir='ltr'><strong>et</strong></span> <span class='ocrx_word' id='word_1_341' title='bbox 3769 2058 3998 2112; x_wconf 83' lang='lat' dir='ltr'><strong>lleileuis</strong></span> 
     </span>
    </p>
   </div>
   <div class='ocr_carea' id='block_1_52' title="bbox 2423 2146 3999 2219">
    <p class='ocr_par' dir='ltr' id='par_1_52' title="bbox 2423 2146 3999 2219">
     <span class='ocr_line' id='line_1_52' title="bbox 2423 2146 3999 2219; baseline 0.003 -20"><span class='ocrx_word' id='word_1_342' title='bbox 2423 2147 2553 2217; x_wconf 67' lang='lat' dir='ltr'><strong>ML,</strong></span> <span class='ocrx_word' id='word_1_343' title='bbox 2587 2146 2832 2218; x_wconf 88' lang='lat' dir='ltr'><strong>Bcdenis]</strong></span> <span class='ocrx_word' id='word_1_344' title='bbox 2867 2149 3162 2215; x_wconf 75' lang='lat' dir='ltr'><strong>periculoso</strong></span> <span class='ocrx_word' id='word_1_345' title='bbox 3196 2148 3448 2217; x_wconf 85' lang='lat' dir='ltr'><strong>primatu,</strong></span> <span class='ocrx_word' id='word_1_346' title='bbox 3476 2147 3564 2218; x_wconf 92' lang='lat' dir='ltr'><strong>qui</strong></span> <span class='ocrx_word' id='word_1_347' title='bbox 3593 2147 3809 2218; x_wconf 84' lang='lat' dir='ltr'><strong>lugubre</strong></span> <span class='ocrx_word' id='word_1_348' title='bbox 3837 2165 3999 2219; x_wconf 87' lang='lat' dir='ltr'><strong>super</strong></span> 
     </span>
    </p>
   </div>
   <div class='ocr_carea' id='block_1_53' title="bbox 2422 2238 3998 2310">
    <p class='ocr_par' dir='ltr' id='par_1_53' title="bbox 2422 2238 3998 2310">
     <span class='ocr_line' id='line_1_53' title="bbox 2422 2238 3998 2310; baseline 0.004 -21"><span class='ocrx_word' id='word_1_349' title='bbox 2422 2249 2517 2289; x_wconf 89' lang='lat' dir='ltr'><strong>eos</strong></span> <span class='ocrx_word' id='word_1_350' title='bbox 2553 2238 2813 2305; x_wconf 81' lang='lat' dir='ltr'><strong>tyrannici</strong></span> <span class='ocrx_word' id='word_1_351' title='bbox 2847 2238 3068 2291; x_wconf 86' lang='lat' dir='ltr'><strong>ducatus</strong></span> <span class='ocrx_word' id='word_1_352' title='bbox 3107 2249 3160 2293; x_wconf 90' lang='lat' dir='ltr'><strong>et</strong></span> <span class='ocrx_word' id='word_1_353' title='bbox 3193 2238 3440 2293; x_wconf 90' lang='lat' dir='ltr'><strong>infestum</strong></span> <span class='ocrx_word' id='word_1_354' title='bbox 3471 2241 3782 2294; x_wconf 85' lang='lat' dir='ltr'><strong>vastationis</strong></span> <span class='ocrx_word' id='word_1_355' title='bbox 3822 2243 3998 2310; x_wconf 81' lang='lat' dir='ltr'><strong>patius</strong></span> 
     </span>
    </p>
   </div>
   <div class='ocr_carea' id='block_1_54' title="bbox 2421 2324 3996 2400">
    <p class='ocr_par' dir='ltr' id='par_1_54' title="bbox 2421 2324 3996 2400">
     <span class='ocr_line' id='line_1_54' title="bbox 2421 2324 3996 2400; baseline 0.004 -24"><span class='ocrx_word' id='word_1_356' title='bbox 2421 2339 2580 2392; x_wconf 91' lang='lat' dir='ltr'><strong>quam</strong></span> <span class='ocrx_word' id='word_1_357' title='bbox 2612 2324 2911 2380; x_wconf 87' lang='lat' dir='ltr'><strong>devotionis</strong></span> <span class='ocrx_word' id='word_1_358' title='bbox 2939 2326 3252 2381; x_wconf 85' lang='lat' dir='ltr'><strong>obtinebant</strong></span> <span class='ocrx_word' id='word_1_359' title='bbox 3285 2331 3583 2395; x_wconf 87' lang='lat' dir='ltr'><strong>imperium,</strong></span> <span class='ocrx_word' id='word_1_360' title='bbox 3617 2333 3697 2384; x_wconf 88' lang='lat' dir='ltr'><strong>vel</strong></span> <span class='ocrx_word' id='word_1_361' title='bbox 3727 2333 3996 2400; x_wconf 88' lang='lat' dir='ltr'><strong>corporali</strong></span> 
     </span>
    </p>
   </div>
   <div class='ocr_carea' id='block_1_55' title="bbox 2423 2417 3998 2487">
    <p class='ocr_par' dir='ltr' id='par_1_55' title="bbox 2423 2417 3998 2487">
     <span class='ocr_line' id='line_1_55' title="bbox 2423 2417 3998 2487; baseline 0.005 -18"><span class='ocrx_word' id='word_1_362' title='bbox 2423 2430 2518 2484; x_wconf 89' lang='lat' dir='ltr'><strong>per</strong></span> <span class='ocrx_word' id='word_1_363' title='bbox 2547 2430 2640 2470; x_wconf 89' lang='lat' dir='ltr'><strong>eos</strong></span> <span class='ocrx_word' id='word_1_364' title='bbox 2680 2425 2945 2484; x_wconf 75' lang='lat' dir='ltr'><strong>prmventa</strong></span> <span class='ocrx_word' id='word_1_365' title='bbox 2985 2425 3178 2480; x_wconf 88' lang='lat' dir='ltr'><strong>morte,</strong></span> <span class='ocrx_word' id='word_1_366' title='bbox 3213 2417 3295 2471; x_wconf 89' lang='lat' dir='ltr'><strong>vel</strong></span> <span class='ocrx_word' id='word_1_367' title='bbox 3341 2417 3518 2472; x_wconf 77' lang='lat' dir='ltr'><strong>hostili</strong></span> <span class='ocrx_word' id='word_1_368' title='bbox 3558 2419 3816 2487; x_wconf 88' lang='lat' dir='ltr'><strong>siquidem</strong></span> <span class='ocrx_word' id='word_1_369' title='bbox 3866 2423 3998 2477; x_wconf 80' lang='lat' dir='ltr'><strong>edu-</strong></span> 
     </span>
    </p>
   </div>
   <div class='ocr_carea' id='block_1_56' title="bbox 2422 2505 4003 2577">
    <p class='ocr_par' dir='ltr' id='par_1_56' title="bbox 2422 2505 4003 2577">
     <span class='ocr_line' id='line_1_56' title="bbox 2422 2505 4003 2577; baseline 0.006 -21"><span class='ocrx_word' id='word_1_370' title='bbox 2422 2505 2598 2558; x_wconf 88' lang='lat' dir='ltr'><strong>ctione</strong></span> <span class='ocrx_word' id='word_1_371' title='bbox 2651 2507 2910 2572; x_wconf 87' lang='lat' dir='ltr'><strong>captivata</strong></span> <span class='ocrx_word' id='word_1_372' title='bbox 2966 2515 3086 2569; x_wconf 87' lang='lat' dir='ltr'><strong>est;</strong></span> <span class='ocrx_word' id='word_1_373' title='bbox 3137 2506 3188 2559; x_wconf 91' lang='lat' dir='ltr'><strong>in</strong></span> <span class='ocrx_word' id='word_1_374' title='bbox 3233 2516 3544 2577; x_wconf 90' lang='lat' dir='ltr'><strong>tantumque</strong></span> <span class='ocrx_word' id='word_1_375' title='bbox 3591 2509 3816 2565; x_wconf 84' lang='lat' dir='ltr'><strong>diversis</strong></span> <span class='ocrx_word' id='word_1_376' title='bbox 3871 2527 4003 2566; x_wconf 85' lang='lat' dir='ltr'><strong>con-</strong></span> 
     </span>
    </p>
   </div>
   <div class='ocr_carea' id='block_1_57' title="bbox 2422 2592 3999 2675">
    <p class='ocr_par' dir='ltr' id='par_1_57' title="bbox 2422 2592 3999 2675">
     <span class='ocr_line' id='line_1_57' title="bbox 2422 2592 3999 2675; baseline 0.011 -30"><span class='ocrx_word' id='word_1_377' title='bbox 2422 2592 2600 2646; x_wconf 87' lang='lat' dir='ltr'><strong>stricta</strong></span> <span class='ocrx_word' id='word_1_378' title='bbox 2633 2595 2785 2649; x_wconf 90' lang='lat' dir='ltr'><strong>malis</strong></span> <span class='ocrx_word' id='word_1_379' title='bbox 2809 2635 2824 2661; x_wconf 94' lang='lat'><strong>,</strong></span> <span class='ocrx_word' id='word_1_380' title='bbox 2860 2606 2916 2650; x_wconf 91' lang='lat' dir='ltr'><strong>ut</strong></span> <span class='ocrx_word' id='word_1_381' title='bbox 2946 2607 3136 2653; x_wconf 68' lang='lat' dir='ltr'><strong>caetera</strong></span> <span class='ocrx_word' id='word_1_382' title='bbox 3167 2616 3286 2668; x_wconf 81' lang='lat' dir='ltr'><strong>qua:</strong></span> <span class='ocrx_word' id='word_1_383' title='bbox 3313 2603 3558 2656; x_wconf 90' lang='lat' dir='ltr'><strong>manebat</strong></span> <span class='ocrx_word' id='word_1_384' title='bbox 3582 2604 3786 2658; x_wconf 88' lang='lat' dir='ltr'><strong>residua</strong></span> <span class='ocrx_word' id='word_1_385' title='bbox 3817 2607 3999 2675; x_wconf 90' lang='lat' dir='ltr'><strong>populi</strong></span> 
     </span>
    </p>
   </div>
   <div class='ocr_carea' id='block_1_58' title="bbox 2425 2684 3998 2762">
    <p class='ocr_par' dir='ltr' id='par_1_58' title="bbox 2425 2684 3998 2762">
     <span class='ocr_line' id='line_1_58' title="bbox 2425 2684 3998 2762; baseline 0.009 -26"><span class='ocrx_word' id='word_1_386' title='bbox 2425 2685 2582 2738; x_wconf 90' lang='lat' dir='ltr'><strong>turba</strong></span> <span class='ocrx_word' id='word_1_387' title='bbox 2611 2684 2882 2741; x_wconf 81' lang='lat' dir='ltr'><strong>Saxonum</strong></span> <span class='ocrx_word' id='word_1_388' title='bbox 2931 2703 2989 2743; x_wconf 89' lang='lat' dir='ltr'><strong>se</strong></span> <span class='ocrx_word' id='word_1_389' title='bbox 3031 2689 3316 2759; x_wconf 65' lang='lat' dir='ltr'><strong>subjici-ret</strong></span> <span class='ocrx_word' id='word_1_390' title='bbox 3368 2692 3701 2762; x_wconf 89' lang='lat' dir='ltr'><strong>principatui.</strong></span> <span class='ocrx_word' id='word_1_391' title='bbox 3729 2694 3846 2762; x_wconf 81' lang='lat' dir='ltr'><strong>Quo</strong></span> <span class='ocrx_word' id='word_1_392' title='bbox 3873 2711 3998 2750; x_wconf 85' lang='lat' dir='ltr'><strong>ces-</strong></span> 
     </span>
    </p>
   </div>
   <div class='ocr_carea' id='block_1_59' title="bbox 2423 2777 3997 2846">
    <p class='ocr_par' dir='ltr' id='par_1_59' title="bbox 2423 2777 3997 2846">
     <span class='ocr_line' id='line_1_59' title="bbox 2423 2777 3997 2846; baseline 0.008 -19"><span class='ocrx_word' id='word_1_393' title='bbox 2423 2785 2578 2830; x_wconf 89' lang='lat' dir='ltr'><strong>sante</strong></span> <span class='ocrx_word' id='word_1_394' title='bbox 2620 2777 2990 2846; x_wconf 82' lang='lat' dir='ltr'><strong>religiosorum</strong></span> <span class='ocrx_word' id='word_1_395' title='bbox 3021 2779 3214 2833; x_wconf 91' lang='lat' dir='ltr'><strong>ducum</strong></span> <span class='ocrx_word' id='word_1_396' title='bbox 3244 2781 3539 2846; x_wconf 90' lang='lat' dir='ltr'><strong>dominatu,</strong></span> <span class='ocrx_word' id='word_1_397' title='bbox 3573 2784 3804 2839; x_wconf 75' lang='lat' dir='ltr'><strong>cessavit</strong></span> <span class='ocrx_word' id='word_1_398' title='bbox 3834 2787 3997 2840; x_wconf 86' lang='lat' dir='ltr'><strong>etiam</strong></span> 
     </span>
    </p>
   </div>
   <div class='ocr_carea' id='block_1_60' title="bbox 2427 2867 4001 2941">
    <p class='ocr_par' dir='ltr' id='par_1_60' title="bbox 2427 2867 4001 2941">
     <span class='ocr_line' id='line_1_60' title="bbox 2427 2867 4001 2941; baseline 0.008 -21"><span class='ocrx_word' id='word_1_399' title='bbox 2427 2867 2478 2920; x_wconf 93' lang='lat' dir='ltr'><strong>in</strong></span> <span class='ocrx_word' id='word_1_400' title='bbox 2504 2869 2583 2922; x_wconf 89' lang='lat' dir='ltr'><strong>eis</strong></span> <span class='ocrx_word' id='word_1_401' title='bbox 2610 2867 3026 2925; x_wconf 81' lang='lat' dir='ltr'><strong>Christianitatis</strong></span> <span class='ocrx_word' id='word_1_402' title='bbox 3050 2881 3106 2926; x_wconf 88' lang='lat' dir='ltr'><strong>et</strong></span> <span class='ocrx_word' id='word_1_403' title='bbox 3132 2871 3399 2941; x_wconf 79' lang='lat' dir='ltr'><strong>religionis</strong></span> <span class='ocrx_word' id='word_1_404' title='bbox 3429 2874 3670 2939; x_wconf 86' lang='lat' dir='ltr'><strong>intentio,</strong></span> <span class='ocrx_word' id='word_1_405' title='bbox 3687 2885 3740 2930; x_wconf 92' lang='lat' dir='ltr'><strong>et</strong></span> <span class='ocrx_word' id='word_1_406' title='bbox 3769 2876 3884 2931; x_wconf 89' lang='lat' dir='ltr'><strong>falsi</strong></span> <span class='ocrx_word' id='word_1_407' title='bbox 3912 2893 4001 2933; x_wconf 53' lang='lat' dir='ltr'><strong>se.</strong></span> 
     </span>
    </p>
   </div>
   <div class='ocr_carea' id='block_1_61' title="bbox 2424 2957 3998 3035">
    <p class='ocr_par' dir='ltr' id='par_1_61' title="bbox 2424 2957 3998 3035">
     <span class='ocr_line' id='line_1_61' title="bbox 2424 2957 3998 3035; baseline 0.007 -25"><span class='ocrx_word' id='word_1_408' title='bbox 2424 2957 2684 3012; x_wconf 89' lang='lat' dir='ltr'><strong>ducentes</strong></span> <span class='ocrx_word' id='word_1_409' title='bbox 2733 2959 2984 3028; x_wconf 91' lang='lat' dir='ltr'><strong>populum</strong></span> <span class='ocrx_word' id='word_1_410' title='bbox 3031 2961 3315 3016; x_wconf 89' lang='lat' dir='ltr'><strong>introducti</strong></span> <span class='ocrx_word' id='word_1_411' title='bbox 3345 2971 3470 3016; x_wconf 88' lang='lat' dir='ltr'><strong>sunt</strong></span> <span class='ocrx_word' id='word_1_412' title='bbox 3515 2963 3726 3030; x_wconf 83' lang='lat' dir='ltr'><strong>fratres,</strong></span> <span class='ocrx_word' id='word_1_413' title='bbox 3774 2966 3865 3035; x_wconf 88' lang='lat' dir='ltr'><strong>qui</strong></span> <span class='ocrx_word' id='word_1_414' title='bbox 3896 2969 3998 3021; x_wconf 83' lang='lat' dir='ltr'><strong>sub</strong></span> 
     </span>
    </p>
   </div>
   <div class='ocr_carea' id='block_1_62' title="bbox 2426 3046 3995 3121">
    <p class='ocr_par' dir='ltr' id='par_1_62' title="bbox 2426 3046 3995 3121">
     <span class='ocr_line' id='line_1_62' title="bbox 2426 3046 3995 3121; baseline 0.007 -23"><span class='ocrx_word' id='word_1_415' title='bbox 2426 3048 2638 3101; x_wconf 85' lang='lat' dir='ltr'><strong>nomine</strong></span> <span class='ocrx_word' id='word_1_416' title='bbox 2676 3046 2946 3117; x_wconf 84' lang='lat' dir='ltr'><strong>religionis</strong></span> <span class='ocrx_word' id='word_1_417' title='bbox 2993 3049 3276 3104; x_wconf 82' lang='lat' dir='ltr'><strong>maximam</strong></span> <span class='ocrx_word' id='word_1_418' title='bbox 3309 3049 3572 3106; x_wconf 57' lang='lat' dir='ltr'><strong>haeretica:</strong></span> <span class='ocrx_word' id='word_1_419' title='bbox 3604 3054 3879 3121; x_wconf 83' lang='lat' dir='ltr'><strong>pravitatis</strong></span> <span class='ocrx_word' id='word_1_420' title='bbox 3909 3055 3995 3109; x_wconf 88' lang='lat' dir='ltr'><strong>in-</strong></span> 
     </span>
    </p>
   </div>
   <div class='ocr_carea' id='block_1_63' title="bbox 2428 3137 3994 3210">
    <p class='ocr_par' dir='ltr' id='par_1_63' title="bbox 2428 3137 3994 3210">
     <span class='ocr_line' id='line_1_63' title="bbox 2428 3137 3994 3210; baseline 0.007 -21"><span class='ocrx_word' id='word_1_421' title='bbox 2428 3137 2775 3192; x_wconf 83' lang='lat' dir='ltr'><strong>troduxerunt</strong></span> <span class='ocrx_word' id='word_1_422' title='bbox 2815 3148 3014 3193; x_wconf 65' lang='lat' dir='ltr'><strong>sectam</strong></span> <span class='ocrx_word' id='word_1_423' title='bbox 3066 3159 3078 3193; x_wconf 92' lang='lat'>:</span> <span class='ocrx_word' id='word_1_424' title='bbox 3113 3154 3183 3196; x_wconf 88' lang='lat' dir='ltr'><strong>ex</strong></span> <span class='ocrx_word' id='word_1_425' title='bbox 3228 3141 3418 3210; x_wconf 86' lang='lat' dir='ltr'><strong>quibus</strong></span> <span class='ocrx_word' id='word_1_426' title='bbox 3445 3154 3527 3198; x_wconf 90' lang='lat' dir='ltr'><strong>est</strong></span> <span class='ocrx_word' id='word_1_427' title='bbox 3554 3143 3894 3200; x_wconf 82' lang='lat' dir='ltr'><strong>Torchtvriuc</strong></span> <span class='ocrx_word' id='word_1_428' title='bbox 3940 3157 3994 3200; x_wconf 90' lang='lat' dir='ltr'><strong>et</strong></span> 
     </span>
    </p>
   </div>
   <div class='ocr_carea' id='block_1_64' title="bbox 741 3215 3997 3297">
    <p class='ocr_par' dir='ltr' id='par_1_64' title="bbox 741 3215 3997 3297">
     <span class='ocr_line' id='line_1_64' title="bbox 741 3215 3997 3297; baseline 0.002 -13"><span class='ocrx_word' id='word_1_429' title='bbox 741 3235 970 3288; x_wconf 75' lang='lat' dir='ltr'><strong>rationes</strong></span> <span class='ocrx_word' id='word_1_430' title='bbox 993 3230 1237 3294; x_wconf 88' lang='lat' dir='ltr'><strong>occulte,</strong></span> <span class='ocrx_word' id='word_1_431' title='bbox 1267 3229 1355 3281; x_wconf 89' lang='lat' dir='ltr'><strong>alii</strong></span> <span class='ocrx_word' id='word_1_432' title='bbox 1382 3228 1596 3296; x_wconf 90' lang='lat' dir='ltr'><strong>quidem</strong></span> <span class='ocrx_word' id='word_1_433' title='bbox 1647 3225 1928 3278; x_wconf 75' lang='lat' dir='ltr'><strong>manifeste</strong></span> <span class='ocrx_word' id='word_1_434' title='bbox 1974 3224 2316 3278; x_wconf 82' lang='lat' dir='ltr'><strong>exercebant.</strong></span> <span class='ocrx_word' id='word_1_435' title='bbox 2345 3215 2394 3278; x_wconf 88' lang='lat' dir='ltr'><strong>C</strong></span> <span class='ocrx_word' id='word_1_436' title='bbox 2427 3225 2780 3292; x_wconf 70' lang='lat' dir='ltr'><strong>liercbthere,</strong></span> <span class='ocrx_word' id='word_1_437' title='bbox 2827 3228 3126 3283; x_wconf 80' lang='lat' dir='ltr'><strong>Eanbercht</strong></span> <span class='ocrx_word' id='word_1_438' title='bbox 3171 3239 3227 3284; x_wconf 86' lang='lat' dir='ltr'><strong>et</strong></span> <span class='ocrx_word' id='word_1_439' title='bbox 3259 3232 3493 3297; x_wconf 89' lang='lat' dir='ltr'><strong>llunred,</strong></span> <span class='ocrx_word' id='word_1_440' title='bbox 3545 3230 3895 3289; x_wconf 74' lang='lat' dir='ltr'><strong>fornicatores</strong></span> <span class='ocrx_word' id='word_1_441' title='bbox 3940 3246 3997 3291; x_wconf 89' lang='lat' dir='ltr'><strong>et</strong></span> 
     </span>
    </p>
   </div>
   <div class='ocr_carea' id='block_1_65' title="bbox 743 3315 2321 3394">
    <p class='ocr_par' dir='ltr' id='par_1_65' title="bbox 743 3315 2321 3394">
     <span class='ocr_line' id='line_1_65' title="bbox 743 3315 2321 3394; baseline -0.006 -16"><span class='ocrx_word' id='word_1_442' title='bbox 743 3325 845 3378; x_wconf 79' lang='lat' dir='ltr'><strong>Alii</strong></span> <span class='ocrx_word' id='word_1_443' title='bbox 874 3324 1087 3394; x_wconf 83' lang='lat' dir='ltr'><strong>quidem</strong></span> <span class='ocrx_word' id='word_1_444' title='bbox 1117 3322 1336 3390; x_wconf 86' lang='lat' dir='ltr'><strong>auguria</strong></span> <span class='ocrx_word' id='word_1_445' title='bbox 1364 3327 1418 3372; x_wconf 92' lang='lat' dir='ltr'><strong>ct</strong></span> <span class='ocrx_word' id='word_1_446' title='bbox 1464 3318 1698 3386; x_wconf 90' lang='lat' dir='ltr'><strong>auspicia</strong></span> <span class='ocrx_word' id='word_1_447' title='bbox 1745 3316 2112 3378; x_wconf 86' lang='lat' dir='ltr'><strong>intendebant,</strong></span> <span class='ocrx_word' id='word_1_448' title='bbox 2145 3315 2321 3370; x_wconf 84' lang='lat' dir='ltr'><strong>diver-</strong></span> 
     </span>
    </p>
   </div>
   <div class='ocr_carea' id='block_1_66' title="bbox 741 3404 2321 3485">
    <p class='ocr_par' dir='ltr' id='par_1_66' title="bbox 741 3404 2321 3485">
     <span class='ocr_line' id='line_1_66' title="bbox 741 3404 2321 3485; baseline -0.006 -17"><span class='ocrx_word' id='word_1_449' title='bbox 741 3430 936 3485; x_wconf 85' lang='lat' dir='ltr'><strong>sesque</strong></span> <span class='ocrx_word' id='word_1_450' title='bbox 962 3410 1296 3468; x_wconf 87' lang='lat' dir='ltr'><strong>sacriﬁcandi</strong></span> <span class='ocrx_word' id='word_1_451' title='bbox 1329 3411 1462 3462; x_wconf 92' lang='lat' dir='ltr'><strong>ritus</strong></span> <span class='ocrx_word' id='word_1_452' title='bbox 1497 3408 1870 3471; x_wconf 89' lang='lat' dir='ltr'><strong>incoluerunt;</strong></span> <span class='ocrx_word' id='word_1_453' title='bbox 1901 3406 1990 3459; x_wconf 91' lang='lat' dir='ltr'><strong>alii</strong></span> <span class='ocrx_word' id='word_1_454' title='bbox 2019 3404 2177 3459; x_wconf 90' lang='lat' dir='ltr'><strong>etiam</strong></span> <span class='ocrx_word' id='word_1_455' title='bbox 2205 3405 2321 3474; x_wconf 89' lang='lat' dir='ltr'><strong>qui-</strong></span> 
     </span>
    </p>
   </div>
   <div class='ocr_carea' id='block_1_67' title="bbox 742 3495 2322 3564">
    <p class='ocr_par' dir='ltr' id='par_1_67' title="bbox 742 3495 2322 3564">
     <span class='ocr_line' id='line_1_67' title="bbox 742 3495 2322 3564; baseline -0.005 -8"><span class='ocrx_word' id='word_1_456' title='bbox 742 3509 838 3558; x_wconf 86' lang='lat' dir='ltr'><strong>bus</strong></span> <span class='ocrx_word' id='word_1_457' title='bbox 869 3518 1018 3558; x_wconf 89' lang='lat' dir='ltr'><strong>mens</strong></span> <span class='ocrx_word' id='word_1_458' title='bbox 1067 3503 1250 3556; x_wconf 84' lang='lat' dir='ltr'><strong>sanior</strong></span> <span class='ocrx_word' id='word_1_459' title='bbox 1303 3501 1496 3562; x_wconf 90' lang='lat' dir='ltr'><strong>iuerat,</strong></span> <span class='ocrx_word' id='word_1_460' title='bbox 1550 3495 1694 3550; x_wconf 84' lang='lat' dir='ltr'><strong>omni</strong></span> <span class='ocrx_word' id='word_1_461' title='bbox 1751 3497 1960 3561; x_wconf 74' lang='lat' dir='ltr'><strong>abiecta</strong></span> <span class='ocrx_word' id='word_1_462' title='bbox 2012 3495 2322 3564; x_wconf 85' lang='lat' dir='ltr'><strong>gentilitatis</strong></span> 
     </span>
    </p>
   </div>
   <div class='ocr_carea' id='block_1_68' title="bbox 741 3583 2318 3663">
    <p class='ocr_par' dir='ltr' id='par_1_68' title="bbox 741 3583 2318 3663">
     <span class='ocr_line' id='line_1_68' title="bbox 741 3583 2318 3663; baseline -0.006 -15"><span class='ocrx_word' id='word_1_463' title='bbox 741 3594 1128 3663; x_wconf 86' lang='lat' dir='ltr'><strong>profanatione,</strong></span> <span class='ocrx_word' id='word_1_464' title='bbox 1168 3589 1298 3643; x_wconf 89' lang='lat' dir='ltr'><strong>nihil</strong></span> <span class='ocrx_word' id='word_1_465' title='bbox 1358 3589 1548 3640; x_wconf 82' lang='lat' dir='ltr'><strong>horum</strong></span> <span class='ocrx_word' id='word_1_466' title='bbox 1613 3586 2020 3641; x_wconf 88' lang='lat' dir='ltr'><strong>commiserunt.</strong></span> <span class='ocrx_word' id='word_1_467' title='bbox 2082 3583 2318 3651; x_wconf 85' lang='lat' dir='ltr'><strong>Quorum</strong></span> 
     </span>
    </p>
   </div>
   <div class='ocr_carea' id='block_1_69' title="bbox 740 3674 2322 3749">
    <p class='ocr_par' dir='ltr' id='par_1_69' title="bbox 740 3674 2322 3749">
     <span class='ocr_line' id='line_1_69' title="bbox 740 3674 2322 3749; baseline -0.004 -14"><span class='ocrx_word' id='word_1_468' title='bbox 740 3685 985 3738; x_wconf 61' lang='grc' dir='ltr'>ροηκυιιιι</span> <span class='ocrx_word' id='word_1_469' title='bbox 1039 3693 1198 3749; x_wconf 90' lang='lat' dir='ltr'><strong>atque</strong></span> <span class='ocrx_word' id='word_1_470' title='bbox 1247 3678 1474 3731; x_wconf 89' lang='lat' dir='ltr'><strong>consilio</strong></span> <span class='ocrx_word' id='word_1_471' title='bbox 1525 3678 1773 3730; x_wconf 87' lang='lat' dir='ltr'><strong>arborem</strong></span> <span class='ocrx_word' id='word_1_472' title='bbox 1827 3674 2113 3744; x_wconf 86' lang='lat' dir='ltr'><strong>quamdam</strong></span> <span class='ocrx_word' id='word_1_473' title='bbox 2171 3676 2322 3729; x_wconf 65' lang='lat' dir='ltr'><strong>mirie</strong></span> 
     </span>
    </p>
   </div>
   <div class='ocr_carea' id='block_1_70' title="bbox 743 3769 2320 3844">
    <p class='ocr_par' dir='ltr' id='par_1_70' title="bbox 743 3769 2320 3844">
     <span class='ocr_line' id='line_1_70' title="bbox 743 3769 2320 3844; baseline -0.004 -16"><span class='ocrx_word' id='word_1_474' title='bbox 743 3775 1142 3844; x_wconf 83' lang='lat' dir='ltr'><strong>magnitudinis,</strong></span> <span class='ocrx_word' id='word_1_475' title='bbox 1168 3786 1286 3838; x_wconf 64' lang='lat' dir='ltr'><strong>qua:</strong></span> <span class='ocrx_word' id='word_1_476' title='bbox 1318 3773 1492 3837; x_wconf 86' lang='lat' dir='ltr'><strong>prisco</strong></span> <span class='ocrx_word' id='word_1_477' title='bbox 1541 3783 1865 3837; x_wconf 87' lang='lat' dir='ltr'><strong>paganorum</strong></span> <span class='ocrx_word' id='word_1_478' title='bbox 1914 3769 2174 3822; x_wconf 88' lang='lat' dir='ltr'><strong>vocabulo</strong></span> <span class='ocrx_word' id='word_1_479' title='bbox 2224 3783 2320 3836; x_wconf 88' lang='lat' dir='ltr'><strong>ap-</strong></span> 
     </span>
    </p>
   </div>
   <div class='ocr_carea' id='block_1_71' title="bbox 744 3858 2321 3932">
    <p class='ocr_par' dir='ltr' id='par_1_71' title="bbox 744 3858 2321 3932">
     <span class='ocr_line' id='line_1_71' title="bbox 744 3858 2321 3932; baseline -0.004 -12"><span class='ocrx_word' id='word_1_480' title='bbox 744 3867 965 3932; x_wconf 82' lang='lat' dir='ltr'><strong>pellatur</strong></span> <span class='ocrx_word' id='word_1_481' title='bbox 995 3863 1171 3916; x_wconf 79' lang='lat' dir='ltr'><strong>Robur</strong></span> <span class='ocrx_word' id='word_1_482' title='bbox 1193 3860 1357 3923; x_wconf 78' lang='lat' dir='ltr'><strong>Jovis,</strong></span> <span class='ocrx_word' id='word_1_483' title='bbox 1383 3861 1435 3914; x_wconf 92' lang='lat' dir='ltr'><strong>in</strong></span> <span class='ocrx_word' id='word_1_484' title='bbox 1466 3859 1585 3913; x_wconf 88' lang='lat' dir='ltr'><strong>loco</strong></span> <span class='ocrx_word' id='word_1_485' title='bbox 1613 3860 1699 3925; x_wconf 91' lang='lat' dir='ltr'><strong>qui</strong></span> <span class='ocrx_word' id='word_1_486' title='bbox 1724 3858 1920 3912; x_wconf 89' lang='lat' dir='ltr'><strong>dicitur</strong></span> <span class='ocrx_word' id='word_1_487' title='bbox 1940 3859 2246 3913; x_wconf 80' lang='lat' dir='ltr'><strong>Cicesmere</strong></span> <span class='ocrx_word' id='word_1_488' title='bbox 2271 3869 2321 3924; x_wconf 76' lang='grc' dir='ltr'><strong>ε,</strong></span> 
     </span>
    </p>
   </div>
   <div class='ocr_carea' id='block_1_72' title="bbox 743 3948 2323 4013">
    <p class='ocr_par' dir='ltr' id='par_1_72' title="bbox 743 3948 2323 4013">
     <span class='ocr_line' id='line_1_72' title="bbox 743 3948 2323 4013; baseline -0.004 -4"><span class='ocrx_word' id='word_1_489' title='bbox 743 3959 911 4010; x_wconf 75' lang='lat' dir='ltr'><strong>servis</strong></span> <span class='ocrx_word' id='word_1_490' title='bbox 936 3957 1025 4010; x_wconf 87' lang='lat' dir='ltr'><strong>Dei</strong></span> <span class='ocrx_word' id='word_1_491' title='bbox 1055 3969 1236 4007; x_wconf 83' lang='lat' dir='ltr'><strong>secum</strong></span> <span class='ocrx_word' id='word_1_492' title='bbox 1263 3952 1579 4013; x_wconf 89' lang='lat' dir='ltr'><strong>astantibus,</strong></span> <span class='ocrx_word' id='word_1_493' title='bbox 1604 3965 1686 4001; x_wconf 73' lang='lat' dir='ltr'><strong>sui</strong></span> <span class='ocrx_word' id='word_1_494' title='bbox 1700 3949 1875 4002; x_wconf 89' lang='lat' dir='ltr'><strong>cidere</strong></span> <span class='ocrx_word' id='word_1_495' title='bbox 1901 3948 2140 4002; x_wconf 88' lang='lat' dir='ltr'><strong>tentavit.</strong></span> <span class='ocrx_word' id='word_1_496' title='bbox 2165 3949 2323 4002; x_wconf 82' lang='lat' dir='ltr'><strong>Cum-</strong></span> 
     </span>
    </p>
   </div>
   <div class='ocr_carea' id='block_1_73' title="bbox 746 4038 2322 4116">
    <p class='ocr_par' dir='ltr' id='par_1_73' title="bbox 746 4038 2322 4116">
     <span class='ocr_line' id='line_1_73' title="bbox 746 4038 2322 4116; baseline -0.006 -16"><span class='ocrx_word' id='word_1_497' title='bbox 746 4065 847 4116; x_wconf 89' lang='lat' dir='ltr'><strong>quc</strong></span> <span class='ocrx_word' id='word_1_498' title='bbox 874 4047 1068 4100; x_wconf 89' lang='lat' dir='ltr'><strong>mentis</strong></span> <span class='ocrx_word' id='word_1_499' title='bbox 1098 4040 1396 4096; x_wconf 91' lang='lat' dir='ltr'><strong>constantia</strong></span> <span class='ocrx_word' id='word_1_500' title='bbox 1428 4039 1757 4093; x_wconf 73' lang='lat' dir='ltr'><strong>confortatus</strong></span> <span class='ocrx_word' id='word_1_501' title='bbox 1785 4038 2032 4091; x_wconf 88' lang='lat' dir='ltr'><strong>arborem</strong></span> <span class='ocrx_word' id='word_1_502' title='bbox 2064 4038 2322 4092; x_wconf 83' lang='lat' dir='ltr'><strong>succidis-</strong></span> 
     </span>
    </p>
   </div>
   <div class='ocr_carea' id='block_1_74' title="bbox 744 4126 2320 4201">
    <p class='ocr_par' dir='ltr' id='par_1_74' title="bbox 744 4126 2320 4201">
     <span class='ocr_line' id='line_1_74' title="bbox 744 4126 2320 4201; baseline -0.004 -15"><span class='ocrx_word' id='word_1_503' title='bbox 744 4147 847 4200; x_wconf 71' lang='lat' dir='ltr'><strong>set,</strong></span> <span class='ocrx_word' id='word_1_504' title='bbox 878 4148 1066 4201; x_wconf 80' lang='lat' dir='ltr'><strong>magna</strong></span> <span class='ocrx_word' id='word_1_505' title='bbox 1097 4131 1282 4184; x_wconf 86' lang='lat' dir='ltr'><strong>aderat</strong></span> <span class='ocrx_word' id='word_1_506' title='bbox 1303 4129 1452 4192; x_wconf 83' lang='lat' dir='ltr'><strong>cupia</strong></span> <span class='ocrx_word' id='word_1_507' title='bbox 1485 4141 1834 4196; x_wconf 85' lang='lat' dir='ltr'><strong>paganorum,</strong></span> <span class='ocrx_word' id='word_1_508' title='bbox 1855 4126 1943 4194; x_wconf 91' lang='lat' dir='ltr'><strong>qui</strong></span> <span class='ocrx_word' id='word_1_509' title='bbox 1972 4139 2024 4179; x_wconf 90' lang='lat' dir='ltr'><strong>et</strong></span> <span class='ocrx_word' id='word_1_510' title='bbox 2050 4126 2320 4180; x_wconf 90' lang='lat' dir='ltr'><strong>inimicum</strong></span> 
     </span>
    </p>
   </div>
   <div class='ocr_carea' id='block_1_75' title="bbox 748 4216 2327 4284">
    <p class='ocr_par' dir='ltr' id='par_1_75' title="bbox 748 4216 2327 4284">
     <span class='ocr_line' id='line_1_75' title="bbox 748 4216 2327 4284; baseline -0.004 -8"><span class='ocrx_word' id='word_1_511' title='bbox 748 4232 967 4280; x_wconf 72' lang='lat' dir='ltr'><strong>deorum</strong></span> <span class='ocrx_word' id='word_1_512' title='bbox 1011 4237 1229 4275; x_wconf 87' lang='lat' dir='ltr'><strong>suorum</strong></span> <span class='ocrx_word' id='word_1_513' title='bbox 1282 4220 1418 4273; x_wconf 87' lang='lat' dir='ltr'><strong>intra</strong></span> <span class='ocrx_word' id='word_1_514' title='bbox 1446 4234 1504 4270; x_wconf 89' lang='lat' dir='ltr'><strong>se</strong></span> <span class='ocrx_word' id='word_1_515' title='bbox 1551 4217 1954 4284; x_wconf 88' lang='lat' dir='ltr'><strong>diligentissime</strong></span> <span class='ocrx_word' id='word_1_516' title='bbox 2002 4216 2327 4270; x_wconf 82' lang='lat' dir='ltr'><strong>devotabant</strong></span> 
     </span>
    </p>
   </div>
   <div class='ocr_carea' id='block_1_76' title="bbox 743 4308 2321 4386">
    <p class='ocr_par' dir='ltr' id='par_1_76' title="bbox 743 4308 2321 4386">
     <span class='ocr_line' id='line_1_76' title="bbox 743 4308 2321 4386; baseline -0.008 -14"><span class='ocrx_word' id='word_1_517' title='bbox 743 4322 833 4386; x_wconf 60' lang='grc' dir='ltr'><strong>μά</strong></span> <span class='ocrx_word' id='word_1_518' title='bbox 867 4330 960 4381; x_wconf 80' lang='lat' dir='ltr'><strong>est,</strong></span> <span class='ocrx_word' id='word_1_519' title='bbox 992 4317 1122 4369; x_wconf 85' lang='lat' dir='ltr'><strong>diris</strong></span> <span class='ocrx_word' id='word_1_520' title='bbox 1149 4310 1525 4381; x_wconf 82' lang='lat' dir='ltr'><strong>devovebant].</strong></span> <span class='ocrx_word' id='word_1_521' title='bbox 1579 4311 1684 4364; x_wconf 90' lang='lat' dir='ltr'><strong>Sed</strong></span> <span class='ocrx_word' id='word_1_522' title='bbox 1715 4310 1780 4361; x_wconf 89' lang='lat' dir='ltr'><strong>ad</strong></span> <span class='ocrx_word' id='word_1_523' title='bbox 1814 4309 2078 4362; x_wconf 90' lang='lat' dir='ltr'><strong>modicum</strong></span> <span class='ocrx_word' id='word_1_524' title='bbox 2111 4308 2321 4376; x_wconf 86' lang='lat' dir='ltr'><strong>quidem</strong></span> 
     </span>
    </p>
   </div>
   <div class='ocr_carea' id='block_1_77' title="bbox 747 4399 2324 4476">
    <p class='ocr_par' dir='ltr' id='par_1_77' title="bbox 747 4399 2324 4476">
     <span class='ocr_line' id='line_1_77' title="bbox 747 4399 2324 4476; baseline -0.003 -16"><span class='ocrx_word' id='word_1_525' title='bbox 747 4410 937 4462; x_wconf 76' lang='lat' dir='ltr'><strong>arbore</strong></span> <span class='ocrx_word' id='word_1_526' title='bbox 965 4409 1188 4476; x_wconf 68' lang='lat' dir='ltr'><strong>praecisa</strong></span> <span class='ocrx_word' id='word_1_527' title='bbox 1212 4445 1226 4469; x_wconf 86' lang='lat'><strong>,</strong></span> <span class='ocrx_word' id='word_1_528' title='bbox 1254 4401 1538 4456; x_wconf 84' lang='lat' dir='ltr'><strong>confestim</strong></span> <span class='ocrx_word' id='word_1_529' title='bbox 1591 4402 1846 4454; x_wconf 74' lang='lat' dir='ltr'><strong>immensa</strong></span> <span class='ocrx_word' id='word_1_530' title='bbox 1895 4399 2104 4454; x_wconf 82' lang='lat' dir='ltr'><strong>roboris</strong></span> <span class='ocrx_word' id='word_1_531' title='bbox 2153 4399 2324 4455; x_wconf 83' lang='lat' dir='ltr'><strong>moles</strong></span> 
     </span>
    </p>
   </div>
   <div class='ocr_carea' id='block_1_78' title="bbox 748 4489 2325 4562">
    <p class='ocr_par' dir='ltr' id='par_1_78' title="bbox 748 4489 2325 4562">
     <span class='ocr_line' id='line_1_78' title="bbox 748 4489 2325 4562; baseline -0.004 -14"><span class='ocrx_word' id='word_1_532' title='bbox 748 4498 929 4551; x_wconf 78' lang='lat' dir='ltr'><strong>divino</strong></span> <span class='ocrx_word' id='word_1_533' title='bbox 975 4497 1205 4562; x_wconf 77' lang='lat' dir='ltr'><strong>desuper</strong></span> <span class='ocrx_word' id='word_1_534' title='bbox 1254 4492 1381 4546; x_wconf 83' lang='lat' dir='ltr'><strong>ﬂatu</strong></span> <span class='ocrx_word' id='word_1_535' title='bbox 1409 4491 1557 4558; x_wconf 77' lang='lat' dir='ltr'><strong>esagi</strong></span> <span class='ocrx_word' id='word_1_536' title='bbox 1589 4501 1726 4554; x_wconf 84' lang='lat' dir='ltr'><strong>atur,</strong></span> <span class='ocrx_word' id='word_1_537' title='bbox 1775 4497 1828 4542; x_wconf 90' lang='lat' dir='ltr'><strong>et</strong></span> <span class='ocrx_word' id='word_1_538' title='bbox 1874 4489 2148 4558; x_wconf 88' lang='lat' dir='ltr'><strong>palmitum</strong></span> <span class='ocrx_word' id='word_1_539' title='bbox 2196 4503 2325 4544; x_wconf 91' lang='lat' dir='ltr'><strong>con-</strong></span> 
     </span>
    </p>
   </div>
   <div class='ocr_carea' id='block_1_79' title="bbox 2425 3313 3993 3387">
    <p class='ocr_par' dir='ltr' id='par_1_79' title="bbox 2425 3313 3993 3387">
     <span class='ocr_line' id='line_1_79' title="bbox 2425 3313 3993 3387; baseline 0.008 -21"><span class='ocrx_word' id='word_1_540' title='bbox 2425 3313 2671 3379; x_wconf 87' lang='lat' dir='ltr'><strong>adultcri,</strong></span> <span class='ocrx_word' id='word_1_541' title='bbox 2704 3330 2837 3384; x_wconf 91' lang='lat' dir='ltr'><strong>quos</strong></span> <span class='ocrx_word' id='word_1_542' title='bbox 2877 3315 3027 3385; x_wconf 87' lang='lat' dir='ltr'><strong>juxta</strong></span> <span class='ocrx_word' id='word_1_543' title='bbox 3057 3317 3368 3386; x_wconf 84' lang='lat' dir='ltr'><strong>Apostolum</strong></span> <span class='ocrx_word' id='word_1_544' title='bbox 3422 3318 3678 3374; x_wconf 86' lang='lat' dir='ltr'><strong>Dominus</strong></span> <span class='ocrx_word' id='word_1_545' title='bbox 3715 3321 3993 3387; x_wconf 73' lang='lat' dir='ltr'><strong>judicavit.</strong></span> 
     </span>
    </p>
   </div>
   <div class='ocr_carea' id='block_1_80' title="bbox 2425 3403 3993 3466">
    <p class='ocr_par' dir='ltr' id='par_1_80' title="bbox 2425 3403 3993 3466">
     <span class='ocr_line' id='line_1_80' title="bbox 2425 3403 3993 3466; baseline 0.006 -10"><span class='ocrx_word' id='word_1_546' title='bbox 2425 3403 2490 3456; x_wconf 88' lang='lat' dir='ltr'><strong>lli</strong></span> <span class='ocrx_word' id='word_1_547' title='bbox 2518 3403 2899 3459; x_wconf 90' lang='lat' dir='ltr'><strong>validissimum</strong></span> <span class='ocrx_word' id='word_1_548' title='bbox 2926 3406 3182 3460; x_wconf 84' lang='lat' dir='ltr'><strong>adversus</strong></span> <span class='ocrx_word' id='word_1_549' title='bbox 3209 3405 3476 3462; x_wconf 85' lang='lat' dir='ltr'><strong>hominem</strong></span> <span class='ocrx_word' id='word_1_550' title='bbox 3508 3408 3595 3462; x_wconf 89' lang='lat' dir='ltr'><strong>Dei</strong></span> <span class='ocrx_word' id='word_1_551' title='bbox 3619 3411 3993 3466; x_wconf 86' lang='lat' dir='ltr'><strong>excitaverunt</strong></span> 
     </span>
    </p>
   </div>
   <div class='ocr_carea' id='block_1_81' title="bbox 2426 3489 3994 3570">
    <p class='ocr_par' dir='ltr' id='par_1_81' title="bbox 2426 3489 3994 3570">
     <span class='ocr_line' id='line_1_81' title="bbox 2426 3489 3994 3570; baseline 0.009 -24"><span class='ocrx_word' id='word_1_552' title='bbox 2426 3489 2765 3561; x_wconf 84' lang='lat' dir='ltr'><strong>conﬂictum;</strong></span> <span class='ocrx_word' id='word_1_553' title='bbox 2799 3498 2891 3550; x_wconf 88' lang='lat' dir='ltr'><strong>sed</strong></span> <span class='ocrx_word' id='word_1_554' title='bbox 2924 3499 3063 3552; x_wconf 84' lang='lat' dir='ltr'><strong>veris</strong></span> <span class='ocrx_word' id='word_1_555' title='bbox 3101 3498 3389 3553; x_wconf 87' lang='lat' dir='ltr'><strong>verborum</strong></span> <span class='ocrx_word' id='word_1_556' title='bbox 3418 3500 3837 3570; x_wconf 87' lang='lat' dir='ltr'><strong>oppositionibus</strong></span> <span class='ocrx_word' id='word_1_557' title='bbox 3863 3519 3994 3560; x_wconf 85' lang='lat' dir='ltr'><strong>con-</strong></span> 
     </span>
    </p>
   </div>
   <div class='ocr_carea' id='block_1_82' title="bbox 2424 3585 3993 3658">
    <p class='ocr_par' dir='ltr' id='par_1_82' title="bbox 2424 3585 3993 3658">
     <span class='ocr_line' id='line_1_82' title="bbox 2424 3585 3993 3658; baseline 0.007 -19"><span class='ocrx_word' id='word_1_558' title='bbox 2424 3585 2610 3652; x_wconf 88' lang='lat' dir='ltr'><strong>futati,</strong></span> <span class='ocrx_word' id='word_1_559' title='bbox 2652 3587 2865 3656; x_wconf 88' lang='lat' dir='ltr'><strong>dignam</strong></span> <span class='ocrx_word' id='word_1_560' title='bbox 2896 3587 3333 3658; x_wconf 83' lang='lat' dir='ltr'><strong>reprehensionis</strong></span> <span class='ocrx_word' id='word_1_561' title='bbox 3383 3591 3557 3646; x_wconf 86' lang='lat' dir='ltr'><strong>sortiti</strong></span> <span class='ocrx_word' id='word_1_562' title='bbox 3607 3602 3731 3647; x_wconf 88' lang='lat' dir='ltr'><strong>sunt</strong></span> <span class='ocrx_word' id='word_1_563' title='bbox 3775 3603 3993 3650; x_wconf 80' lang='lat' dir='ltr'><strong>senten-</strong></span> 
     </span>
    </p>
   </div>
   <div class='ocr_carea' id='block_1_83' title="bbox 2429 3678 3996 3751">
    <p class='ocr_par' dir='ltr' id='par_1_83' title="bbox 2429 3678 3996 3751">
     <span class='ocr_line' id='line_1_83' title="bbox 2429 3678 3996 3751; baseline 0.007 -21"><span class='ocrx_word' id='word_1_564' title='bbox 2429 3688 2576 3730; x_wconf 86' lang='lat' dir='ltr'><strong>tiam.</strong></span> <span class='ocrx_word' id='word_1_565' title='bbox 2604 3678 2846 3746; x_wconf 87' lang='lat' dir='ltr'><strong>Cumque</strong></span> <span class='ocrx_word' id='word_1_566' title='bbox 2877 3689 3162 3734; x_wconf 83' lang='lat' dir='ltr'><strong>renovatus</strong></span> <span class='ocrx_word' id='word_1_567' title='bbox 3198 3697 3290 3748; x_wconf 88' lang='lat' dir='ltr'><strong>per</strong></span> <span class='ocrx_word' id='word_1_568' title='bbox 3317 3682 3565 3751; x_wconf 82' lang='lat' dir='ltr'><strong>pepulom</strong></span> <span class='ocrx_word' id='word_1_569' title='bbox 3590 3681 3709 3737; x_wconf 84' lang='lat' dir='ltr'><strong>ﬁdei</strong></span> <span class='ocrx_word' id='word_1_570' title='bbox 3731 3684 3996 3741; x_wconf 80' lang='lat' dir='ltr'><strong>illuxisset</strong></span> 
     </span>
    </p>
   </div>
   <div class='ocr_carea' id='block_1_84' title="bbox 2424 3769 3996 3843">
    <p class='ocr_par' dir='ltr' id='par_1_84' title="bbox 2424 3769 3996 3843">
     <span class='ocr_line' id='line_1_84' title="bbox 2424 3769 3996 3843; baseline 0.006 -21"><span class='ocrx_word' id='word_1_571' title='bbox 2424 3769 2644 3833; x_wconf 89' lang='lat' dir='ltr'><strong>candor,</strong></span> <span class='ocrx_word' id='word_1_572' title='bbox 2675 3778 2728 3822; x_wconf 88' lang='lat' dir='ltr'><strong>et</strong></span> <span class='ocrx_word' id='word_1_573' title='bbox 2774 3771 2919 3838; x_wconf 82' lang='lat' dir='ltr'><strong>plebs</strong></span> <span class='ocrx_word' id='word_1_574' title='bbox 2947 3772 3015 3823; x_wconf 93' lang='lat' dir='ltr'><strong>ab</strong></span> <span class='ocrx_word' id='word_1_575' title='bbox 3055 3773 3254 3842; x_wconf 83' lang='lat' dir='ltr'><strong>ingenti</strong></span> <span class='ocrx_word' id='word_1_576' title='bbox 3281 3773 3479 3828; x_wconf 87' lang='lat' dir='ltr'><strong>erroris</strong></span> <span class='ocrx_word' id='word_1_577' title='bbox 3519 3784 3702 3843; x_wconf 90' lang='lat' dir='ltr'><strong>erepta</strong></span> <span class='ocrx_word' id='word_1_578' title='bbox 3732 3784 3876 3831; x_wconf 81' lang='lat' dir='ltr'><strong>esset</strong></span> <span class='ocrx_word' id='word_1_579' title='bbox 3920 3777 3996 3831; x_wconf 82' lang='lat' dir='ltr'><strong>la-</strong></span> 
     </span>
    </p>
   </div>
   <div class='ocr_carea' id='block_1_85' title="bbox 2424 3859 3995 3932">
    <p class='ocr_par' dir='ltr' id='par_1_85' title="bbox 2424 3859 3995 3932">
     <span class='ocr_line' id='line_1_85' title="bbox 2424 3859 3995 3932; baseline 0.01 -23"><span class='ocrx_word' id='word_1_580' title='bbox 2424 3874 2562 3927; x_wconf 88' lang='lat' dir='ltr'><strong>queo</strong></span> <span class='ocrx_word' id='word_1_581' title='bbox 2581 3900 2595 3924; x_wconf 92' lang='lat'><strong>,</strong></span> <span class='ocrx_word' id='word_1_582' title='bbox 2622 3859 2732 3928; x_wconf 89' lang='lat' dir='ltr'><strong>jam</strong></span> <span class='ocrx_word' id='word_1_583' title='bbox 2757 3861 2994 3927; x_wconf 82' lang='lat' dir='ltr'><strong>expulsis</strong></span> <span class='ocrx_word' id='word_1_584' title='bbox 3035 3861 3239 3931; x_wconf 88' lang='lat' dir='ltr'><strong>profani</strong></span> <span class='ocrx_word' id='word_1_585' title='bbox 3268 3864 3436 3920; x_wconf 87' lang='lat' dir='ltr'><strong>hostis</strong></span> <span class='ocrx_word' id='word_1_586' title='bbox 3463 3867 3678 3932; x_wconf 91' lang='lat' dir='ltr'><strong>amicis,</strong></span> <span class='ocrx_word' id='word_1_587' title='bbox 3707 3878 3761 3922; x_wconf 83' lang='lat' dir='ltr'><strong>et</strong></span> <span class='ocrx_word' id='word_1_588' title='bbox 3788 3868 3995 3924; x_wconf 84' lang='lat' dir='ltr'><strong>infestis</strong></span> 
     </span>
    </p>
   </div>
   <div class='ocr_carea' id='block_1_86' title="bbox 2427 3952 3990 4029">
    <p class='ocr_par' dir='ltr' id='par_1_86' title="bbox 2427 3952 3990 4029">
     <span class='ocr_line' id='line_1_86' title="bbox 2427 3952 3990 4029; baseline 0.007 -26"><span class='ocrx_word' id='word_1_589' title='bbox 2427 3952 2602 4022; x_wconf 89' lang='lat' dir='ltr'><strong>populi</strong></span> <span class='ocrx_word' id='word_1_590' title='bbox 2659 3953 2979 4022; x_wconf 85' lang='lat' dir='ltr'><strong>supradictis</strong></span> <span class='ocrx_word' id='word_1_591' title='bbox 3035 3954 3406 4012; x_wconf 85' lang='lat' dir='ltr'><strong>seductoribus</strong></span> <span class='ocrx_word' id='word_1_592' title='bbox 3430 3997 3446 4024; x_wconf 92' lang='lat'><strong>,</strong></span> <span class='ocrx_word' id='word_1_593' title='bbox 3500 3972 3727 4014; x_wconf 82' lang='lat' dir='ltr'><strong>messem</strong></span> <span class='ocrx_word' id='word_1_594' title='bbox 3775 3961 3990 4029; x_wconf 83' lang='lat' dir='ltr'><strong>quidem</strong></span> 
     </span>
    </p>
   </div>
   <div class='ocr_carea' id='block_1_87' title="bbox 2427 4042 3993 4117">
    <p class='ocr_par' dir='ltr' id='par_1_87' title="bbox 2427 4042 3993 4117">
     <span class='ocr_line' id='line_1_87' title="bbox 2427 4042 3993 4117; baseline 0.006 -23"><span class='ocrx_word' id='word_1_595' title='bbox 2427 4042 2644 4096; x_wconf 88' lang='lat' dir='ltr'><strong>multam</strong></span> <span class='ocrx_word' id='word_1_596' title='bbox 2673 4057 2795 4099; x_wconf 90' lang='lat' dir='ltr'><strong>cum</strong></span> <span class='ocrx_word' id='word_1_597' title='bbox 2827 4043 3009 4112; x_wconf 89' lang='lat' dir='ltr'><strong>paucis</strong></span> <span class='ocrx_word' id='word_1_598' title='bbox 3046 4044 3333 4100; x_wconf 91' lang='lat' dir='ltr'><strong>admodum</strong></span> <span class='ocrx_word' id='word_1_599' title='bbox 3379 4048 3712 4103; x_wconf 84' lang='lat' dir='ltr'><strong>messoribus</strong></span> <span class='ocrx_word' id='word_1_600' title='bbox 3750 4050 3993 4117; x_wconf 85' lang='lat' dir='ltr'><strong>incoluit,</strong></span> 
     </span>
    </p>
   </div>
   <div class='ocr_carea' id='block_1_88' title="bbox 2426 4133 3996 4208">
    <p class='ocr_par' dir='ltr' id='par_1_88' title="bbox 2426 4133 3996 4208">
     <span class='ocr_line' id='line_1_88' title="bbox 2426 4133 3996 4208; baseline 0.008 -25"><span class='ocrx_word' id='word_1_601' title='bbox 2426 4141 2478 4183; x_wconf 92' lang='lat' dir='ltr'><strong>ct</strong></span> <span class='ocrx_word' id='word_1_602' title='bbox 2504 4145 2745 4200; x_wconf 87' lang='lat' dir='ltr'><strong>magnam</strong></span> <span class='ocrx_word' id='word_1_603' title='bbox 2773 4133 3018 4200; x_wconf 90' lang='lat' dir='ltr'><strong>primitus</strong></span> <span class='ocrx_word' id='word_1_604' title='bbox 3048 4134 3228 4188; x_wconf 86' lang='lat' dir='ltr'><strong>mundi</strong></span> <span class='ocrx_word' id='word_1_605' title='bbox 3255 4134 3414 4204; x_wconf 85' lang='lat' dir='ltr'><strong>hujus</strong></span> <span class='ocrx_word' id='word_1_606' title='bbox 3439 4137 3707 4202; x_wconf 89' lang='lat' dir='ltr'><strong>penuriam</strong></span> <span class='ocrx_word' id='word_1_607' title='bbox 3731 4151 3792 4192; x_wconf 91' lang='lat' dir='ltr'><strong>ac</strong></span> <span class='ocrx_word' id='word_1_608' title='bbox 3818 4137 3996 4208; x_wconf 83' lang='lat' dir='ltr'><strong>fruga-</strong></span> 
     </span>
    </p>
   </div>
   <div class='ocr_carea' id='block_1_89' title="bbox 2427 4221 3993 4300">
    <p class='ocr_par' dir='ltr' id='par_1_89' title="bbox 2427 4221 3993 4300">
     <span class='ocr_line' id='line_1_89' title="bbox 2427 4221 3993 4300; baseline 0.006 -26"><span class='ocrx_word' id='word_1_609' title='bbox 2427 4221 2629 4276; x_wconf 87' lang='lat' dir='ltr'><strong>litatem</strong></span> <span class='ocrx_word' id='word_1_610' title='bbox 2656 4223 2925 4286; x_wconf 86' lang='lat' dir='ltr'><strong>sustinuit,</strong></span> <span class='ocrx_word' id='word_1_611' title='bbox 2958 4224 3272 4293; x_wconf 80' lang='lat' dir='ltr'><strong>magnisque</strong></span> <span class='ocrx_word' id='word_1_612' title='bbox 3301 4224 3698 4280; x_wconf 89' lang='lat' dir='ltr'><strong>tribulationum</strong></span> <span class='ocrx_word' id='word_1_613' title='bbox 3735 4227 3993 4300; x_wconf 80' lang='lat' dir='ltr'><strong>angustiis</strong></span> 
     </span>
    </p>
   </div>
   <div class='ocr_carea' id='block_1_90' title="bbox 2426 4313 3994 4390">
    <p class='ocr_par' dir='ltr' id='par_1_90' title="bbox 2426 4313 3994 4390">
     <span class='ocr_line' id='line_1_90' title="bbox 2426 4313 3994 4390; baseline 0.006 -24"><span class='ocrx_word' id='word_1_614' title='bbox 2426 4323 2748 4381; x_wconf 89' lang='lat' dir='ltr'><strong>coarctatus,</strong></span> <span class='ocrx_word' id='word_1_615' title='bbox 2799 4314 2947 4370; x_wconf 89' lang='lat' dir='ltr'><strong>verbi</strong></span> <span class='ocrx_word' id='word_1_616' title='bbox 2991 4313 3087 4370; x_wconf 86' lang='lat' dir='ltr'><strong>Dei</strong></span> <span class='ocrx_word' id='word_1_617' title='bbox 3133 4315 3340 4372; x_wconf 89' lang='lat' dir='ltr'><strong>semina</strong></span> <span class='ocrx_word' id='word_1_618' title='bbox 3384 4319 3710 4390; x_wconf 87' lang='lat' dir='ltr'><strong>propagavit.</strong></span> <span class='ocrx_word' id='word_1_619' title='bbox 3741 4317 3847 4375; x_wconf 89' lang='lat' dir='ltr'><strong>Sed</strong></span> <span class='ocrx_word' id='word_1_620' title='bbox 3872 4335 3994 4376; x_wconf 87' lang='lat' dir='ltr'><strong>cum</strong></span> 
     </span>
    </p>
   </div>
   <div class='ocr_carea' id='block_1_91' title="bbox 2427 4404 3994 4478">
    <p class='ocr_par' dir='ltr' id='par_1_91' title="bbox 2427 4404 3994 4478">
     <span class='ocr_line' id='line_1_91' title="bbox 2427 4404 3994 4478; baseline 0.004 -20"><span class='ocrx_word' id='word_1_621' title='bbox 2427 4404 2754 4458; x_wconf 90' lang='lat' dir='ltr'><strong>credentium</strong></span> <span class='ocrx_word' id='word_1_622' title='bbox 2789 4405 3040 4472; x_wconf 85' lang='lat' dir='ltr'><strong>paulatim</strong></span> <span class='ocrx_word' id='word_1_623' title='bbox 3083 4405 3400 4473; x_wconf 88' lang='lat' dir='ltr'><strong>pollesceret</strong></span> <span class='ocrx_word' id='word_1_624' title='bbox 3444 4406 3749 4476; x_wconf 88' lang='lat' dir='ltr'><strong>multitudo,</strong></span> <span class='ocrx_word' id='word_1_625' title='bbox 3796 4409 3994 4478; x_wconf 69' lang='lat' dir='ltr'><strong>praedi-</strong></span> 
     </span>
    </p>
   </div>
   <div class='ocr_carea' id='block_1_92' title="bbox 2429 4494 3821 4567">
    <p class='ocr_par' dir='ltr' id='par_1_92' title="bbox 2429 4494 3821 4567">
     <span class='ocr_line' id='line_1_92' title="bbox 2429 4494 3821 4567; baseline 0.005 -22"><span class='ocrx_word' id='word_1_626' title='bbox 2429 4502 2666 4548; x_wconf 91' lang='lat' dir='ltr'><strong>catorum</strong></span> <span class='ocrx_word' id='word_1_627' title='bbox 2697 4509 2904 4564; x_wconf 86' lang='lat' dir='ltr'><strong>quoque</strong></span> <span class='ocrx_word' id='word_1_628' title='bbox 2934 4494 3313 4563; x_wconf 90' lang='lat' dir='ltr'><strong>multiplicatus</strong></span> <span class='ocrx_word' id='word_1_629' title='bbox 3341 4505 3424 4551; x_wconf 89' lang='lat' dir='ltr'><strong>est</strong></span> <span class='ocrx_word' id='word_1_630' title='bbox 3453 4507 3506 4552; x_wconf 89' lang='lat' dir='ltr'><strong>et</strong></span> <span class='ocrx_word' id='word_1_631' title='bbox 3533 4497 3821 4567; x_wconf 85' lang='lat' dir='ltr'><strong>catalogus.</strong></span> 
     </span>
    </p>
   </div>
   <div class='ocr_carea' id='block_1_93' title="bbox 819 4646 3991 4720">
    <p class='ocr_par' dir='ltr' id='par_1_93' title="bbox 819 4646 3991 4720">
     <span class='ocr_line' id='line_1_93' title="bbox 819 4646 3991 4720; baseline -0 -11"><span class='ocrx_word' id='word_1_632' title='bbox 819 4666 843 4690; x_wconf 79' lang='grc'><strong><em>⁸·</em></strong></span> <span class='ocrx_word' id='word_1_633' title='bbox 898 4655 1161 4708; x_wconf 83' lang='lat' dir='ltr'><strong>Otblnnus</strong></span> <span class='ocrx_word' id='word_1_634' title='bbox 1207 4647 1448 4717; x_wconf 81' lang='lat' dir='ltr'><strong>Gregorii</strong></span> <span class='ocrx_word' id='word_1_635' title='bbox 1510 4663 1659 4720; x_wconf 60' lang='lat' dir='ltr'><strong>papa}</strong></span> <span class='ocrx_word' id='word_1_636' title='bbox 1707 4647 1770 4699; x_wconf 92' lang='lat' dir='ltr'><strong>ad</strong></span> <span class='ocrx_word' id='word_1_637' title='bbox 1820 4646 2064 4720; x_wconf 84' lang='lat' dir='ltr'><strong>Carolum</strong></span> <span class='ocrx_word' id='word_1_638' title='bbox 2108 4646 2305 4720; x_wconf 83' lang='lat' dir='ltr'><strong>ducem</strong></span> <span class='ocrx_word' id='word_1_639' title='bbox 2337 4651 2389 4709; x_wconf 88' lang='lat' dir='ltr'><strong>D</strong></span> <span class='ocrx_word' id='word_1_640' title='bbox 2419 4649 2468 4699; x_wconf 91' lang='lat' dir='ltr'><strong>in</strong></span> <span class='ocrx_word' id='word_1_641' title='bbox 2523 4649 2848 4715; x_wconf 76' lang='lat' dir='ltr'><strong>peraniplam</strong></span> <span class='ocrx_word' id='word_1_642' title='bbox 2899 4663 2962 4702; x_wconf 91' lang='lat' dir='ltr'><strong>ac</strong></span> <span class='ocrx_word' id='word_1_643' title='bbox 3009 4650 3373 4718; x_wconf 80' lang='lat' dir='ltr'><strong>pcrinsigncm</strong></span> <span class='ocrx_word' id='word_1_644' title='bbox 3406 4650 3598 4715; x_wconf 64' lang='lat' dir='ltr'><strong>sedem,</strong></span> <span class='ocrx_word' id='word_1_645' title='bbox 3630 4660 3786 4720; x_wconf 88' lang='lat' dir='ltr'><strong>prout</strong></span> <span class='ocrx_word' id='word_1_646' title='bbox 3830 4655 3991 4709; x_wconf 78' lang='lat' dir='ltr'><strong>etiam</strong></span> 
     </span>
    </p>
   </div>
   <div class='ocr_carea' id='block_1_94' title="bbox 750 4718 2310 4786">
    <p class='ocr_par' dir='ltr' id='par_1_94' title="bbox 750 4718 2310 4786">
     <span class='ocr_line' id='line_1_94' title="bbox 750 4718 2310 4786; baseline -0.004 -10"><span class='ocrx_word' id='word_1_647' title='bbox 750 4728 948 4778; x_wconf 82' lang='lat' dir='ltr'><strong>litteras</strong></span> <span class='ocrx_word' id='word_1_648' title='bbox 999 4723 1162 4775; x_wconf 84' lang='lat' dir='ltr'><strong>refert</strong></span> <span class='ocrx_word' id='word_1_649' title='bbox 1203 4723 1293 4772; x_wconf 82' lang='lat' dir='ltr'><strong>lib.</strong></span> <span class='ocrx_word' id='word_1_650' title='bbox 1349 4735 1386 4779; x_wconf 84' lang='grc' dir='ltr'><strong>ι,</strong></span> <span class='ocrx_word' id='word_1_651' title='bbox 1440 4732 1556 4786; x_wconf 87' lang='lat' dir='ltr'><strong>cap.</strong></span> <span class='ocrx_word' id='word_1_652' title='bbox 1592 4719 1668 4772; x_wconf 72' lang='grc' dir='ltr'><strong>ιο.</strong></span> <span class='ocrx_word' id='word_1_653' title='bbox 1713 4719 1884 4769; x_wconf 72' lang='lat' dir='ltr'><strong>Caroli</strong></span> <span class='ocrx_word' id='word_1_654' title='bbox 1932 4733 2059 4786; x_wconf 66' lang='lat' dir='ltr'><strong>vero</strong></span> <span class='ocrx_word' id='word_1_655' title='bbox 2108 4718 2310 4770; x_wconf 83' lang='lat' dir='ltr'><strong>litteras</strong></span> 
     </span>
    </p>
   </div>
   <div class='ocr_carea' id='block_1_95' title="bbox 747 4785 2305 4859">
    <p class='ocr_par' dir='ltr' id='par_1_95' title="bbox 747 4785 2305 4859">
     <span class='ocr_line' id='line_1_95' title="bbox 747 4785 2305 4859; baseline -0.006 -11"><span class='ocrx_word' id='word_1_656' title='bbox 747 4800 937 4859; x_wconf 75' lang='lat' dir='ltr'><strong>quibus</strong></span> <span class='ocrx_word' id='word_1_657' title='bbox 983 4793 1308 4845; x_wconf 74' lang='lat' dir='ltr'><strong>Bonifacittm</strong></span> <span class='ocrx_word' id='word_1_658' title='bbox 1340 4788 1392 4840; x_wconf 92' lang='lat' dir='ltr'><strong>in</strong></span> <span class='ocrx_word' id='word_1_659' title='bbox 1440 4785 1592 4859; x_wconf 80' lang='lat' dir='ltr'><strong>suum</strong></span> <span class='ocrx_word' id='word_1_660' title='bbox 1641 4785 2088 4859; x_wconf 74' lang='lat' dir='ltr'><strong>mundcburdium</strong></span> <span class='ocrx_word' id='word_1_661' title='bbox 2117 4788 2305 4859; x_wconf 77' lang='lat' dir='ltr'><strong>etde-</strong></span> 
     </span>
    </p>
   </div>
   <div class='ocr_carea' id='block_1_96' title="bbox 747 4856 2315 4924">
    <p class='ocr_par' dir='ltr' id='par_1_96' title="bbox 747 4856 2315 4924">
     <span class='ocr_line' id='line_1_96' title="bbox 747 4856 2315 4924; baseline -0.004 -10"><span class='ocrx_word' id='word_1_662' title='bbox 747 4856 1040 4915; x_wconf 60' lang='lat' dir='ltr'><strong>l‘ensionem</strong></span> <span class='ocrx_word' id='word_1_663' title='bbox 1071 4862 1320 4923; x_wconf 86' lang='lat' dir='ltr'><strong>admittit,</strong></span> <span class='ocrx_word' id='word_1_664' title='bbox 1349 4861 1536 4924; x_wconf 88' lang='lat' dir='ltr'><strong>legesis</strong></span> <span class='ocrx_word' id='word_1_665' title='bbox 1566 4857 1702 4910; x_wconf 88' lang='lat' dir='ltr'><strong>inter</strong></span> <span class='ocrx_word' id='word_1_666' title='bbox 1726 4856 2090 4910; x_wconf 85' lang='lat' dir='ltr'><strong>Bonifacianas</strong></span> <span class='ocrx_word' id='word_1_667' title='bbox 2118 4858 2315 4922; x_wconf 85' lang='lat' dir='ltr'><strong>episto-</strong></span> 
     </span>
    </p>
   </div>
   <div class='ocr_carea' id='block_1_97' title="bbox 751 4931 1160 4985">
    <p class='ocr_par' dir='ltr' id='par_1_97' title="bbox 751 4931 1160 4985">
     <span class='ocr_line' id='line_1_97' title="bbox 751 4931 1160 4985; baseline -0.012 0"><span class='ocrx_word' id='word_1_668' title='bbox 751 4943 826 4985; x_wconf 76' lang='lat' dir='ltr'><strong>las</strong></span> <span class='ocrx_word' id='word_1_669' title='bbox 856 4935 1042 4985; x_wconf 79' lang='lat' dir='ltr'><strong>ordine</strong></span> <span class='ocrx_word' id='word_1_670' title='bbox 1073 4931 1160 4984; x_wconf 72' lang='grc'><strong>52.</strong></span> 
     </span>
    </p>
   </div>
   <div class='ocr_carea' id='block_1_98' title="bbox 821 4995 2318 5067">
    <p class='ocr_par' dir='ltr' id='par_1_98' title="bbox 821 4995 2318 5067">
     <span class='ocr_line' id='line_1_98' title="bbox 821 4995 2318 5067; baseline -0.006 -12"><span class='ocrx_word' id='word_1_671' title='bbox 821 5005 846 5040; x_wconf 73' lang='grc' dir='ltr'>δ</span> <span class='ocrx_word' id='word_1_672' title='bbox 889 5003 998 5060; x_wconf 86' lang='lat' dir='ltr'><strong>Iluc</strong></span> <span class='ocrx_word' id='word_1_673' title='bbox 1029 5009 1235 5067; x_wconf 86' lang='lat' dir='ltr'><strong>spectat</strong></span> <span class='ocrx_word' id='word_1_674' title='bbox 1265 4999 1496 5059; x_wconf 85' lang='lat' dir='ltr'><strong>Tacitus,</strong></span> <span class='ocrx_word' id='word_1_675' title='bbox 1524 5000 1574 5050; x_wconf 93' lang='lat' dir='ltr'><strong>in</strong></span> <span class='ocrx_word' id='word_1_676' title='bbox 1603 4998 1693 5050; x_wconf 89' lang='lat' dir='ltr'><strong>lib.</strong></span> <span class='ocrx_word' id='word_1_677' title='bbox 1719 4996 1784 5049; x_wconf 85' lang='lat' dir='ltr'><strong>de</strong></span> <span class='ocrx_word' id='word_1_678' title='bbox 1806 4996 2085 5048; x_wconf 83' lang='lat' dir='ltr'><strong>Germanis</strong></span> <span class='ocrx_word' id='word_1_679' title='bbox 2114 5012 2123 5044; x_wconf 91' lang='lat'>:</span> <span class='ocrx_word' id='word_1_680' title='bbox 2152 4995 2318 5067; x_wconf 85' lang='lat' dir='ltr'><strong>Lucos</strong></span> 
     </span>
    </p>
   </div>
   <div class='ocr_carea' id='block_1_99' title="bbox 752 5065 2321 5132">
    <p class='ocr_par' dir='ltr' id='par_1_99' title="bbox 752 5065 2321 5132">
     <span class='ocr_line' id='line_1_99' title="bbox 752 5065 2321 5132; baseline -0.006 -7"><span class='ocrx_word' id='word_1_681' title='bbox 752 5090 808 5125; x_wconf 82' lang='lat' dir='ltr'><strong>cr</strong></span> <span class='ocrx_word' id='word_1_682' title='bbox 851 5065 1072 5124; x_wconf 80' lang='lat' dir='ltr'><strong>nemora</strong></span> <span class='ocrx_word' id='word_1_683' title='bbox 1108 5078 1425 5132; x_wconf 71' lang='lat' dir='ltr'><strong>consecrant,</strong></span> <span class='ocrx_word' id='word_1_684' title='bbox 1481 5070 1790 5132; x_wconf 85' lang='lat' dir='ltr'><strong>deorumque</strong></span> <span class='ocrx_word' id='word_1_685' title='bbox 1817 5067 2104 5117; x_wconf 79' lang='lat' dir='ltr'><strong>nominibus</strong></span> <span class='ocrx_word' id='word_1_686' title='bbox 2143 5065 2321 5130; x_wconf 81' lang='lat' dir='ltr'><strong>appel-</strong></span> 
     </span>
    </p>
   </div>
   <div class='ocr_carea' id='block_1_100' title="bbox 752 5135 2321 5207">
    <p class='ocr_par' dir='ltr' id='par_1_100' title="bbox 752 5135 2321 5207">
     <span class='ocr_line' id='line_1_100' title="bbox 752 5135 2321 5207; baseline -0.005 -14"><span class='ocrx_word' id='word_1_687' title='bbox 752 5147 876 5194; x_wconf 77' lang='lat' dir='ltr'><strong>lunt.</strong></span> <span class='ocrx_word' id='word_1_688' title='bbox 910 5141 1150 5207; x_wconf 80' lang='lat' dir='ltr'><strong>Auspicia</strong></span> <span class='ocrx_word' id='word_1_689' title='bbox 1178 5150 1433 5202; x_wconf 79' lang='lat' dir='ltr'><strong>sortesque</strong></span> <span class='ocrx_word' id='word_1_690' title='bbox 1474 5148 1524 5188; x_wconf 86' lang='lat' dir='ltr'><strong>ut</strong></span> <span class='ocrx_word' id='word_1_691' title='bbox 1568 5136 1655 5200; x_wconf 80' lang='lat' dir='ltr'><strong>qui</strong></span> <span class='ocrx_word' id='word_1_692' title='bbox 1685 5136 1900 5207; x_wconf 72' lang='lat' dir='ltr'><strong>maxime</strong></span> <span class='ocrx_word' id='word_1_693' title='bbox 1930 5136 2232 5207; x_wconf 74' lang='lat' dir='ltr'><strong>obsci-eant._</strong></span> <span class='ocrx_word' id='word_1_694' title='bbox 2256 5135 2321 5185; x_wconf 86' lang='lat' dir='ltr'><strong>Et</strong></span> 
     </span>
    </p>
   </div>
   <div class='ocr_carea' id='block_1_101' title="bbox 756 5205 2320 5274">
    <p class='ocr_par' dir='ltr' id='par_1_101' title="bbox 756 5205 2320 5274">
     <span class='ocr_line' id='line_1_101' title="bbox 756 5205 2320 5274; baseline -0.006 -10"><span class='ocrx_word' id='word_1_695' title='bbox 756 5205 1026 5274; x_wconf 71' lang='lat' dir='ltr'><strong>Agathias,</strong></span> <span class='ocrx_word' id='word_1_696' title='bbox 1051 5210 1100 5261; x_wconf 93' lang='lat' dir='ltr'><strong>in</strong></span> <span class='ocrx_word' id='word_1_697' title='bbox 1136 5211 1224 5261; x_wconf 89' lang='lat' dir='ltr'><strong>lib.</strong></span> <span class='ocrx_word' id='word_1_698' title='bbox 1251 5225 1266 5262; x_wconf 87' lang='grc' dir='ltr'><strong>ι</strong></span> <span class='ocrx_word' id='word_1_699' title='bbox 1292 5207 1358 5260; x_wconf 90' lang='lat' dir='ltr'><strong>de</strong></span> <span class='ocrx_word' id='word_1_700' title='bbox 1382 5207 1763 5260; x_wconf 66' lang='lat' dir='ltr'><strong>BelloCothicii</strong></span> <span class='ocrx_word' id='word_1_701' title='bbox 1792 5224 1803 5257; x_wconf 92' lang='lat'>:</span> <span class='ocrx_word' id='word_1_702' title='bbox 1831 5206 2048 5256; x_wconf 78' lang='lat' dir='ltr'><strong>Arbores</strong></span> <span class='ocrx_word' id='word_1_703' title='bbox 2071 5205 2320 5272; x_wconf 81' lang='lat' dir='ltr'><strong>quasdam</strong></span> 
     </span>
    </p>
   </div>
   <div class='ocr_carea' id='block_1_102' title="bbox 750 5279 1988 5344">
    <p class='ocr_par' dir='ltr' id='par_1_102' title="bbox 750 5279 1988 5344">
     <span class='ocr_line' id='line_1_102' title="bbox 750 5279 1988 5344; baseline -0.006 -12"><span class='ocrx_word' id='word_1_704' title='bbox 750 5286 986 5342; x_wconf 75' lang='lat' dir='ltr'><strong>adorant,</strong></span> <span class='ocrx_word' id='word_1_705' title='bbox 1020 5296 1108 5331; x_wconf 85' lang='lat' dir='ltr'><strong>nec</strong></span> <span class='ocrx_word' id='word_1_706' title='bbox 1133 5295 1275 5332; x_wconf 84' lang='lat' dir='ltr'><strong>secus</strong></span> <span class='ocrx_word' id='word_1_707' title='bbox 1305 5287 1350 5329; x_wconf 84' lang='lat' dir='ltr'><strong>et</strong></span> <span class='ocrx_word' id='word_1_708' title='bbox 1382 5279 1648 5344; x_wconf 81' lang='lat' dir='ltr'><strong>ﬂuminum</strong></span> <span class='ocrx_word' id='word_1_709' title='bbox 1674 5293 1859 5343; x_wconf 83' lang='lat' dir='ltr'><strong>aquas,</strong></span> <span class='ocrx_word' id='word_1_710' title='bbox 1886 5285 1988 5327; x_wconf 87' lang='lat' dir='ltr'><strong>etc.</strong></span> 
     </span>
    </p>
   </div>
   <div class='ocr_carea' id='block_1_103' title="bbox 826 5345 2322 5410">
    <p class='ocr_par' dir='ltr' id='par_1_103' title="bbox 826 5345 2322 5410">
     <span class='ocr_line' id='line_1_103' title="bbox 826 5345 2322 5410; baseline -0.005 -8"><span class='ocrx_word' id='word_1_711' title='bbox 826 5361 848 5385; x_wconf 64' lang='grc' dir='ltr'><strong>θ</strong></span> <span class='ocrx_word' id='word_1_712' title='bbox 893 5351 984 5403; x_wconf 74' lang='lat' dir='ltr'><strong>Est</strong></span> <span class='ocrx_word' id='word_1_713' title='bbox 1013 5349 1304 5400; x_wconf 78' lang='lat' dir='ltr'><strong>Ccismaria</strong></span> <span class='ocrx_word' id='word_1_714' title='bbox 1338 5347 1387 5398; x_wconf 93' lang='lat' dir='ltr'><strong>in</strong></span> <span class='ocrx_word' id='word_1_715' title='bbox 1423 5347 1603 5397; x_wconf 55' lang='lat' dir='ltr'><strong>llassia</strong></span> <span class='ocrx_word' id='word_1_716' title='bbox 1663 5347 1913 5397; x_wconf 79' lang='lat' dir='ltr'><strong>inferiore</strong></span> <span class='ocrx_word' id='word_1_717' title='bbox 1957 5345 2102 5395; x_wconf 66' lang='lat' dir='ltr'><strong>virus</strong></span> <span class='ocrx_word' id='word_1_718' title='bbox 2142 5357 2322 5410; x_wconf 88' lang='lat' dir='ltr'><strong>quon-</strong></span> 
     </span>
    </p>
   </div>
   <div class='ocr_carea' id='block_1_104' title="bbox 753 5413 2320 5484">
    <p class='ocr_par' dir='ltr' id='par_1_104' title="bbox 753 5413 2320 5484">
     <span class='ocr_line' id='line_1_104' title="bbox 753 5413 2320 5484; baseline -0.004 -14"><span class='ocrx_word' id='word_1_719' title='bbox 753 5421 898 5484; x_wconf 85' lang='lat' dir='ltr'><strong>dam,</strong></span> <span class='ocrx_word' id='word_1_720' title='bbox 933 5418 1059 5470; x_wconf 91' lang='lat' dir='ltr'><strong>urbs</strong></span> <span class='ocrx_word' id='word_1_721' title='bbox 1082 5417 1238 5470; x_wconf 89' lang='lat' dir='ltr'><strong>modo</strong></span> <span class='ocrx_word' id='word_1_722' title='bbox 1268 5418 1481 5469; x_wconf 62' lang='lat' dir='ltr'><strong>novitiis</strong></span> <span class='ocrx_word' id='word_1_723' title='bbox 1511 5417 1769 5484; x_wconf 86' lang='lat' dir='ltr'><strong>impurata</strong></span> <span class='ocrx_word' id='word_1_724' title='bbox 1813 5413 2172 5479; x_wconf 87' lang='lat' dir='ltr'><strong>opinionibus,</strong></span> <span class='ocrx_word' id='word_1_725' title='bbox 2202 5430 2320 5476; x_wconf 74' lang='lat' dir='ltr'><strong>qua:</strong></span> 
     </span>
    </p>
   </div>
   <div class='ocr_carea' id='block_1_105' title="bbox 753 5483 2321 5553">
    <p class='ocr_par' dir='ltr' id='par_1_105' title="bbox 753 5483 2321 5553">
     <span class='ocr_line' id='line_1_105' title="bbox 753 5483 2321 5553; baseline -0.004 -13"><span class='ocrx_word' id='word_1_726' title='bbox 753 5507 778 5540; x_wconf 86' lang='lat' dir='ltr'><strong>a</strong></span> <span class='ocrx_word' id='word_1_727' title='bbox 811 5483 1034 5541; x_wconf 73' lang='lat' dir='ltr'><strong>Servate</strong></span> <span class='ocrx_word' id='word_1_728' title='bbox 1060 5487 1224 5551; x_wconf 89' lang='lat' dir='ltr'><strong>Lupo,</strong></span> <span class='ocrx_word' id='word_1_729' title='bbox 1257 5484 1604 5553; x_wconf 80' lang='lat' dir='ltr'><strong>Wigbertitue</strong></span> <span class='ocrx_word' id='word_1_730' title='bbox 1653 5483 1784 5537; x_wconf 58' lang='lat' dir='ltr'><strong>Vuae</strong></span> <span class='ocrx_word' id='word_1_731' title='bbox 1830 5498 1948 5548; x_wconf 84' lang='lat' dir='ltr'><strong>cap.</strong></span> <span class='ocrx_word' id='word_1_732' title='bbox 1981 5485 2070 5547; x_wconf 65' lang='grc' dir='ltr'><strong>ΞΗ,</strong></span> <span class='ocrx_word' id='word_1_733' title='bbox 2106 5492 2321 5535; x_wconf 84' lang='lat' dir='ltr'><strong>vocatur</strong></span> 
     </span>
    </p>
   </div>
   <div class='ocr_carea' id='block_1_106' title="bbox 760 5553 2320 5621">
    <p class='ocr_par' dir='ltr' id='par_1_106' title="bbox 760 5553 2320 5621">
     <span class='ocr_line' id='line_1_106' title="bbox 760 5553 2320 5621; baseline -0.002 -15"><span class='ocrx_word' id='word_1_734' title='bbox 760 5561 879 5610; x_wconf 80' lang='lat' dir='ltr'><strong>villa</strong></span> <span class='ocrx_word' id='word_1_735' title='bbox 901 5557 1174 5618; x_wconf 78' lang='lat' dir='ltr'><strong>Grismari,</strong></span> <span class='ocrx_word' id='word_1_736' title='bbox 1203 5566 1254 5610; x_wconf 88' lang='lat' dir='ltr'><strong>et</strong></span> <span class='ocrx_word' id='word_1_737' title='bbox 1275 5558 1338 5609; x_wconf 89' lang='lat' dir='ltr'><strong>ad</strong></span> <span class='ocrx_word' id='word_1_738' title='bbox 1369 5557 1929 5621; x_wconf 80' lang='lat' dir='ltr'><strong>Scbonenbergenseni</strong></span> <span class='ocrx_word' id='word_1_739' title='bbox 1964 5553 2118 5604; x_wconf 82' lang='lat' dir='ltr'><strong>hodie</strong></span> <span class='ocrx_word' id='word_1_740' title='bbox 2141 5563 2320 5618; x_wconf 77' lang='lat' dir='ltr'><strong>lupar-</strong></span> 
     </span>
    </p>
   </div>
   <div class='ocr_carea' id='block_1_107' title="bbox 757 5623 2320 5692">
    <p class='ocr_par' dir='ltr' id='par_1_107' title="bbox 757 5623 2320 5692">
     <span class='ocr_line' id='line_1_107' title="bbox 757 5623 2320 5692; baseline -0.003 -13"><span class='ocrx_word' id='word_1_741' title='bbox 757 5631 924 5679; x_wconf 79' lang='lat' dir='ltr'><strong>cbizuu</strong></span> <span class='ocrx_word' id='word_1_742' title='bbox 954 5636 1178 5692; x_wconf 75' lang='lat' dir='ltr'><strong>spretat.</strong></span> <span class='ocrx_word' id='word_1_743' title='bbox 1233 5629 1320 5678; x_wconf 80' lang='lat' dir='ltr'><strong>Sic</strong></span> <span class='ocrx_word' id='word_1_744' title='bbox 1352 5627 1466 5679; x_wconf 72' lang='lat' dir='ltr'><strong>fere</strong></span> <span class='ocrx_word' id='word_1_745' title='bbox 1494 5623 1738 5677; x_wconf 67' lang='lat' dir='ltr'><strong>Nicolaus</strong></span> <span class='ocrx_word' id='word_1_746' title='bbox 1769 5625 2014 5677; x_wconf 86' lang='lat' dir='ltr'><strong>Serarius</strong></span> <span class='ocrx_word' id='word_1_747' title='bbox 2051 5623 2102 5673; x_wconf 91' lang='lat' dir='ltr'><strong>in</strong></span> <span class='ocrx_word' id='word_1_748' title='bbox 2147 5637 2320 5675; x_wconf 79' lang='lat' dir='ltr'><strong>totum</strong></span> 
     </span>
    </p>
   </div>
   <div class='ocr_carea' id='block_1_108' title="bbox 761 5695 1411 5762">
    <p class='ocr_par' dir='ltr' id='par_1_108' title="bbox 761 5695 1411 5762">
     <span class='ocr_line' id='line_1_108' title="bbox 761 5695 1411 5762; baseline 0.002 -15"><span class='ocrx_word' id='word_1_749' title='bbox 761 5701 1180 5762; x_wconf 68' lang='lat' dir='ltr'><strong>Slogttnttnaruni</strong></span> <span class='ocrx_word' id='word_1_750' title='bbox 1217 5695 1307 5747; x_wconf 87' lang='lat' dir='ltr'><strong>lib.</strong></span> <span class='ocrx_word' id='word_1_751' title='bbox 1334 5709 1411 5748; x_wconf 87' lang='lat' dir='ltr'><strong>III.</strong></span> 
     </span>
    </p>
   </div>
   <div class='ocr_carea' id='block_1_109' title="bbox 827 5760 2312 5833">
    <p class='ocr_par' dir='ltr' id='par_1_109' title="bbox 827 5760 2312 5833">
     <span class='ocr_line' id='line_1_109' title="bbox 827 5760 2312 5833; baseline -0.003 -13"><span class='ocrx_word' id='word_1_752' title='bbox 827 5760 861 5800; x_wconf 15' lang='grc' dir='ltr'><strong>δή</strong></span> <span class='ocrx_word' id='word_1_753' title='bbox 893 5766 1138 5820; x_wconf 68' lang='lat' dir='ltr'><strong>Escrcvit</strong></span> <span class='ocrx_word' id='word_1_754' title='bbox 1166 5766 1483 5833; x_wconf 84' lang='lat' dir='ltr'><strong>procedente</strong></span> <span class='ocrx_word' id='word_1_755' title='bbox 1521 5774 1754 5832; x_wconf 76' lang='lat' dir='ltr'><strong>tempore</strong></span> <span class='ocrx_word' id='word_1_756' title='bbox 1779 5777 1926 5816; x_wconf 77' lang='lat' dir='ltr'><strong>sacra</strong></span> <span class='ocrx_word' id='word_1_757' title='bbox 1955 5765 2067 5816; x_wconf 67' lang='lat' dir='ltr'><strong>barc</strong></span> <span class='ocrx_word' id='word_1_758' title='bbox 2097 5760 2312 5816; x_wconf 78' lang='lat' dir='ltr'><strong>a-dicula</strong></span> 
     </span>
    </p>
   </div>
   <div class='ocr_carea' id='block_1_110' title="bbox 2417 4720 3992 4791">
    <p class='ocr_par' dir='ltr' id='par_1_110' title="bbox 2417 4720 3992 4791">
     <span class='ocr_line' id='line_1_110' title="bbox 2417 4720 3992 4791; baseline 0.008 -23"><span class='ocrx_word' id='word_1_759' title='bbox 2417 4720 2572 4791; x_wconf 72' lang='lat' dir='ltr'><strong>hodie</strong></span> <span class='ocrx_word' id='word_1_760' title='bbox 2611 4733 2832 4791; x_wconf 67' lang='lat' dir='ltr'><strong>cernere</strong></span> <span class='ocrx_word' id='word_1_761' title='bbox 2863 4728 2975 4783; x_wconf 86' lang='lat' dir='ltr'><strong>est,</strong></span> <span class='ocrx_word' id='word_1_762' title='bbox 3007 4721 3174 4787; x_wconf 90' lang='lat' dir='ltr'><strong>inquit</strong></span> <span class='ocrx_word' id='word_1_763' title='bbox 3203 4720 3484 4786; x_wconf 83' lang='lat' dir='ltr'><strong>Serarius;</strong></span> <span class='ocrx_word' id='word_1_764' title='bbox 3518 4724 3613 4776; x_wconf 86' lang='lat' dir='ltr'><strong>sed</strong></span> <span class='ocrx_word' id='word_1_765' title='bbox 3657 4738 3773 4791; x_wconf 62' lang='lat' dir='ltr'><strong>quae</strong></span> <span class='ocrx_word' id='word_1_766' title='bbox 3801 4725 3869 4778; x_wconf 88' lang='lat' dir='ltr'><strong>ab</strong></span> <span class='ocrx_word' id='word_1_767' title='bbox 3899 4728 3992 4780; x_wconf 85' lang='lat' dir='ltr'><strong>he-</strong></span> 
     </span>
    </p>
   </div>
   <div class='ocr_carea' id='block_1_111' title="bbox 2420 4788 3022 4854">
    <p class='ocr_par' dir='ltr' id='par_1_111' title="bbox 2420 4788 3022 4854">
     <span class='ocr_line' id='line_1_111' title="bbox 2420 4788 3022 4854; baseline 0.003 -16"><span class='ocrx_word' id='word_1_768' title='bbox 2420 4788 2689 4840; x_wconf 76' lang='lat' dir='ltr'><strong>Icrodnxis</strong></span> <span class='ocrx_word' id='word_1_769' title='bbox 2715 4799 3022 4854; x_wconf 85' lang='lat' dir='ltr'><strong>occupatur.</strong></span> 
     </span>
    </p>
   </div>
   <div class='ocr_carea' id='block_1_112' title="bbox 2492 4857 3992 4928">
    <p class='ocr_par' dir='ltr' id='par_1_112' title="bbox 2492 4857 3992 4928">
     <span class='ocr_line' id='line_1_112' title="bbox 2492 4857 3992 4928; baseline 0.005 -18"><span class='ocrx_word' id='word_1_770' title='bbox 2492 4868 2514 4893; x_wconf 65' lang='grc' dir='ltr'><em>ε</em></span> <span class='ocrx_word' id='word_1_771' title='bbox 2577 4863 2873 4926; x_wconf 87' lang='lat' dir='ltr'><strong>Antequam</strong></span> <span class='ocrx_word' id='word_1_772' title='bbox 2926 4857 3266 4925; x_wconf 65' lang='lat' dir='ltr'><strong>&#39;I‘huringiam</strong></span> <span class='ocrx_word' id='word_1_773' title='bbox 3324 4869 3625 4928; x_wconf 88' lang='lat' dir='ltr'><strong>penetraret</strong></span> <span class='ocrx_word' id='word_1_774' title='bbox 3673 4861 3992 4928; x_wconf 84' lang='lat' dir='ltr'><strong>Bonifacius,</strong></span> 
     </span>
    </p>
   </div>
   <div class='ocr_carea' id='block_1_113' title="bbox 2421 4928 3994 4997">
    <p class='ocr_par' dir='ltr' id='par_1_113' title="bbox 2421 4928 3994 4997">
     <span class='ocr_line' id='line_1_113' title="bbox 2421 4928 3994 4997; baseline 0.006 -21"><span class='ocrx_word' id='word_1_775' title='bbox 2421 4928 2517 4980; x_wconf 77' lang='lat' dir='ltr'><strong>alia</strong></span> <span class='ocrx_word' id='word_1_776' title='bbox 2550 4929 2688 4981; x_wconf 76' lang='lat' dir='ltr'><strong>idola</strong></span> <span class='ocrx_word' id='word_1_777' title='bbox 2723 4931 3069 4995; x_wconf 84' lang='lat' dir='ltr'><strong>prostravisse</strong></span> <span class='ocrx_word' id='word_1_778' title='bbox 3116 4931 3310 4983; x_wconf 89' lang='lat' dir='ltr'><strong>dicitur</strong></span> <span class='ocrx_word' id='word_1_779' title='bbox 3343 4946 3354 4981; x_wconf 89' lang='lat'><strong>:</strong></span> <span class='ocrx_word' id='word_1_780' title='bbox 3390 4931 3638 4985; x_wconf 90' lang='lat' dir='ltr'><strong>nimirum</strong></span> <span class='ocrx_word' id='word_1_781' title='bbox 3680 4933 3731 4984; x_wconf 92' lang='lat' dir='ltr'><strong>in</strong></span> <span class='ocrx_word' id='word_1_782' title='bbox 3773 4931 3994 4997; x_wconf 53' lang='lat' dir='ltr'><strong>EiSCth</strong></span> 
     </span>
    </p>
   </div>
   <div class='ocr_carea' id='block_1_114' title="bbox 2425 4999 3994 5071">
    <p class='ocr_par' dir='ltr' id='par_1_114' title="bbox 2425 4999 3994 5071">
     <span class='ocr_line' id='line_1_114' title="bbox 2425 4999 3994 5071; baseline 0.004 -21"><span class='ocrx_word' id='word_1_783' title='bbox 2425 4999 2578 5071; x_wconf 68' lang='lat' dir='ltr'><strong>[eldia</strong></span> <span class='ocrx_word' id='word_1_784' title='bbox 2622 5004 2759 5071; x_wconf 71' lang='lat' dir='ltr'><strong>(qua:</strong></span> <span class='ocrx_word' id='word_1_785' title='bbox 2806 4999 2936 5052; x_wconf 91' lang='lat' dir='ltr'><strong>ditio</strong></span> <span class='ocrx_word' id='word_1_786' title='bbox 2964 5007 3046 5071; x_wconf 65' lang='lat' dir='ltr'><strong>est</strong></span> <span class='ocrx_word' id='word_1_787' title='bbox 3091 5001 3230 5071; x_wconf 74' lang='lat' dir='ltr'><strong>i_nte_r</strong></span> <span class='ocrx_word' id='word_1_788' title='bbox 3271 4999 3512 5071; x_wconf 78' lang='lat' dir='ltr'><strong>llassiatn</strong></span> <span class='ocrx_word' id='word_1_789' title='bbox 3541 5011 3595 5054; x_wconf 90' lang='lat' dir='ltr'><strong>et</strong></span> <span class='ocrx_word' id='word_1_790' title='bbox 3621 5000 3994 5071; x_wconf 74' lang='lat' dir='ltr'><strong>Thuringiam)</strong></span> 
     </span>
    </p>
   </div>
   <div class='ocr_carea' id='block_1_115' title="bbox 2425 5066 3995 5131">
    <p class='ocr_par' dir='ltr' id='par_1_115' title="bbox 2425 5066 3995 5131">
     <span class='ocr_line' id='line_1_115' title="bbox 2425 5066 3995 5131; baseline 0.001 -10"><span class='ocrx_word' id='word_1_791' title='bbox 2425 5067 2698 5121; x_wconf 86' lang='lat' dir='ltr'><strong>Stufonem</strong></span> <span class='ocrx_word' id='word_1_792' title='bbox 2723 5069 2772 5120; x_wconf 92' lang='lat' dir='ltr'><strong>in</strong></span> <span class='ocrx_word' id='word_1_793' title='bbox 2789 5077 2967 5120; x_wconf 82' lang='lat' dir='ltr'><strong>monte</strong></span> <span class='ocrx_word' id='word_1_794' title='bbox 2988 5066 3267 5131; x_wconf 70' lang='lat' dir='ltr'><strong>Stuﬁ‘ouio,</strong></span> <span class='ocrx_word' id='word_1_795' title='bbox 3285 5069 3370 5121; x_wconf 92' lang='lat' dir='ltr'><strong>ubi</strong></span> <span class='ocrx_word' id='word_1_796' title='bbox 3392 5070 3534 5124; x_wconf 79' lang='lat' dir='ltr'><strong>:edes</strong></span> <span class='ocrx_word' id='word_1_797' title='bbox 3563 5078 3748 5124; x_wconf 89' lang='lat' dir='ltr'><strong>sancto</strong></span> <span class='ocrx_word' id='word_1_798' title='bbox 3770 5066 3995 5125; x_wconf 68' lang='lat' dir='ltr'><strong>liartino</strong></span> 
     </span>
    </p>
   </div>
   <div class='ocr_carea' id='block_1_116' title="bbox 2425 5137 3991 5207">
    <p class='ocr_par' dir='ltr' id='par_1_116' title="bbox 2425 5137 3991 5207">
     <span class='ocr_line' id='line_1_116' title="bbox 2425 5137 3991 5207; baseline 0.003 -19"><span class='ocrx_word' id='word_1_799' title='bbox 2425 5151 2589 5207; x_wconf 49' lang='lat' dir='ltr'><strong>sacra.</strong></span> <span class='ocrx_word' id='word_1_800' title='bbox 2617 5137 2772 5192; x_wconf 80' lang='lat' dir='ltr'><strong>etiam</strong></span> <span class='ocrx_word' id='word_1_801' title='bbox 2800 5153 2939 5190; x_wconf 83' lang='lat' dir='ltr'><strong>nunc</strong></span> <span class='ocrx_word' id='word_1_802' title='bbox 2966 5152 2994 5190; x_wconf 89' lang='lat' dir='ltr'><strong>a</strong></span> <span class='ocrx_word' id='word_1_803' title='bbox 3027 5137 3272 5192; x_wconf 82' lang='lat' dir='ltr'><strong>fidelibus</strong></span> <span class='ocrx_word' id='word_1_804' title='bbox 3314 5139 3420 5191; x_wconf 90' lang='lat' dir='ltr'><strong>voti</strong></span> <span class='ocrx_word' id='word_1_805' title='bbox 3449 5154 3605 5192; x_wconf 89' lang='lat' dir='ltr'><strong>causa</strong></span> <span class='ocrx_word' id='word_1_806' title='bbox 3640 5140 3991 5207; x_wconf 79' lang='lat' dir='ltr'><strong>frequentata;</strong></span> 
     </span>
    </p>
   </div>
   <div class='ocr_carea' id='block_1_117' title="bbox 2426 5205 3996 5272">
    <p class='ocr_par' dir='ltr' id='par_1_117' title="bbox 2426 5205 3996 5272">
     <span class='ocr_line' id='line_1_117' title="bbox 2426 5205 3996 5272; baseline 0.004 -15"><span class='ocrx_word' id='word_1_807' title='bbox 2426 5205 2702 5261; x_wconf 83' lang='lat' dir='ltr'><strong>Rettoncm</strong></span> <span class='ocrx_word' id='word_1_808' title='bbox 2733 5210 2782 5260; x_wconf 93' lang='lat' dir='ltr'><strong>in</strong></span> <span class='ocrx_word' id='word_1_809' title='bbox 2817 5207 3260 5261; x_wconf 80' lang='lat' dir='ltr'><strong>liildesheituensi</strong></span> <span class='ocrx_word' id='word_1_810' title='bbox 3296 5207 3533 5272; x_wconf 89' lang='lat' dir='ltr'><strong>ditione;</strong></span> <span class='ocrx_word' id='word_1_811' title='bbox 3581 5210 3631 5262; x_wconf 91' lang='lat' dir='ltr'><strong>in</strong></span> <span class='ocrx_word' id='word_1_812' title='bbox 3664 5205 3818 5262; x_wconf 74' lang='lat' dir='ltr'><strong>Bielis</strong></span> <span class='ocrx_word' id='word_1_813' title='bbox 3845 5211 3996 5263; x_wconf 72' lang='lat' dir='ltr'><strong>Mon-</strong></span> 
     </span>
    </p>
   </div>
   <div class='ocr_carea' id='block_1_118' title="bbox 2427 5276 3996 5346">
    <p class='ocr_par' dir='ltr' id='par_1_118' title="bbox 2427 5276 3996 5346">
     <span class='ocr_line' id='line_1_118' title="bbox 2427 5276 3996 5346; baseline 0.003 -17"><span class='ocrx_word' id='word_1_814' title='bbox 2427 5280 2564 5329; x_wconf 81' lang='lat' dir='ltr'><strong>tanis</strong></span> <span class='ocrx_word' id='word_1_815' title='bbox 2587 5277 2894 5344; x_wconf 74' lang='lat' dir='ltr'><strong>Thttringize</strong></span> <span class='ocrx_word' id='word_1_816' title='bbox 2922 5278 3176 5342; x_wconf 79' lang='lat' dir='ltr'><strong>proximis</strong></span> <span class='ocrx_word' id='word_1_817' title='bbox 3201 5276 3400 5331; x_wconf 83' lang='lat' dir='ltr'><strong>Bielent</strong></span> <span class='ocrx_word' id='word_1_818' title='bbox 3422 5293 3437 5342; x_wconf 89' lang='lat'><strong>;</strong></span> <span class='ocrx_word' id='word_1_819' title='bbox 3459 5279 3686 5342; x_wconf 82' lang='lat' dir='ltr'><strong>aliaque,</strong></span> <span class='ocrx_word' id='word_1_820' title='bbox 3713 5277 3780 5331; x_wconf 87' lang='lat' dir='ltr'><strong>de</strong></span> <span class='ocrx_word' id='word_1_821' title='bbox 3801 5278 3996 5346; x_wconf 79' lang='lat' dir='ltr'><strong>quibus</strong></span> 
     </span>
    </p>
   </div>
   <div class='ocr_carea' id='block_1_119' title="bbox 2427 5346 3992 5416">
    <p class='ocr_par' dir='ltr' id='par_1_119' title="bbox 2427 5346 3992 5416">
     <span class='ocr_line' id='line_1_119' title="bbox 2427 5346 3992 5416; baseline 0.002 -17"><span class='ocrx_word' id='word_1_822' title='bbox 2427 5349 2712 5400; x_wconf 83' lang='lat' dir='ltr'><strong>Letzuerus</strong></span> <span class='ocrx_word' id='word_1_823' title='bbox 2744 5347 3076 5401; x_wconf 88' lang='lat' dir='ltr'><strong>Lutherauus</strong></span> <span class='ocrx_word' id='word_1_824' title='bbox 3105 5347 3160 5400; x_wconf 90' lang='lat' dir='ltr'><strong>in</strong></span> <span class='ocrx_word' id='word_1_825' title='bbox 3185 5361 3283 5402; x_wconf 83' lang='lat' dir='ltr'><strong>suo</strong></span> <span class='ocrx_word' id='word_1_826' title='bbox 3307 5346 3499 5402; x_wconf 88' lang='lat' dir='ltr'><strong>Carolo</strong></span> <span class='ocrx_word' id='word_1_827' title='bbox 3517 5347 3727 5416; x_wconf 74' lang='lat' dir='ltr'><strong>Magno,</strong></span> <span class='ocrx_word' id='word_1_828' title='bbox 3755 5362 3874 5416; x_wconf 85' lang='lat' dir='ltr'><strong>cap.</strong></span> <span class='ocrx_word' id='word_1_829' title='bbox 3901 5348 3992 5411; x_wconf 78' lang='grc'><strong>19,</strong></span> 
     </span>
    </p>
   </div>
   <div class='ocr_carea' id='block_1_120' title="bbox 2424 5429 2793 5471">
    <p class='ocr_par' dir='ltr' id='par_1_120' title="bbox 2424 5429 2793 5471">
     <span class='ocr_line' id='line_1_120' title="bbox 2424 5429 2793 5471; baseline -0.011 0"><span class='ocrx_word' id='word_1_830' title='bbox 2424 5433 2638 5471; x_wconf 74' lang='lat' dir='ltr'><strong>CODIOSC</strong></span> <span class='ocrx_word' id='word_1_831' title='bbox 2667 5429 2793 5471; x_wconf 69' lang='lat' dir='ltr'><strong>82H.</strong></span> 
     </span>
    </p>
   </div>
   <div class='ocr_carea' id='block_1_121' title="bbox 2494 5434 3990 5556">
    <p class='ocr_par' dir='ltr' id='par_1_121' title="bbox 2494 5434 3990 5556">
     <span class='ocr_line' id='line_1_121' title="bbox 2494 5434 3990 5556; baseline 0 -16"><span class='ocrx_word' id='word_1_832' title='bbox 2494 5434 3142 5556; x_wconf 46' lang='lat' dir='ltr'><strong>1inol‘igriirgilel:l‘lturingia,a</strong></span> <span class='ocrx_word' id='word_1_833' title='bbox 3163 5485 3496 5540; x_wconf 83' lang='lat' dir='ltr'><strong>Theodorico</strong></span> <span class='ocrx_word' id='word_1_834' title='bbox 3512 5485 3798 5541; x_wconf 85' lang='lat' dir='ltr'><strong>Chlodovei</strong></span> <span class='ocrx_word' id='word_1_835' title='bbox 3821 5485 3990 5553; x_wconf 73' lang='lat' dir='ltr'><strong>Magni</strong></span> 
     </span>
    </p>
   </div>
   <div class='ocr_carea' id='block_1_122' title="bbox 2431 5555 3988 5624">
    <p class='ocr_par' dir='ltr' id='par_1_122' title="bbox 2431 5555 3988 5624">
     <span class='ocr_line' id='line_1_122' title="bbox 2431 5555 3988 5624; baseline -0.001 -15"><span class='ocrx_word' id='word_1_836' title='bbox 2431 5555 2540 5611; x_wconf 86' lang='lat' dir='ltr'><strong>ﬁ&#39;io</strong></span> <span class='ocrx_word' id='word_1_837' title='bbox 2585 5558 2826 5617; x_wconf 85' lang='lat' dir='ltr'><strong>subacta.</strong></span> <span class='ocrx_word' id='word_1_838' title='bbox 2879 5555 3040 5610; x_wconf 84' lang='lat' dir='ltr'><strong>etiam</strong></span> <span class='ocrx_word' id='word_1_839' title='bbox 3087 5555 3417 5610; x_wconf 82' lang='lat' dir='ltr'><strong>Christianas</strong></span> <span class='ocrx_word' id='word_1_840' title='bbox 3462 5558 3605 5624; x_wconf 81' lang='lat' dir='ltr'><strong>leges</strong></span> <span class='ocrx_word' id='word_1_841' title='bbox 3656 5566 3988 5624; x_wconf 83' lang='lat' dir='ltr'><strong>susceperat,</strong></span> 
     </span>
    </p>
   </div>
   <div class='ocr_carea' id='block_1_123' title="bbox 2430 5625 3992 5726">
    <p class='ocr_par' dir='ltr' id='par_1_123' title="bbox 2430 5625 3992 5726">
     <span class='ocr_line' id='line_1_123' title="bbox 2430 5625 3992 5726; baseline 0.001 -46"><span class='ocrx_word' id='word_1_842' title='bbox 2430 5625 2856 5726; x_wconf 58' lang='lat' dir='ltr'><strong>testeﬂGregorio</strong></span> <span class='ocrx_word' id='word_1_843' title='bbox 2887 5627 3152 5681; x_wconf 85' lang='lat' dir='ltr'><strong>Torouico</strong></span> <span class='ocrx_word' id='word_1_844' title='bbox 3181 5627 3346 5696; x_wconf 80' lang='lat' dir='ltr'><strong>cpisc.</strong></span> <span class='ocrx_word' id='word_1_845' title='bbox 3408 5625 3458 5680; x_wconf 93' lang='lat' dir='ltr'><strong>iu</strong></span> <span class='ocrx_word' id='word_1_846' title='bbox 3520 5625 3612 5679; x_wconf 91' lang='lat' dir='ltr'><strong>lib.</strong></span> <span class='ocrx_word' id='word_1_847' title='bbox 3649 5639 3748 5692; x_wconf 84' lang='grc' dir='ltr'><strong>ιιι,</strong></span> <span class='ocrx_word' id='word_1_848' title='bbox 3778 5640 3896 5694; x_wconf 81' lang='lat' dir='ltr'><strong>cap.</strong></span> <span class='ocrx_word' id='word_1_849' title='bbox 3937 5630 3992 5690; x_wconf 66' lang='grc'><strong>6.</strong></span> 
     </span>
    </p>
   </div>
   <div class='ocr_carea' id='block_1_124' title="bbox 2425 5699 2625 5751">
    <p class='ocr_par' dir='ltr' id='par_1_124' title="bbox 2425 5699 2625 5751">
     <span class='ocr_line' id='line_1_124' title="bbox 2425 5699 2625 5751; baseline 0 -3"><span class='ocrx_word' id='word_1_850' title='bbox 2425 5699 2448 5748; x_wconf 79' lang='lat' dir='ltr'><strong>’i</strong></span> <span class='ocrx_word' id='word_1_851' title='bbox 2486 5710 2537 5751; x_wconf 88' lang='lat' dir='ltr'><strong>et</strong></span> <span class='ocrx_word' id='word_1_852' title='bbox 2577 5699 2625 5748; x_wconf 69' lang='grc' dir='ltr'><strong>ξ’.</strong></span> 
     </span>
    </p>
   </div>
  </div>
