4170 6562
178 453 271 506 62f

1472 444 1628 499 VITA
1666 442 1724 497 S.
1766 440 2118 497 BONIFACII.

3334 444 3438 501 622

243 570 334 623 ΞΝ.
378 568 527 621 Tunc
546 566 705 618 etiam
733 560 973 619 ecclesiae
1010 569 1227 630 repente
1274 559 1658 624 instaurantur,
1703 568 1758 612 et
1787 563 1835 615 Α
1866 558 2021 611 hodie
2050 558 2215 625 gloria
2245 569 2299 613 et
2326 559 2628 615 benedictio
2656 572 2703 614 ct
2734 564 3019 629 gratiarum
3050 563 3189 618 actio
3214 563 3439 621 Domino

178 660 580 730 praidicationis
609 658 724 725 ejus
757 656 997 711 doctrina
1029 653 1425 709 multiformiter
1454 650 1718 705 emanavit
1746 668 1759 714 ;

177 752 693 820 tnonastcriumque,
748 756 1067 819 congregata
1116 760 1400 800 servorum
1436 745 1528 799 Dei
1560 746 1763 798 unitate

177 854 228 898 et
271 842 664 895 monachorum
692 839 994 905 sanctitate,
1041 848 1404 894 constructum
1452 847 1529 889 est
1561 838 1613 889 in
1646 838 1763 889 loco

176 933 259 1001 qui
290 933 489 985 dicitur
520 929 725 999 Ordorp
761 939 809 993 ι,
840 930 931 998 qui
963 929 1194 998 propriis
1220 928 1319 981 sibi
1366 942 1517 981 more
1545 938 1761 994 aposto—

180 1024 278 1075 lico
305 1022 552 1075 inanibus
584 1020 783 1073 victum
809 1021 1161 1087 vestitumque
1188 1020 1447 1071 instanter
1474 1018 1763 1070 laborando

178 1114 564 1182 acquisieiunt.
621 1112 819 1179 Sicque
869 1119 1068 1163 sancta:
1139 1125 1322 1163 rumor
1371 1107 1765 1176 przedicatlonis

178 1204 294 1270 ejus
348 1203 659 1256 diffamatus
689 1211 791 1263 εει,
841 1200 893 1254 in
939 1210 1250 1269 tantumque
1294 1200 1532 1265 inolevit,
1565 1209 1622 1253 ut
1673 1213 1767 1267 per

178 1292 471 1346 maximam
502 1295 612 1359 jam
649 1293 873 1360 Europ-.e
907 1301 1109 1359 partem
1135 1291 1272 1345 fama
1312 1291 1432 1359 ejus
1463 1302 1766 1357 perstrepeo

178 1393 291 1445 ret;
326 1394 381 1434 et
409 1396 477 1434 ex
510 1379 799 1434 Britanniae
831 1381 1065 1449 partibus
1107 1395 1386 1434 servorum
1419 1379 1510 1433 Dei
1543 1380 1765 1447 plurima

180 1472 249 1525 ad
279 1487 404 1526 eum
440 1482 548 1525 tam
584 1473 844 1526 lectorum
875 1488 1032 1539 quam
1060 1474 1221 1524 etiam
1250 1472 1571 1539 scriptorum
1594 1512 1610 1535 ,
1641 1472 1766 1524 alia-

177 1579 408 1632 rumque
448 1566 645 1617 artium
693 1562 1024 1617 eruditorum
1076 1564 1312 1615 virorum
1343 1562 1765 1631 congregationis

173 1655 501 1708 conveniret
528 1652 834 1706 multitudo.
883 1655 1119 1719 Quorum
1151 1654 1347 1721 quippe
1385 1656 1765 1725 quatnpluritui

175 1742 409 1811 regulari
455 1757 514 1796 se
563 1743 681 1810 ejus
713 1743 1033 1796 institutiOni
1078 1744 1449 1807 subdiderunt,
1484 1746 1768 1811 populum-

174 1849 278 1903 que
309 1835 379 1888 ab
406 1837 652 1889 erratica:
697 1834 1009 1903 gentilitatis
1044 1834 1408 1902 profanatione
1437 1834 1679 1902 plurimis
1714 1834 1764 1886 in

174 1927 309 1980 locis
337 1941 636 1981 evocavere
670 1944 681 1977 :
712 1937 763 1978 et
792 1927 878 1978 alii
910 1927 1126 1994 quidem
1177 1929 1227 1979 in
1262 1929 1589 1993 provinciam
1624 1927 1757 1979 Hes-
1801 1908 1841 1964 Β

175 2035 383 2086 eorum,
441 2019 531 2073 alii
579 2018 739 2072 etiam
769 2016 819 2071 in
849 2017 1200 2087 Tlturingiam
1238 2018 1488 2086 dispersi,
1531 2020 1633 2071 late
1672 2034 1765 2085 per

175 2114 504 2181 populorum
560 2126 724 2181 pagos
772 2126 833 2165 ac
893 2112 1037 2164 vicos
1096 2110 1314 2165 verbum
1369 2110 1461 2167 Dei
1511 2112 1764 2181 prtedica-

174 2207 327 2261 bant.

244 2295 341 2349 25.
382 2293 627 2364 Cumque
680 2295 866 2364 ingens
927 2294 1197 2363 utriusque
1248 2295 1428 2363 populi
1476 2293 1761 2347 multitudo

177 2388 297 2443 fidei
324 2398 663 2447 sacramenta
693 2389 872 2441 multis
900 2387 1137 2441 millibus
1177 2388 1451 2440 hominum
1482 2387 1762 2453 baptizatis

176 2479 515 2547 perciperet,
557 2481 668 2545 jam
713 2478 965 2532 defuncto
993 2478 1163 2531 beata:
1194 2477 1471 2530 memoria:
1503 2475 1764 2543 Gregoiio

180 2569 436 2622 Secundo
468 2568 613 2623 sedis
635 2570 944 2636 apostolica:
987 2582 1143 2636 papa,
1178 2576 1232 2619 et
1260 2566 1497 2634 glorioso
1529 2566 1764 2633 praefata:

178 2661 321 2715 sedis
369 2660 631 2728 Gregorio
686 2660 905 2714 Juniore
952 2657 1226 2725 apostolici
1278 2656 1526 2711 culminis
1565 2658 1761 2709 cathe-

176 2751 329 2805 dram
362 2752 707 2819 pra-sidente,
738 2751 913 2805 denuo
960 2751 1184 2803 Romam
1232 2751 1395 2802 nuntii
1442 2750 1559 2818 ejus
1599 2764 1761 2803 vene-

180 2850 324 2905 runt,
378 2850 733 2909 sanctumque
786 2841 929 2895 sedis
954 2840 1261 2909 apostolicm
1292 2842 1600 2906 pontificem
1632 2842 1764 2893 allo-

178 2931 285 2984 cuti
318 2941 466 2995 sunt,
502 2930 656 2999 eique
691 2930 886 2999 prioris
910 2930 1157 2983 amicitia:
1191 2930 1411 2990 ftedera,
1445 2944 1563 2997 qum
1594 2929 1765 2982 mise-

181 3021 465 3074 ricorditer
484 3023 547 3074 ab
567 3030 907 3074 antecessore
930 3035 1028 3074 suo
1051 3029 1237 3073 sancto
1257 3020 1527 3073 Bonifacio
1543 3022 1763 3087 ejusque

182 3116 397 3170 familia:
428 3117 619 3170 collata
658 3127 815 3179 sunt,
851 3116 1342 3171 manifestaverunt.
1376 3116 1480 3170 Sed
1514 3127 1566 3170 et
1596 3116 1765 3170 devo-

182 3221 286 3263 tam
318 3209 438 3279 ejus
461 3210 514 3263 in
546 3208 780 3263 futurum
811 3209 1127 3263 humilitatis
1158 3210 1468 3279 apostolicae
1500 3210 1613 3264 sedi
1639 3212 1765 3265 sub-

178 3302 467 3370 jeCtionem
517 3311 906 3366 narraret-unt;
938 3310 990 3357 et
1040 3311 1100 3357 ut
1141 3301 1486 3357 familiaritati
1519 3318 1581 3357 ac
1620 3319 1766 3359 eom-

181 3394 421 3447 munioni
452 3394 622 3446 sancti
649 3393 911 3461 pontificis
926 3403 1086 3464 atque
1113 3394 1280 3448 totius
1298 3396 1443 3448 sedis
1462 3396 1768 3465 apostolica:

182 3499 246 3537 ex
283 3486 386 3538 hoc
416 3484 609 3538 devote
640 3483 913 3553 subjectus
942 3486 1395 3549 communicaret,
1420 3487 1769 3555 quemadmo-

184 3576 304 3628 dum
335 3574 512 3630 edocu
546 3583 723 3638 erant,
760 3575 1131 3643 precabantur.
1174 3574 1364 3629 Statim
1396 3591 1525 3643 ergo
1551 3586 1769 3630 sanctus

184 3668 328 3721 sedis
357 3666 669 3733 aposwlicze
703 3681 833 3733 papa
866 3666 1148 3733 pacificum
1182 3664 1391 3734 profert
1430 3680 1767 3734 responsum,

184 3769 233 3812 et
248 3772 401 3811 suam
415 3758 670 3824 sedisque
695 3756 1005 3824 apostolica:
1024 3756 1437 3810 familiaritatem
1459 3766 1510 3809 et
1528 3756 1645 3808 antit
1666 3757 1771 3809 ilia:

186 3848 619 3903 communionem
653 3857 755 3900 tam
778 3857 967 3902 sancto
998 3847 1273 3901 Bonifacio
1304 3863 1461 3917 quam
1488 3848 1647 3902 etiam
1673 3849 1768 3900 sibi

186 3940 448 4008 subjectis
478 3940 840 4003 condonavit;
870 3949 1188 4009 sumptoque
1218 3938 1245 3976 δ
1279 3940 1769 4007 archiepiscopatus

189 4031 369 4095 pallio,
400 4046 523 4081 cum
571 4030 880 4082 muneribus
913 4030 1244 4095 diversisque
1292 4040 1600 4083 sanctorum
1655 4030 1773 4083 reli-

187 4122 323 4189 quiis
356 4122 559 4189 legatos
592 4120 885 4174 honorifice
917 4122 1121 4175 remisit
1152 4121 1217 4175 ad
1253 4124 1495 4189 patriam.

254 4210 345 4264 26.
382 4208 803 4263 Advenientibus
832 4225 960 4279 ergo
1000 4213 1229 4279 nuntiis,
1260 4228 1322 4267 ae
1354 4223 1643 4283 spontanee
1676 4216 1771 4268 viri

186 4300 469 4367 apostolici
495 4299 855 4354 referentibus
894 4316 1172 4370 responsa,
1202 4303 1312 4372 jam
1352 4306 1772 4371 gratulabundus

188 4393 501 4463 apostolicae
532 4392 677 4446 sedis
713 4391 931 4447 nimium
964 4393 1297 4448 confortatus
1330 4396 1630 4448 devotionis
1659 4397 1769 4449 suf-

188 4484 379 4556 fragio,
415 4499 626 4554 opeque
670 4484 863 4539 divina!
895 4485 1273 4540 misericordiae
1302 4487 1611 4554 inspiratus,
1644 4489 1774 4540 duas

1866 649 1975 701 Deo
2014 650 2205 705 devote
2247 649 2577 705 conferatur.
2629 654 2828 719 Ilisque
2876 655 3123 709 omnibus
3172 656 3275 711 rite
3310 670 3442 710 con-

1864 739 2038 806 fectis,
2090 742 2473 808 Bajoariorum,
2522 745 2850 811 temporibus
2890 744 3137 812 Hucperti
3178 744 3204 781 ἀ
3253 745 3439 809 ducis,

1864 833 1989 884 adiit
2021 840 2211 895 terras,
2246 834 2746 901 prmdicationisque
2791 836 3023 889 studium
3056 836 3193 905 apud
3225 852 3317 892 eos
3342 838 3436 893 di-

1866 922 2209 989 ligentissitne
2237 926 2501 989 exercuit,
2532 934 2587 979 et
2616 926 2809 978 inultas
2839 926 3230 981 considerando
3251 929 3441 983 circuit

1864 1012 2117 1065 ecclesias
2142 1030 2154 1075 ;
2192 1022 2445 1081 tantoque
2474 1015 2667 1067 divina:
2697 1013 3020 1068 fortitudinis
3048 1017 3176 1073 'zelo
3204 1026 3441 1073 armatus

1865 1112 1966 1167 est,
2000 1103 2138 1169 quod
2168 1106 2449 1173 quemdam
2472 1106 2869 1159 schismaticum
2904 1106 3153 1161 hzeretiea
3183 1110 3444 1177 pravitate

1866 1194 2146 1261 deceptum
2170 1236 2184 1258 ,
2220 1198 2434 1249 nomine
2468 1196 2811 1249 Eremwlfum
2851 1197 2982 1267 [At.,
3013 1198 3441 1273 lleremvvlfum],

1867 1285 2009 1349 juvta
2041 1298 2307 1337 canonum
2352 1285 2569 1339 decreta
2620 1286 2897 1338 damnavit
2934 1296 3094 1355 atque
3121 1285 3352 1356 abjecit,
3391 1299 3447 1345 et

1871 1379 2118 1443 populum
2150 1392 2178 1428 a
2225 1392 2491 1443 perversa:
2520 1390 2682 1433 seetm
2713 1377 2829 1447 ejus
2860 1378 3161 1434 idololatria
3185 1382 3445 1448 correxit,

1870 1482 1921 1521 et
1969 1471 2033 1521 ad
2068 1470 2259 1521 fratres
2290 1484 2397 1522 suae
2434 1471 2679 1524 dimcesis
2727 1472 3016 1524 constituta
3046 1474 3447 1541 gubernationis

1870 1574 2026 1610 causa
2054 1574 2237 1613 rursus
2270 1562 2531 1627 migravit,
2552 1562 2699 1627 juxta
2726 1562 2851 1615 illud
2877 1565 3119 1633 Apostoli
3142 1584 3157 1621 :
3179 1565 3448 1631 Cupidita-

1872 1658 1967 1699 ttm
1997 1651 2183 1702 habena
2214 1652 2445 1703 veniendi
2474 1652 2540 1701 ad
2572 1658 2756 1719 fratres
2786 1654 2963 1723 (Rom.
2999 1655 3110 1725 xv).

1871 1783 2047 1837 Cum"
2073 1784 2316 1837 IX.-—De
2340 1788 2487 1838 tertia
2508 1788 2615 1845 eius
2642 1787 2854 1838 Romam
2876 1789 3377 1855 itione,etquomodo
3399 1793 3451 1845 in

1942 1860 2103 1906 reditu
2131 1859 2197 1907 ad
2225 1856 2496 1909 (Milouem
2519 1856 2877 1918 Bia-"uariorum
2902 1859 3080 1910 ducem
3104 1861 3343 1913 invitatus
3369 1864 3451 1914 dio

1943 1930 2107 1987 t'crtit,
2140 1939 2182 1977 et
2214 1939 2434 1994 quatuor
2463 1929 2513 1978 in
2546 1927 2799 1993 Bujoariis
2822 1930 3138 1991 episcopatus
3160 1932 3355 1994 erexit,
3390 1948 3451 1983 ac

1942 1997 1991 2045 iu
2020 1995 2245 2048 Francia
2266 1999 2355 2047 sub
2378 1998 2752 2049 Carolowauuo
2780 2009 2822 2048 et
2849 1998 3072 2065 Ptppino
3089 1998 3299 2052 ducibus
3321 2002 3451 2054 cele-

1943 2067 2099 2117 brata
2139 2068 2346 2134 synodis
2389 2066 2728 2117 orthodoxam
2774 2068 3067 2136 religionem
3123 2072 3447 2124 restauravit.

1938 2199 2026 2250 27.
2073 2200 2232 2265 Igitur
2262 2198 2417 2267 hujus
2463 2200 2557 2252 viii
2589 2200 2970 2268 aliquantisper
3002 2201 3313 2257 meritorum
3356 2205 3453 2259 do-

1867 2293 2127 2344 cumentis
2177 2293 2470 2360 excerptis,
2523 2301 2721 2359 quanto
2762 2306 2821 2346 se
2877 2292 3147 2360 religionis
3193 2294 3453 2366 regimine

1869 2398 1960 2448 per
1992 2394 2211 2436 cunctus
2242 2385 2414 2435 aetatis
2440 2398 2551 2436 sua:
2582 2384 2775 2451 gradus
2822 2384 3179 2439 indesinenter
3226 2389 3450 2451 rexerit,

1872 2472 2016 2524 brevi
2067 2472 2314 2525 videlicet
2367 2472 2705 2538 proferamus
2736 2488 3003 2528 sermone.
3037 2472 3297 2539 Quoniam
3330 2481 3452 2546 qul-

1867 2562 1989 2615 dem
2016 2562 2250 2615 diutinus
2280 2574 2585 2617 sanctorum
2612 2578 2737 2617 usus
2767 2572 2849 2617 est
2884 2574 2940 2617 ut
2961 2564 3199 2633 quotidie
3224 2566 3450 2623 aliorum

1870 2672 1962 2725 per
1992 2659 2240 2723 exempla
2264 2659 2328 2711 ad
2354 2659 2572 2712 meliora
2602 2672 2660 2711 se
2686 2658 3000 2724 provehant,
3031 2667 3084 2712 et
3110 2660 3455 2716 decrescente

1868 2748 2073 2802 dierum
2115 2752 2341 2812 calt-uio,
2396 2759 2601 2803 crescat
2648 2749 2701 2803 in
2747 2752 2823 2803 eis
2866 2751 3025 2803 etiam
3071 2750 3244 2807 intimi
3291 2753 3456 2808 virtus

1868 2842 2088 2892 amoris.
2121 2842 2359 2908 Cumque
2387 2841 2735 2894 ecclesiarum
2762 2853 2905 2895 esset
2936 2842 3155 2897 minima
3190 2846 3240 2899 in
3276 2845 3458 2902 fiessis

1870 2941 1922 2984 et
1949 2931 2235 2999 Thuriogia
2268 2931 2554 2985 multitudo
2591 2940 2883 2997 exstructa,
2912 2942 2968 2987 et
3015 2934 3237 3004 singulis
3265 2937 3457 3005 singuli

1872 3025 2275 3089 troviderentur
2329 3024 2614 3089 custodes,
2668 3035 2778 3079 tum
2826 3026 2986 3081 etiam
3042 3029 3196 3081 tertio
3242 3040 3460 3098 propter

1872 3116 2186 3171 familiarem
2262 3115 2433 3169 sancti
2501 3115 2778 3182 apostolici
2849 3116 3114 3184 pontificis
3190 3120 3461 3189 totiusque

1872 3206 2152 3261 clericatus
2203 3207 2666 3270 communionem,
2723 3205 3111 3275 discipulorum
3173 3209 3462 3264 comitante

1870 3309 2011 3353 coetu
2065 3298 2287 3351 Romam
2337 3296 2505 3361 venit,
2561 3304 2622 3350 ut
2675 3297 2956 3366 apostolici
2997 3298 3243 3354 videlicet
3289 3300 3464 3356 Patris

1869 3393 2067 3445 salubri
2120 3391 2385 3444 frueretur
2435 3390 2723 3457 colloquio,
2787 3399 2841 3443 et
2884 3399 3191 3445 sanctorum
3244 3407 3305 3445 se
3349 3392 3460 3460 jam

1874 3492 2029 3535 atate
2082 3492 2365 3551 provectus
2414 3481 2745 3534 orationibus
2784 3481 3203 3536 commendaret.
3255 3482 3327 3537 At
3373 3484 3461 3537 ubi

1876 3584 1993 3640 post
2044 3572 2361 3625 immensam
2408 3571 2616 3625 itineris
2658 3572 2960 3625 vastitatem
3000 3570 3199 3625 domno
3240 3580 3460 3641 aposto-

1872 3666 1975 3718 lico
2042 3664 2299 3732 Gregorio
2362 3662 2569 3718 Juniori
2622 3662 2870 3717 Secundo
2935 3671 2960 3700 ο
3022 3671 3461 3732 praesentaretur,

1877 3757 2101 3825 benigne
2128 3764 2409 3824 susceptus
2437 3764 2522 3810 est
2553 3755 2621 3809 ab
2651 3769 2737 3819 eo,
2771 3764 3019 3825 tantaque
3048 3769 3078 3809 a
3107 3756 3311 3811 cunctis
3354 3764 3461 3811 tam

1876 3849 2128 3901 Romanis
2155 3862 2311 3916 quam
2338 3847 2501 3902 etiam
2526 3848 2744 3903 advenis
2772 3848 3119 3903 veneratione
3145 3848 3463 3913 habebatur,

1877 3950 1930 3991 ut
1962 3940 2112 3991 multi
2160 3938 2226 3990 ad
2273 3940 2561 3992 salutarem
2594 3938 2710 4006 ejus
2753 3938 3057 3993 doctrinam
3107 3941 3461 3995 confluerent.

1879 4029 2205 4082 Francorum
2251 4028 2392 4081 enim
2450 4038 2503 4082 et
2554 4028 2939 4096 Bajoariorum,
2986 4042 3193 4083 necnon
3238 4046 3304 4085 ex
3350 4032 3461 4086 Bri-

1880 4118 2055 4171 tannia
2089 4117 2488 4171 advenientium
2535 4118 2837 4183 Saxonum,
2867 4118 3201 4187 aliarumque
3247 4124 3466 4190 provin-

1877 4210 2099 4270 ciarum.
2153 4210 2340 4279 ingens
2378 4209 2565 4264 sedqu
2606 4208 2725 4278 ejus
2768 4210 3115 4264 admonitioni
3160 4211 3471 4267 adhaerebat

1879 4299 2179 4352 multitudo.

1946 4392 2036 4446 ‘28.
2076 4392 2318 4459 Cumque
2356 4406 2460 4444 non
2494 4391 2774 4446 minimum
2820 4391 2944 4444 anni
2998 4392 3229 4460 spatium
3274 4394 3326 4447 in
3376 4393 3460 4449 his

1880 4492 2175 4536 moraretur
2197 4482 2521 4551 regionibus,
2548 4492 2599 4537 et
2622 4491 2929 4537 sanctorum
2951 4484 3283 4552 peragrando
3304 4496 3465 4553 atque

187 4576 439 4630 videlicet
483 4576 737 4630 ecclesias
773 4576 998 4629 Domino
1056 4577 1355 4640 fabricavit,
1390 4594 1546 4631 unam
1580 4580 1775 4647 quippe
1817 4614 1858 4667 Ο
1884 4576 2087 4630 orando
2118 4576 2396 4630 circuisset
2436 4575 2728 4643 reliquias;
2780 4586 2906 4629 tunc
2954 4575 3151 4646 quippe
3180 4579 3467 4631 resalutato

190 4667 239 4719 in
274 4664 544 4718 Fridislar
575 4674 621 4729 ε,
656 4681 811 4731 quam
843 4667 893 4719 in
928 4667 1180 4721 honorem
1211 4678 1522 4721 sanctorum
1556 4672 1623 4723 l‘e
1656 4673 1695 4721 ri
1727 4682 1781 4724 et

194 4759 338 4812 Pauli
365 4757 620 4825 principis
634 4759 996 4825 apostolorum
1021 4761 1353 4813 consecravit
1380 4776 1392 4821 ;
1418 4769 1470 4813 ct
1491 4762 1710 4814 alteram
1730 4762 1780 4814 in

195 4849 607 4903 Ilumanobnrclt
630 4865 645 4911 ;
681 4850 985 4903 Itancetiam
1012 4850 1062 4903 in
1086 4850 1341 4903 honorem
1366 4852 1532 4905 sancti
1558 4851 1783 4906 Michae-

194 4942 259 4995 lis
311 4940 622 5009 archangeli
680 4940 966 4993 dedicavit.
1020 4940 1130 4993 Duo
1160 4955 1372 5010 quoque
1402 4943 1782 4995 monas:eriola

196 5031 404 5085 duabus
428 5030 656 5098 injunxit
690 5031 957 5096 ecclesiis,
991 5029 1177 5100 bisque
1212 5045 1316 5084 non
1351 5031 1625 5085 minimam
1663 5049 1779 5086 scr.

199 5122 459 5176 vieutium
492 5121 598 5177 Deo
628 5121 1016 5176 multitudinem
1048 5122 1357 5192 subrogavit
1384 5138 1398 5186 ;
1432 5125 1503 5177 ita
1530 5133 1586 5177 ut
1618 5141 1783 5193 usque

270 5268 293 5293 ⁸
311 5254 655 5321 Ordorpense
683 5270 774 5308 seu
802 5253 1142 5309 Ordorfl'ense
1171 5256 1549 5309 monasterium
1584 5258 1784 5310 ordinis

200 5328 367 5381 sancti
384 5325 652 5380 Iienedicti
674 5326 723 5377 in
739 5324 1025 5395 Thuringia
1043 5328 1107 5377 ad
1130 5327 1357 5379 Orabam
1381 5342 1475 5379 seu
1500 5329 1656 5380 Oram
1691 5328 1784 5379 ﬂu-

205 5399 365 5456 vium.
410 5396 549 5450 haud
580 5398 735 5463 longe
762 5395 827 5447 ab
854 5394 1033 5448 Erfurt
1051 5397 1269 5463 oppido,
1293 5412 1392 5464 qua
1425 5400 1704 5450 occasione
1734 5400 1782 5452 in

205 5467 371 5519 sancti
394 5468 481 5519 Mit
498 5466 665 5519 haelis
683 5469 936 5518 honorem
954 5482 980 5517 a
998 5478 1184 5519 sancto
1200 5468 1466 5521 Bouifacio
1480 5468 1781 5522 dedicatum

206 5536 358 5590 fuerit
385 5537 641 5589 discimus
670 5551 734 5588 ex
761 5535 982 5607 AOthlooi
1015 5537 1105 5588 lib.
1141 5552 1176 5599 ι,
1211 5554 1327 5607 cap.
1368 5538 1458 5592 9.3.
1484 5538 1568 5590 Isti
1596 5555 1780 5591 mona-

207 5609 369 5661 sterio
398 5606 724 5675 aliquandiu,
753 5605 971 5671 jubente
1000 5605 1290 5673 Bottifttcio,
1325 5610 1537 5674 prmfuit
1568 5620 1782 5664 sanctus

214 5677 512 5746 Wight-rtus
536 5678 700 5729 abbas
729 5676 1151 5736 Fritislariensis.
1181 5693 1243 5732 ex
1284 5681 1408 5733 Vitae
1440 5694 1556 5744 cap.
1587 5682 1636 5734 6.

276 5748 302 5785 ι’
344 5747 420 5802 De
462 5746 905 5814 areltiepiscopali
958 5748 1210 5815 dignitate
1269 5750 1541 5803 Bonifacio
1588 5754 1781 5807 collata

210 5818 398 5886 legesis
422 5819 676 5891 adnotata
712 5818 760 5891 in
791 5817 1003 5891 Ugthloni
1038 5820 1126 5871 lib.
1154 5836 1188 5883 ι,
1218 5834 1372 5891 capp.
1408 5824 1474 5875 55
1505 5832 1557 5873 et
1586 5823 1674 5875 57.

278 5902 300 5928 ε
344 5891 415 5946 De
460 5888 837 5943 Ftilislarimtsi
885 5891 1208 5945 monasterio
1252 5888 1496 5961 superius
1544 5894 1608 5947 ad
1652 5898 1780 5949 Acta

1886 4666 2187 4720 venerando
2234 4667 2349 4719 viro
2380 4679 2441 4718 ac
2486 4666 2627 4718 sedis
2675 4665 2981 4732 apostolica:
3030 4666 3299 4734 pontifice,
3346 4680 3469 4720 cum

1886 4759 2193 4811 muneribus
2221 4766 2275 4810 et
2322 4755 2561 4824 reliquiis
2608 4765 2917 4809 sanctorum
2950 4756 3238 4810 honorifice
3267 4756 3466 4810 ditatus

1886 4849 2175 4910 remeavit;
2246 4846 2554 4915 Italiamque
2626 4847 2968 4914 perveniens,
3033 4846 3251 4901 Ticenae
3321 4847 3470 4901 urbis

1885 4938 2121 5011 [Panis]
2172 4941 2439 5008 ingressus
2488 4936 2703 5001 muenia,
2738 4937 2874 5002 apud
2909 4936 3278 4990 honorandum
3333 4936 3473 4990 Lon-

1886 5032 2244 5101 gobardnrum
2295 5028 2688 5081 Liodbrandum
2745 5041 2925 5095 regem
2966 5027 3075 5094 jim
3117 5032 3266 5082 senio
3313 5027 3470 5082 fessis

1887 5120 2144 5175 membris
2174 5118 2584 5187 requieseebat;
2618 5126 2671 5172 et
2702 5118 2961 5172 recedens
2987 5131 3091 5170 non
3122 5117 3293 5170 solum
3337 5118 3470 5170 invi-

1886 5254 2051 5309 sancti
2097 5253 2356 5322 Wigberti
2396 5252 2623 5312 abbatis.
2674 5266 2815 5305 anno
2864 5250 2989 5322 3'47,
3040 5262 3213 5304 aetum
3256 5261 3356 5305 est.
3395 5253 3469 5307 De

1888 5318 2373 5392 llamanaburgensi
2398 5364 2410 5387 ,
2442 5337 2554 5375 sive
2584 5325 2632 5373 id
2664 5325 2821 5373 situm
2865 5318 3023 5375 fuerit
3054 5338 3117 5373 eo
3147 5322 3197 5374 in
3228 5323 3345 5375 loco
3377 5323 3463 5376 ubi

1887 5413 2024 5451 nunc
2058 5396 2441 5461 Homburguui,
2463 5408 2488 5443 a
2514 5392 2803 5445 Fritislaria
2840 5406 2943 5443 non
2977 5394 3200 5443 multum
3234 5393 3461 5458 distans,

1887 5474 1997 5521 sive
2019 5460 2397 5535 Atnelbutgum
2431 5463 2711 5531 Marburgo
2742 5462 2994 5521 vicinum.
3023 5460 3112 5514 nih
3138 5464 3149 5514 l
3181 5464 3461 5515 dicendum

1886 5541 2133 5593 occurrit.

1960 5606 1982 5644 ἀ
2017 5610 2152 5676 Lege
2180 5610 2306 5659 Acta
2338 5602 2753 5676 sanctiftuberti
2784 5602 2848 5676 :_nl
2878 5602 3165 5676 ann.__7l'i.

1960 5686 1982 5714 °
2026 5681 2072 5732 Is
2094 5672 2181 5731 cst
2212 5676 2497 5744 Gregorius
2520 5673 2753 5738 Tertius,
2774 5672 2962 5744 Junior
2994 5673 3263 5725 Secundus
3293 5676 3476 5738 appel-

1886 5751 2022 5803 Iatus
2070 5749 2170 5802 hoe
2210 5743 2339 5799 loco?
2360 5754 2413 5798 et
2456 5760 2575 5808 cap.
2619 5746 2705 5797 10.
2761 5744 2885 5798 Il.rc
2937 5743 3170 5796 Romana
3222 5745 3474 5796 Πομ-Μαι

1890 5822 2143 5887 profectio
2188 5820 2338 5871 tertia
2370 5817 2591 5887 contigit
2638 5832 2778 5870 anno
2826 5816 2950 5876 7.38,
2996 5829 3056 5867 ex
3110 5814 3357 5868 notandis
3409 5818 3476 5867 ad

1886 5884 2099 5946 Utltlutti
2130 5892 2215 5944 lib.
2253 5904 2288 5953 l,
2320 5902 2437 5957 cap.
2467 5884 2556 5937 28.
