4170 6528
164 403 266 454 625

1504 412 1664 478 \‘t't‘A
1707 426 1763 477 s.
1810 425 2173 487 BONIFACII.

3377 461 3479 515 626

170 538 289 583 mm
321 534 697 599 episcoporum
731 530 907 581 unitas
936 528 1033 580 sub
1056 524 1269 594 juniore
1297 524 1615 602 Theodosio
1643 548 1780 612 apud

1898 550 2198 602 commissas
2224 552 2607 628 impertienda,
2635 567 2919 625 distribuit.
2940 571 3004 627 Et
3034 572 3339 629 Willibaldo
3367 592 3477 630 sua:

173 620 499 693 Ephesinam
557 624 743 677 urbem
786 621 1067 674 adventata
1098 659 1112 682 ,
1161 618 1479 689 Νςςιοτίυιη
1544 640 1781 705 geminas

178 718 228 770 in
283 717 505 772 Christo
559 731 816 783 personas
848 715 1218 791 proﬁtentem,
1265 746 1294 783 a
1349 734 1609 786 catholica
1640 734 1780 800 justo

177 808 513 861 anathemate
541 806 839 874 segregavit
869 804 1143 884 Ecclesia;
1176 834 1383 874 necnon
1406 831 1461 875 et
1485 822 1777 875 Chalcedo-

182 896 362 950 nensis
394 894 581 966 synodi
613 904 992 959 sexcentarum
1025 908 1240 979 triginta
1272 912 1610 967 sacerdotum
1654 928 1781 966 cou-

184 987 361 1041 ventio
408 985 685 1055 Eutychen
715 990 1319 1066 Constantinopolitana:
1342 1001 1487 1054 urbis
1510 1002 1779 1063 abbatem.

182 1088 235 1133 et
261 1077 582 1136 Dioscorum
610 1084 949 1142 defensorem
976 1089 1111 1156 ejus,
1135 1090 1413 1145 catholicae
1444 1092 1565 1146 ﬁdei
1607 1093 1779 1146 rebel-

185 1172 384 1241 iantes,
419 1175 573 1246 juxta
624 1180 943 1248 pratﬁnitam
973 1181 1186 1235 Patrum
1217 1184 1532 1237 sententiam
1562 1184 1788 1245 anathe-

185 1269 465 1324 matizavit
520 1280 595 1324 ιε
653 1271 724 1325 ita
782 1274 1030 1340 equidem
1094 1275 1230 1343 apud
1284 1275 1590 1347 Franmam,
1643 1285 1788 1340 οηηιί

193 1359 431 1414 funditus
454 1362 727 1416 eradicata
762 1365 1135 1419 hatreticormn
1166 1366 1382 1427 perﬁdia
1411 1376 1466 1420 et
1500 1377 1787 1447 exstirpata

188 1450 494 1520 iniquorum
567 1455 958 1524 conjuratione,
1030 1456 1161 1523 legis
1212 1456 1411 1518 divin",
1467 1469 1793 1538 augpmnmr

188 1542 545 1609 incrementa,
602 1556 656 1599 et
712 1546 997 1615 syttodales
1057 1548 1390 1615 generalium
1442 1560 1790 1615 cooeiliorum

188 1649 425 1691 canones
454 1636 883 1704 recipiebantur:
916 1636 1303 1713 synodalisqne
1345 1650 1635 1715 spiritualis
1661 1666 1790 1704 eo...

193 1727 299 1778 cilii
378 1725 750 1793 episcoporum
823 1734 1171 1801 congregatio
1246 1731 1397 1804 juxta
1476 1742 1790 1807 prtelinitam

194 1819 523 1872 authentica:
546 1818 941 1873 constitutionis
970 1821 1338 1883 deﬁnitionem
1371 1832 1571 1899 pariter
1593 1849 1789 1887 conve-

1883 638 2284 705 ὅιιυθτηίδίίουίε
2332 654 2646 711 Ιδθτοοῑιίωιι
2696 665 3088 720 commendavit
3137 668 3189 721 in
3230 667 3349 722 loco
3392 672 3477 725 cui

1888 728 2201 821 Vocabulum
2244 741 2334 793 est
2382 744 2624 799 Eichstat
2654 747 2680 785 ιι
2712 766 2726 802 :
2762 751 3070 821 Burghardo
3098 770 3226 809 vero
3255 756 3307 809 in
3360 756 3477 812 loco

1885 817 2227 917 qui—vocatur
2250 828 2605 905 Wirtzaburg,
2635 817 2903 907 dignitatis
2926 843 3159 898 ofﬁciunt
3190 846 3476 917 delegavit,

1883 920 1936 964 (³⁸
1968 911 2237 983 Ecclesias
2267 925 2317 979 in
2348 929 2591 983 conﬁniis
2622 930 2945 987 Francorum
2998 946 3157 1005 atque
3205 911 3473 992 Saxonum

1883 1009 2048 1071 διαυε
2090 1010 2401 1069 Sclavorum
2448 1034 2543 1071 suo
2575 1020 2749 1076 ofﬁcio
2778 1022 3079 1089 deputavit;
3123 1035 3176 1080 et
3216 1042 3384 1096 usque
3412 1031 3477 1082 ad

1890 1098 2179 1164 gloriosum
2224 1108 2399 1161 exitus
2438 1111 2516 1163 sui
2547 1111 2685 1164 diem
2720 1114 3051 1170 incessanter
3082 1126 3281 1172 arctam
3327 1122 3475 1189 regni

1891 1195 2125 1249 cmlestis
2152 1201 2284 1253 viam
2322 1203 2563 1269 plebibus
2597 1206 2865 1273 patefecit.

1964 1289 2054 1341 3:2.
2084 1288 2215 1342 Cum
2260 1309 2384 1347 vero
2433 1294 2707 1365 Pippiuus,
2738 1297 2965 1355 Domino
2995 1302 3253 1368 donante,
3306 1304 3479 1371 regale

1896 1377 2244 1444 Francorum,
2283 1383 2403 1437 felix
2454 1388 2741 1454 supradicti
2774 1392 3014 1460 germani
3060 1405 3357 1458 successor,
3391 1409 3478 1447 re-

1894 1484 2053 1535 gnum
2103 1474 2417 1543 susciperet,
2448 1489 2500 1531 et
2538 1478 2645 1546 jam
2694 1482 3075 1549 aliquantulum
3107 1484 3284 1539 sedata
3316 1501 3482 1554 popu-

1896 1561 2065 1615 lorum
2097 1565 2496 1631 perturbatione
2528 1570 2580 1623 in
2622 1586 2800 1639 regem
2848 1572 3154 1629 sublevatus
3183 1584 3345 1640 esset,
3373 1591 3482 1632 coa-

1898 1652 1971 1718 pit
2001 1660 2189 1708 anxius
2232 1667 2350 1709 vota
2386 1659 2612 1714 Domino
2639 1662 2832 1715 devota
2875 1665 3182 1731 persolvere
3223 1676 3278 1720 et
3322 1682 3483 1737 syno-

1895 1744 2031 1798 dalia
2078 1747 2362 1801 confestim
2411 1767 2724 1818 recuperare
2773 1755 3031 1819 instituta,
3082 1771 3144 1810 ac
3173 1760 3479 1812 canonicaa

1894 1850 2147 1901 germano
2198 1851 2295 1890 suo
2337 1838 2488 1905 juxta
2536 1842 2959 1898 exhortationem
3007 1847 3178 1901 sancti
3227 1847 3482 1904 Bonifacii

195 1909 381 1962 nichil
414 1928 425 1961 ῖ
460 1924 580 1977 (λικε
624 1910 694 1962 οι)
733 1910 1069 1976 quotidianas
1117 1918 1381 1977 bellorum
1433 1926 1781 1993 suspiciones,
1820 1909 1864 1967 Β
1891 1925 2279 1993 archiepiscopi
2308 1929 2533 1984 ﬁdeliter
2562 1932 2826 1998 inchoata,
2854 1934 3155 1991 instaurare
3185 1938 3476 1994 ministeria

190 2012 246 2054 et
296 2000 547 2054 inchtam
595 2002 1112 2067 circnmvallanlium
1165 2015 1509 2069 barbararum
1555 2021 1786 2086 gentium

191 2091 535 2157 δεάῖιίοηθηιν
586 2109 689 2164 qua
718 2108 1004 2158 extraneos
1054 2107 1212 2160 alieni
1261 2107 1535 2161 Franciam
1566 2110 1791 2177 populo-

195 2196 315 2234 rum
375 2184 667 2253 prcedoncs
718 2197 968 2249 atrociter
1011 2197 1255 2249 demoliri
1313 2201 1664 2261 conabantur,
1712 2200 1792 2252 vel

194 2279 423 2336 minime
473 2282 609 2341 facta
669 2298 770 2349 est,
816 2288 898 2341 vel
948 2290 1107 2341 etiam
1162 2298 1322 2341 tanta:
1368 2298 1483 2342 erat
1538 2290 1792 2343 oblivioni

197 2377 424 2449 tradita,
450 2393 510 2438 ut
538 2384 681 2437 omni
717 2384 927 2450 penitus
948 2381 1229 2436 obliterata
1260 2383 1596 2450 prtesentium
1628 2396 1793 2436 sarcu-

196 2471 375 2532 iorum
435 2478 693 2533 memoria
748 2477 857 2546 jam
908 2478 1052 2531 nulla
1106 2486 1250 2531 esset
1306 2477 1511 2531 ratione
1559 2480 1792 2547 cognita,

203 2573 325 2639 quia
357 2570 591 2624 mundus
620 2571 671 2622 in
699 2584 757 2623 se
784 2570 1018 2637 quotidie
1048 2566 1363 2622 naturaliter
1385 2582 1479 2622 seu
1508 2568 1791 2622 detrimen-

203 2674 315 2718 tum
366 2661 737 2715 diminutionis
765 2660 954 2713 saltem
1001 2661 1161 2714 etiam
1192 2670 1536 2728 recuper_atus
1568 2661 1791 2727 patitur;

202 2768 303 2806 nec
334 2761 625 2806 renovatus
654 2750 865 2819 quidem
898 2765 994 2820 per
1038 2750 1212 2804 omnia
1264 2766 1360 2805 suo
1389 2752 1658 2806 evanescit
1689 2751 1794 2805 dis.

207 2845 423 2909 pendio,
450 2854 502 2898 et
524 2843 590 2897 ad
622 2844 1053 2912 prtedestinatum
1068 2845 1370 2897 anhelando
1390 2846 1544 2898 ﬁnem
1562 2846 1794 2901 festinat.

204 2936 540 3003 Quapropter
567 2936 609 2988 si
639 2948 741 3004 qua
774 2935 824 2987 iu
855 2936 951 2988 hac
981 2936 1191 2989 mortali
1220 2936 1377 3005 hujus
1406 2938 1799 3005 peregrinatio-

204 3030 291 3081 nis
322 3029 427 3080 vita
460 3027 527 3080 ad
578 3041 912 3081 communem
956 3026 1007 3079 in
1038 3027 1137 3080 hoc
1168 3026 1367 3080 mundo
1421 3027 1797 3081 inﬁrmantium

206 3118 503 3184 profectum
554 3132 582 3168 a
635 3118 998 3186 spiritualibus
1057 3118 1441 3171 tncdicinaliter
1490 3128 1613 3171 sunt
1653 3133 1799 3172 eum-

209 3220 355 3271 perta
391 3208 715 3269 auctoribus,
746 3209 952 3261 etiamsi
988 3207 1304 3275 quandoque
1331 3208 1572 3260 humanis
1599 3210 1793 3262 inserta

209 3298 408 3350 fuerint
438 3299 724 3363 utentibus,
759 3312 964 3365 magna:
994 3306 1118 3351 sunt
1148 3298 1459 3350 munitionis
1494 3298 1797 3353 fortitudine

204 3404 234 3439 a
265 3386 553 3440 Catholicis
580 3387 947 3439 conservanda
993 3395 1046 3438 et
1078 3386 1290 3453 pra-ﬁxa
1338 3387 1526 3439 mentis
1558 3388 1801 3441 immobi-

207 3477 357 3529 litate
406 3476 657 3540 tenenda,
706 3491 773 3529 ne
807 3476 885 3528 vel
923 3477 1120 3529 oblivio
1158 3476 1385 3528 humana
1435 3478 1674 3544 obrepet,
1721 3478 1799 3530 vel

206 3567 370 3620 etiam
417 3567 699 3619 mundana:
730 3566 1101 3619 oblectationis
1154 3566 1463 3618 illecehrosa
1516 3567 1801 3620 delectatio

208 3658 502 3726 instigante
528 3657 741 3709 diabolo
785 3657 1095 3725 prmpcdid.
1145 3658 1314 3721 Quam
1364 3658 1432 3709 ob
1469 3672 1681 3710 causam
1716 3657 1800 3711 hic

205 3760 426 3802 sanctus
459 3748 667 3801 Domini
700 3744 948 3809 antistes,
984 3747 1086 3799 hac
1131 3748 1499 3799 solertissimtn
1545 3748 1801 3800 sollicitu-

210 3842 351 3894 Jinis
407 3855 531 3893 cura
585 3838 902 3906 inspiratus,
951 3838 1157 3903 plebem
1200 3852 1229 3888 a
1279 3838 1527 3902 pestifera
1578 3837 1799 3890 tortuosi

206 3933 477 4002 serpentis
505 3932 853 3997 persuasione
881 3931 1093 3998 eripere
1118 3931 1342 3995 curavit,
1369 3940 1422 3983 et
1447 3928 1797 3983 Caroloman-

209 4038 338 4077 num
386 4022 575 4074 ducem
605 4020 670 4072 ad
700 4018 1128 4087 congregandum
1158 4018 1518 4087 supradirtum
1569 4021 1801 4088 synodo-

205 4131 324 4170 rum
353 4121 673 4167 conventum
706 4110 1002 4180 saepissime
1032 4110 1288 4173 incitavit,
1308 4121 1365 4165 ut
1390 4120 1492 4165 tam
1527 4114 1799 4179 przrsettti-

204 4208 304 4262 bus
337 4220 495 4275 quam
546 4206 769 4273 posteris
802 4203 1094 4270 spiritualis
1127 4203 1365 4255 scientiae
1411 4201 1668 4268 sapientia
1710 4217 1801 4269 pa-

205 4307 461 4361 tesceret,
484 4306 539 4351 et
561 4310 749 4350 aversa
772 4297 1067 4349 animarum
1099 4294 1548 4348 circumventione
1570 4294 1801 4361 cognitio

204 4387 631 4444 Christianitatis
664 4387 1043 4440 innotesceret.

274 4503 367 4557 3|.
403 4502 645 4569 Cumque
666 4499 931 4567 quoddam
954 4496 1225 4552 canonica:
1249 4495 1584 4550 rectitudinis
1610 4511 1796 4564 speett-

1889 2013 1994 2084 [.-tl.
2028 2016 2335 2085 mysteria];
2368 2035 2597 2089 cumque
2631 2022 2809 2077 habitu
2835 2026 2992 2079 simul
3026 2036 3080 2080 et
3107 2026 3314 2083 honore
3344 2045 3481 2098 pra:—

1895 2106 2053 2170 l'erre,
2085 2115 2137 2159 et
2173 2107 2282 2162 suis
2312 2107 2363 2162 in
2397 2109 2621 2166 Domino
2653 2128 2840 2181 parere
2869 2118 3168 2186 praeceptis.
3198 2119 3304 2173 Sed
3336 2120 3476 2187 quod

1895 2208 2108 2250 sanctus
2134 2199 2232 2263 vir,
2267 2199 2574 2257 inﬁrmitate
2617 2206 2859 2272 corporis
2904 2218 3289 2275 prmgravatus,
3320 2223 3479 2278 syno-

1895 2286 2032 2340 dalia
2059 2291 2402 2344 conciliorum
2433 2293 2801 2347 conventicula
2832 2310 2927 2363 per
2967 2295 3143 2350 omnia
3183 2296 3334 2352 adire
3369 2313 3475 2351 non

1895 2390 2124 2450 poterat,
2151 2382 2259 2447 jam
2302 2384 2548 2437 consultu
2599 2396 2758 2453 atque
2808 2387 3032 2439 consilio
3072 2386 3287 2454 gloriosi
3336 2389 3478 2455 regis

1898 2472 2147 2525 idoneum
2194 2488 2492 2540 proponere
2534 2475 2833 2527 ministrum
2876 2476 3181 2543 supradicto
3210 2478 3357 2546 gregi
3386 2478 3481 2532 de-

1900 2563 2085 2624 ﬁnivit,
2118 2571 2171 2616 et
2200 2563 2408 2616 Lullum
2439 2564 2605 2631 (Acta,
2636 2565 2798 2633 infra)
2829 2577 2980 2618 suum
3020 2565 3309 2633 ingeniosa;
3334 2568 3483 2620 indo-

1900 2652 1965 2705 lis
1989 2651 2324 2721 discipulum,
2364 2654 2430 2705 ad
2469 2654 2813 2706 erudiendam
2847 2662 3005 2706 tanta:
3040 2654 3207 2721 plebis
3234 2669 3486 2710 numero-

1898 2746 2103 2797 sitatem
2136 2744 2433 2802 constituit,
2460 2752 2513 2795 et
2549 2745 2598 2794 in
2624 2744 2966 2811 episcopatus
2995 2744 3215 2813 gradum
3245 2747 3485 2814 provexit

1900 2847 2057 2902 atque
2088 2836 2371 2895 ordinavit.
2402 2850 2634 2903 eumque
2666 2836 2961 2889 haireditati
2993 2851 3149 2905 quam
3184 2838 3236 2891 in
3270 2838 3483 2891 Christo

1902 2926 2119 2979 instanti
2149 2926 2470 2995 acquisierat
2522 2927 2722 2990 labore,
2758 2928 3065 2994 implicavit,
3093 2929 3182 2995 qui
3213 2939 3267 2982 ct
3312 2928 3484 2982 ﬁdelis

1903 3017 1957 3070 in
1990 3016 2211 3071 Domino
2250 3031 2430 3070 comes
2463 3017 2901 3086 peregrinationis
2942 3018 3059 3087 ejus
3084 3027 3218 3085 erat,
3252 3029 3307 3075 et
3339 3023 3486 3075 testis

1905 3109 2183 3178 utrobique
2213 3110 2473 3177 passionis
2502 3123 2551 3164 et
2581 3110 2982 3166 consolationis.

2067 3222 2247 3276 CAPUT
2280 3222 2371 3276 XI.
2398 3252 2464 3260 ——
2488 3222 2564 3275 De
2595 3223 2827 3289 passione
2848 3226 3013 3277 sancti
3040 3223 3314 3296 Bouifacii.

1972 3332 2058 3385 55.
2088 3330 2220 3385 Cum
2246 3343 2424 3385 autem
2454 3349 2666 3387 servum
2700 3349 2853 3388 suum
2888 3347 3127 3390 sanctum
3154 3337 3482 3391 Bonifaciutn

1902 3422 2158 3476 Dominus
2188 3423 2254 3476 de
2300 3422 2456 3488 hujus
2505 3425 2685 3477 mundi
2711 3425 2869 3478 vellet
2918 3429 3209 3483 tentatione
3252 3428 3481 3495 eripere,

1902 3525 1953 3567 et
2000 3514 2305 3579 telttpuraiis
2356 3516 2475 3567 vitae
2524 3516 2955 3571 tribulationibus
3002 3518 3313 3576 sublevare;
3362 3527 3485 3573 tunc

1902 3606 2057 3657 etiam
2095 3605 2318 3658 Domino
2349 3606 2693 3673 dispensante
2724 3606 3001 3661 deﬁnitum
3056 3620 3136 3662 εει
3168 3619 3225 3663 ut
3261 3609 3328 3663 ad
3373 3610 3485 3663 Fri-

1901 3692 2057 3757 siam,
2101 3694 2229 3745 olim
2279 3708 2503 3761 corpore
2548 3711 2650 3749 non
2700 3698 2912 3763 quidem
2966 3710 3163 3766 mente,
3207 3700 3479 3765 omissam,

1901 3783 2071 3835 servis
2098 3784 2187 3835 Dei
2220 3798 2399 3836 secozu
2434 3786 2784 3853 migrantibus
2816 3790 3138 3853 perveniret,
3173 3797 3230 3841 ut
3261 3789 3348 3842 tibi
3379 3793 3484 3855 pri-

1903 3875 2061 3925 mitus
2094 3876 2489 3943 pra-dicationis
2517 3877 2749 3930 Studium
2784 3880 3088 3945 ingrediens
3141 3884 3481 3948 praemiorum

1902 3962 2244 4017 inchoaverat
2297 3967 2647 4030 incrementa,
2702 3968 2861 4021 etiam
2930 3984 2959 4021 a
3024 3972 3221 4023 sceculo
3274 3972 3487 4025 rediens

1902 4066 2145 4119 sumptus
2172 4056 2429 4120 reciperet
2454 4058 2918 4111 remunerationis.
2945 4060 3045 4112 Sed
3073 4062 3207 4113 miro
3229 4063 3487 4129 quodam-

1902 4147 2061 4198 modo
2095 4146 2325 4199 vaticinii
2359 4150 2620 4216 prmsagio
2662 4160 2973 4215 sequentem
3006 4153 3181 4205 obitus
3228 4155 3310 4206 sui
3343 4156 3482 4209 diem

1905 4238 2155 4303 praedicto
2189 4239 2438 4305 episcopo
2464 4239 2614 4291 Lullo
2644 4240 3038 4308 praenuntiavit,
3068 4254 3119 4293 et
3150 4245 3292 4311 quali
3336 4262 3483 4298 mun-

1903 4325 2027 4378 dmn
2062 4327 2167 4379 ﬁne
2202 4327 2417 4381 demmn
2466 4329 2794 4397 relinqueret
2838 4331 3145 4395 insinuavit,
3193 4335 3349 4401 eique
3396 4349 3488 4401 per

1902 4418 2141 4470 ordinem
2177 4420 2243 4470 de
2274 4420 2622 4472 ecclesiarum
2652 4428 2918 4474 structura
2952 4430 3008 4473 et
3036 4423 3212 4489 populi
3243 4423 3484 4477 doctrina

1904 4508 2206 4575 preposnit,
2233 4508 2453 4562 dicens:
2485 4527 2502 4558 ι
2534 4510 2645 4579 Ego
2686 4510 2828 4563 enim
2868 4512 3200 4581 propositum
3232 4516 3483 4583 pergendi

206 4596 313 4649 lum
344 4592 595 4648 omnibus
643 4590 709 4644 ad
756 4589 1059 4658 exemplum
1106 4588 1357 4657 gradibus
1405 4588 1539 4642 bene
1583 4589 1793 4642 vivendi
1830 4585 1879 4644 Ι)
1908 4598 2009 4652 iter
2060 4598 2332 4663 complere
2386 4598 2572 4665 cupio;
2625 4613 2725 4667 ego
2778 4614 2865 4653 me
2906 4615 2935 4653 a
2985 4602 3289 4656 desiderato
3322 4606 3485 4673 proli-

204 4692 529 4753 npponeret,
584 4691 633 4734 et
690 4680 912 4735 evidens
964 4680 1171 4734 cunctis
1228 4680 1465 4731 verltatis
1517 4680 1795 4747 vestigium

206 4775 473 4837 oriretur;
497 4774 603 4840 jam
635 4772 731 4825 sibi
763 4786 980 4840 sumque
1022 4770 1316 4823 inﬁrmitati
1353 4770 1599 4835 long:evo
1628 4771 1798 4825 teratis

205 4863 359 4917 senio
406 4861 743 4925 decrepitus,
806 4860 1018 4912 salubre
1068 4857 1309 4911 exhibuit
1361 4859 1667 4919 consilium,
1722 4871 1795 4924 et,

200 4952 354 5021 juxta
384 4950 760 5005 ecclesiasticze
782 4950 1146 5016 dispositionis
1177 4950 1499 5015 normulam,
1536 4952 1799 5015 pasmrale

210 5044 419 5112 populis
451 5040 693 5110 prmvidit
726 5038 1111 5109 magisterium,
1144 5048 1219 5103 ut,
1265 5039 1379 5093 sive
1427 5042 1637 5094 vivente
1685 5042 1796 5106 illo,

208 5135 322 5188 sive
348 5135 509 5186 etiam
555 5136 835 5197 moriente,
881 5131 1185 5186 ntedicinali
1226 5131 1375 5199 plebs
1423 5141 1690 5198 pastorum
1723 5135 1799 5186 ol—

212 5224 331 5280 licio
370 5224 591 5277 minime
630 5230 858 5287 careret,
890 5230 944 5275 et
990 5221 1123 5275 duos
1169 5223 1321 5277 bona:
1358 5223 1629 5277 industriae
1660 5225 1801 5278 virus

211 5316 274 5370 ad
324 5315 571 5370 ordinem
614 5315 950 5385 episcopatus
996 5317 1279 5383 promovit,
1334 5316 1698 5371 Willibaldum
1749 5328 1804 5373 et

216 5407 602 5471 Burcbardum,
639 5407 825 5471 eisque
858 5407 909 5460 in
962 5406 1160 5461 intimis
1203 5396 1540 5463 orientalium
1570 5411 1802 5465 Franco-

216 5514 329 5553 rum
362 5501 605 5569 partibus
633 5508 685 5553 et
724 5499 1087 5569 Bajoariorum
1130 5502 1372 5557 terminis
1405 5501 1669 5558 Ecclesias
1698 5506 1799 5559 sibi

286 5661 311 5687 ⁸
339 5652 531 5707 Mirum
563 5660 646 5705 est
674 5652 869 5705 nullam
902 5653 1093 5707 factam
1144 5668 1264 5710 esse
1309 5656 1630 5712 mentionem
1663 5661 1797 5714 sexti

218 5723 425 5776 caurilii
459 5720 722 5773 adversus
753 5722 1140 5778 Monotltelitas.

287 5791 748 5864 l’Bortifaciusct
792 5793 1077 5848 Zacharias
1126 5811 1278 5864 papa,
1324 5797 1375 5850 in
1422 5798 1613 5851 litteris
1661 5800 1794 5862 suis,

220 5862 283 5917 ab
310 5864 573 5930 Uthluno,
626 5861 721 5916 lib.
756 5877 809 5929 ιι,
840 5878 992 5935 capp.
1023 5866 1046 5921 l
1077 5875 1127 5922 ct
1154 5861 1491 5933 BadduCtis,
1543 5884 1646 5925 non
1681 5887 1794 5926 tuc-

1902 4688 2133 4743 ciscendi
2188 4688 2381 4742 itinere
2434 4704 2691 4744 revocare
2744 4705 2849 4745 non
2921 4698 3130 4756 potero.
3176 4694 3294 4748 Jatn
3344 4696 3485 4749 enim

1903 4781 2061 4834 instat
2092 4781 2435 4835 resolutionis
2465 4796 2597 4835 mete
2643 4781 2780 4845 dies,
2826 4793 2881 4837 et
2922 4792 3131 4850 tempus
3161 4788 3337 4839 obitus
3382 4790 3485 4841 mei

1901 4871 2432 4940 appropittqual,jattt
2457 4872 2621 4935 enim,
2650 4872 2896 4940 deposito
2925 4876 3166 4943 corporis
3190 4880 3484 4945 ergastulo,

1902 4972 2115 5016 internae
2161 4965 2525 5017 retributionis
2574 4974 2815 5018 revertar
2858 4965 2922 5018 ad
2971 4966 3233 5021 bravium.
3266 4968 3371 5023 Sed
3406 4978 3483 5031 tu.

1904 5054 1970 5106 ﬁli
2022 5054 2091 5106 mi
2134 5054 2469 5120 citatissime,
2520 5065 2842 5109 structuram
2889 5056 2942 5109 in
2988 5056 3277 5124 Tlturingia
3324 5075 3352 5111 a
3400 5075 3486 5114 mo

1903 5153 2130 5211 emptam
2170 5144 2514 5197 ecclesiarum
2564 5145 2629 5199 ad
2678 5145 3018 5212 perfectionis
3056 5147 3339 5202 terminum
3388 5154 3484 5203 de.

1903 5234 2033 5299 duc;
2066 5244 2120 5288 tu
2161 5236 2409 5304 populum
2452 5234 2521 5289 ab
2549 5236 2748 5290 erroris
2796 5237 2940 5290 invio
2992 5238 3376 5292 instantissime
3402 5255 3487 5295 re-

1904 5340 2054 5387 voca,
2088 5336 2247 5395 tuque
2275 5327 2678 5381 aediﬁcationem
2713 5328 2947 5382 basilica:
2988 5330 3097 5397 jam
3132 5330 3391 5385 inchoata:
3414 5331 3478 5383 ad

1906 5415 2125 5469 Fuldatn
2160 5418 2388 5485 comple,
2435 5418 2742 5488 ibidemque
2774 5435 2947 5473 meum
2997 5419 3179 5474 multis
3224 5437 3482 5477 annorutn

1903 5509 2184 5563 curriculis
2256 5525 2446 5579 corpus
2520 5511 2872 5565 inveteratum
2952 5512 3169 5581 perduc.
3212 5532 3232 5565 ι
3284 5513 3486 5582 Hisque

1905 5667 2173 5721 rnineruut
2204 5665 2349 5719 urbis
2386 5665 2605 5726 Eicstat,
2650 5666 2803 5733 cujus
2837 5666 2953 5719 loco
3004 5666 3239 5719 scribunt
3290 5667 3482 5731 Ernes-

1903 5737 2028 5790 furt.
2062 5736 2197 5807 Lege
2222 5736 2469 5807 adnotata
2496 5738 2545 5791 in
2579 5738 2670 5792 lib.
2699 5752 2759 5805 tt,
2792 5752 2908 5807 Cap.
2946 5740 2993 5804 l,
3025 5747 3077 5791 et
3113 5736 3283 5791 \‘itatn
3314 5737 3480 5793 sancti

1904 5806 2191 5864 Willibaldi
2225 5806 2461 5863 inferius.
