4170 6536
797 405 899 461 627

1794 418 1849 471 S.
1898 418 2291 476 BONIFACIUS
2336 423 2639 481 MOGUNT.
2684 427 3072 488 EPISCOPUS.

3936 446 4025 503 638

795 525 1074 593 completis
1101 526 1452 589 sermonibus,
1486 526 1657 581 adhuc
1695 531 1955 597 ampliora
2002 534 2367 601 hujuscemodi
2398 544 2444 598 Α
2472 538 2781 603 apostolica:
2812 539 3157 597 inStitutiouis
3201 558 3439 601 normam
3486 561 3583 604 cor
3625 560 3737 606 erat
3783 570 3939 609 unum
3977 570 4026 614 et

794 612 1001 668 addidit
1030 618 1207 681 verba,
1238 624 1291 670 et
1320 616 1391 671 ita
1437 618 1682 687 inquiens
1710 620 1818 674 ait:
1855 640 1874 674 ι
1909 622 2031 687 Fili,
2064 632 2154 677 tuo
2180 634 2371 681 cuncta

795 704 1209 771 prudentissime
1259 707 1475 776 provide
1505 710 1752 774 consilio,
1781 726 1897 781 qum
1944 713 1998 767 in
2041 715 2142 769 huc
2190 725 2371 770 nostro

792 793 899 847 sint
940 794 1056 847 usui
1109 796 1296 851 itinere
1345 799 1680 866 copulanda;
1730 804 1825 857 sed
1872 811 1927 859 et
1972 805 2211 871 linteum,
2266 823 2371 876 quo

792 896 969 936 meum
998 884 1325 953 decrepitum
1367 903 1559 959 corpus
1594 893 1917 961 involvatur,
1946 896 1998 951 in
2029 896 2179 952 theca
2203 898 2366 952 libro-

788 986 905 1026 rum
934 988 1173 1030 meorum
1208 992 1429 1046 repone.
1464 1000 1483 1031 ο

853 1104 944 1161 Si.
986 1106 1120 1163 Cum
1159 1121 1333 1166 autem
1376 1113 1624 1180 przefatus
1662 1125 1821 1171 tanta;
1859 1135 2069 1189 quoque
2102 1123 2361 1191 religiosi-

791 1196 918 1251 tatis
944 1201 1167 1255 antistes
1194 1204 1424 1270 suspitia
1454 1221 1559 1260 non
1593 1206 1768 1263 ferens
1800 1212 1979 1264 statim
2012 1226 2070 1267 se
2100 1214 2153 1266 in
2186 1214 2359 1284 lacry-

789 1302 904 1342 mas
941 1288 1197 1357 dedisset,
1235 1292 1345 1361 jam
1390 1307 1603 1351 sanctus
1646 1298 1974 1369 Bonifacius,
2004 1303 2153 1356 linito
2194 1303 2361 1359 collo-

785 1378 947 1446 quio,
982 1380 1048 1433 ad
1077 1382 1178 1435 alia
1208 1384 1401 1450 rediit,
1434 1395 1489 1441 et
1518 1386 1709 1443 diebus
1739 1407 1844 1445 non
1892 1394 2071 1446 multis
2121 1394 2359 1465 interpo-

781 1466 899 1522 sitis
927 1469 995 1524 ab
1025 1482 1245 1541 accepto
1295 1489 1354 1529 se
1402 1477 1622 1533 minime
1668 1482 1888 1535 retraxit
1937 1482 2170 1549 itinere;
2217 1487 2356 1553 sed,

780 1562 1013 1627 sumptis
1057 1578 1238 1619 secum
1269 1570 1692 1635 conviatoribus,
1738 1588 1926 1627 navem
1972 1576 2245 1641 ascendit,
2295 1593 2359 1633 ac

779 1662 875 1714 per
904 1648 1076 1705 Rheni
1108 1654 1341 1709 ﬂuminis
1369 1659 1576 1713 alveum
1608 1672 1912 1728 penetrans,
1941 1674 2200 1721 nocturna
2235 1683 2355 1737 por-

781 1749 927 1793 tuum
958 1745 1166 1810 navigio
1196 1749 1483 1817 exquisivit
1524 1752 1637 1805 loca
1658 1792 1673 1818 ,
1716 1754 1916 1819 donec,
1948 1772 2143 1826 aquosa
2178 1758 2356 1813 Friso-

774 1846 900 1884 num
947 1847 1071 1888 arva
1115 1837 1447 1907 ingrediens,
1494 1850 1640 1897 trans
1687 1858 1934 1913 stagnum
1982 1850 2124 1917 quod
2175 1851 2349 1919 lingua

774 1936 961 1977 eorum
993 1926 1188 1981 dicitur
1217 1930 1428 1985 Elmcre
1458 1933 1609 2001 (Vid.
1651 1937 1788 2003 infra
1808 1978 1821 2000 ,
1871 1955 2011 1991 num.
2040 1939 2132 2009 58)
2164 1958 2348 2011 sospes

775 2014 1046 2080 pervenit,
1078 2017 1465 2091 infecundaque
1491 2024 1670 2079 divino
1700 2032 1943 2095 germine
1976 2030 2147 2085 littora
2183 2034 2346 2102 inspi-

773 2100 966 2157 ciendo
994 2105 1203 2161 circuit.
1237 2112 1474 2181 Cumque
1506 2116 1862 2182 periculosum
1895 2119 2206 2189 ﬂuminum,
2241 2140 2349 2177 ma-

778 2190 987 2261 risque,
1017 2204 1071 2249 et
1100 2197 1392 2266 ingentium
1423 2218 1676 2271 aquarum
1698 2248 1714 2271 ,
1746 2211 2005 2264 evasisset
2031 2213 2347 2279 discrimen,

780 2282 833 2335 in
864 2283 1157 2350 periculum
1183 2289 1293 2358 jam
1334 2292 1453 2347 sine
1501 2295 1739 2362 periculo
1781 2300 2001 2369 incidit,
2030 2313 2349 2374 gentemque

773 2386 1031 2442 paganam
1062 2376 1343 2434 Frisonum
1375 2382 1613 2438 visitavit
1638 2393 1683 2451 ο,
1715 2402 1833 2456 qua:
1855 2434 1867 2457 ,
1911 2390 2350 2462 interjacentibns

771 2464 948 2532 aquis,
983 2466 1034 2519 in
1064 2468 1351 2525 multorum
1380 2488 1630 2543 agrorum
1660 2477 1913 2535 dividitur
1944 2496 2127 2551 pagos,
2161 2486 2232 2540 ita
2261 2496 2347 2555 ut,

766 2551 995 2609 diversis
1042 2560 1292 2626 appellati
1345 2564 1684 2631 nominibus,
1737 2570 1891 2623 unius
1946 2582 2121 2628 tamen
2167 2551 2345 2644 gentis

765 2644 1147 2712 proprietatem
1194 2652 1549 2718 praetendant.
1600 2653 1706 2711 Sed
1753 2657 1874 2725 quia
1920 2660 2133 2730 longum
2177 2675 2261 2721 est
2292 2676 2348 2723 ut

766 2748 865 2802 per
892 2738 1138 2793 ordinem
1169 2742 1512 2809 replicentur,
1546 2760 1639 2802 eos
1670 2757 1873 2805 tantum
1901 2752 1968 2808 de
2009 2758 2225 2814 nomine
2254 2761 2347 2817 de-

768 2824 976 2880 nudare
1005 2829 1284 2884 studemus
1314 2832 1403 2899 qui
1434 2832 1499 2885 ad
1531 2838 1852 2894 narrationis
1905 2854 2103 2899 nosme
2147 2849 2343 2903 seriem

758 2920 1022 2975 veraciter
1054 2921 1413 2987 proferuntur,
1462 2936 1517 2979 ut
1545 2938 1597 2981 et
1628 2929 1779 2985 locus
1805 2941 1860 2986 et
1893 2933 2069 3004 lingua
2117 2940 2340 2995 relatam

758 3025 788 3064 a
821 3008 977 3066 nobis
1005 3011 1143 3067 beati
1190 3016 1291 3069 viri
1336 3018 1745 3073 sanctimoniam
1791 3026 2072 3092 aequaliter
2114 3031 2341 3097 prodat,

755 3110 811 3157 et
837 3102 979 3172 quali
1012 3103 1153 3159 hunc
1184 3106 1438 3161 mundum
1471 3108 1574 3163 fine
1603 3110 1877 3169 desereret
1904 3117 2126 3185 aperiat.

826 3234 917 3289 55.
959 3235 1065 3291 Per
1108 3252 1321 3295 omnem
1364 3240 1526 3311 igitur
1568 3242 1788 3299 Frisiam
1820 3261 2081 3318 pergens,
2114 3252 2335 3305 verbum
2366 3234 2410 3294 θ

759 3324 1008 3394 Domini,
1060 3330 1317 3398 paganico
1360 3334 1464 3386 ritu
1510 3335 1726 3403 repulso
1770 3346 1824 3391 et
1865 3352 2095 3393 erroneo
2137 3342 2342 3409 gentili-

759 3422 885 3474 tatis
914 3437 1065 3477 more
1103 3423 1418 3490 destructo,
1465 3426 1733 3482 instanter
1773 3430 2126 3499 praedicabat,
2168 3433 2338 3488 ercle-

759 3512 973 3580 siasque
992 3554 1009 3578 ,
1041 3516 1257 3570 nomine
1283 3516 1557 3571 confracta
1584 3519 1929 3574 delubrorum
1950 3563 1967 3587 ,
2001 3524 2199 3589 ingenti
2230 3534 2340 3578 stu-

767 3603 860 3657 dio
891 3604 1166 3660 fabricavit
1195 3624 1209 3672 ;
1240 3616 1295 3661 et
1325 3609 1489 3662 multa
1528 3610 1637 3677 jam
1682 3612 1845 3664 millia
1887 3612 2159 3667 hominum
2199 3615 2339 3668 viro-

760 3712 879 3749 rum
909 3712 972 3752 ac
1001 3698 1284 3756 mulierum
1306 3741 1322 3766 ,
1354 3701 1447 3755 sed
1476 3713 1527 3755 et
1560 3703 1901 3768 parvulorum
1921 3744 1935 3767 ,
1967 3720 2085 3757 cutn
2115 3707 2338 3760 commi-

758 3788 925 3841 litone
955 3803 1052 3841 suo
1082 3791 1401 3859 coepiscopo
1440 3791 1727 3847 (luebaneo
1758 3792 1785 3832 δ
1814 3792 2132 3861 baptizavit,
2177 3811 2335 3864 quem

762 3876 828 3929 ad
860 3876 1285 3933 subveniendum
1317 3893 1427 3934 sua:
1457 3883 1645 3935 senilis
1685 3884 1857 3937 tntatis
1888 3883 2181 3949 debilitati,
2219 3887 2334 3942 Fri-

758 3966 1016 4033 sonibus,
1072 3968 1313 4037 injuncto
1360 3971 1648 4038 episcopo,
1693 3972 1743 4025 in
1786 3973 1917 4027 urbe
1957 3990 2076 4043 qua:
2116 3990 2337 4032 vocatur

755 4055 953 4111 Trecbt
984 4057 1135 4128 [Αι.,
1163 4060 1397 4125 Treltet,
1429 4062 1646 4129 Treltit,
1681 4066 1831 4116 modo
1864 4065 2115 4137 Utrecht]
2147 4072 2339 4124 subro-

753 4150 935 4217 gavit,
971 4166 1091 4203 cum
1126 4154 1453 4222 presbyteris
1483 4170 1545 4208 ac
1572 4156 1889 4211 diaconibus
1914 4200 1927 4219 ,
1961 4176 2185 4225 quorum
2222 4162 2335 4216 hmo

756 4240 968 4293 nomina
1000 4254 1154 4295 sunt:
1189 4242 1470 4311 Wintrung
1514 4254 1564 4298 et
1596 4245 1817 4301 Walteri
1862 4249 2019 4302 simul
2061 4261 2114 4303 et
2154 4252 2335 4306 Ethel-

754 4332 868 4385 heri
898 4334 1216 4388 sacerdotali
1245 4335 1426 4389 ofﬁcio
1456 4338 1694 4404 praeditis
1722 4356 1733 4389 :
1766 4341 2030 4401 llamunt,
2061 4342 2329 4408 Srirbahl,

749 4431 805 4476 et
856 4424 991 4477 llosa
1039 4425 1343 4479 Levitarnm
1388 4430 1648 4494 obsequio
1692 4430 1998 4497 deputatis;
2034 4432 2255 4489 Waccar
2281 4448 2333 4491 et

751 4513 1124 4571 Guntlwarcar
1176 4518 1341 4589 [Al.,
1389 4519 1747 4592 Gundecar],
1801 4522 2087 4579 lllesehcre
2134 4538 2184 4581 et
2236 4529 2331 4582 fla-

751 4607 947 4665 tbovvlf
983 4614 1344 4668 monasteriali
1386 4616 1771 4670 monachorum
1805 4618 1990 4673 ordine
2019 4622 2328 4679 subici-alis.

747 4701 848 4766 Qui
879 4705 1038 4756 etiam
1066 4706 1118 4758 in
1150 4714 1353 4759 tantum
1386 4708 1505 4760 vitae
1532 4721 1746 4761 acterna:
1777 4723 1960 4763 semen
1994 4728 2116 4766 cum
2148 4728 2331 4769 sancto

750 4789 1025 4846 Borrifacio
1079 4795 1183 4847 late
1236 4810 1328 4860 per
1377 4796 1629 4863 populum
1682 4797 2052 4866 divulgantes,
2106 4802 2329 4860 Domino

753 4879 860 4933 Deo
892 4882 1295 4948 patrocinante,
1328 4883 1769 4949 diﬂ'amaverunt,
1812 4898 1869 4940 ut
1910 4893 2136 4957 quibus,
2177 4892 2326 4961 juxta

821 5040 845 5068 ι
896 5035 946 5085 Id
991 5037 1153 5089 semel
1196 5048 1246 5088 et
1290 5038 1475 5092 iterum
1506 5056 1534 5093 a
1569 5040 1840 5095 Bonifacio
1883 5043 2075 5098 fat-tum
2117 5047 2323 5103 duobus

750 5104 1011 5169 supretnis
1045 5107 1163 5159 vita:
1192 5122 1304 5160 ειμι
1330 5110 1519 5170 annis,
1551 5112 1708 5165 tradit
1737 5113 1867 5175 Eigil
1898 5114 2061 5169 abbas
2093 5118 2142 5170 in
2176 5120 2323 5174 Actis

749 5175 917 5242 sancti
950 5175 1165 5227 Stttrmii
1194 5219 1207 5237 ,
1242 5194 1387 5230 ltlllll.
1429 5180 1524 5242 l3,
1559 5181 1621 5232 ad
1651 5199 1777 5235 ann.
1813 5184 1939 5237 779.

824 5241 850 5279 ι’
896 5244 1021 5294 Aliis
1056 5246 1299 5311 Eoltann,
1334 5250 1397 5298 «lc
1425 5241 1531 5315 quo
1563 5252 1611 5303 itt
1645 5254 1913 5305 observat.
1948 5257 2157 5317 praeviis
2186 5260 2320 5312 dixi-

752 5327 899 5398 mus,
937 5328 1076 5398 n‘utn.
1118 5318 1170 5369 9.
1208 5318 1281 5370 De
1312 5318 1428 5398 aliis
1459 5319 1509 5371 in
1541 5325 1834 5398 appendice
1859 5335 1983 5398 post
2011 5326 2320 5398 Otblonum,

753 5382 911 5455 infra:
942 5381 1334 5455 Canisiustlrgit
1366 5381 1735 5455 Cltorepiscopo
1767 5381 1968 5447 Doliatt.

826 5466 845 5529 ξ
894 5453 1073 5529 Bude
1105 5472 1195 5507 seu
1234 5453 1691 5529 [inrdttelBurdoi
1726 5463 1897 5515 amnis
1929 5466 2052 5517 olim
2086 5467 2326 5521 Westra—

752 5521 899 5593 chios
930 5523 993 5574 ab
1026 5522 1352 5578 Oostracltiis
1372 5567 1383 5589 ,
1415 5528 1464 5579 id
1481 5521 1573 5582 ‘est
1594 5572 1606 5593 ,
1637 5521 2000 5587 Occidentale~
2031 5535 2232 5589 Frisios
2258 5540 2324 5592 ab

755 5586 1112 5667 Orientalibus
1158 5586 1444 5667 dirimens,
1490 5586 1621 5667 quos
1665 5618 1803 5655 nunc
1843 5586 2089 5658 Antasius
2134 5607 2322 5662 ﬂuvius

753 5663 1119 5737 disternt_i_nat_,_
1157 5665 1232 5718 uti
1254 5668 1315 5737 in
1347 5663 1722 5725 observatione
1754 5673 1782 5723 7
1815 5674 2012 5737 praevia
2044 5677 2109 5726 ad
2147 5677 2317 5732 Vitam

752 5734 916 5783 sanrti
959 5730 1289 5789 Willibrordi
1330 5737 1721 5794 adnotavimus.
1767 5730 2077 5798 Willibaldo
2122 5746 2220 5800 hac
2264 5730 2316 5802 in

752 5812 899 5861 parte
930 5804 1193 5859 consentit
1225 5804 1529 5877 Fredegarii
1564 5812 1921 5879 continuator,
1955 5829 2073 5883 cap.
2113 5815 2195 5880 l9,
2228 5819 2314 5873 ubi

2365 4586 2413 4643 D

2473 626 2649 679 anima
2698 644 2834 695 una,
2879 631 3172 703 eademque
3211 646 3354 692 esset
3392 646 3447 694 et
3490 642 3662 709 palma
3709 645 3938 716 martyrii
3977 658 4024 704 et

2473 718 2833 773 remuneratio
2867 722 3140 790 triumphi.

2541 808 2630 863 56.
2673 808 2961 881 Postquam
3008 812 3169 885 igitur
3218 817 3372 886 fidei,
3422 829 3479 877 ut
3528 825 3892 895 pmdiximus,
3938 847 4020 901 per

2470 899 2693 956 Frisiam
2718 903 2966 960 illuxerat
2986 909 3261 979 splendor,
3281 921 3337 968 et
3360 914 3481 969 felix
3511 928 3707 975 sancta:
3736 922 3889 991 hujus
3910 899 4019 982 vitta

2467 994 2926 1062 appropinquaret
2971 998 3117 1063 finis,
3158 1001 3267 1068 jam
3311 1005 3523 1074 quidem
3554 1025 3705 1065 secus
3734 1013 3899 1081 ripam
3928 1016 4019 1070 ﬂu-

2467 1083 2625 1135 minis
2655 1083 2797 1152 quod
2826 1084 3019 1141 dicitur
3051 1089 3261 1145 Bordne
3294 1103 3341 1158 ε,
3371 1098 3513 1164 quod
3543 1107 3627 1152 est
3654 1101 3704 1153 in
3737 1102 4021 1159 confinibus

2464 1189 2648 1229 eorum
2694 1178 2780 1246 qui
2811 1184 3005 1233 rustica
3036 1182 3285 1241 dicuntuc
3312 1186 3488 1257 lingua
3518 1189 3675 1245 Ostar
3701 1201 3753 1247 et
3784 1194 4022 1251 Westber

2464 1265 2765 1339 [Anonymo
2794 1268 3051 1326 Astroche
3079 1283 3133 1327 et
3162 1274 3475 1333 Westroche
3496 1279 3515 1350 ]
3538 1322 3551 1345 ,
3584 1297 3793 1337 suorum
3826 1295 4018 1340 tantum

2461 1356 2686 1423 stipatus
2723 1359 2979 1415 clientum
3013 1380 3258 1434 numero,
3293 1370 3466 1425 erexit
3498 1376 3744 1429 tentoria.
3774 1376 3877 1431 Sed
3905 1380 4019 1447 quia

2467 1444 2661 1501 festum
2691 1446 3129 1509 Conﬂrmationis
3160 1457 3547 1529 neapbytorum
3587 1463 3727 1518 diem
3770 1474 3824 1520 et
3862 1444 4021 1535 nuper

2461 1541 2849 1607 baptizatorum
2881 1545 2948 1599 ab
2971 1548 3228 1615 episcopo
3248 1566 3433 1608 manus
3454 1554 3805 1624 impositionis
3829 1568 3884 1613 et
3900 1575 4021 1614 con-

2462 1631 2774 1689 firmationis
2819 1638 3016 1707 popqu
3060 1641 3414 1707 prmdixerat,
3457 1646 3567 1714 jam
3616 1648 3769 1717 longe
3814 1650 4021 1720 lateque

2459 1724 2702 1792 disperso
2727 1727 2792 1778 ad
2830 1731 3097 1797 propriam
3123 1734 3487 1802 unusquisque
3524 1751 3767 1792 reversus
3796 1751 3879 1794 est
3925 1742 4018 1795 do-

2460 1830 2635 1880 mum,
2664 1827 2719 1869 ut
2747 1820 3037 1873 secundum
3067 1822 3338 1878 definitam
3368 1830 3685 1883 sententiam
3713 1832 3881 1885 sancti
3911 1832 4020 1901 epi-

2454 1908 2599 1973 scopi
2632 1910 2859 1964 universi
2891 1913 3267 1977 praadestinato
3293 1920 3709 1976 confirmationis
3734 1938 3915 1977 eorum
3939 1925 4020 1978 die

2454 2008 2927 2060 prmsentarentur.
2972 2001 3103 2057 Cum
3146 2015 3321 2060 autem
3364 2010 3642 2076 pra-dictus
3672 2013 3783 2065 dies
3816 2015 4012 2068 illuxis-

2452 2094 2535 2137 set
2559 2128 2568 2145 ,
2604 2097 2657 2139 et
2683 2102 2873 2142 aurora
2907 2090 3036 2143 lucis
3064 2104 3181 2146 orto
3207 2097 3315 2162 jam
3344 2098 3457 2154 sole
3488 2114 3870 2167 prorumperet,
3899 2112 4017 2157 tunc

2452 2176 2611 2227 etiam
2645 2192 2793 2229 versa
2824 2178 2939 2232 vice
2972 2196 3065 2245 pro
3096 2182 3282 2238 amicis
3313 2184 3534 2251 inimici,
3566 2196 3621 2242 et
3646 2191 3766 2243 novi
3794 2191 4017 2261 denique

2454 2262 2670 2317 lictores
2698 2281 2794 2334 pro
2825 2267 3038 2323 novitiis
3068 2270 3188 2325 lidei
3217 2274 3509 2329 cultoribus
3540 2278 3863 2334 advenerant
3882 2320 3896 2341 ,
3927 2282 4018 2336 ho-

2450 2354 2720 2425 stiumque
2751 2357 2937 2425 ingens
2968 2359 3019 2413 in
3052 2374 3226 2416 castra
3262 2366 3594 2420 vibrantibus
3621 2372 3785 2423 armis
3813 2371 4017 2425 bastata

2449 2455 2607 2513 atque
2650 2456 2855 2501 scutata
2904 2451 3133 2507 irruerat
3176 2454 3480 2510 mulitodo.
3508 2457 3655 2513 Tunc
3683 2470 3907 2529 repente
3953 2477 4015 2517 ex

2449 2534 2678 2589 adverso
2708 2539 2857 2605 pueri
2894 2553 2925 2594 e
2953 2543 3146 2596 castris
3176 2544 3515 2612 prosilientes
3544 2550 3822 2619 utrobique
3849 2564 3909 2606 se
3935 2566 4020 2605 ar-

2449 2626 2550 2678 mis
2582 2626 2841 2696 impetunt
2861 2670 2877 2694 ,
2907 2639 2963 2684 et
2990 2643 3207 2688 sanctos
3235 2645 3417 2690 contra
3462 2638 3785 2694 iusensatutn
3806 2681 3824 2707 ,
3872 2652 4018 2709 post-

2449 2718 2664 2773 modum
2694 2720 2987 2791 Martyres,
3024 2723 3253 2780 furentis
3284 2729 3463 2795 populi
3508 2731 3794 2785 exercitum
3836 2732 4020 2787 defen-

2447 2810 2575 2863 dere
2604 2812 2861 2879 gestiunt.
2886 2814 2992 2869 Sed
3017 2814 3097 2869 vir
3118 2816 3213 2872 Dei
3239 2819 3417 2872 statim
3444 2820 3624 2874 audito
3653 2822 4019 2878 tumultuantis

2450 2904 2618 2956 turba:
2662 2902 2892 2972 impetu,
2936 2908 3200 2961 accersito
3242 2907 3309 2962 ad
3353 2923 3411 2963 se
3455 2910 3767 2964 clericorum
3812 2912 4015 2977 choro,

2445 2994 2673 3060 sumptis
2700 3006 3003 3048 sanctorum
3032 2996 3276 3063 reliquiis
3303 3012 3434 3064 quas
3459 3013 3634 3053 secum
3663 3000 4019 3055 indesinenter

2449 3086 2651 3138 habere
2683 3094 3070 3149 consueverat,
3100 3102 3164 3140 ex
3195 3090 3422 3141 tentorio
3450 3090 3724 3158 procedit;
3754 3100 3807 3143 et
3835 3091 4019 3145 confe-

2444 3177 2567 3230 stitn
2604 3178 2955 3241 increpando,
2990 3181 3167 3247 pueris
3194 3194 3383 3249 pugna:
3413 3181 3685 3236 interdixit
3711 3192 4016 3248 certamen,

2445 3270 2678 3324 dicens:
2714 3289 2730 3319 ε
2766 3269 3019 3333 Cessate,
3070 3272 3257 3338 pueri,
3308 3286 3337 3323 a
3387 3272 3672 3338 conﬂictu,
3724 3289 4019 3343 pugnaeque

2444 3359 2696 3428 deponite
2730 3359 2926 3413 bellum
2947 3398 2961 3423 ,
2996 3361 3247 3427 quoniam
3277 3361 3569 3430 Scriptura:
3598 3364 3901 3418 testimonio
3929 3381 4018 3419 ve-

2445 3450 2644 3503 raciter
2693 3450 2966 3503 erudimur
3009 3465 3077 3504 ne
3120 3451 3315 3505 malum
3363 3467 3457 3519 pro
3502 3452 3676 3517 malo,
3720 3455 3813 3508 sed
3855 3456 4014 3509 etiam

2445 3542 2581 3595 bona
2623 3556 2721 3608 pro
2753 3542 2936 3608 malis,
2973 3541 3277 3595 reddamus.
3320 3542 3436 3596 Jam
3482 3544 3623 3597 enim
3664 3543 3752 3598 diu
3800 3554 4015 3612 optatus

2441 3642 2522 3685 est
2552 3631 2700 3696 dies,
2733 3641 2787 3686 et
2816 3641 3173 3699 spontaneum
3208 3632 3549 3687 resolutionis
3578 3643 3773 3688 nostrm
3805 3645 4014 3703 tempus

2443 3724 2713 3777 imminet.
2742 3723 3127 3777 Confurtatnini
3160 3724 3317 3791 igitur
3344 3724 3395 3778 in
3427 3724 3678 3792 Domino,
3708 3738 3755 3778 ct
3785 3728 4013 3795 permis-

2440 3813 2605 3866 sionis
2650 3828 2761 3867 sua:
2809 3813 3033 3881 gratiam
3080 3822 3351 3883 gratanter
3392 3816 3652 3879 sollerte,
3699 3826 3913 3885 sperate
3959 3820 4008 3871 in

2440 3918 2593 3967 cum,
2623 3912 2677 3955 et
2707 3903 2952 3956 liberabit
2984 3905 3189 3957 animas
3224 3916 3444 3958 ve5tras.
3482 3922 3502 3957 ι
3538 3904 3641 3960 Sed
3681 3916 3735 3960 et
3774 3918 4009 3961 astantes

2441 4000 2548 4044 tam
2581 3992 2924 4060 presbyteros
2955 4007 3114 4058 quam
3156 3997 3316 4046 etiam
3358 3994 3608 4048 diaconos
3638 3994 4008 4066 inferiorisqno

2438 4081 2642 4134 ordinis
2690 4082 2866 4144 viros.
2914 4081 3011 4135 Dei
3056 4082 3302 4137 subditos
3334 4083 3553 4138 servitio
3573 4125 3589 4150 ,
3621 4086 3785 4155 patris
3813 4087 4005 4141 admo-

2438 4186 2569 4225 nens
2602 4186 2731 4224 voce
2756 4211 2772 4235 ,
2805 4171 2917 4225 ait:
2953 4189 2971 4223 ι
3011 4172 3120 4226 Viri
3162 4172 3385 4237 fratres,
3431 4174 3554 4228 forti
3591 4185 3760 4231 estote
3786 4180 4005 4239 animo,

2437 4270 2489 4312 et
2520 4276 2587 4313 ne
2620 4260 2929 4315 terreamini
2956 4261 3024 4315 ab
3054 4261 3137 4316 his
3181 4264 3271 4331 qui
3316 4263 3565 4318 occidunt
3607 4280 3831 4336 corpus,
3877 4281 4002 4336 quo-

2436 4367 2551 4406 rum
2581 4352 2813 4405 animam
2845 4364 3146 4408 manentem
3178 4354 3295 4409 sine
3340 4356 3447 4410 ﬂne
3490 4371 3685 4412 necare
3727 4374 3832 4411 non
3879 4373 4007 4427 pos-

2440 4453 2606 4509 sunt;
2641 4446 2733 4499 sed
2767 4446 2995 4513 gaudete
3027 4446 3078 4500 in
3112 4445 3339 4500 Domino
3367 4456 3420 4501 et
3447 4449 3561 4517 spei
3594 4459 3780 4503 vestrae
3808 4450 4009 4503 anchoo

2438 4551 2551 4588 ram
2586 4536 2637 4589 in
2672 4552 2793 4590 eum
2825 4536 3079 4604 deligite,
3112 4537 3203 4606 qui
3230 4539 3497 4609 extemplo
3528 4552 3780 4608 perpetuo
3822 4543 4011 4597 reddet

2438 4626 2587 4679 vobis
2638 4629 3086 4681 remunerationis
3133 4632 3463 4693 mercedem,
3510 4641 3564 4685 et
3604 4632 3835 4687 celestis
3875 4634 4009 4687 anlte

2436 4716 2617 4771 sedem
2648 4732 2769 4770 eum
2800 4720 3046 4784 supernis
3078 4720 3388 4786 angelorum
3419 4720 3624 4777 civibus
3662 4723 4004 4777 condonabit.

2436 4808 2611 4862 Nolite
2640 4824 2732 4861 vos
2763 4824 2913 4861 vana:
2948 4808 3103 4876 hujus
3135 4810 3315 4863 mundi
3347 4810 3683 4867 delectationi
3723 4814 4007 4882 subjicere,

2437 4900 2599 4953 nolite
2629 4900 2845 4955 caducis
2874 4900 3150 4968 gentilium
3180 4901 3567 4957 adulationibus
3596 4904 3877 4969 delectari,
3908 4906 4002 4959 sed

2439 5054 2556 5108 Wes
2582 5055 2809 5107 rat/tiam
2841 5066 2885 5108 rt
2912 5056 3265 5108 Uos'rachiam
3299 5057 3398 5125 (sic
3420 5060 3559 5111 enim
3590 5059 3894 5127 legendum)
3922 5063 4002 5113 in-

2430 5127 2569 5179 aulas
2617 5124 2893 5177 Frisonum
2927 5137 3211 5192 penetrasse
3240 5124 3432 5181 dieitur
3456 5124 3676 5181 Carolus
3701 5130 3805 5182 dux
3834 5129 4001 5183 Fran-

2430 5209 2611 5248 corum
2632 5234 2646 5259 ,
2680 5207 2724 5248 et
2754 5212 2907 5260 super
2936 5197 3093 5264 ﬂuvio
3120 5196 3363 5249 Burdone
3401 5208 3568 5250 castra
3610 5201 3852 5259 posuisse.
3904 5200 4004 5254 L0.

2431 5279 2524 5317 cus
2557 5268 2606 5317 in
2640 5283 2743 5329 quo
2774 5278 2987 5319 sanctus
3017 5266 3314 5319 Bonifacius
3345 5270 3648 5336 martyrium
3681 5284 3865 5333 passus
3896 5281 4001 5329 est.

2433 5346 2652 5387 vocatur
2702 5336 2752 5388 in
2799 5338 3020 5399 epistofa
3065 5337 3537 5404 pseudo-Lintlgeri
3585 5339 3649 5391 ad
3704 5338 4000 5392 Bixfridutu

2432 5405 2566 5477 uicus
2620 5406 2821 5477 hoketn
2855 5423 2946 5458 seu
2985 5406 3264 5477 Dockmu,
3299 5406 3365 5477 ab
3403 5421 3665 5476 anonymo
3701 5408 4000 5477 Dockinga,

2434 5474 2746 5547 hodie-urbs
2775 5475 3025 5530 tlimcesis
3058 5476 3483 5541 LeoWartlensis,
3509 5474 3633 5530 olim
3663 5494 3792 5547 pago
3820 5474 4002 5532 Ostia-

2429 5544 2557 5603 cite.
2605 5544 2655 5598 id
2700 5555 2781 5598 est
2827 5546 3010 5625 Frisiis
3050 5548 3410 5626 Orientalibus
3455 5544 4001 5626 ςιιιτίιηιιμέῘ-υᾳρείττ

2427 5615 2589 5667 clesia
2623 5630 2689 5668 eo
2721 5617 2768 5667 in
2802 5617 2919 5669 loco
2949 5616 3001 5669 in
3032 5616 3205 5671 sancti
3247 5617 3392 5670 Pauli
3435 5627 3488 5669 et
3528 5620 3698 5671 sancti
3743 5617 3994 5673 Bonifaeti

2427 5685 2686 5757 honorem
2716 5694 2988 5757 easttucla
3008 5728 3021 5753 ,
3057 5686 3172 5753 lege
3201 5686 3547 5745 anucutlicetn
3591 5696 3827 5744 nostram
3877 5698 3996 5757 post

2423 5755 2637 5809 Otltloni
2669 5756 2862 5811 librum
2894 5768 2927 5810 ν
