4170 6532
158 457 270 512 6‘29

1481 446 1634 499 VITA
1677 447 1732 501 S.
1780 443 2138 500 BUNIFACEI.

3315 439 3418 494 630

162 574 504 628 subitanenm
535 572 619 627 hic
651 579 961 626 constanter
989 568 1164 624 subite
1195 564 1383 619 mortis
1413 562 1695 615 articulum
1722 602 1734 623 ,
1771 576 1812 630 Α
1843 561 2094 613 damnum
2126 599 2137 618 ,
2181 555 2272 608 sed
2321 563 2373 608 et
2418 555 2535 608 vitae
2581 555 2908 621 dispendium
2944 554 3126 607 mortis
3147 593 3160 616 ,
3207 565 3422 622 recepto

164 675 222 718 ut
257 678 484 732 regnare
511 679 629 718 cum
661 663 880 717 Christo
908 659 1126 730 possitis
1155 659 1205 711 in
1239 671 1430 710 aevum.
1471 672 1488 704 ι

237 755 331 809 '57.
379 753 618 824 Cumque
650 753 738 806 tali
765 751 1024 806 doctrina
1073 750 1410 800 hortamento
1456 743 1746 808 discipulos

167 841 236 895 ad
268 855 526 895 coronam
561 841 801 911 martyrii
830 839 1111 894 aﬁabiliter
1142 836 1427 899 incitaret,
1469 830 1744 884 confestim

165 943 332 997 super
361 944 456 984 eos
501 930 684 984 furens
730 943 1052 997 paganorum
1102 925 1357 978 tumultus
1397 938 1514 975 eum
1561 921 1748 988 gladiis

166 1030 474 1087 Cunctaque
503 1020 705 1073 militia:
736 1028 1003 1072 armatura
1034 1017 1222 1079 irruit,
1265 1027 1319 1068 et
1359 1014 1494 1066 felici
1541 1023 1748 1064 sancio-

170 1115 295 1162 rdm
346 1109 493 1163 cmde
543 1122 766 1176 corpora
816 1107 1156 1170 cruentavit;
1209 1106 1493 1171 statimque
1541 1101 1748 1156 mortali

165 1198 443 1269 justorurn
472 1198 690 1252 multata
723 1213 917 1265 carne,
951 1196 1244 1264 tripudians
1285 1194 1556 1263 gentilium
1602 1191 1750 1244 turba

171 1291 458 1344 victricem
485 1305 594 1343 sua:
625 1289 980 1343 damnationis
1011 1287 1238 1356 praedam
1271 1284 1521 1352 arripuit,
1551 1291 1751 1334 castra-

172 1397 279 1448 que
311 1381 652 1450 depopulans
684 1380 956 1434 manubias
984 1378 1280 1447 diripiendo
1311 1375 1617 1441 impertivit.
1647 1371 1752 1426 Sed

175 1481 235 1524 et
267 1471 479 1535 thecas,
510 1469 702 1538 quibus
730 1470 894 1524 multa
925 1468 1134 1522 inerant
1162 1468 1415 1520 librorum
1451 1462 1714 1515 volumina
1739 1503 1752 1523 ,

171 1569 230 1613 et
256 1557 612 1628 reliquiarum
644 1574 866 1628 capsas,
899 1558 1156 1621 abstulit,
1189 1571 1432 1624 magnam
1464 1569 1520 1607 se
1553 1554 1619 1605 ibi
1650 1563 1754 1604 tam

175 1648 296 1701 auri
348 1649 663 1717 argentique
704 1649 911 1716 t'opiatn
950 1648 1213 1709 credens,
1259 1646 1324 1699 ad
1365 1658 1527 1697 naves
1569 1642 1758 1709 quibus

170 1738 523 1807 quotidianus
551 1740 721 1793 inerat
766 1741 1078 1793 clericorum
1122 1754 1182 1792 ac
1225 1752 1504 1808 puerorum
1555 1738 1754 1792 victus.

170 1835 228 1880 et
255 1826 648 1896 aliquantulum
681 1828 856 1881 adhuc
899 1829 1168 1882 residuum
1213 1827 1456 1895 ejusdem
1505 1824 1755 1891 stipendii

1850 654 2076 713 talione,
2112 654 2499 717 perceperunt,
2545 645 2668 714 quia
2709 646 3043 712 omnipotens
3073 645 3256 697 mundi
3288 659 3417 698 coo-

1847 744 1986 793 ditor
2017 755 2078 793 ac
2108 740 2424 792 reformator
2456 737 2634 789 ulcisci
2667 751 2725 789 se
2754 735 2920 788 voluit
2956 736 3022 788 de
3066 735 3292 787 inimicis
3315 771 3331 798 ,
3364 744 3417 785 et

1849 833 2025 884 fusimi
2078 846 2170 897 per
2216 846 2274 884 se
2323 838 2628 882 sanclmum
2676 827 2990 897 sanguinem
3020 836 3286 880 consueta:
3321 827 3416 877 ιιιὶ-

1848 923 2156 976 sericorditc
2189 921 2303 972 zelo
2337 919 2543 986 puniri,
2575 934 2634 970 ac
2674 919 2760 970 diu
2803 919 3113 986 protelatam
3154 917 3413 970 idolorum

1850 1013 2143 1064 cultoribus
2171 1012 2338 1075 iram,
2373 1027 2508 1064 novo
2547 1013 2776 1064 recentis
2814 1013 3027 1064 malitiae
3075 1010 3253 1065 furore
3299 1027 3413 1078 per-

1853 1114 2055 1163 motus.
2093 1105 2302 1171 publice
2334 1105 2634 1157 ostendere.

1923 1212 2102 1266 Care-1'
2143 1213 2252 1267 XII.
2278 1246 2344 1256 -—-
2379 1213 2451 1266 De
2487 1215 2620 1266 sacri
2664 1216 2889 1272 corporis
2934 1215 2985 1266 in
3020 1211 3277 1266 Fuldense
3318 1230 3424 1266 mo-

1868 1295 1872 1301 ‘
2313 1286 2591 1336 nasteriunt
2617 1285 2964 1337 translatione.

1925 1379 2015 1432 38.
2047 1377 2288 1442 Cumque
2319 1377 2602 1439 improvisa
2636 1384 2940 1426 sanctorum
2975 1386 3264 1442 martyrum
3298 1382 3426 1426 tem-

1857 1471 2056 1538 poralis
2085 1467 2426 1534 interemptio
2454 1468 2578 1518 exin
2613 1482 2702 1533 per
2737 1481 2899 1534 pagos
2929 1481 2988 1518 ac
3019 1467 3162 1517 vicos
3188 1481 3425 1519 omnem-

1857 1577 1957 1629 que
1986 1563 2310 1630 provinciam
2341 1560 2604 1617 volitaret,
2648 1570 2866 1623 repente
2896 1557 3206 1619 Christiani,
3238 1571 3427 1624 corpo-

1861 1654 1956 1706 rali
2002 1662 2274 1719 comperta
2326 1658 2620 1717 martyrum
2674 1655 2866 1708 morte,
2900 1647 3182 1699 maximam
3210 1661 3435 1714 congre-

1860 1754 2044 1812 gantes
2089 1742 2483 1809 expeddionem
2535 1740 2800 1791 exercitus
2851 1737 3141 1790 conﬁnium
3176 1736 3430 1788 terminus

1863 1833 2090 1901 prompti
2122 1831 2455 1898 postmodum
2490 1827 2677 1878 futurae
2707 1826 2921 1878 ultionis
2952 1826 3236 1879 bellatores
3264 1839 3428 1890 expe-

173 1918 364 1972 vinum
386 1959 402 1982 ,
433 1919 735 1984 obseratis,
768 1929 827 1974 ut
863 1931 1016 1976 erant
1038 1962 1052 1988 ,
1087 1923 1428 1975 vasculorum
1468 1917 1718 1971 claustris
1740 1959 1752 1980 ,
1787 1918 1832 1975 B
1865 1931 2006 1983 tum;
2055 1933 2128 1984 et,
2177 1919 2411 1972 revoluta
2443 1916 2742 1982 supradicta
2785 1914 2991 1967 dierum
3039 1913 3430 1980 supputatione,

176 2012 487 2077 asportavit
515 2028 531 2076 ;
561 2026 622 2065 ac
652 2022 908 2080 repente,
951 2013 1182 2066 adamati
1221 2021 1498 2078 comperto
1538 2010 1759 2077 liquoris

177 2099 410 2165 haustu,
444 2101 612 2169 etrapit
655 2101 894 2168 gulosam
927 2103 1126 2156 ventris
1155 2102 1348 2154 satiare
1385 2100 1666 2168 ingluviem
1708 2107 1761 2152 et

176 2189 308 2244 vino
338 2189 612 2244 madidum
649 2192 915 2245 inebriare
943 2191 1272 2244 stomachum
1300 2207 1314 2254 ;
1349 2190 1665 2255 tandemque
1694 2190 1760 2241 de

180 2280 424 2348 acceptis
452 2281 646 2349 praedm
674 2281 860 2349 spoliis
891 2282 1021 2335 inito
1050 2281 1306 2345 consilio,
1339 2279 1562 2333 mirabili
1592 2280 1759 2332 omni-

178 2370 418 2437 potentis
463 2370 554 2424 Dei
595 2370 984 2438 dispositione,
1017 2378 1283 2436 tractare,
1312 2379 1365 2424 et
1402 2369 1627 2438 qualiter
1654 2384 1758 2423 non

181 2465 360 2519 visum
395 2464 613 2534 quidem
642 2481 828 2519 aurum
861 2466 944 2520 vel
975 2475 1249 2535 argentum
1282 2466 1420 2519 inter
1447 2479 1503 2518 se
1534 2466 1758 2518 invicem

182 2555 561 2624 dispertiretur
588 2557 886 2610 consulere.
932 2555 1170 2622 Cumque
1219 2555 1473 2626 prolixius
1515 2555 1580 2608 de
1621 2565 1761 2608 tanta

187 2647 534 2714 pecuniarum
577 2647 931 2701 :estimatiooe
960 2649 1467 2710 sermocinarentur,
1496 2645 1514 2714 j
1541 2661 1603 2698 =m
1627 2646 1763 2712 jam-

183 2751 288 2805 que
331 2737 636 2806 jurgiorum
683 2737 998 2804 disceptatio
1043 2745 1228 2792 exorta
1271 2748 1381 2801 est,
1413 2747 1464 2790 et
1496 2747 1639 2790 tanta
1683 2735 1765 2789 di-

187 2826 402 2880 scordia
432 2826 647 2880 demum
680 2827 972 2882 inimicitia:
1004 2827 1246 2882 inchoata
1268 2868 1281 2891 ,
1315 2838 1369 2881 ut
1398 2826 1575 2880 furore
1605 2827 1762 2880 etiam

194 2917 429 2969 vesaniae
459 2917 732 2970 insaniens
761 2917 911 2972 turba
948 2921 998 2970 in
1024 2918 1156 2970 duas
1183 2918 1349 2970 divisa
1382 2928 1463 2971 est
1489 2919 1766 2980 factiones,

185 3016 240 3058 ct
267 3005 334 3059 ad
365 3016 664 3059 extremm
692 3020 838 3060 arma
865 3007 1054 3075 quibus
1078 3016 1290 3061 sanctos
1317 3017 1469 3060 antea
1501 3016 1767 3076 martyres

181 3096 500 3165 jugularunt
525 3097 578 3150 in
608 3098 820 3165 seipsos
845 3098 1135 3152 crudeliter
1160 3099 1443 3168 pugnando
1474 3109 1764 3153 verterunt.

185 3187 337 3241 Tunc
377 3187 558 3256 itaque
601 3188 830 3242 maxima
886 3189 1200 3244 insanientis
1240 3192 1408 3243 turbae
1451 3200 1598 3256 parte
1643 3203 1766 3256 pro-

1861 2012 2155 2066 inﬁdelium
2204 2009 2455 2076 soSpitcs,
2505 2005 2600 2060 sed
2646 2004 2882 2059 indevoti
2937 2003 3204 2068 hospites,
3253 2016 3436 2070 aggre-

1863 2103 2074 2156 diuntur
2102 2110 2320 2162 terram,
2352 2113 2413 2151 ac
2443 2109 2674 2166 paganos
2702 2096 2780 2148 eis
2819 2113 2848 2146 e
2893 2094 3110 2147 diverso
3155 2091 3438 2145 obviautes

1864 2195 2060 2262 ingenti
2085 2202 2256 2258 strage
2286 2199 2687 2259 prostraverunt
2707 2186 2758 2240 δ.
2781 2185 2884 2240 Sed
2912 2188 3030 2254 quia
3057 2187 3239 2254 pagani
3266 2185 3437 2253 primo

1862 2289 2041 2355 populi
2068 2286 2353 2339 Clni~tiani
2394 2284 2610 2349 impetui
2656 2273 2915 2333 obsistere
2954 2295 3055 2333 non
3084 2279 3351 2344 valebant,
3379 2282 3430 2332 iu

1862 2379 2037 2444 fugam
2073 2378 2210 2430 versi
2240 2391 2426 2443 magna
2453 2374 2610 2428 etiam
2652 2373 2802 2426 clade
2831 2379 3170 2439 corruerunt,
3203 2381 3257 2426 et
3287 2380 3429 2439 terga

1865 2477 2164 2531 vertentes,
2195 2467 2353 2519 vitam
2385 2465 2540 2518 simul
2569 2479 2689 2516 cum
2718 2464 2968 2516 intestina
2995 2478 3179 2517 eorum
3208 2465 3438 2531 supelle-

1863 2559 1974 2611 ctili
2020 2567 2073 2611 et
2120 2557 2424 2610 hreredibus
2475 2555 2839 2624 perdiderunt.
2890 2552 3087 2620 SiCque
3130 2551 3438 2612 Christiani,

1865 2650 2353 2716 superstitiosorum
2411 2657 2516 2700 tam
2565 2645 2819 2698 uxoribus
2865 2658 3023 2710 quam
3076 2643 3236 2696 etiam
3292 2643 3436 2702 ﬁliis,

1865 2755 2072 2793 necnon
2116 2739 2291 2794 servis
2341 2745 2397 2790 et
2441 2737 2673 2799 ancillis,
2723 2733 3065 2801 deprzedatis,
3115 2733 3182 2785 ad
3231 2734 3443 2801 propria

1867 2833 2158 2886 redierunt.
2215 2830 2401 2896 Fitque
2433 2828 2591 2880 modo
2620 2826 2844 2879 mirabili
2880 2836 2936 2878 ut
2965 2823 3282 2891 superstites
3307 2839 3438 2893 gen-

1872 2921 2040 2974 tilium
2090 2919 2307 2982 accolaa,
2339 2915 2691 2984 praesentibus
2737 2914 2990 2967 contracti
3038 2913 3210 2970 malis.
3242 2922 3436 2966 :eterna

1871 3009 2044 3076 potius
2076 3015 2337 3061 tormenta
2369 3005 2493 3058 ﬁdei
2532 3004 2736 3071 fulgore
2786 3002 3068 3056 illuminali
3111 3002 3444 3058 devitarenl;

1869 3109 1922 3150 et
1954 3097 2154 3163 praefati
2186 3096 2438 3149 antistitis
2483 3094 2742 3147 doctrina:
2773 3092 3175 3156 documentum,
3207 3091 3346 3159 quod
3378 3105 3442 3143 eo

1872 3189 2081 3241 vivente
2111 3197 2422 3250 renuernnt,
2450 3195 2504 3238 et
2524 3198 2589 3238 eo
2612 3182 2713 3250 iam
2748 3181 3006 3235 moriente
3033 3179 3164 3250 [Αι.,
3197 3181 3451 3250 mortuo],

185 3286 352 3331 strata
375 3319 390 3342 ,
420 3278 531 3347 jam
561 3280 651 3345 qui
683 3280 1090 3347 supervixerant
1121 3280 1187 3333 ad
1221 3281 1425 3334 lucrum
1473 3281 1768 3334 animarum
1799 3255 1845 3317 C
1877 3277 2069 3332 divina:
2111 3274 2488 3344 increpationis
2533 3271 2898 3326 moderamine
2943 3269 3232 3334 perterriti,
3266 3283 3449 3322 susce-

187 3371 420 3438 vitaeque
452 3370 652 3423 damno
702 3369 1065 3438 adquisitum,
1111 3370 1408 3436 iacentibus
1456 3369 1774 3422 adversariis

187 3460 277 3528 qui
309 3474 476 3528 super
506 3461 607 3513 sibi
641 3459 945 3513 desiderato
988 3459 1293 3525 cupiditatis
1339 3460 1589 3512 thesauro
1633 3459 1775 3512 obsi-

191 3551 443 3614 stebant,
494 3550 786 3620 gaudentes
836 3560 1184 3604 cucurrerunt
1223 3568 1234 3602 :
1270 3560 1324 3604 et
1365 3551 1653 3605 coot‘ractis
1709 3551 1773 3604 li-

192 3638 411 3691 brorum
445 3639 802 3707 repositoriis,
836 3655 930 3706 pro
958 3655 1089 3693 auro
1118 3641 1402 3704 volumina,
1438 3657 1530 3705 pro
1560 3654 1777 3708 argento

191 3729 390 3784 divina
420 3731 658 3785 scientiae
692 3732 925 3794 chartas,
961 3742 1296 3798 repererunt.
1323 3732 1517 3799 Sicque
1549 3734 1778 3798 pretioso

194 3820 310 3873 auri
341 3821 659 3889 argentique
691 3824 859 3888 pretio
892 3823 1116 3889 privati,
1146 3820 1371 3876 Codices
1401 3838 1533 3888 quos
1566 3823 1778 3876 invene—

196 3921 343 3973 runt,
365 3910 501 3964 alios
527 3925 622 3977 per
643 3911 812 3978 campi
838 3911 1108 3979 planitiem
1132 3912 1516 3979 disperserunt,
1540 3913 1668 3964 alios
1691 3928 1780 3979 pa—

197 3999 379 4052 ludum
409 4001 721 4056 arundincto
754 4002 1073 4067 inferentes,
1108 4004 1242 4056 alios
1271 4005 1430 4057 etiam
1460 4003 1510 4055 in
1552 4003 1779 4057 diversis

199 4091 599 4161 quibuscunqoe
648 4093 776 4147 locis
817 4094 1204 4147 abscondentes
1263 4094 1619 4161 projecerttnt.
1671 4095 1776 4147 Sed

200 4192 308 4234 tam
338 4182 733 4247 Omnipotentis
761 4184 926 4250 gratia
961 4199 1116 4250 quant
1147 4185 1306 4236 etiam
1338 4184 1582 4248 precibus
1612 4187 1777 4237 sancti

205 4269 462 4324 Bonifacii
511 4271 702 4324 summi
749 4271 1012 4338 pontiﬁcis
1051 4282 1208 4341 atque
1249 4274 1498 4342 martyris
1541 4273 1688 4326 illtesi
1730 4283 1783 4328 et

201 4359 544 4424 intemerati,
593 4375 785 4427 magno
819 4372 1000 4428 postea
1032 4361 1236 4429 dilapso
1270 4363 1523 4430 temporis
1572 4365 1744 4427 spatio
1767 4407 1779 4427 ,

204 4451 405 4504 inventi
454 4461 612 4512 sunt,
660 4460 714 4503 et
763 4451 826 4504 ad
875 4451 1091 4504 domum
1126 4459 1148 4486 ο
1183 4451 1233 4504 in
1264 4467 1363 4519 qua
1412 4467 1582 4520 usque
1628 4452 1784 4506 hodie

202 4542 502 4593 animarum
536 4550 756 4608 prosunt
784 4543 937 4593 saluti
972 4558 1000 4594 a
1031 4543 1251 4611 singu’is
1279 4541 1574 4610 quibuque
1603 4541 1784 4596 iuven-

207 4633 412 4684 toribus
462 4631 688 4684 remis~i.
736 4632 1026 4686 Carnitices
1075 4642 1250 4686 autem
1301 4649 1461 4700 super
1509 4637 1783 4688 aestimata:

206 4723 496 4776 amissione
527 4723 760 4788 pecunia:
792 4724 1122 4788 contristati,
1153 4723 1369 4776 domum
1403 4725 1636 4787 reversi,
1667 4741 1783 4778 nia-

204 4813 291 4881 jus
320 4813 733 4867 domesticarum
765 4829 942 4867 rerum
976 4825 1093 4882 post
1121 4813 1278 4868 trium
1311 4814 1544 4868 inducias
1575 4815 1780 4870 dierum

281 4958 305 4986 ι
336 4950 537 5017 Nempe
583 4951 646 5002 ad
683 4954 1056 5006 monasterium
1090 4953 1372 5010 Fnldense.
1405 4953 1455 5006 in
1500 4970 1604 5020 quo
1650 4956 1787 5009 inter

215 5036 356 5074 sacra
408 5023 631 5088 κειμήλια
680 5022 979 5075 e-iamnuue
1035 5035 1376 5077 asservantur
1423 5028 1590 5076 sancti
1631 5026 1785 5077 Boni-

215 5092 326 5143 tacii
380 5091 501 5142 libri
551 5100 702 5144 tres:
736 5093 932 5154 pritutts
983 5108 1216 5146 canones
1261 5094 1388 5145 Novi
1421 5094 1778 5158 Testamcuti;

213 5161 473 5213 secundus
505 5201 517 5221 ,
571 5163 816 5226 martyris
873 5177 1066 5216 cruore
1120 5165 1437 5222 rubricatus,
1497 5167 1776 5226 epistolam

213 5232 376 5283 sancti
406 5229 598 5281 Leonis
641 5230 704 5281 ad
738 5230 1075 5284 Theodorum
1118 5235 1281 5294 episc.
1314 5249 1611 5286 sermonem
1645 5236 1780 5288 beati

215 5298 481 5353 Ambrosli
532 5302 596 5350 de
644 5301 837 5366 Spiritu
887 5314 1072 5355 sancto
1134 5302 1477 5368 ejusdemque
1543 5304 1775 5357 libellum

215 5370 276 5422 de
320 5370 467 5421 Bono
505 5370 715 5425 mortis.
739 5371 972 5424 libellum
1005 5374 1172 5425 sancti
1220 5373 1399 5425 Fausti
1429 5373 1776 5438 confessoris,

218 5441 490 5504 epistolam
522 5441 729 5503 Agnelli
760 5441 822 5492 ad
855 5441 1151 5494 Arminium
1184 5445 1248 5494 de
1282 5447 1483 5494 ratione
1509 5444 1649 5503 tidei,
1685 5460 1778 5496 no-

216 5510 377 5561 titiam
413 5509 690 5575 regionum
721 5519 772 5562 et
804 5512 1070 5577 civitatum
1107 5511 1158 5563 in
1191 5513 1379 5577 quibus
1411 5513 1773 5578 apostolorum

217 5593 431 5644 Corpora
459 5581 822 5641 requiescunt,
849 5581 1055 5646 aliaque
1080 5582 1125 5633 id
1158 5597 1354 5647 genus;
1387 5583 1569 5634 tertius
1605 5583 1776 5634 Evan-

212 5651 401 5711 gelium
444 5647 620 5706 ipsius
657 5651 820 5700 sancti
853 5651 1105 5705 Bonitacii
1161 5669 1316 5705 manu
1351 5657 1431 5719 (ut
1475 5655 1646 5718 aiunt)
1696 5670 1786 5707 ex-

213 5731 436 5779 aratum,
468 5719 918 5784 complectuntur.

279 5787 301 5822 δ’
332 5787 575 5839 Joannes
603 5787 671 5839 de
700 5787 834 5841 Beka
868 5805 977 5842 rem
1030 5792 1218 5843 factam
1267 5793 1444 5846 tribuit
1473 5793 1790 5846 Wnlrkiudo

216 5858 416 5913 uitct'iot
436 5858 475 5909 i3
505 5855 700 5910 Frisim
729 5859 969 5930 ptincipi,
997 5863 1104 5929 qui,
1135 5861 1374 5918 Laticum
1411 5866 1784 5933 pcttratisicns.

1880 3378 2086 3438 perunt.
2137 3370 2337 3434 Corpus
2366 3379 2492 3420 vero
2531 3364 2670 3418 beati
2710 3361 2976 3431 pontiﬁcis
3016 3361 3286 3430 prosperis
3325 3359 3456 3412 velis

1878 3475 2262 3529 ventorumque
2294 3459 2504 3512 ﬂatibus
2548 3465 2696 3510 trans
2735 3455 2930 3509 fretum
2967 3453 3108 3521 quod
3139 3451 3332 3504 dicitur
3361 3449 3452 3503 El-

1880 3569 2024 3607 mere
2055 3567 2099 3615 C,
2129 3561 2183 3605 et
2221 3551 2443 3603 aliorum
2488 3555 2804 3615 martyrum,
2835 3553 2955 3612 post
2981 3543 3098 3598 dies
3127 3557 3232 3596 non
3262 3544 3456 3594 multos

1881 3645 2188 3712 perductum
2228 3650 2311 3694 est
2349 3639 2414 3692 ad
2452 3637 2812 3706 supradictam
2861 3636 3049 3689 urbem
3096 3650 3212 3702 qua:
3259 3632 3454 3685 dicitur

1880 3735 2109 3798 Trechl;
2144 3735 2320 3802 ibique
2357 3733 2628 3786 conditum
2658 3744 2719 3784 ac
2750 3730 3039 3797 sepultum,
3070 3729 3243 3783 donec
3283 3743 3309 3780 a
3346 3727 3458 3779 Μο-

1881 3830 2058 3895 guntia
2090 3824 2321 3892 religiosi
2353 3834 2408 3879 et
2444 3824 2626 3878 ﬁdeles
2657 3822 2708 3875 iu
2744 3823 2970 3876 Domino
3011 3820 3206 3875 fratres
3246 3835 3275 3874 a
3304 3820 3456 3874 Lullo

1882 3921 2151 3986 episcopo,
2182 3930 2495 3970 successore
2534 3914 2748 3983 quidem
2806 3913 2961 3980 hujus
2992 3913 3163 3967 sancti
3196 3910 3460 3979 pontiﬁcis

1883 4018 1935 4061 et
1967 4006 2214 4073 martyris
2246 4005 2465 4069 Christi,
2497 4003 2687 4057 directi
2720 4003 2927 4071 navigio
2967 4002 3032 4056 ad
3062 4001 3458 4070 perducendum

1885 4099 2023 4151 beati
2053 4097 2149 4150 viri
2179 4096 2406 4150 cadaver
2447 4095 2509 4146 ad
2544 4093 2948 4155 monasterium,
2985 4093 3123 4161 quod
3155 4106 3220 4145 eo
3246 4092 3460 4143 vivente

1885 4195 2271 4249 construxerat,
2303 4195 2357 4239 et
2387 4199 2542 4238 secus
2590 4184 2756 4250 ripam
2807 4183 3037 4236 tluminis
3082 4182 3223 4251 quod
3267 4179 3460 4236 dicitur

1887 4279 2050 4333 Fulda
2093 4279 2254 4333 situm
2292 4287 2393 4340 e5t,
2431 4276 2780 4330 advenerunt.
2830 4277 3066 4342 Quorum
3099 4291 3257 4341 unus,
3291 4279 3376 4344 qui
3410 4287 3458 4329 et

1886 4379 2068 4421 auctor
2101 4367 2305 4421 itineris
2332 4367 2720 4434 comitatusque
2751 4366 2974 4418 aliorum
3017 4367 3318 4430 exstiterat,
3348 4368 3456 4419 siu-

1886 4460 2118 4525 gularem
2148 4456 2514 4511 sanctimonia:
2545 4469 2605 4508 ac
2637 4456 2891 4523 privatam
2923 4457 3252 4510 castimonia:
3283 4457 3455 4510 conti-

1890 4552 2186 4618 nentiaeque
2228 4550 2443 4617 gerebat
2484 4548 2681 4610 vitam,
2728 4550 2943 4602 nomine
2986 4549 3188 4612 lladda,
3238 4549 3323 4604 cui
3354 4551 3461 4617 pri-

1893 4641 2051 4693 vatim
2077 4639 2324 4707 prmfatus
2356 4639 2546 4706 prmsul
2580 4639 2856 4705 legationis
2886 4638 3039 4703 hujus
3069 4640 3311 4692 nuntium
3343 4654 3462 4691 san-

1892 4728 2069 4794 ctique
2115 4726 2351 4792 corporis
2399 4726 2766 4780 advectiouem
2817 4742 2936 4780 cum
2985 4724 3237 4781 fratribus
3283 4743 3462 4782 secum

1893 4819 2349 4886 proﬁciscentibus
2391 4817 2662 4885 imposuit,
2693 4827 2749 4870 ut
2791 4816 2961 4886 major
2988 4829 3187 4873 sancta:
3216 4835 3457 4874 reveren-

1896 4960 2177 5028 eomitatus
2206 4957 2270 5010 de
2302 4958 2590 5028 Destergou
2620 4967 2670 5028 et
2701 4955 3023 5028 Westergou
3072 4959 3122 5011 in
3153 4969 3354 5012 vastam
3387 4977 3472 5012 so-

1896 5027 2170 5081 litudinent
2227 5027 2509 5095 redegerit.
2546 5027 2800 5092 indigenis
2856 5027 3223 5083 internecione
3257 5030 3465 5083 defetis.

1899 5098 2112 5158 Verum,
2147 5107 2196 5150 ttt
2234 5109 2379 5148 notat
2415 5097 2679 5150 Arnoldius
2707 5098 3007 5161 Bnchelius,
3039 5099 3215 5152 nullus
3243 5115 3306 5151 eo
3339 5110 3470 5153 tem-

1892 5183 2018 5233 pore
2046 5170 2181 5233 apud
2214 5169 2461 5222 Frisoues
2486 5167 2841 5220 Widekindns
2873 5171 3118 5231 princeps
3147 5169 3466 5225 celebratur.

1892 5237 1992 5289 nisi
2023 5241 2085 5288 ad
2122 5238 2496 5290 \Vido-ltindnm
2529 5240 2798 5290 Saxonum
2851 5238 3141 5301 principem
3189 5241 3465 5302 restricias,

1885 5309 1971 5370 qui
2001 5317 2120 5366 post
2142 5309 2397 5359 diutinum
2424 5323 2540 5358 cum
2567 5306 2757 5360 Carolo
2786 5307 2974 5372 Magna
3003 5309 3196 5360 bellum
3222 5310 3392 5361 serius
3420 5312 3470 5362 iu

1885 5378 2151 5428 Christum
2169 5377 2559 5444 credidit.Pipp
2587 5377 2636 5428 ni
2659 5377 2767 5445 regi
2801 5377 3052 5442 pr-rt'ecto
3091 5379 3278 5430 melius
3317 5380 3362 5430 id
3387 5379 3448 5430 tri

1886 5449 1998 5499 Imit
2024 5448 2274 5505 Ettitnitts,
2299 5449 2364 5499 de
2391 5447 2514 5500 Rer.
2546 5447 2759 5507 Frisia,
2789 5447 2878 5498 lib.
2900 5455 2972 5500 IV.
3002 5448 3080 5500 An
3104 5449 3250 5501 Abbo
3270 5448 3472 5515 Pippini

1889 5520 2188 5582 praelectus.
2236 5517 2302 5570 de
2332 5533 2432 5583 quo
2468 5517 2621 5577 inira,
2658 5533 2804 5569 nunt.
2841 5517 2932 5573 40,
2968 5517 3121 5574 huius
3153 5524 3224 5570 rei
3249 5531 3432 5572 auctor
3458 5524 3478 5563 Ῥ

1971 5597 1990 5623 ε
2029 5586 2171 5638 Fieri
2214 5591 2406 5638 alrcnni
2438 5597 2586 5638 vocat
2621 5588 2848 5638 Joannes
2879 5586 2944 5640 de
2979 5585 3138 5648 licita,
3171 5589 3269 5641 hoc
3300 5599 3380 5640 est
3409 5591 3478 5641 si-

1900 5674 2019 5708 tiunt
2057 5660 2214 5709 utaris
2247 5659 2543 5710 (ἔνι-ηιηηίΡί
2599 5658 2733 5708 inter
2765 5659 2989 5709 Batavus
3041 5669 3091 5709 ct
3137 5657 3334 5710 Frisios
3383 5660 3479 5709 lto-

1900 5729 2140 5786 diernos,
2174 5729 2224 5780 itt
2258 5744 2410 5794 quem
2461 5728 2627 5780 lilicui
2662 5729 2845 5779 alveos
2886 5726 3162 5779 orientalis
3193 5744 3313 5780 cum
3352 5728 3479 5781 Isaia

1903 5798 2038 5860 apud
2069 5797 2386 5863 Campenam
2425 5798 2605 5849 urbem
2652 5798 2838 5862 illii‘tii,
2880 5810 3033 5866 quem
3081 5797 3250 5851 lacum
3283 5800 3477 5853 accola.-

1904 5883 2044 5921 niarc
2091 5869 2324 5921 .\u<tr:ilc
2369 5867 2655 5936 :tppoliant.
