4170 6530
783 410 879 466 631

1766 416 1822 467 S.
1869 408 2262 468 BONIFACIUS
2303 406 2602 461 MOGUNT.
2648 409 3033 468 EPISCOPUS.

3906 409 3999 469 659

782 541 868 589 tiae
896 536 1012 591 viro
1034 535 1332 590 devotionis
1363 533 1756 601 impenderetur
1787 532 1970 594 honor,
2002 543 2054 587 et
2087 532 2341 596 plurimo-
2374 520 2419 577 A
2449 533 2560 578 toto
2602 538 2824 592 corpore
2853 529 3178 594 praemortui,
3213 542 3451 599 peneque
3494 545 3588 600 per
3615 531 3790 586 omnia
3821 534 3994 588 exani-

780 641 896 678 rnm
927 624 1152 692 amplius
1183 623 1481 678 testiﬁcatio
1531 626 1588 674 in
1629 621 1712 674 his
1739 637 1856 689 qua:
1886 622 2063 674 auditu
2106 621 2187 674 vel
2223 621 2337 674 visu

778 718 1114 786 perciperent
1161 717 1497 784 prtevaleret.
1561 716 1798 785 Cumque
1846 712 2183 765 honorabiles
2231 719 2340 764 tam

775 815 974 860 sancta:
1026 807 1396 860 consocietatis
1446 805 1634 858 fratres
1681 803 1745 855 ad
1799 803 2103 870 praedictam
2154 802 2337 856 urbem

776 900 1147 966 pervenirent,
1203 908 1328 954 tunc
1377 899 1571 967 quippe
1617 897 1941 964 aliquantula
1998 899 2204 951 obviam
2262 898 2340 950 eis

775 992 955 1060 pepuli
985 999 1100 1047 erat
1139 999 1458 1059 congregata
1480 989 1742 1044 collectio.
1773 987 1900 1056 Ejus
1932 989 2157 1056 denique
2188 988 2330 1044 urbis

769 1080 1031 1150 praefecti,
1059 1079 1139 1135 eis
1169 1079 1526 1142 audientibus,
1560 1078 2003 1146 quemadmodum
2042 1091 2070 1130 a
2101 1079 2336 1146 glorioso

768 1184 894 1238 rege
921 1168 1146 1240 Pippino
1175 1171 1339 1226 exivit
1381 1169 1643 1233 edictum,
1693 1168 1922 1223 intonuit
1968 1169 2333 1235 interdictum;

763 1272 816 1314 et
872 1277 941 1315 ue
987 1260 1112 1316 inde
1159 1259 1394 1326 prardicti
1445 1261 1706 1328 pontiﬁcis
1757 1275 1952 1328 corpus
1998 1274 2338 1318 amoveretur

768 1349 1024 1404 indictum
1058 1358 1160 1404 est.
1211 1350 1316 1404 Sed
1363 1351 1482 1418 quia
1532 1351 1913 1419 omnipotentis
1961 1355 2126 1422 magis
2175 1369 2333 1424 quam

767 1441 1042 1495 hominum
1087 1442 1410 1496 convalescit
1450 1441 1725 1510 fortitudo,
1770 1445 2013 1501 mirabile
2053 1446 2227 1500 statim
2271 1461 2334 1502 ac

768 1532 1114 1587 memorabile
1154 1534 1360 1586 cunctis
1395 1534 1690 1592 astantibus
1716 1538 1953 1604 angelica
1981 1540 2146 1609 magis
2175 1555 2356 1604 quam‘

763 1620 992 1674 humana
1043 1634 1312 1686 peractum
1360 1624 1664 1690 cognitione
1707 1626 1945 1680 auditum
1983 1637 2064 1682 est
2099 1631 2331 1683 miracu-

763 1710 896 1773 lum,
924 1710 1268 1779 ecclesiaaque
1310 1712 1546 1766 cloccum
1579 1722 1604 1750 ι
1637 1714 1688 1767 in
1715 1715 1924 1784 signum
1953 1718 2331 1774 admonitionis

764 1800 934 1854 sancti
984 1802 1267 1867 corporis.
1311 1802 1540 1856 humana
1595 1819 1699 1858 non
1757 1808 2099 1877 contingente
2145 1825 2325 1873 manu,

761 1899 1084 1944 commotum
1114 1900 1218 1956 est,
1251 1892 1322 1946 ita
1355 1903 1411 1947 ut
1440 1909 1648 1956 omnes,
1689 1899 1968 1963 repentino
1999 1901 2202 1952 timoris
2233 1916 2325 1966 pa-

757 1994 887 2034 vore
909 1983 1172 2050 percussi,
1203 1985 1434 2036 maximo
1463 1986 1649 2038 timore
1679 1987 2090 2055 obstupuissent,
2120 2001 2168 2044 et
2193 1991 2320 2056 juin

759 2070 918 2136 hujus
947 2072 1272 2126 reddendum
1303 2088 1420 2127 esse
1451 2091 1646 2142 corpus
1677 2081 2084 2143 proclamarem.
2131 2082 2321 2149 Sicque

750 2163 928 2216 statim
969 2164 1232 2217 redditum
1278 2175 1397 2229 est,
1437 2176 1490 2219 et
1531 2183 1558 2219 a
1605 2170 1868 2232 prmdictis
1899 2183 2096 2226 sancta:
2138 2189 2320 2229 recor-

748 2250 981 2304 dationis
1009 2251 1257 2306 fratribus
1283 2268 1400 2306 cum
1434 2255 1654 2321 psalmis
1690 2257 2004 2326 hymnisque
2027 2263 2318 2317 honorifice

747 2339 1004 2403 ablatum,
1053 2355 1137 2400 ac,
1190 2343 1305 2395 sine
1354 2345 1723 2403 remigantium
1778 2349 1988 2413 labore,
2047 2351 2313 2407 tricesima

746 2428 924 2483 obitus
939 2431 1017 2482 sui
1036 2430 1122 2484 die
1135 2433 1444 2500 perductum
1467 2446 1545 2489 est
1573 2437 1636 2489 ad
1661 2437 1928 2493 civitatem
1959 2444 2313 2508 supradictam

750 2520 1109 2589 Mogttntiam;
1144 2521 1382 2589 miraque
1421 2524 1510 2577 Dei
1557 2527 1934 2594 omnipotentis
1984 2533 2312 2596 providentia

748 2609 938 2664 factum
974 2618 1067 2665 est
1087 2619 1144 2666 ut
1172 2627 1277 2666 uno
1306 2614 1600 2680 eodemque
1624 2617 1710 2669 die
1738 2620 1851 2672 sine
1878 2628 2076 2674 statuto
2109 2624 2314 2688 praede-

749 2701 1004 2756 ﬁnitionis
1047 2702 1170 2768 die,
1214 2706 1364 2773 quasi
1416 2706 1479 2760 ad
1530 2716 1782 2762 statutum
1831 2713 2314 2779 prmdestinationis

739 2790 902 2854 diem,
946 2802 1050 2846 tam
1099 2795 1252 2862 legati
1299 2806 1540 2850 sanctum
1573 2797 1872 2855 deferentes
1914 2817 2126 2870 corpus,
2154 2822 2309 2874 quam

738 2881 992 2936 etiam-de
1021 2883 1324 2953 longinquis
1361 2888 1517 2951 longe
1565 2889 1773 2959 lateque
1819 2894 2125 2963 regionibus
2159 2900 2307 2954 multi

743 2972 976 3027 virorum
1007 2989 1068 3027 ac
1098 2977 1373 3031 mulierum
1415 2979 1650 3033 ﬁdelium
1696 2983 1760 3034 ad
1793 2986 1957 3037 sancti
1991 2986 2087 3039 viri
2122 2995 2306 3044 mortis

737 3061 988 3129 obsequia
1023 3068 1392 3120 convenerint.
1440 3068 1544 3122 Sed
1589 3080 1642 3123 et
1684 3074 2022 3140 supradictus
2061 3078 2307 3131 dominus

735 3151 956 3205 antistes
1007 3162 1110 3206 tam
1158 3158 1471 3208 venerande
1526 3159 1792 3225 dignitatis
1847 3179 2168 3232 successor,
2217 3169 2304 3237 qui

736 3242 920 3311 regali,
973 3244 1063 3296 illo
1117 3252 1380 3312 tempore,
1434 3264 1670 3316 praesens
1722 3263 1836 3306 erat
1889 3257 2105 3320 palatio,
2150 3257 2303 3325 hujus

737 3333 952 3386 omnino
991 3334 1202 3402 ignarus
1241 3350 1433 3399 causa,
1459 3338 1716 3392 adventus
1759 3344 1926 3396 sancti
1952 3348 2188 3413 corporis
2225 3349 2306 3403 in-

735 3422 896 3486 scius,
947 3423 1011 3476 ad
1057 3425 1324 3480 civitatem
1379 3444 1536 3494 quam
1583 3431 1944 3497 praediximus,
1995 3437 2158 3490 veluti
2207 3439 2304 3492 Sub

731 3527 839 3567 uno
879 3515 1173 3582 eodemque
1225 3518 1367 3570 horze
1414 3529 1684 3572 momento
1728 3524 1999 3587 pervenit;
2053 3534 2302 3594 tantaque

727 3606 977 3660 omnibus
1022 3607 1236 3661 aliunde
1274 3609 1700 3675 at'lvenientibus,
1734 3614 1818 3666 vel
1852 3615 2008 3668 etiam
2058 3616 2298 3686 ejusdem

728 3694 878 3749 urbis
907 3696 1110 3750 civibus
1134 3707 1184 3751 et
1215 3698 1414 3751 doloris
1438 3699 1771 3767 incubuerat,
1799 3706 2076 3770 maestitia,
2099 3719 2151 3762 et
2178 3725 2300 3779 gau-

735 3784 804 3838 dii
843 3788 1195 3854 exsuperabat
1227 3789 1426 3849 laetitia,
1460 3800 1517 3843 ιιι
1545 3792 1704 3844 etiam
1741 3796 1866 3846 tanti
1902 3797 2132 3863 perfecta
2166 3815 2298 3865 pon-

729 3876 881 3931 tiﬁcis
921 3886 1262 3944 temporanea
1310 3895 1478 3934 morte
1522 3885 1779 3948 corporis,
1813 3898 1865 3938 et
1893 3890 2147 3942 amissum
2187 3907 2299 3944 ear-

729 3967 920 4022 naliter
943 3969 1204 4031 dolerent,
1235 3981 1283 4023 et
1312 3971 1542 4025 futurum
1569 3976 1668 4027 sibi
1702 3977 1916 4044 suisque
1948 3979 1997 4030 in
2029 3990 2295 4048 posterum

726 4057 1109 4125 perpetualiter
1136 4070 1413 4124 patronum
1445 4063 1745 4117 crederent.

797 4148 886 4203 59.
917 4149 1251 4216 Quapropter
1291 4154 1516 4221 geminis
1567 4155 1649 4207 his
1697 4159 1873 4211 causis
1924 4161 2297 4226 existentibus,

723 4242 1026 4309 compuncti
1068 4242 1336 4305 cordibus,
1372 4259 1492 4298 cum
1525 4247 1847 4316 presbyteris
1877 4260 1930 4302 et
1965 4252 2297 4314 diaconihus,

725 4329 978 4398 omnique
1019 4330 1183 4398 gradu
1234 4333 1616 4398 ecclesiastico,
1660 4337 1724 4390 ad
1771 4353 1891 4391 eum
1925 4356 2079 4406 quem
2111 4343 2298 4396 vivens

722 4419 1198 4488 praedestinaverat
1244 4423 1416 4477 locum
1463 4424 1489 4462 ῒι
1522 4427 1902 4493 perduverunt,
1953 4441 2007 4484 et
2053 4448 2197 4484 novo
2246 4435 2294 4486 in

2450 629 2594 679 mes,
2643 615 2882 670 ultimum
2915 625 3089 672 tamen
3142 619 3352 673 interim
3379 621 3688 676 exhalantes
3733 621 3993 689 spiritum.

2449 706 2684 773 pristinze
2723 707 2913 761 redditi
2959 718 3083 762 sunt
3130 709 3371 774 sanitati;
3418 710 3504 764 alii
3549 726 3675 765 vero
3719 711 3995 766 luminibus

2447 798 2684 850 caecitate
2720 801 2920 864 pressis
2949 812 3100 852 suum
3143 800 3406 867 recipiunt
3436 802 3638 866 visum;
3669 803 3756 857 alii
3786 802 3992 872 quidem

2446 887 2640 941 diaboli
2689 888 2887 956 laqueis
2931 889 3154 953 astricti,
3199 891 3356 946 etiam
3398 903 3575 948 mente
3618 903 3738 947 sunt
3781 895 3916 961 capti
3947 903 3998 948 et

2447 975 2786 1042 insanientes,
2808 979 2967 1032 animi
2997 980 3330 1046 p05tmodum
3353 980 3586 1035 detinent
3612 983 3993 1053 integritatem;

2443 1076 2498 1120 et
2548 1067 2761 1132 pristina
2816 1067 2980 1122 dediti
3046 1071 3237 1134 salute,
3306 1071 3580 1126 laudantes
3641 1072 3997 1142 gloriﬁcabant

2451 1156 2632 1221 Deum,
2692 1159 2782 1226 qui
2836 1172 2989 1213 suum
3019 1160 3264 1229 dignatus
3311 1168 3392 1214 est
3437 1176 3648 1216 servum
3707 1172 3852 1216 tanto
3884 1179 3997 1216 mtt-

2445 1266 2570 1305 ncre
2597 1253 2902 1308 decoratum
2943 1255 3134 1320 ditare,
3169 1255 3449 1321 honorare,
3479 1265 3530 1311 et
3559 1260 3906 1326 prmsentibus
3935 1272 3998 1312 ac

2444 1340 2630 1394 futuris
2668 1345 2981 1398 surculorum
3023 1345 3368 1414 temporibus,
3399 1345 3747 1413 patelactione
3781 1360 3991 1402 corusca

2445 1433 2818 1488 miraculorum
2863 1447 3096 1501 ostensa,
3129 1436 3534 1506 quadragesimo
3563 1437 3996 1506 peregrinationis

2441 1522 2558 1589 ejus
2587 1539 2726 1577 anno
2753 1525 3015 1591 revoluto,
3045 1526 3375 1596 gloriﬁcare;
3406 1526 3494 1596 qui
3543 1533 3597 1582 et
3624 1523 3996 1579 lncarnationis

2445 1612 2650 1665 Domini
2680 1615 3183 1684 septingentesimus
3215 1625 3269 1671 et
3294 1615 3761 1686 quinquagesimus
3786 1615 3998 1686 quintus

2438 1715 2606 1754 annus
2637 1701 2738 1771 (De
2759 1720 2895 1756 anno
2917 1703 3101 1773 infra),
3147 1719 3268 1759 cum
3298 1704 3587 1760 indictione
3623 1713 3828 1772 octava,
3854 1718 3996 1758 com-

2441 1800 2671 1862 putatur.
2719 1792 2868 1849 Sedit
2913 1805 3090 1851 autem
3141 1797 3195 1852 in
3239 1797 3542 1866 episcopatu
3591 1809 3760 1850 annos
3799 1786 3995 1858 xxavt,

2435 1901 2646 1940 menses
2679 1901 2756 1948 vt,
2793 1897 2846 1939 et
2872 1887 2987 1942 dies
3013 1904 3085 1952 vt,
3113 1898 3168 1944 et
3220 1890 3320 1955 sic,
3351 1889 3537 1943 ordine
3561 1886 3884 1956 supradicto,
3913 1886 3997 1942 die

2429 1978 2698 2033 Nonarum
2749 1980 2920 2046 Junii,
2966 1982 3205 2052 martyrii
3273 1981 3545 2047 triumpho
3609 1988 3994 2043 remuneratus.

2427 2069 2674 2135 migravit
2721 2070 2785 2122 ad
2834 2069 3133 2134 Dominum,
3188 2070 3271 2125 cui
3325 2078 3409 2124 est
3455 2069 3628 2124 honor
3669 2076 3725 2123 et
3752 2068 3914 2140 gloria
3944 2069 3993 2120 in

2425 2160 2624 2213 saecula
2659 2159 3001 2217 saeculorum.
3035 2160 3227 2213 Amen.

2427 2309 2700 2424 “nauatae
2724 2309 3112 2433 1lngolstadiensi
3150 2311 3401 2374 desumpta
3443 2318 3557 2361 sunt
3589 2323 3615 2358 a
3661 2312 3848 2362 Canisio
3885 2325 3992 2374 qua

2490 2387 2516 2433 ιι
2707 2406 2719 2417 .

2490 2387 2719 2433 quuntur.

2491 2516 2582 2570 40.
2619 2515 2950 2569 Enumeratis
2980 2515 3138 2582 igitur
3170 2513 3308 2569 beati
3349 2514 3446 2568 viri
3487 2514 3668 2584 gestis,
3717 2515 3904 2584 quibus
3942 2517 3990 2568 in

2418 2607 2637 2660 infantia
2667 2614 2721 2660 et
2744 2606 2971 2675 pueritia
3001 2607 3082 2658 vel
3110 2605 3466 2660 adolescentia
3513 2615 3565 2659 et
3605 2606 3879 2673 iuventute
3904 2617 3992 2659 aut

2416 2697 2572 2751 etiam
2606 2697 2656 2748 in
2697 2703 2970 2749 senectute
3005 2695 3280 2758 ﬂoruerat,
3306 2695 3371 2749 ad
3414 2709 3476 2748 ea
3503 2710 3620 2762 qua!
3662 2705 3782 2764 post
3807 2711 3988 2750 emen-

2414 2802 2526 2840 sam
2554 2787 2707 2856 hujus
2733 2787 2911 2840 mundi
2947 2798 3140 2839 metam
3165 2797 3220 2840 et
3250 2787 3453 2841 felicem
3478 2785 3596 2841 vita:
3626 2789 3776 2841 istius
3803 2787 3991 2842 decur-

2413 2893 2528 2930 sum
2559 2877 2891 2939 mirabiliter,
2917 2877 2982 2930 ad
3010 2878 3343 2931 annuendam
3386 2879 3694 2933 mortalibus
3719 2879 3856 2932 beati
3889 2871 3985 2931 viri

2411 2967 2532 3020 vitm
2580 2967 2945 3030 sanctitatem,
2979 2967 3201 3022 Domino
3245 2979 3586 3034 cooperante,
3619 2980 3827 3035 peracta
3867 2973 3990 3021 sunt

2414 3059 2713 3121 redeamus,
2743 3068 2790 3110 et
2817 3057 3165 3112 memorabile
3192 3058 3455 3126 quoddam
3482 3060 3787 3112 miraculum
3817 3073 3987 3128 popu-

2415 3149 2584 3216 lisque
2616 3149 2875 3202 imitabile
2917 3148 2980 3201 ad
3016 3149 3322 3202 memoriam
3353 3147 3687 3214 reducamus,
3711 3149 3853 3218 quod
3881 3161 3933 3204 et
3958 3164 3987 3202 a

2335 3205 2383 3269 ο
2414 3205 2644 3304 glorioso
2693 3252 2813 3306 rege
2856 3237 3108 3306 Pippino,
3151 3239 3286 3292 sicut
3314 3237 3442 3306 ipsis
3486 3237 3586 3291 sibi
3634 3205 3985 3292 referentibus

2410 3327 2497 3395 qui
2532 3327 2650 3380 huic
2681 3335 2970 3394 praesentes
3016 3336 3168 3380 erant
3217 3327 3468 3380 miraculo
3509 3337 3833 3394 compertum
3881 3337 3982 3390 est,

2408 3429 2454 3470 et
2483 3419 2544 3470 ad
2573 3432 2666 3471 nos
2709 3433 2872 3486 usque
2904 3433 2997 3485 per
3021 3418 3375 3472 venerabilem
3419 3417 3587 3472 virum
3629 3417 3744 3472 Lttll
3776 3419 3987 3486 episco-

2410 3523 2530 3573 pum
2563 3508 2793 3559 delatum
2819 3519 2918 3570 est,
2949 3516 3106 3574 atqtte
3135 3507 3204 3562 ila
3231 3507 3344 3574 ipso
3368 3508 3643 3562 nuntiante
3665 3509 3983 3571 intimatum.

2408 3599 2545 3665 quod
2580 3599 2628 3650 in
2663 3598 2779 3652 loco
2812 3599 2895 3651 ubi
2929 3599 3193 3666 quondam
3224 3599 3488 3668 pretiosus
3529 3599 3696 3654 sancti
3736 3601 3984 3670 martyris

2407 3689 2600 3742 effusus
2633 3699 2709 3742 est
2739 3689 2975 3757 sanguis,
3009 3704 3130 3744 cum
3175 3688 3395 3743 consilio
3427 3689 3592 3755 plebis
3617 3701 3774 3758 atque
3799 3690 3987 3761 ingen-

2409 3781 2472 3831 tis
2499 3780 2660 3845 partis
2692 3779 2865 3846 populi
2911 3781 3211 3843 Frisonum,
3239 3790 3559 3835 structuram
3592 3781 3867 3850 cujusdam
3901 3793 3983 3837 tu-

2407 3869 2556 3932 muli,
2583 3879 2795 3933 propter
2827 3869 3112 3923 immensas
3143 3871 3345 3923 ledonis
3369 3882 3388 3908 ο
3415 3886 3473 3924 ac
3506 3873 3710 3924 malime
3738 3872 3986 3940 irruptioo

2409 3974 2522 4020 nos,
2548 3974 2684 4024 quae,
2709 3958 2920 4013 diverso
2951 3961 3086 4013 inter
3115 3976 3171 4013 se
3202 3962 3386 4013 ordine
3419 3962 3578 4014 maris
3604 3975 3732 4015 :BS'll
3759 3962 3985 4018 Oceani-

2405 4066 2505 4117 que
2538 4065 2782 4115 recursu,
2815 4050 2908 4103 scd
2939 4063 2988 4104 et
3020 4065 3274 4119 aquarum
3305 4053 3655 4106 diminutione
3689 4052 3984 4108 infusione-

2403 4153 2526 4205 quo,
2559 4149 2980 4204 commoventur,
3010 4139 3078 4192 ab
3127 4142 3233 4193 imo
3264 4139 3311 4192 itt
3352 4140 3618 4194 excelsum
3653 4156 3819 4210 usque
3853 4157 3985 4196 con-

2404 4237 2715 4281 strucrent:
2764 4243 2923 4295 super
2969 4243 3126 4296 quem
3188 4230 3416 4296 denique
3464 4229 3788 4295 Ecclesium,
3845 4232 3986 4287 sicut

2405 4324 2581 4379 postea
2606 4323 2813 4380 gestum
2833 4323 2932 4379 est,
2967 4325 3245 4370 exstruere
3271 4317 3588 4384 cogitabant,
3616 4333 3678 4371 ac
3703 4333 3982 4374 servorum

2407 4405 2495 4456 Dei
2539 4403 2916 4457 habitationem
2945 4405 2996 4458 itt
3038 4405 3154 4460 loco
3185 4406 3369 4459 eodem
3401 4407 3684 4461 collocare.
3725 4408 3827 4462 Sed
3858 4424 3982 4464 cum

723 4511 938 4565 ecclesia
983 4513 1225 4566 confecto
1271 4517 1622 4582 sarcophago,
1664 4535 1724 4572 ex
1756 4537 1904 4574 more
1950 4527 2287 4588 scpelientes,

2405 4497 2674 4562 pt'u‘iulttttt
2707 4493 2934 4548 colliculi
2966 4509 3096 4561 Opus
3139 4494 3245 4562 jam
3278 4511 3344 4549 ex
3390 4497 3594 4566 integro
3623 4497 3979 4563 aediﬁcarent,

2406 4598 2445 4608 ,.
2499 4604 2555 4608 ,,,
2686 4588 2867 4608 ____.___
2912 4587 3181 4608 “|:n_3,___-
3221 4588 3381 4608 τηε---
3753 4589 3950 4608 ,ημμ

725 4612 1039 4666 posuerunt;
1093 4605 1443 4671 omnibusque
1493 4607 1592 4661 rite
1639 4612 1865 4674 peractis
1911 4614 2210 4676 redierunt,
2245 4624 2296 4668 t-t

726 4690 847 4745 fidei
873 4691 1066 4746 robore
1095 4694 1400 4755 confortati,
1435 4697 1498 4749 ad
1529 4702 1734 4767 propria
1771 4716 2151 4768 pervenerunt.
2192 4706 2293 4760 Sed

721 4780 772 4833 in
797 4781 915 4835 loco
943 4782 1029 4838 ubi
1051 4791 1292 4837 sanctum
1310 4784 1671 4852 deposuerunt
1691 4804 1908 4856 corpus,
1940 4793 2113 4846 divina
2143 4795 2298 4848 (lein-

721 4883 848 4937 ceps
882 4869 1137 4925 beneﬁcia
1169 4873 1567 4939 redundabant,
1614 4887 1666 4931 et
1708 4882 1874 4932 sancti
1912 4883 2007 4934 viri
2041 4886 2287 4951 precibus

725 4958 773 5012 bi
810 4960 896 5028 qui
939 4961 1002 5013 ad
1046 4963 1292 5016 eumdem
1339 4965 1564 5019 diversis
1614 4969 2004 5025 infirmitatibus
2047 4977 2288 5042 Oppressi

720 5051 1035 5117 perveniunt
1065 5053 1258 5118 locum,
1288 5056 1496 5109 salubre
1521 5067 1622 5110 tom
1645 5075 1924 5128 corporum
1950 5080 2104 5130 quam
2132 5067 2288 5118 etiam

721 5140 978 5192 mentium
1030 5146 1321 5196 remedium
1368 5159 1783 5216 consequuntur,
1829 5153 1896 5204 ita
1949 5164 2002 5205 ut
2049 5156 2135 5207 alii
2182 5157 2287 5222 jam

790 5256 971 5330 {limo
999 5256 1212 5310 historia
1247 5260 1397 5330 aliter
1437 5262 1655 5314 omnino
1687 5264 1915 5319 refertur
1947 5267 2014 5318 ab
2044 5268 2206 5330 Eieile
2235 5271 2286 5321 in

726 5325 866 5377 Actis
909 5330 1074 5379 sancti
1106 5329 1341 5391 Sturmii,
1383 5346 1528 5384 num.
1561 5331 1644 5393 l5,
1673 5335 1756 5387 ubi
1812 5337 1948 5388 nulla
2004 5325 2161 5391 clocci
2193 5354 2286 5393 seu

721 5406 991 5471 campanre
1011 5400 1228 5471 mentio.
1250 5399 1452 5471 Quippe
1470 5405 1638 5456 sancti
1659 5405 1910 5458 Bonifaeii
1930 5423 2143 5471 corpus,
2162 5408 2284 5461 dum

722 5463 930 5540 illudad
960 5466 1210 5540 maiorem
1232 5469 1503 5522 basilicam
1523 5472 1730 5527 deferre
1754 5476 1951 5528 vellent
1973 5463 2280 5540 Trajecten-

721 5546 830 5610 ses,
855 5533 1138 5610 immogtm‘
1157 5537 1269 5588 loco
1296 5539 1752 5610 hmsisseﬁdicitur,
1789 5546 2006 5610 ipsoque
2031 5533 2286 5599 miraculo

721 5601 986 5671 deterritis
1018 5605 1467 5671 Trajectcnsibus,
1506 5601 2061 5665 Fuldam'translatum
2097 5617 2280 5670 fuisse.

792 5669 818 5706 δ
854 5669 1147 5750 Antequam
1203 5691 1410 5750 sacrum
1457 5695 1648 5743 corpus
1702 5683 1916 5735 Fuldatu
1965 5669 2283 5750 deferretur,

725 5740 1182 5808 )loguntianenses
1235 5749 1481 5812 oppidani
1533 5740 1656 5804 illud
1708 5754 1806 5805 sibi
1843 5755 2111 5807 vindicare
2165 5740 2284 5809 ten;

724 5820 984 5877 taverant,
1030 5824 1255 5870 testante
1301 5817 1554 5885 Otltluuo,
1588 5836 1650 5876 ex
1687 5821 1797 5877 Vita
1846 5826 2008 5879 sancti
2037 5825 2275 5881 Stttrmii.

2398 4598 2450 4641 et
2494 4603 2649 4640 ontue
2679 4588 2871 4656 quippe
2910 4587 3185 4641 aedilicium
3221 4588 3382 4653 ipsius
3431 4598 3709 4642 strueturae
3745 4589 3983 4656 comple-

2399 4691 2531 4739 rent,
2565 4678 2720 4731 etiam
2769 4678 2832 4730 ad
2864 4693 2922 4732 se
2951 4679 3144 4732 reverti
3177 4676 3295 4750 [F.,
3327 4677 3567 4748 reversi],
3602 4679 3736 4746 quod
3789 4679 3981 4733 incola:

2399 4769 2718 4822 habitato'es
2753 4768 2852 4822 loci
2887 4767 3052 4836 ipsius
3091 4769 3156 4823 de
3195 4769 3408 4822 insulsa:
3453 4768 3583 4839 [Al.,
3618 4767 3846 4839 insalsae]
3879 4785 3977 4837 pe-

2396 4861 2542 4912 nuria
2595 4859 2848 4928 lymplne,
2880 4875 2994 4926 quae
3039 4875 3131 4927 per
3171 4875 3380 4913 omnem
3417 4860 3637 4914 Frisiam
3681 4861 3977 4915 maximam

2397 4959 2498 5001 tam
2533 4949 2832 5002 hominibus
2860 4963 3018 5018 quam
3042 4948 3200 5002 etiam
3227 4949 3578 5003 animantibus
3607 4949 3975 5004 difficultatem

2396 5043 2577 5109 gignit,
2625 5042 2759 5094 inter
2805 5055 2862 5094 se
2912 5041 3137 5096 invicem
3188 5043 3567 5108 disputarem;
3617 5053 3725 5095 tum
3755 5042 3976 5099 demum

2394 5148 2546 5198 unus,
2593 5132 2815 5186 Domino
2863 5133 3182 5198 miserante,
3213 5132 3302 5201 qui
3351 5131 3584 5186 officium
3639 5131 3970 5202 prmfectum

2395 5267 2466 5319 De
2511 5265 2675 5319 Stncti
2727 5267 2978 5320 Bonifacii
3031 5266 3233 5320 tumulo
3281 5282 3496 5337 agemus
3555 5267 3602 5318 in
3657 5266 3972 5334 appendice.

2465 5347 2485 5375 ο
2523 5337 2693 5389 Lerlott
2724 5341 2889 5408 major
2925 5345 3110 5398 cestus;
3137 5338 3355 5397 malitia,
3389 5340 3554 5408 minor
3583 5346 3734 5408 (estus
3779 5340 3970 5408 maris,

2393 5407 2557 5472 inquit
2583 5405 3222 5470 Simeon’Dune'mensis,
3255 5421 3347 5460 seu
3389 5407 3558 5472 potius
3597 5405 3882 5470 Turgotus,
3918 5407 3968 5460 in

2393 5478 2524 5528 libro
2553 5477 2617 5528 tle
2644 5476 2791 5529 Gest.
2827 5491 3006 5543 regum
3040 5476 3218 5540 Augl.,
3264 5480 3326 5528 all
3357 5491 3480 5528 ann.
3533 5473 3654 5534 795,
3690 5478 3738 5527 in
3775 5485 3922 5526 tomo
3952 5477 3968 5529 i

2393 5546 2524 5599 llist.
2558 5547 2792 5599 llritaun.
2828 5544 2880 5598 in
2911 5545 3023 5598 Vita
3061 5546 3229 5598 sancti
3254 5546 3511 5604 Comlcdi,
3540 5559 3654 5609 cap.
3690 5543 3745 5606 6,
3770 5546 3970 5598 saecttlo

2392 5631 2449 5674 ll,
2482 5617 2668 5680 legitur
2699 5616 2894 5668 marina
2925 5615 3131 5667 mulino:
3157 5627 3202 5668 et
3231 5614 3433 5668 lidanis.
3469 5615 3801 5669 Macbliuiam
3847 5614 3970 5667 Del-

2389 5686 2458 5749 gii
2498 5689 2679 5740 urbem
2710 5685 2787 5739 sic
2815 5685 3007 5740 dictam
3046 5684 3107 5738 ob
3138 5687 3379 5736 malinam
3425 5702 3470 5738 et
3499 5685 3726 5738 ledouem
3784 5684 3971 5738 scribit

2391 5755 2750 5809 Theudoricus
2796 5755 2847 5808 lu
2882 5755 2995 5808 Vita
3046 5756 3216 5808 sancti
3276 5753 3516 5809 liumoldi
3560 5754 3696 5823 apud
3729 5753 3944 5809 Surium

2393 5825 2527 5895 Lege
2559 5825 2832 5889 Glabt‘um,
2871 5826 2919 5880 iu
2952 5827 3038 5878 lib.
3074 5840 3150 5891 ut,
3186 5839 3300 5894 cap.
3338 5826 3388 5880 ὅ.
