4170 6560
155 426 259 484 653

1456 423 1609 478 VITA
1650 424 1704 477 S.
1745 425 2100 479 BONIP‘ACII.

3300 426 3402 482 636

153 541 450 598 secundum
484 540 736 595 indictum
768 539 984 609 gloriosi
1015 539 1154 606 regis
1203 537 1404 604 Pippini
1455 554 1611 603 super
1643 554 1732 606 pa-
1759 544 1806 598 Α
1838 551 2050 593 nclrans
2099 547 2302 592 meatus
2354 538 2660 602 proﬂuebat,
2714 546 2767 590 ut
2816 537 2953 590 rivus
2995 538 3102 605 jam
3145 541 3401 596 maximus

154 650 278 702 gum
335 633 618 700 locumque
666 632 812 684 illum
861 630 1111 696 gerebat,
1157 637 1206 681 et
1265 630 1508 696 princeps
1557 629 1732 694 aperis

156 724 325 789 ipsius
355 733 495 786 erat,
529 721 743 774 nomine
766 720 910 773 Abba
942 718 1055 788 [Ρη
1084 716 1272 785 Abbo],
1303 718 1522 784 sumptis
1551 731 1729 768 secum

155 810 400 878 collegis,
449 824 640 878 equum
689 807 946 873 ascendit,
998 820 1088 869 ac,
1137 806 1520 871 circumagrato
1563 804 1728 868 calce,

157 897 471 964 tumuloque
493 897 748 965 inspecto,
769 903 986 962 repente
1008 893 1282 960 cujusdam
1307 893 1536 944 caballus
1560 892 1730 958 pueri,

155 1005 216 1042 ex
250 989 544 1056 improviso
575 996 773 1040 tantum
806 987 1023 1054 pedibus
1056 997 1211 1038 terra:
1241 981 1532 1050 impressis,
1565 983 1732 1035 ruinae

156 1078 370 1143 penitus
427 1091 612 1131 casura
662 1078 988 1138 tentabatur,
1054 1074 1507 1141 anterioribusqne
1565 1073 1728 1124 humo

156 1169 334 1221 infixis
380 1170 628 1222 cruribus
658 1167 1025 1228 volutabatur,
1077 1165 1244 1217 donec
1292 1166 1322 1216 ii
1364 1164 1450 1232 qui
1483 1165 1728 1231 agiliores

155 1259 572 1326 solertiorcsque
597 1258 926 1319 exstiterant,
960 1255 1226 1308 descensis
1253 1256 1360 1308 suis
1393 1269 1727 1322 praepmpere

152 1348 400 1412 caballis,
434 1363 626 1417 equum
671 1355 824 1400 terra:
854 1347 1197 1399 inbzerentem
1229 1345 1587 1399 extraherent.
1622 1343 1724 1397 Sed

155 1439 476 1505 stupendum
519 1437 695 1490 statim
725 1452 786 1490 ac
823 1437 1124 1503 spectaculo
1153 1436 1366 1503 dignum
1418 1435 1478 1488 iis
1518 1437 1602 1503 qui
1635 1435 1728 1486 ad-

155 1538 306 1580 erant
329 1537 606 1581 ostensum
631 1537 712 1581 est
738 1527 1069 1588 miraculum,
1093 1535 1144 1578 et
1168 1524 1562 1592 Iimpidissimus
1579 1535 1726 1577 extra

156 1619 597 1671 consuetudinem
651 1619 789 1672 illius
829 1626 985 1670 terra:
1033 1617 1148 1670 fons
1193 1625 1216 1650 ἰ
1263 1617 1408 1668 mirre
1455 1616 1727 1669 suavitatis

155 1722 307 1777 gustu
340 1710 643 1762 indulcatus
671 1707 1065 1777 prorumpebat,
1097 1716 1149 1760 et
1178 1722 1270 1775 per
1309 1706 1602 1774 incognitos
1633 1721 1724 1774 pc-

227 1817 438 1871 ‘lstins
489 1818 647 1872 fontis
700 1819 934 1871 meminit
980 1817 1210 1871 Joannes
1252 1815 1623 1880 Gerbrandus,
1671 1814 1721 1866 in

154 1884 400 1939 Chronici
438 1888 628 1955 Belgiei
662 1889 750 1939 lib.
793 1903 870 1947 ιιι,
909 1901 1023 1954 cap.
1055 1886 1138 1955 16.

221 1955 246 1990 ⁵
272 1958 386 2009 Non
421 1953 668 2009 [tabanus
695 1956 902 2008 Maurus
927 1953 1212 2007 menachus
1233 1962 1286 2006 et
1307 1955 1466 2006 abbas
1501 1953 1724 2005 Fulden-

155 2023 244 2088 sis,
294 2035 479 2091 postea
536 2026 963 2093 archiepiscopus
1013 2025 1376 2090 bleguntinus,
1430 2023 1516 2088 qui
1573 2022 1724 2075 Lullo

154 2095 426 2148 desinente
456 2094 676 2146 necdum
730 2106 880 2147 natus
930 2103 1071 2155 erat;
1104 2094 1194 2145 sed
1225 2095 1356 2145 alius
1383 2094 1594 2159 quidam
1628 2108 1720 2144 co-

153 2165 432 2230 gnominis,
451 2173 505 2217 et
528 2163 728 2216 fortem
755 2164 796 2216 is
819 2164 930 2230 ipse
946 2179 1100 2231 quem
1124 2162 1306 2214 Lullus
1329 2163 1722 2228 blogutitiacen-

1835 644 1950 681 esse
1974 628 2258 680 videretur.
2279 628 2394 690 Quo
2413 627 2758 693 obstupefacti
2779 627 3052 690 miraculo,
3071 628 3400 683 exsultantes

1834 731 1991 787 atque
2021 721 2220 770 alacres
2267 718 2480 769 domum
2514 717 2738 782 reversi,
2791 731 2848 770 ca
2873 731 2988 785 qua:
3020 718 3261 770 viderunt
3291 719 3400 786 ple-

1836 809 1990 862 bibus
2020 807 2434 873 divulgaverunt.

1987 916 2255 985 CONC
2273 915 2578 986 LUSIO
2632 914 3215 994 AUCTOBIS,

1868 1050 2036 1116 Quam
2057 1049 2300 1117 Georgius
2330 1047 2566 1117 Wiccliua
2578 1050 2638 1117 in
2673 1046 2976 1116 Hagiologio
3002 1048 3158 1098 edidit
3185 1063 3246 1099 ea:
3267 1061 3359 1097 ma.

2401 1116 2527 1167 Cod.
2568 1115 2831 1170 Fuldeusi.

1905 1208 2014 1275 Ego
2043 1204 2372 1260 Willibaldus
2402 1206 2710 1273 episcopus,
2753 1215 2853 1258 etc.
2885 1207 3050 1259 Vitam
3097 1215 3149 1259 et
3197 1207 3399 1272 passio-

1833 1315 1952 1353 nem
1979 1297 2228 1352 Bonifacii
2254 1299 2542 1364 conscripsi
2572 1298 2800 1366 primum
2827 1299 2878 1351 in
2905 1299 3097 1352 ceratis
3118 1297 3309 1350 tabulis
3335 1297 3397 1348 ad

1834 1391 2196 1459 probationem
2229 1387 2364 1440 Lulli
2396 1396 2450 1440 et
2475 1389 2834 1458 Mcgengaudi,
2885 1397 3004 1456 post
3049 1403 3229 1442 eorum
3274 1404 3402 1442 exa-

1835 1495 1956 1532 men
1999 1480 2050 1531 in
2084 1479 2412 1545 pergatnenis
2454 1479 2723 1545 rescripsi,
2755 1491 2910 1545 atque
2942 1479 3039 1532 hoc
3071 1479 3124 1531 in
3165 1478 3280 1531 loco
3309 1479 3400 1545 qui

1834 1569 2026 1622 dicitur
2075 1571 2240 1622 sancti
2271 1568 2493 1622 Victoris
2543 1577 2694 1624 extra
2749 1585 2928 1623 muros
2977 1570 3280 1640 Iloguntiae,
3313 1568 3397 1622 ubi

1835 1661 2017 1715 Lullus
2044 1673 2096 1715 et
2126 1661 2373 1715 Rabanus
2401 1662 2427 1700 δ
2461 1663 2718 1716 vacabant
2744 1664 3094 1730 orationibus,
3125 1673 3230 1717 etc.

1827 1813 1900 1865 sis
1917 1811 2138 1864 antistes
2159 1811 2731 1880 commendatepistola
2758 1812 2825 1864 62
2851 1813 2985 1866 inter
3009 1813 3395 1879 Bnnifacianas,

1829 1882 1907 1932 his
1944 1881 2115 1934 verbis
2143 1897 2158 1933 :
2193 1880 2439 1935 Similiter
2471 1897 2562 1948 pro
2607 1883 2802 1934 duobus
2849 1883 2992 1934 laicis
3021 1881 3324 1951 Megenfrith
3352 1894 3400 1936 et

1829 1951 2080 2002 llrabuna:
2127 1954 2305 2003 missas
2355 1953 2691 2018 unusquisque
2742 1963 2959 2004 uestrum
3006 1961 3188 2003 cantet.
3235 1951 3399 2007 Porro

1826 2022 1954 2072 tedis
1998 2023 2165 2073 sancti
2197 2021 2422 2072 Victoris
2446 2087 2455 2088 ί
2477 2024 2609 2073 muri
2643 2023 2877 2074 semiruti
2927 2021 3180 2074 hactenus
3211 2034 3399 2088 super-

1827 2098 1965 2149 sunt,
2021 2093 2153 2140 iutra
2210 2104 2344 2155 quos
2391 2087 2880 2142 Weossenaweusis
2943 2090 3209 2156 paroeltia,
3262 2101 3398 2145 teste

1827 2159 2036 2212 Serario
2069 2161 2121 2210 in
2151 2158 2283 2210 llist.
2318 2158 2574 2227 Mogunt.,
2609 2161 2697 2211 lib.
2731 2174 2768 2222 t,
2798 2173 2918 2226 cap.
2951 2159 3037 2213 3|.

930 2416 1232 2521 ALIA
1309 2416 1622 2521 VITA
1712 2419 1819 2518 S.
1907 2415 2549 2519 BONIFACII

439 2603 705 2661 Auctore
744 2600 1079 2671 Orthouo,
1117 2598 1414 2658 monacho
1448 2597 1875 2667 Benedictino,
1909 2598 2017 2674 qui
2043 2607 2184 2673 post
2217 2598 2478 2658 medium
2511 2598 2796 2658 sweulum
2831 2618 2897 2658 χι
2926 2601 3111 2660 vixit.

649 2762 884 2830 PRIE
901 2759 1221 2830 FATIO

468 2914 561 2967 AD
593 2912 951 2965 MONACIIOS
982 2910 1388 2966 FULDENSES.

215 3025 262 3077 ί.
296 3021 651 3076 Pctitionibus
705 3022 916 3084 vestris,
958 3020 1147 3073 fratres
1196 3020 1483 3073 Fuldenses
1510 3059 1523 3078 ,
1561 3025 1713 3083 prout

153 3114 366 3166 scientiae
395 3128 528 3166 mea:
563 3113 800 3178 permisit
829 3112 1085 3176 parvitas,
1136 3126 1319 3176 patere
1350 3110 1542 3161 studui.
1576 3108 1711 3159 l'cti—

149 3201 232 3251 stis
280 3201 420 3253 enim
479 3212 536 3252 ut
590 3200 756 3252 sancti
799 3196 969 3251 Patris
1012 3199 1177 3252 nostri
1233 3196 1488 3250 Bonifacii
1541 3196 1709 3246 Vitam

152 3293 398 3356 praeipuo
435 3288 655 3356 quidem
703 3289 1057 3356 elegantique,
1090 3297 1270 3354 utpote
1315 3286 1480 3338 sancti
1533 3283 1708 3337 Willi-

151 3382 294 3445 baldi,
315 3382 453 3450 style
475 3380 765 3445 antiquitus
791 3381 1006 3440 editam,
1032 3381 1124 3433 sed
1157 3380 1207 3430 in
1242 3379 1370 3430 locis
1393 3377 1706 3445 quibusdam

150 3472 206 3523 ita
252 3472 458 3525 inﬁrmo
505 3469 794 3524 intellectui
841 3471 1156 3532 obscuram,
1190 3479 1247 3522 ut
1287 3469 1501 3522 difficile
1534 3476 1709 3535 pati-at

147 3578 236 3627 quo
262 3564 397 3615 ratio
429 3563 634 3623 tendat,
670 3562 803 3614 hanc
835 3575 932 3630 ego
961 3564 1221 3615 sententia
1274 3562 1521 3628 apertiuri
1558 3575 1703 3612 rese-

150 3667 326 3705 rarem.
364 3653 534 3716 Quam
571 3651 816 3703 nimirum
848 3650 1154 3717 petitionem
1181 3650 1229 3701 in
1256 3649 1456 3714 primis,
1489 3650 1705 3702 miratus

146 3755 245 3805 cur,
277 3751 350 3794 tot
373 3741 620 3794 l‘atribus
653 3741 832 3806 peritis
863 3751 966 3792 tam
1001 3739 1138 3791 inter
1181 3753 1268 3791 νος
1299 3754 1453 3804 quam
1478 3739 1704 3790 circum-

146 3847 332 3898 quaque
367 3831 824 3887 commorantibus
876 3831 1145 3897 hucusque
1200 3829 1418 3889 relictis,
1453 3829 1577 3880 mihi
1609 3829 1704 3879 im-

147 3922 298 3985 perito
326 3935 375 3978 et
408 3923 642 3976 liberalis
668 3922 907 3974 scientia:
952 3918 1235 3970 admodum
1271 3918 1452 3986 ignaro
1484 3927 1588 3969 tam
1620 3932 1703 3969 ar-

145 4010 286 4064 duum
313 4027 444 4077 opus
478 4011 752 4078 injungere
805 4011 886 4062 vel
932 4009 1376 4074 excogitaveritis,
1413 4022 1503 4072 pro
1537 4007 1699 4057 niliilo

1750 2746 1786 2801 Β
1813 2743 1947 2794 sicut
1972 2743 2020 2794 in
2047 2742 2225 2806 paucis
2248 2757 2390 2809 saepe
2420 2743 2692 2796 victoriam
2725 2754 3007 2813 praestans,
3042 2747 3117 2802 sic
3147 2749 3304 2804 etiam
3341 2753 3388 2807 in

1817 2832 2074 2898 impesitis
2130 2835 2366 2898 peritiam
2401 2833 2664 2899 tribuens,
2707 2838 2890 2904 gratia:
2936 2852 3046 2892 sum
3094 2842 3384 2908 potentiam

1814 2923 2062 2975 ostendit.
2095 2923 2217 2974 Ηίιεε
2249 2933 2421 2975 autem
2458 2923 2574 2977 ideo
2607 2925 2862 2991 praemisi,
2897 2943 2962 2982 ue
2991 2929 3128 2996 quis,
3164 2945 3247 2984 me
3281 2933 3390 2986 for-

1813 3016 1945 3065 sitan
1983 3023 2178 3066 tantum
2217 3027 2350 3079 opus
2391 3013 2530 3066 ultro
2575 3015 2859 3083 arripuisse
2893 3033 2985 3086 per
3025 3023 3389 3090 arrogantiam

1810 3104 2113 3162 arbitratus,
2161 3102 2360 3155 diceret
2409 3119 2609 3171 magnae
2661 3109 3088 3174 prarsnmptionis
3119 3127 3238 3165 esse
3262 3128 3386 3167 cau-

1809 3205 1942 3252 sam,
1977 3193 2056 3243 illa
2084 3208 2198 3258 qua:
2229 3208 2256 3243 a
2280 3193 2514 3260 quolibet
2537 3205 2719 3248 saneto
2751 3197 2860 3248 viro
2881 3208 3142 3269 utcunque
3173 3203 3384 3257 fuerunt

1813 3281 2007 3347 prolata
2057 3282 2121 3333 ab
2155 3282 2262 3334 ullo
2306 3283 2554 3348 deinceps
2587 3286 2730 3352 quasi
2759 3289 3100 3344 emenda'ore
3142 3293 3192 3345 in
3239 3295 3382 3347 aliud

1811 3373 2101 3426 transferri.
2144 3373 2301 3439 Quasi
2355 3390 2457 3426 non
2507 3377 2614 3441 ipsa
2664 3387 2968 3432 sanctorum
3003 3383 3378 3448 prophetarum

1807 3462 2246 3530 sanetissimaque
2282 3462 2554 3531 Evangelii
2586 3465 2724 3519 dicta
2754 3469 2933 3522 multis
2963 3469 3379 3530 obscuritatibus

1809 3553 2066 3618 involuta,
2101 3567 2129 3603 a
2171 3554 2437 3606 nonnullis
2468 3555 2816 3621 scriptoribus
2850 3558 2899 3608 in
2933 3560 3088 3612 aliam
3122 3562 3377 3632 linguam,

1807 3646 1885 3698 vel
1914 3645 1963 3697 in
1994 3646 2312 3711 apertiorem
2343 3650 2662 3700 sententIam
2697 3647 2888 3700 fuerint
2917 3652 3188 3704 translata.

1874 3733 1927 3786 2.
1963 3733 2052 3786 llis
2079 3734 2253 3801 itaque
2284 3737 2569 3802 prmiibatis
2597 3747 2779 3790 contra
2810 3740 3133 3795 detractores
3165 3745 3391 3799 univero-

1803 3835 1911 3882 sos,
1956 3821 2142 3888 quibus
2174 3823 2298 3874 uiltil
2352 3833 2432 3876 est
2483 3825 2686 3879 dulcius
2730 3843 2890 3894 quam
2938 3829 3067 3882 alios
3118 3831 3374 3897 lacerare,

1803 3912 1917 3964 aliis
1961 3912 2174 3979 laqueos
2205 3929 2400 3978 ponere
2445 3915 2493 3967 in
2523 3916 2602 3967 via
2627 3932 2724 3984 qua
2756 3919 2854 3982 ipsi
2897 3919 3081 3971 nolunt
3110 3920 3374 3988 incedere,

1797 4001 1904 4068 jam
1957 4002 2147 4056 deinde
2214 4005 2398 4058 lectori
2455 4007 2684 4074 pandere
2743 4011 2899 4076 cupio
2952 4011 3071 4077 quia
3137 4013 3185 4064 id
3247 4015 3375 4067 milii

145 4099 273 4154 duxi.
318 4101 520 4154 Deinde
564 4116 684 4154 cum
735 4100 946 4166 quidam
993 4113 1056 4151 ex
1089 4098 1237 4150 vobis
1285 4098 1408 4148 milii
1456 4097 1698 4158 referret,
1731 4087 1773 4145 C
1810 4094 2033 4147 maxime
2064 4093 2159 4145 fuit
2188 4095 2344 4146 studii
2376 4097 2423 4146 in
2455 4111 2612 4162 Opere
2644 4099 2764 4160 isto,
2796 4109 2848 4151 ut
2875 4101 3192 4154 sententiam
3225 4118 3372 4156 eam-

144 4187 235 4254 jun
279 4200 428 4244 antea
476 4205 570 4257 pro
597 4191 781 4244 eodem
811 4203 971 4257 opere
1021 4188 1314 4240 laboratum
1368 4186 1526 4237 fuisse
1563 4187 1699 4251 apud

146 4288 360 4330 sanctum
392 4278 624 4332 Leonem
659 4286 682 4312 "
718 4293 924 4346 papam,
975 4276 1044 4328 ita
1099 4286 1158 4328 ut
1205 4276 1486 4327 nonnullos
1540 4275 1700 4326 libros

149 4368 269 4422 unde
315 4371 519 4437 plenius
555 4370 619 4422 ad
654 4371 752 4422 llOC
802 4370 1153 4422 instrueretur
1196 4368 1358 4420 abbas
1408 4367 1697 4434 Egbertus,

147 4458 546 4525 scriptoremque
573 4460 619 4510 ei
651 4458 806 4510 simul
837 4458 1053 4509 Romam
1094 4457 1497 4515 transmisisset,
1533 4457 1701 4522 ipsos-

147 4559 235 4608 que
271 4546 428 4598 libros
458 4562 525 4600 eo
551 4547 802 4599 defuncto
842 4554 894 4598 et.
935 4561 1096 4614 opere
1150 4546 1313 4613 petito
1361 4546 1578 4597 minime
1606 4561 1700 4598 ex-

149 4639 270 4698 p‘cto
312 4639 378 4691 ibi
421 4639 761 4701 remansisse,
811 4647 933 4692 tunc
973 4638 1220 4690 misertus
1254 4638 1434 4688 talium
1482 4637 1699 4702 apposui

147 4727 405 4792 aliquando
453 4730 682 4781 animam
709 4769 723 4790 ,
775 4730 958 4782 volens
1010 4729 1216 4782 scilicet
1255 4727 1473 4795 implere
1508 4729 1698 4792 petita,

148 4811 182 4862 si
211 4816 302 4866 ulla
327 4818 699 4885 astipularetur
726 4818 965 4870 scientia.
995 4817 1232 4884 Cumque
1274 4817 1361 4868 diu
1413 4816 1544 4868 velle
1576 4814 1699 4867 mibi

149 4901 411 4970 adjaceret,
455 4911 716 4976 perlicere
759 4917 934 4961 autem
984 4907 1033 4958 in
1086 4921 1170 4960 me
1213 4921 1316 4959 non
1369 4906 1698 4969 invenirem,

150 4992 368 5048 dicebant
414 4999 587 5062 vobis,
636 4999 773 5065 quod
821 5000 1007 5053 vellem
1040 5039 1052 5060 ,
1105 4999 1351 5067 qquque
1406 4998 1699 5064 nequirem.

152 5078 238 5132 Sed
266 5097 372 5140 vos.
397 5097 452 5137 ut
473 5087 641 5149 scitis,
670 5087 852 5140 eadem
904 5090 1094 5140 crebro
1125 5086 1413 5154 repetistis,
1442 5086 1701 5150 diceti'es,

152 5173 186 5222 si
225 5175 340 5228 mihi
372 5178 736 5230 tantummodo
786 5177 952 5231 solida
1005 5179 1198 5230 inesset
1245 5175 1508 5237 voluntas,
1543 5191 1569 5227 a
1605 5176 1705 5228 Do-

154 5263 276 5316 mino
316 5280 504 5322 caetera
540 5268 806 5334 praestari.
853 5268 1233 5322 Exhortatione
1271 5268 1528 5337 ejusmodi
1561 5283 1704 5335 smpe

155 5351 393 5426 iactatus,
427 5359 640 5414 tandem
691 5363 881 5413 tentavi
932 5371 1136 5412 vestros
1169 5361 1388 5427 implere
1435 5372 1702 5425 precatus,

1805 4187 1921 4239 dem
1955 4186 2127 4238 verbis
2153 4188 2505 4250 apertioribus
2543 4189 2853 4254 proferrem,
2885 4194 3120 4257 exceptis
3147 4192 3227 4245 bis
3257 4209 3380 4259 qua:

1804 4278 1870 4329 ob
1893 4278 1970 4328 sui
2004 4276 2368 4330 difficultatem
2397 4287 2450 4330 et
2483 4279 2858 4332 obscuritatem
2895 4282 3208 4350 inveStigare
3231 4283 3379 4350 peni-

1805 4377 1884 4419 tus
1913 4368 2138 4434 nequivi.
2176 4367 2228 4420 ln
2262 4377 2458 4421 tantum
2499 4381 2672 4422 autem
2709 4371 2941 4422 faciliora
2968 4373 3246 4439 sequebar,
3293 4383 3389 4436 ut,.

1803 4457 1954 4508 sicuti
1999 4455 2210 4522 probari
2259 4466 2449 4522 potest,
2483 4459 2677 4512 alicubi
2705 4460 2888 4512 eadem
2923 4461 3078 4514 verba
3104 4477 3378 4528 ponerem.

1804 4544 1936 4608 Quid
1963 4545 2100 4596 enim
2125 4545 2278 4597 nobis
2307 4548 2524 4609 inlimis,
2551 4549 2636 4615 qui
2661 4549 3021 4614 spectaculum
3047 4550 3165 4603 facti
3195 4566 3400 4611 sumus,

1805 4634 2018 4697 mundo,
2045 4634 2242 4686 nodosa
2273 4644 2328 4687 et
2349 4635 2595 4702 perplexa
2623 4636 2830 4689 oratio?
2853 4637 3085 4690 Habeant
3111 4651 3380 4694 amatores

1804 4724 2070 4791 sapientiae
2093 4725 2358 4777 sxeularis
2381 4725 2631 4802 Tullium,
2653 4743 2746 4780 nos
2767 4729 2997 4796 imperiti
3023 4738 3073 4782 et
3095 4730 3372 4798 ignobiles,

1805 4816 2036 4884 despecti
2069 4825 2117 4868 et
2148 4804 2595 4881 contemptibiles,
2631 4834 2916 4888 sequamur
2967 4823 3258 4887 Christum,
3290 4824 3381 4891 qui

1805 4923 1908 4960 non
1943 4907 2302 4975 philosophos,
2335 4911 2423 4961 sed
2454 4913 2739 4976 piscatores
2770 4912 2926 4980 elegit
2955 4911 3266 4980 discipulos.

1876 5000 1927 5052 5.
1956 5000 2096 5051 Inter
2127 4998 2238 5051 liter:
2266 4999 2388 5052 illud
2445 5012 2625 5053 notum
2665 5001 2800 5055 facio
2831 5002 3107 5056 dilectioni
3158 5014 3372 5066 vestrm,

1806 5090 1924 5156 quia
1953 5103 2068 5142 cum
2101 5089 2152 5142 in
2209 5091 2321 5158 ipso
2353 5089 2488 5144 libro
2518 5107 2671 5158 quem
2726 5107 2809 5144 me
2838 5093 3123 5160 explanare
3169 5094 3375 5159 petistis

1809 5181 2126 5248 inspicerem
2172 5180 2395 5246 plurima
2431 5191 2534 5233 tam
2567 5182 2939 5234 miraculorum
2983 5198 3144 5248 quam
3177 5177 3378 5248 episto-

1808 5272 1973 5323 larum
2007 5270 2228 5336 insignia
2255 5286 2355 5322 non
2388 5271 2590 5333 ltaberi,
2623 5289 2739 5336 qua:
2770 5272 2821 5323 in
2845 5272 2959 5324 aliis
2993 5273 3142 5324 libris
3175 5272 3380 5335 inveni,

1808 5360 2020 5411 molitus
2051 5374 2167 5411 sum
2200 5372 2262 5410 ex
2293 5358 2419 5424 ipsis
2445 5359 2717 5426 colligere,
2763 5370 2814 5412 et
2854 5359 2905 5412 in
2963 5359 3096 5412 locis
3138 5375 3255 5427 qua:
3284 5375 3379 5426 op-

155 5447 395 5502 cnnlideus
443 5453 493 5503 in
523 5467 588 5502 eo
635 5466 790 5518 quam
843 5450 1066 5504 maxime
1106 5452 1192 5517 qni
1245 5451 1414 5503 dixit:
1453 5451 1600 5518 Aperi
1648 5466 1700 5503 os
1733 5442 1782 5500 Ι)
1811 5458 2029 5515 portuna
2059 5448 2373 5501 videbantur
2397 5447 2652 5502 inserere.
2689 5448 2948 5502 Fortassis
2983 5449 3124 5501 enim
3157 5449 3246 5501 ille
3287 5464 3380 5502 ve-

158 5541 295 5602 luuin,
335 5550 377 5592 et
415 5558 507 5611 ego
535 5541 825 5607 adimplebo
868 5542 998 5595 illud
1048 5540 1216 5614 (Psal.
1264 5542 1455 5610 Lux);
1506 5541 1699 5608 quiQuc

215 5695 483 5770 '_lnlellige
513 5701 745 5754 Leonem
775 5714 959 5770 papam
985 5698 1074 5770 ιχ,
1104 5712 1264 5770 aquo
1295 5698 1575 5770 Egbertus,
1607 5699 1696 5765 qui

159 5771 199 5811 et
236 5764 394 5835 lippo,
425 5764 516 5824 ’δὴ
563 5785 702 5825 anno
740 5764 868 5824 1038
898 5771 960 5823 ad
1015 5769 1146 5823 1053
1176 5764 1361 5823 ἐώὺοςῖ
1385 5764 1661 5823 Fuldensis
1681 5805 1698 5836 ,

1807 5538 2069 5592 nerandus
2120 5538 2198 5591 vir
2247 5539 2332 5607 qui
2388 5538 2557 5590 Vitam
2589 5539 2756 5592 sancti
2803 5538 3050 5592 Benifacii
3095 5538 3146 5592 in
3194 5537 3377 5606 primis

1807 5707 1984 5752 vetera
2015 5706 2348 5750 monumenta
2379 5695 2571 5762 quibus
2603 5695 2802 5762 patroni
2833 5695 2914 5749 sui
2946 5705 3056 5751 acta
3087 5695 3381 5751 illustraret

1807 5767 2114 5837 postulavit.
2147 5767 2276 5822 Hinc
2305 5766 2518 5821 Otltloni
2548 5774 2759 5821 aetatem
2790 5765 3040 5834 colligere
3069 5765 3210 5821 licet.
