4170 6536
749 428 853 484 655

1750 430 1807 484 S.
1851 432 2247 488 BONIFACIUS
2285 430 2587 486 MUGUNT.
2632 429 3028 485 El’lSCUl’US.
3905 436 3992 491 636

755 538 974 608 scripsit
1026 539 1244 593 virtutes
1273 538 1389 607 ejus
1442 540 1634 593 nmltas
1684 544 2043 610 epiSl(li;lSt]llc
2084 545 2327 598 nesciens
2360 554 2402 604 Α
2432 543 2516 596 cio
2547 544 2750 597 caelesti
2779 544 3101 598 eliminatur.
3133 545 3213 599 Ad
3245 544 3358 602 haec
3385 548 3544 602 etiam
3572 549 3807 602 dicamus
3835 556 3991 621 quod.

754 632 1117 699 pratcrmisit.
1163 631 1267 685 Sed
1302 632 1427 684 mihi
1475 632 1834 688 consideranti
1887 636 2091 688 litteras
2142 652 2329 690 omnes

756 742 893 795 quas
913 727 979 779 de
1008 740 1073 779 eo
1104 725 1331 788 habetis,
1384 725 1435 776 in
1484 726 1643 779 nullis
1693 728 1863 791 major
1911 729 2037 779 tanti
2085 729 2329 795 pratsulis

755 817 1069 879 auctoritas,
1103 830 1256 882 quam
1288 818 1337 868 in
1385 816 1622 883 epistolis
1665 818 1732 869 ab
1787 819 1901 883 ipso
1925 820 2007 871 vel
2058 821 2122 875 ad
2157 821 2329 888 ipsum

758 904 980 960 directis
1010 904 1219 957 videtur
1246 918 1389 958 esse.
1433 906 1504 958 lbi
1535 920 1763 974 namque
1791 908 2127 973 apertissime
2160 910 2335 977 inSpi-

756 996 897 1050 citur
923 1004 1114 1065 quanta
1158 996 1503 1049 veneratione
1554 996 1798 1063 primitus
1849 996 2008 1052 fuerit
2054 1010 2334 1066 susceptus

758 1102 790 1140 a
823 1085 1074 1154 pontiﬁce
1105 1084 1358 1149 Romano,
1392 1086 1725 1154 qualiterque
1755 1102 1874 1140 eum
1900 1087 2206 1141 ordinatum
2237 1089 2335 1143 mi-

758 1176 889 1231 serit
928 1175 995 1228 ad
1032 1176 1425 1243 prmdicandutn
1478 1178 1683 1230 cunctis
1734 1176 2033 1231 Germania:
2083 1179 2332 1249 populis;

758 1275 965 1337 quanto
991 1269 1149 1321 etiant
1183 1265 1366 1320 labore
1393 1269 1634 1321 eamdem
1669 1268 2009 1322 Germaniam
2041 1270 2106 1323 ad
2138 1269 2337 1327 Christi

760 1359 919 1414 ﬁdem
948 1358 1238 1421 convertit;
1270 1367 1322 1412 et
1347 1359 1484 1427 quod
1513 1372 1616 1410 non
1648 1358 1820 1412 solum
1847 1374 1875 1411 a
1908 1361 2125 1426 paganis
2154 1370 2206 1414 et
2229 1362 2339 1415 hm-

761 1450 964 1515 rcticis,
1014 1450 1106 1504 sed
1135 1450 1292 1503 etiam
1324 1464 1351 1501 a
1383 1449 1933 1517 pseudo-Christianis
1962 1459 2014 1503 et
2045 1451 2221 1517 pravis
2250 1466 2336 1505 sa-

760 1540 1069 1595 cerdotibus
1095 1555 1211 1593 eam
1244 1539 1389 1593 velut
1418 1556 1446 1593 a
1482 1542 1725 1608 luporum
1754 1540 2019 1595 morsibus
2039 1543 2336 1611 eripuerit;

760 1641 1011 1697 quautam
1040 1629 1263 1697 gratiam
1309 1645 1338 1683 a
1386 1630 1709 1683 Francorum
1742 1632 2068 1697 principibus
2110 1631 2335 1689 Carolo-

764 1736 963 1776 manno
992 1723 1198 1776 scilicet
1227 1733 1280 1775 et
1309 1721 1533 1789 Pippino
1562 1722 1871 1787 obtinuerit,
1931 1722 2022 1791 qui
2051 1734 2334 1791 postquam

759 1829 883 1870 eum
915 1813 1169 1868 Ecclesia:
1209 1812 1623 1883 bloguutiacensi
1672 1814 1955 1882 praesulem
1999 1814 2332 1889 decreverat,

766 1903 1011 1959 eamdem
1040 1918 1159 1974 qua:
1190 1904 1337 1973 prius
1372 1905 1622 1958 Ecclesia:
1651 1905 1802 1959 alteri
1827 1885 2033 1957 subdita
2056 1915 2191 1971 erat,
2238 1922 2333 1969 pro
2371 1883 2411 1940 Β

763 1998 907 2053 illius
949 2013 1131 2052 amore
1177 1997 1335 2050 simul
1382 2006 1437 2049 et
1490 1997 1727 2059 honore,
1783 1997 2121 2066 metropolim
2173 2000 2339 2053 totius

761 2090 1087 2157 Germaniae,
1122 2088 1417 2155 apostolico
1444 2091 1692 2157 pontilice
1725 2092 2117 2152 coasentiente,
2150 2092 2339 2143 effece-

759 2183 829 2235 rit
859 2199 871 2244 ;
902 2193 1032 2250 quot
1061 2181 1215 2234 sedes
1244 2180 1572 2247 episcopales
1612 2181 1877 2241 statuerit,
1912 2195 2029 2246 qua:
2063 2180 2335 2245 privilegia

766 2271 1081 2338 quibusdam
1116 2270 1365 2324 Ecclesiis
1414 2267 1720 2321 obtinuerit.
1786 2269 2065 2322 Postremo
2113 2284 2165 2321 et
2212 2270 2335 2323 illud

762 2363 834 2416 ibi
863 2364 1188 2430 speculatur,
1220 2360 1356 2427 quod
1390 2362 1546 2413 etiam
1583 2362 1731 2413 vobis
1781 2362 1941 2412 modo
1971 2377 2198 2429 peropus
2230 2373 2330 2425 est,

759 2451 1032 2520 quomodo
1061 2451 1305 2518 corporis
1350 2451 1428 2504 sui
1482 2450 1679 2511 locum,
1732 2448 2035 2504 cmuobium
2093 2452 2338 2505 videlicet.

761 2555 1019 2611 vestrum,
1052 2542 1479 2614 possessionibus
1502 2553 1555 2598 et
1580 2540 1805 2597 decimis
1826 2543 2148 2612 Specialibus
2173 2545 2339 2599 subli-

764 2636 1005 2692 maverit.

832 2724 889 2778 s.
912 2723 1082 2778 Tanta
1113 2725 1271 2794 igitur
1316 2724 1609 2778 auctoritas
1660 2723 1788 2778 licet
1829 2739 1860 2779 a
1909 2724 2178 2779 modernis
2226 2728 2341 2795 qui-

761 2817 988 2872 busdam
1018 2816 1391 2871 sacerdotibus
1422 2816 1724 2869 anuulletur
1754 2825 1779 2853 ι
1806 2856 1820 2879 ,
1862 2816 2132 2883 continget
2163 2825 2335 2870 tamen

764 2907 841 2961 eis
864 2906 914 2959 in
938 2904 1301 2959 testimonium
1328 2902 1704 2965 damnationis,
1733 2902 1870 2970 quod
1896 2903 2125 2957 scientes
2153 2904 2340 2958 termi-

764 3009 862 3048 nos
878 2995 1123 3063 antiquos
1142 3002 1194 3046 et
1210 3002 1517 3047 sanctorum
1540 2991 1755 3045 Patrum
1780 2992 1995 3046 decreta
2019 3008 2123 3046 non
2144 2993 2340 3050 debere

763 3082 1084 3151 transgredi,
1105 3095 1443 3146 summepere
1472 3081 1953 3149 transgrediuntur,
1975 3082 2123 3136 obliti
2146 3083 2339 3137 verbo-

762 3191 882 3231 rum
916 3176 1124 3230 illorum
1150 3190 1268 3243 quae
1321 3174 1573 3229 Dominus
1606 3175 1670 3226 ad
1712 3174 1911 3227 electos
1961 3183 2200 3240 pastores
2253 3175 2335 3230 vel
2366 3210 2412 3272 ο

764 3267 1010 3323 doctores
1037 3267 1089 3322 in
1116 3267 1399 3336 Evangelio
1422 3264 1549 3319 dicit
1573 3286 1586 3318 :
1621 3264 1721 3331 Qui
1752 3281 1835 3318 vos
1859 3265 2025 3329 audit,
2052 3282 2131 3319 me
2157 3268 2338 3331 audit;

762 3365 811 3410 et
832 3359 921 3426 qui
940 3373 1026 3411 vos
1049 3357 1260 3426 spernit,
1281 3372 1359 3409 me
1377 3356 1571 3422 spernit
1591 3354 1737 3423 (Luc.
1758 3355 1832 3423 ιι).
1856 3355 2039 3423 Neque
2060 3356 2200 3409 enim
2226 3356 2339 3412 btet:

764 3447 929 3501 verba
956 3446 1023 3502 de
1049 3446 1460 3515 prmcedentiunt
1487 3454 1781 3512 temporum
1812 3445 2110 3499 rectoribus
2141 3446 2338 3499 solum-

769 3537 930 3591 modo
959 3537 1099 3590 dicta
1126 3545 1267 3602 sunt,
1293 3537 1383 3589 sed
1409 3537 1567 3589 etiam
1596 3537 1659 3589 de
1686 3536 1789 3589 illis
1815 3535 1903 3603 qui
1933 3549 2098 3603 usque
2122 3537 2187 3590 ad
2213 3552 2338 3591 cou-

766 3633 1177 3683 summatioaem
1226 3629 1406 3683 sarcuii
1464 3627 1752 3682 Ecclesiam
1785 3640 1933 3681 suam
1966 3636 2090 3681 sunt
2119 3629 2335 3689 recturi,

767 3736 870 3773 non
901 3719 1243 3773 destructuri.
1277 3718 1406 3771 Nam
1436 3718 1504 3771 de
1530 3718 1949 3770 destructorihus
1985 3727 2037 3770 et
2069 3719 2335 3783 perversis

767 3808 1072 3876 pastoribus
1102 3808 1359 3860 Dominus
1384 3806 1507 3860 alibi
1530 3805 1657 3859 dicit
1680 3823 1694 3858 :
1716 3804 1959 3859 Vcerobis
1982 3804 2108 3874 legis
2137 3806 2333 3872 peritis,

765 3900 854 3967 qui
887 3898 1072 3951 tulistis
1118 3898 1307 3950 clavem
1337 3895 1579 3961 scientias,
1615 3903 1662 3948 et
1701 3895 1797 3957 ipsi
1827 3910 1929 3948 non
1956 3895 2205 3959 intrastis,
2245 3911 2335 3949 nec

765 3990 892 4042 alios
915 3990 1102 4041 intrare
1125 3987 1423 4055 permisislis
1448 3985 1599 4057 (Luc.
1632 3984 1731 4053 .u).
1758 3987 1820 4039 Et
1845 4001 2055 4041 rursum
2080 4004 2091 4038 :
2128 3986 2218 4041 Va:
2246 4003 2335 4040 tto-

771 4080 862 4143 bis,
906 4080 1206 4148 hypocritw,
1245 4078 1331 4146 qui
1354 4078 1617 4130 drcimatis
1656 4077 1912 4129 mentitam
1942 4088 1986 4130 et
2010 4078 2249 4130 anet/ium
2290 4089 2339 4130 et

768 4172 1045 4241 cyminum,
1090 4181 1135 4223 et
1173 4169 1404 4241 grauiora
1442 4170 1567 4240 legis
1606 4176 1855 4237 pracepta
1891 4168 2191 4233 reliquistis,
2242 4169 2337 4221 hoc

768 4268 865 4326 est,
898 4259 1177 4329 judicium,
1217 4258 1640 4318 misericordiam,
1684 4266 1730 4309 et
1756 4256 1926 4323 ﬁdem.
1957 4255 2087 4309 Herc
2114 4258 2337 4325 eportuit

768 4352 957 4419 facere,
1006 4360 1053 4404 et
1076 4350 1167 4402 illa
1203 4365 1301 4402 non
1323 4346 1783 4417 omittereulattlt.
1816 4345 1992 4413 χχιιι).
2026 4346 2183 4400 Multa
2208 4362 2338 4416 quo-

771 4455 874 4510 que
903 4441 953 4494 in
983 4439 1264 4494 Ezechiele
1294 4441 1551 4507 propheta
1580 4437 1881 4507 hujusmodi
1926 4438 2225 4504 pastoribus
2257 4438 2340 4490 di-

2431 632 2553 686 dam
2599 642 2990 702 argumentum,
3022 633 3160 703 quod
3192 636 3440 691 omnibus
3470 648 3678 693 constat
3711 650 3913 696 notum.
3939 644 3986 697 Si

2432 724 2550 790 quis
2602 724 2779 791 itaque
2825 725 3040 779 ditionis
3075 741 3187 779 sum
3233 728 3418 780 silvam
3465 732 3857 799 exstirpandam
3906 750 3990 800 pro

2434 812 2546 881 agri
2578 814 2784 867 cultura
2836 815 3161 882 aggreditur,
3208 826 3630 885 quantaecunque
3660 822 3990 891 longitudinis

2435 910 2489 955 et
2520 902 2814 955 latitudinis
2841 903 3069 957 voluerit
3098 920 3253 971 agros
3282 908 3476 962 exinde
3503 910 3713 963 sibimet
3744 914 3986 977 metitur;

2435 992 2551 1044 aliis
2599 1006 2724 1044 vero
2756 1007 2859 1045 non
2892 1007 2975 1058 ea,
3023 993 3115 1046 sed
3165 1010 3267 1061 qua
3320 998 3430 1049 vult
3474 1013 3721 1054 mensura
3755 1004 3987 1063 partitur,

2438 1083 2636 1135 habens
2686 1092 3001 1151 potestatem
3052 1085 3333 1153 ttnicuique
3388 1100 3537 1157 prout
3590 1092 3698 1143 vult
3742 1092 3988 1149 dividere.

2436 1170 2568 1224 Cum
2624 1186 2753 1241 ergo
2795 1173 2895 1226 hoc
2938 1175 3006 1225 ita
3059 1189 3179 1229 esse
3228 1175 3428 1229 sciatur
3479 1180 3544 1233 ab
3580 1182 3843 1246 omnibus,
3886 1200 3993 1248 cur,

2439 1278 2600 1332 rogo,
2632 1264 2907 1333 ignoratur
2937 1265 3073 1334 quod
3106 1267 3262 1333 primi
3310 1268 3574 1337 principes
3622 1272 3992 1340 Ecclesiarunt,

2439 1357 2661 1422 apostoli
2693 1357 2920 1422 scilicet,
2961 1371 3253 1427 onmesque
3283 1361 3370 1428 qui
3420 1378 3603 1416 eorunt
3656 1367 3872 1436 vestigia
3920 1384 3996 1422 se-

2437 1456 2679 1514 quentes,
2714 1446 2997 1515 unicuique
3029 1449 3171 1516 genti
3200 1464 3406 1503 saeram
3435 1452 3593 1506 iidem
3626 1455 3870 1521 primitus
3900 1466 3999 1508 tra—

2438 1534 2704 1600 diderunt,
2760 1537 3066 1605 exstirpatis
3097 1553 3338 1592 errorum
3382 1543 3651 1596 variorum
3704 1546 3854 1598 silvis
3884 1593 3897 1611 ,
3946 1547 3996 1599 in

2438 1626 2754 1692 quibusdam
2796 1628 3006 1695 populis
3047 1641 3109 1681 ac
3142 1629 3426 1695 provinciis
3456 1642 3772 1698 potestatem
3803 1634 3999 1690 habuco

2438 1726 2560 1769 runt
2584 1719 2944 1782 possessiones
2972 1718 3052 1771 vel
3095 1721 3327 1775 decimas
3356 1739 3475 1789 «pne
3503 1725 3601 1780 sibi
3632 1729 4006 1795 contingebant

2438 1806 2512 1859 illi
2540 1816 2595 1861 et
2615 1808 2691 1861 illi
2720 1809 2963 1863 ecclesiae
2986 1810 3208 1878 donare,
3241 1815 3689 1883 quandoquidem,
3713 1817 3863 1887 juxta
3886 1834 4005 1873 san.

2440 1910 2645 1954 ctorum
2669 1915 2930 1955 canonum
2950 1904 3185 1967 decreta,
3206 1903 3442 1959 decimas
3471 1907 3522 1961 in
3552 1917 3781 1977 quatuor
3810 1912 4006 1978 portio-

2440 2005 2535 2043 nes
2562 1989 2587 2027 ιι
2607 1991 2925 2054 dividentes,
2957 2007 3114 2045 unam
3143 1994 3266 2057 sibi,
3298 1998 3518 2049 alteram
3542 1999 3769 2066 clericis,
3798 2003 4004 2055 tertiam

2441 2080 2773 2146 pauperibus,
2810 2092 3048 2149 quartam
3097 2087 3456 2139 restanrandis
3503 2090 3750 2145 ecclesiis
3779 2092 4007 2146 tradide-

2440 2170 2604 2222 runt?
2648 2170 2889 2236 Nunquid
2923 2174 3158 2226 avaritia:
3181 2189 3293 2228 sua:
3327 2181 3691 2233 tantummodo
3718 2184 4000 2237 Consulen-

2442 2271 2519 2315 tes
2551 2264 2600 2313 in
2633 2263 3002 2317 distributione
3027 2265 3353 2321 decimarum
3384 2269 3530 2321 oltiiti
3559 2282 3682 2323 sunt
3715 2289 4004 2343 pauperum

2440 2354 2950 2421 rcstaurationisquc
2977 2358 3341 2422 ecclesiarum,
3372 2361 3507 2413 sicut
3538 2362 3713 2427 modo,
3751 2367 3884 2431 proh
3915 2367 4007 2419 de.

2438 2446 2518 2498 lor
2544 2448 2556 2499 !
2590 2444 2858 2499 cernimus
2888 2447 3013 2514 agi?
3043 2446 3293 2504 Canones
3322 2452 3463 2507 enim
3495 2456 3661 2509 sancti
3688 2471 3753 2510 ex
3780 2473 4005 2525 quorum

2438 2538 2754 2591 auctoritate
2780 2540 3061 2606 exiguntur
3104 2540 3346 2605 decimae,
3403 2558 3507 2598 non
3553 2547 3724 2601 solum
3768 2547 4005 2604 decimas

2438 2627 2573 2691 dari,
2614 2628 2708 2680 sed
2737 2618 2899 2680 etiam
2929 2630 3066 2683 inter
3109 2630 3283 2686 varios
3326 2630 3516 2701 jubent
3544 2635 3808 2702 distribui,
3857 2649 3915 2692 ut
3960 2639 4010 2691 in

2440 2718 2658 2773 urbibus
2685 2717 3005 2785 quibu~libet
3049 2728 3101 2772 et
3152 2719 3283 2774 vicis
3315 2724 3642 2778 seuodocltia
3692 2726 4009 2793 habeantur,

2440 2815 2498 2862 ut
2532 2822 2795 2876 pauperes
2827 2818 2878 2861 et
2912 2810 3177 2878 peregrini
3207 2810 3436 2866 alantur.
3470 2814 3573 2869 Sed
3605 2824 3709 2870 tant
3742 2829 4004 2879 sanctum,

2441 2904 2548 2949 tam
2581 2898 2962 2962 necessarium,
3011 2911 3338 2969 prazceptum
3371 2902 3422 2956 in
3452 2903 3693 2969 plurimis
3726 2906 3857 2960 locis
3909 2924 4013 2963 non

2441 2988 2615 3042 solum
2648 2988 2869 3041 minime
2898 2998 3139 3055 curatur,
3193 2991 3286 3045 sed
3335 2990 3501 3046 etiam
3549 3010 3682 3060 pene
3724 2995 4013 3065 ignoratur.

2442 3077 2574 3130 Nam
2602 3077 2937 3131 solummodo
2982 3078 3108 3132 illud
3153 3079 3367 3149 legitur,
3419 3083 3564 3150 quod
3612 3085 3877 3153 episcopis
3926 3088 4013 3142 de-

2442 3168 2595 3222 cimae
2613 3170 2719 3222 sint
2750 3169 3067 3223 tribuendas.
3099 3170 3234 3236 Quid
3261 3186 3387 3224 vero
3412 3174 3602 3228 exinde
3629 3176 3901 3243 agendum
3925 3179 4015 3239 sit,

2443 3258 2526 3311 vel
2554 3257 2599 3311 si
2626 3257 2913 3325 quidquam
2940 3258 3082 3311 aliud
3108 3260 3400 3313 curandum
3426 3261 3495 3315 sit
3514 3261 3649 3316 circa
3671 3268 4014 3327 monasteria,

2446 3357 2551 3402 tam
2582 3364 2611 3401 a
2640 3348 2847 3403 clericis
2889 3349 3221 3418 (miserabile
3245 3351 3449 3419 dictu!)
3487 3367 3643 3421 quam
3683 3367 3713 3405 a
3737 3354 3886 3409 laicis
3914 3357 4012 3410 de-

2443 3452 2668 3507 structa,
2711 3442 2953 3511 citraque
2991 3444 3187 3512 judicia
3217 3444 3538 3501 Christiana:
3589 3448 3863 3517 religionis
3890 3453 4016 3504 sub-

2444 3546 2617 3588 versa.
2651 3532 2906 3585 oblivioni
2941 3547 3034 3587 seu
3068 3534 3377 3601 ignorantiae
3409 3538 3832 3593 commendatur.
3864 3540 4017 3595 Unde

2445 3634 2631 3674 vereor
2659 3637 2725 3674 ne
2752 3622 2817 3675 de
2846 3625 3126 3689 prmseutis
3155 3627 3411 3690 temporis
3445 3628 3740 3681 rectoribus
3787 3632 4015 3682 avaritia

2443 3711 2561 3764 iuex
2575 3710 2747 3777 plebili
2776 3712 3039 3779 corruptis
3071 3711 3351 3767 Psalmista
3384 3715 3757 3781 propltetizaus
3778 3719 3972 3773 dixerit
4001 3739 4014 3773 :

2442 3800 2677 3869 Corrupti
2703 3808 2820 3853 sunt
2851 3812 2897 3853 et
2920 3802 3280 3856 abominabiles
3310 3804 3431 3871 facti
3460 3816 3577 3859 sunt
3604 3808 3655 3860 in
3683 3809 3867 3862 studiis
3913 3815 4021 3863 suis

2444 3891 2615 3960 (Psal.
2642 3893 2780 3961 xm).
2805 3892 2937 3947 Cum
2964 3894 3105 3948 enim
3134 3895 3266 3948 nihil
3297 3895 3580 3952 dicendum
3608 3898 3678 3953 sit
3705 3913 4019 3970 corruptum

2442 3984 2545 4037 nisi
2576 3984 2715 4053 quod
2756 3985 2900 4052 prius
2928 3983 3025 4038 fuit
3059 3984 3346 4055 integrum,
3397 3999 3629 4043 rectores
3660 3990 3741 4044 vel
3773 4005 4022 4058 pastores

2441 4076 2634 4143 quique
2693 4076 2745 4130 in
2789 4077 2889 4130 hoc
2933 4077 3151 4146 quidem
3176 4078 3279 4134 dici
3330 4090 3551 4147 possunt
3592 4080 3754 4137 luisse
3802 4084 4023 4154 integri,

2441 4168 2561 4234 quia
2592 4182 2621 4219 a
2650 4165 2760 4221 Deo
2786 4166 3045 4235 sapientia
3075 4168 3379 4222 omnimoda
3411 4170 3476 4222 ad
3519 4170 3775 4238 judicium
3826 4188 4020 4226 verum

2445 4257 2742 4310 faciendum
2765 4265 2913 4310 erant
2942 4257 3216 4321 instructi;
3249 4257 3367 4311 ideo
3384 4268 3560 4312 autent
3590 4262 3850 4327 corrupti,
3884 4263 4019 4329 quia

2444 4361 2547 4401 non
2579 4347 2873 4401 secundum
2900 4345 3076 4399 datam
3120 4346 3221 4400 sibi
3245 4348 3582 4414 sapientiam,
3628 4348 3721 4402 sed
3748 4348 3905 4417 juxta
3942 4353 4028 4405 lu—

2441 4438 2517 4489 cri
2570 4436 2847 4491 obtinendi
2895 4437 3250 4505 quantitatem
3293 4436 3556 4504 judicant.
3603 4439 3773 4507 Atque
3814 4442 4022 4495 utinam

773 4543 984 4588 cuntur.
1013 4532 1140 4595 Sed,
1173 4532 1216 4586 si
1246 4532 1436 4600 placet,
1492 4531 1877 4598 interrogemus
1903 4530 2120 4582 eosdem
2152 4542 2335 4598 pasto-
2367 4546 2418 4605 D
2445 4528 2541 4598 ipsi
2571 4539 2810 4596 pastores
2846 4528 3211 4582 tantummodo
3238 4528 3653 4597 dedignarentur
3686 4532 4025 4599 pauperibus

770 4638 877 4686 res,
911 4623 1174 4690 quomodo
1223 4622 1387 4677 velint
1414 4636 1507 4675 sua
1539 4622 1814 4684 rohorare,
1841 4621 1884 4672 si
1920 4620 2335 4687 praecedentium

763 4713 976 4768 Patrum
1031 4722 1225 4767 statuta
1266 4712 1621 4781 judicaverint
1672 4725 1792 4765 esse
1838 4711 2206 4774 destruenda;
2256 4712 2336 4764 vel

770 4804 1035 4873 quomodo
1081 4803 1367 4858 aedilicium
1416 4802 1807 4871 superpositum
1856 4810 1998 4856 stare
2043 4801 2246 4871 possit,
2298 4802 2341 4858 si

772 4898 1116 4951 fundamenta
1142 4897 1222 4952 eis
1267 4907 1392 4950 sunt
1435 4895 1715 4963 ejiciemla.
1770 4894 2138 4948 Fundamenta
2189 4910 2342 4948 nam-

769 5002 874 5057 que
902 4986 1151 5041 Ecclesia:
1178 5002 1287 5041 sua;
1317 4986 1469 5053 primi
1503 4985 1683 5039 Patres
1718 4985 1883 5050 fuere,
1918 4985 2057 5037 sicut
2082 4985 2340 5045 scriptum

776 5087 891 5130 est:
945 5076 1304 5130 Fundamenta
1359 5079 1466 5147 ejus
1516 5076 1567 5128 in
1616 5078 1869 5129 montibus
1918 5078 2107 5130 sanctis
2154 5076 2338 5147 (Psal.

775 5185 989 5233 Lxxxvt,
1022 5168 1097 5238 1).
1143 5169 1452 5236 Quicunque
1484 5169 1639 5237 igitur
1690 5169 1920 5236 lapidum
1972 5170 2331 5238 superposito.

777 5277 895 5315 rum
943 5260 1281 5315 fundamenta
1310 5262 1429 5315 talia
1479 5263 1628 5329 sequi
1672 5262 2008 5332 dedignatur,
2062 5264 2127 5316 de
2170 5262 2339 5315 mdili-

848 5420 873 5447 ⁶
903 5410 1144 5464 Nicolaus
1168 5411 1421 5481 ,Serarius
1452 5412 1563 5466 haec
1591 5412 1755 5467 refert
1781 5413 1844 5465 ad
1886 5423 2121 5481 tempora
2158 5414 2340 5467 \Vide-

777 5481 889 5535 radi
916 5481 1119 5532 abbatis
1144 5480 1440 5546 Fultlensis,
1486 5484 1696 5551 quando
1726 5480 2007 5537 Ilecelmtis
2056 5485 2337 5537 llildenes-

781 5551 1068 5604 heimensis
1096 5550 1326 5616 episc0pi
1360 5552 1590 5605 l'actioue
1650 5556 2028 5606 monasterium
2082 5554 2340 5607 Futdense

779 5620 938 5687 rebus
967 5620 1074 5672 lere
1120 5621 1364 5675 omnibus
1410 5623 1688 5687 Spoliatum
1737 5632 1839 5687 est,
1892 5632 2023 5675 teSte
2056 5623 2340 5676 Lamberto

782 5686 1240 5757 Scafnaburgcnsi,
1276 5690 1340 5741 ad
1384 5686 1511 5743 ann.
1562 5690 1716 5742 1065.
1754 5686 1833 5744 At
1865 5697 2081 5757 querela
2135 5694 2246 5745 haec
2275 5693 2341 5745 de

780 5757 912 5829 solis
940 5755 1155 5829 decimis
1184 5758 1376 5829 rectius
1423 5760 1645 5825 quadrat
1692 5755 2095 5829 pseudosyuudo
2131 5764 2342 5827 ErpeslA

780 5824 1009 5881 {ordensi
1055 5827 1365 5884 ann01073
1410 5824 1623 5901 habitae,
1675 5824 1743 5886 ab
1791 5824 2075 5901 exigendas
2106 5824 2341 5887 decimas

2444 4622 2677 4677 decimas
2702 4621 2961 4685 dividere,
3007 4630 3060 4675 et
3092 4634 3198 4675 non
3237 4620 3369 4674 alios
3393 4620 3647 4689 quosdam
3700 4622 4026 4690 (monachos

2444 4714 2585 4777 dico,
2617 4713 2755 4782 apud
2798 4727 2932 4780 quos
2959 4712 3134 4781 aliqua
3161 4710 3336 4765 adhuc
3365 4711 3664 4778 huiusmodi
3693 4726 3817 4765 cura
3858 4728 4025 4767 exer-

2444 4809 2619 4875 cetur)
2652 4805 3021 4875 prohiberent,
3074 4804 3247 4859 moliti
3275 4805 3505 4873 antiquae
3542 4803 3839 4858 traditionis
3865 4805 4023 4859 deci-

2444 4914 2559 4953 mas
2589 4899 2655 4951 ab
2680 4911 2865 4951 eorum
2894 4896 3013 4964 jure
3040 4893 3273 4949 auferre.
3318 4892 3426 4947 Cur
3475 4894 3632 4962 igitur
3669 4905 3886 4947 sanctus
3924 4895 4027 4946 Bo-

2445 4989 2691 5055 nifacius,
2745 4987 2830 5041 cui
2876 4987 3014 5040 Deus
3045 4995 3241 5039 tantam
3284 4984 3334 5037 in
3362 4984 3509 5037 omni
3551 4983 3835 5039 Germania
3869 4998 4025 5052 pote-

2445 5089 2637 5133 statem
2666 5076 2911 5141 contulit,
2944 5086 2999 5129 ut
3029 5076 3216 5145 quovis
3247 5073 3424 5137 vellet,
3460 5072 3717 5126 ecclesias
3746 5076 4026 5125 remebia-

2445 5186 2547 5239 que
2577 5168 2840 5231 fundaret,
2869 5167 3025 5221 sedes
3052 5165 3381 5235 episcopales
3410 5171 3687 5226 statueret,
3711 5164 4026 5230 parochias-

2446 5277 2547 5332 que
2577 5275 2760 5315 earum
2788 5258 3073 5322 divideret,
3125 5271 3229 5310 nou
3260 5256 3477 5310 cuilibet
3534 5255 3678 5320 locu,
3709 5267 3872 5322 quem
3923 5256 4027 5308 sibi

2448 5411 2863 5478 Thuringorum,
2899 5425 3017 5478 qum
3057 5424 3145 5463 res
3189 5407 3653 5478 Thttringosicnm
3707 5406 4027 5478 saxunihus

2446 5497 2629 5535 contra
2657 5475 2857 5549 'regem
2886 5475 3120 5543 exacuit,
3171 5488 3228 5532 ut
3266 5475 3461 5548 legitur
3508 5477 3560 5529 in
3602 5490 3703 5529 ms.
3745 5475 4025 5529 Chronico

2448 5550 2946 5621 Magadaburgensi.

2518 5613 2629 5673 b'ld
2659 5613 2815 5673 etiam
2864 5618 3103 5688 praecipit
3141 5617 3428 5686 Gregorius
3457 5630 3588 5685 papa
3627 5615 3690 5678 ll,
3739 5613 4024 5688 ittl‘ra,__»iu

2449 5692 2540 5745 lib.
2571 5706 2609 5754 ι,
2637 5705 2754 5756 cap.
2789 5684 2892 5752 l8;
2942 5689 3081 5754 quod
3132 5684 3304 5741 adhuc
3355 5684 3560 5755 vigebat
3602 5694 3844 5756 tempore
3884 5684 4027 5756 ΔΙΙίιιο

2446 5762 2634 5825 cmari,
2683 5754 2740 5812 ut
2777 5769 2921 5822 patet
2950 5773 3015 5811 ex
3070 5756 3184 5823 ejus
3227 5754 3535 5826 (lapitnlari,
3585 5770 3700 5823 cap.
3744 5754 3828 5805 lii.
3881 5754 4026 5820 Lege

2447 5831 2609 5887 Conc.
2640 5845 2651 5882 t
2684 5829 3078 5894 Aurelianense,
3113 5842 3229 5882 can.
3266 5826 3315 5879 ἰ).
