4170 6554
173 457 282 511 637

1530 443 1686 498 VITA
1727 441 1784 496 S.
1826 441 2180 499 BONIFACII.

3344 454 3446 508 658

170 569 490 636 specialiter
537 564 716 634 elegit,
775 561 1142 632 possessiones
1187 569 1242 616 ct
1281 558 1515 613 decimas
1559 558 1763 624 aliquas
1789 553 1842 608 Δ
1874 559 1953 609 vel
2002 558 2194 610 laicutn
2251 555 2402 609 verbi
2432 557 2595 612 divini
2638 559 2876 613 notitiam
2907 560 3237 616 deferentem
3262 567 3448 618 audire

172 664 390 716 donare
442 659 655 728 potuit?
707 655 896 710 Nonne
945 669 1037 722 per
1081 652 1324 706 eamdem
1370 648 1765 710 auctoritatem,

174 770 292 822 qua
325 751 570 806 moderni
605 750 884 819 pontifices
933 746 1188 800 militibus
1235 742 1457 811 aliisque
1499 740 1766 794 smculari-

178 845 290 898 bus
317 841 630 898 hominibus
660 840 892 894 decimas
921 838 1049 892 dare
1072 837 1267 900 solent,
1313 847 1527 888 s.inc;us
1559 830 1766 884 Bonifa-

178 937 302 990 cius
334 932 612 988 monachis
651 932 732 986 vel
781 929 1100 998 pauperibus
1145 940 1365 996 erogare
1410 924 1626 978 easdem
1675 935 1766 987 po-

174 1027 327 1078 tuit?
357 1024 414 1078 Si
449 1023 654 1092 reliqua
687 1021 804 1087 ejus
829 1028 1025 1073 statuta
1057 1017 1308 1072 videntur
1335 1025 1536 1078 sancta,
1587 1013 1631 1067 si
1654 1027 1762 1064 om-

177 1116 272 1170 nia
329 1130 448 1182 qua:
507 1111 779 1167 canonicis
837 1108 1106 1162 distribuit
1151 1116 1276 1161 sunt
1319 1104 1601 1167 laudanda,
1649 1117 1764 1164 cur,

175 1219 393 1274 qua:so,
429 1204 530 1255 hoc
570 1201 740 1254 solum
771 1198 910 1267 quod
947 1196 1225 1252 monachis
1256 1205 1306 1249 et
1339 1193 1657 1265 pauperibus
1685 1191 1770 1244 de-

175 1295 598 1349 ditdecernitur
649 1291 948 1360 injustam?
1001 1291 1152 1344 llett!
1211 1290 1352 1343 heu!
1403 1285 1542 1354 quod
1593 1285 1635 1336 is
1683 1285 1765 1337 cui

179 1387 416 1455 plurima
449 1384 704 1439 divitibus
751 1383 880 1437 dare
929 1383 1077 1436 licuit
1123 1381 1389 1436 licentiam
1427 1377 1619 1431 dicitur
1661 1391 1767 1429 non

180 1482 390 1535 habere
417 1479 742 1548 pauperibus
765 1479 848 1532 vel
880 1491 1045 1546 pauca
1079 1488 1319 1542 erogare.
1347 1472 1513 1538 Super
1544 1472 1645 1524 huc
1674 1469 1772 1523 ob-

181 1571 510 1639 stupescite,
559 1569 706 1634 cteli,
755 1569 900 1621 orbis
927 1581 1138 1636 quoque
1167 1575 1424 1620 terrarum
1453 1571 1505 1616 et
1531 1559 1768 1615 universi

176 1665 270 1728 qui
306 1663 551 1716 habitant
577 1661 629 1714 in
661 1675 725 1713 eo
750 1659 986 1722 doleant,
1030 1659 1150 1725 quia
1184 1654 1412 1708 mundus
1437 1652 1546 1722 jam
1576 1651 1626 1704 in
1653 1666 1768 1703 ma-

180 1754 334 1821 ligno
367 1754 574 1820 positus
601 1759 706 1817 est,
755 1751 888 1802 adeo
921 1760 972 1800 ut
1023 1750 1197 1801 vivere
1226 1744 1478 1806 invideat,
1531 1743 1646 1795 illos
1677 1757 1768 1795 ex-

178 1843 461 1910 stinguere
509 1839 721 1900 audeat,
757 1839 843 1905 qui
874 1841 936 1890 ad
965 1838 1066 1890 hoc
1096 1835 1394 1902 specialiter
1420 1833 1573 1886 electi
1606 1840 1658 1884 et
1685 1847 1767 1884 se-

1869 649 2219 717 contigisset,
2272 663 2393 702 mox
2451 661 2708 718 quantum
2762 656 2934 708 :ctatis
2981 672 3092 708 sua:
3141 660 3444 712 teneritudo

1871 743 2165 807 pra:va|uit,
2220 743 2343 811 quid
2400 742 2501 795 sibi
2534 759 2748 811 suaeque
2769 747 3011 814 qualitati
3041 749 3237 804 exinde
3269 751 3444 814 profe-

1867 839 2112 883 ctuosum
2171 829 2306 883 foret
2354 840 2582 885 tractare
2636 836 2818 900 cepit.
2850 835 3092 903 Cumque
3122 838 3188 888 ita
3221 838 3448 891 medita-

1869 920 2012 973 tione
2045 920 2292 973 diuturna
2336 936 2455 975 sese
2485 921 2552 975 ad
2582 937 2816 991 superna
2842 925 3092 993 erigeret.
3126 926 3260 992 patri
3285 929 3444 980 etiam

1868 1027 1928 1067 ea
1958 1029 2075 1078 qua:
2099 1015 2278 1066 animo
2306 1013 2527 1080 gerebat
2550 1015 2827 1079 revelavit,
2852 1026 2906 1069 et
2927 1027 2982 1068 ut
3009 1033 3119 1070 sua:
3140 1020 3447 1072 consuleret

1868 1102 2123 1156 volnzttati
2155 1103 2376 1170 rogavit.
2412 1103 2648 1156 Audiens
2673 1105 2786 1159 haec
2815 1117 2992 1158 autem
3025 1117 3175 1174 pater
3199 1109 3315 1174 ejus
3339 1108 3446 1173 pri-

1869 1211 2012 1250 mum
2042 1195 2334 1262 obstupuit,
2363 1197 2558 1248 deinde
2584 1211 2707 1249 eum
2742 1198 3021 1264 increpans
3045 1239 3059 1258 .
3091 1215 3228 1252 nunc
3259 1200 3441 1262 minis,

1871 1304 2009 1343 nunc
2035 1303 2159 1343 vero
2182 1288 2578 1351 blandimentis,
2607 1292 2672 1341 ad
2697 1291 2970 1344 srcculatis
3001 1293 3119 1342 vita:
3147 1304 3332 1341 curam
3353 1292 3446 1341 iut-

1873 1384 2069 1450 pellet'e
2097 1380 2321 1434 studuit.
2356 1383 2431 1431 Ad
2463 1381 2576 1432 haec
2599 1383 2761 1434 etiam
2791 1391 2844 1432 ttt
2868 1379 2985 1448 ejus
3007 1383 3242 1434 animuin
3273 1379 3448 1432 adhuc

1874 1483 2111 1526 tenerum
2139 1487 2166 1523 a
2196 1470 2442 1538 concepti
2472 1470 2796 1537 perfectione
2825 1473 3080 1538 propositi
3115 1471 3325 1524 facilius
3351 1471 3446 1524 de-

1872 1567 2119 1628 clinaret,
2174 1563 2416 1632 promisit
2444 1578 2502 1615 se
2535 1574 2652 1629 post
2684 1565 2804 1615 vita:
2835 1579 2947 1617 suae
2979 1575 3218 1632 tempora
3250 1579 3369 1615 eum
3393 1571 3450 1616 et

1873 1655 2195 1722 prasdiorutn
2251 1663 2304 1707 et
2361 1655 2600 1706 omnium
2627 1668 2805 1706 rerum
2835 1667 3052 1706 suarum
3083 1654 3349 1707 hazredem
3374 1653 3452 1704 fa-

1871 1758 2100 1799 cturum.
2152 1747 2414 1798 Praeterea
2469 1753 2792 1809 protestatus
2825 1753 2905 1796 est
2935 1744 3154 1796 lubrica:
3179 1746 3320 1796 :etati
3354 1744 3452 1796 ltit-

1873 1853 2148 1905 manaique
2172 1835 2440 1906 fragilitati
2477 1835 2796 1887 tolerabilio:
2811 1850 2893 1888 ein
2911 1850 3030 1888 esse
3047 1835 3272 1888 activam
3290 1835 3449 1887 vitam

181 1931 394 2000 gregati
423 1940 543 1983 sunt
574 1930 639 1982 de
673 1931 893 1992 mundo,
924 1935 979 1980 ut
1011 1926 1198 1995 majori
1245 1925 1422 1977 studio
1473 1921 1770 1974 iiiteicede-
1805 1917 1844 1973 Β
1874 1943 2030 1995 quam
2075 1925 2561 1992 contemplativam,
2598 1924 2892 1988 meliusque
2922 1938 3038 1976 esse
3065 1925 3203 1976 inter
3236 1923 3446 1977 media-

183 2030 310 2074 rent
343 2035 440 2087 pro
471 2019 607 2084 ipso.

257 2111 313 2162 5.
350 2108 456 2162 Sed
490 2109 648 2174 hujus
679 2105 1025 2174 querimonia:
1057 2105 1358 2172 interjectio
1385 2104 1493 2170 jam
1536 2103 1765 2163 finiatur,

183 2208 245 2251 ut
294 2197 361 2250 ad
415 2198 463 2249 id
517 2196 654 2248 unde
709 2195 1024 2247 recessimus
1069 2195 1238 2262 stylus
1280 2201 1598 2246 revertatur.
1653 2190 1768 2242 Dixi

184 2303 426 2358 namque
450 2287 618 2356 prius,
665 2287 804 2354 quod
835 2289 1027 2338 iterum
1059 2285 1198 2348 dico,
1250 2286 1373 2352 quia
1417 2284 1553 2336 inter
1580 2297 1770 2334 omnes

185 2382 396 2432 litteras
426 2391 557 2445 quas
599 2377 663 2429 de
702 2386 886 2429 sancto
942 2375 1209 2427 Ilonifacio
1259 2374 1483 2436 habetis,
1531 2372 1768 2439 epistola:

184 2471 332 2522 illius
373 2469 504 2522 tnihi
537 2468 817 2536 praecipua:
867 2466 1196 2522 viderentur.
1234 2465 1384 2518 Unde
1428 2476 1769 2531 quascunque

190 2561 316 2612 huic
341 2559 490 2626 operi
541 2558 869 2611 necessarias
900 2557 1140 2610 invenire
1172 2555 1338 2623 pomi,
1391 2555 1440 2606 in
1473 2568 1633 2605 unum
1657 2552 1765 2605 col-

186 2655 354 2721 figere
403 2651 604 2717 studui,
658 2664 878 2717 sperans
929 2648 1157 2713 aliquem
1208 2644 1478 2703 amulum,
1529 2651 1770 2696 ettanta:

186 2743 526 2796 auctoritatis
548 2742 791 2809 ignarum
823 2739 1076 2790 lectorem
1099 2734 1294 2786 exinde
1317 2747 1472 2801 posse
1495 2731 1764 2784 auliftcati.

189 2835 422 2888 Proinde
454 2843 510 2886 et
534 2847 647 2896 vos,
693 2833 884 2882 fratres
914 2827 1224 2887 Fuldeuses,
1276 2828 1429 2876 unice
1462 2837 1580 2889 peto
1609 2833 1770 2886 atque

184 2926 476 2983 admoneo.
512 2933 570 2976 ut
598 2922 810 2974 easdem
847 2919 1103 2986 epistolas
1136 2918 1427 2969 itttrntioiie
1457 2929 1664 2967 summa
1693 2914 1768 2966 le-

183 3018 362 3083 gatis;
422 3016 534 3069 Deo
562 3014 941 3080 supplicantes,
977 3020 1027 3062 ttt
1065 3024 1158 3075 per
1203 3008 1321 3076 ejus
1372 3022 1576 3074 preces,
1608 3021 1636 3058 a
1664 3021 1770 3072 quo

184 3107 268 3159 ττι
301 3121 398 3173 per
427 3119 584 3170 quem
617 3104 830 3166 set-ipla:
862 3111 1004 3161 sunt,
1038 3099 1232 3166 quique
1255 3099 1338 3164 (ut
1368 3099 1419 3148 itt
1446 3097 1521 3148 cis
1548 3095 1763 3164 legitur)

185 3210 427 3251 sanetam
464 3194 753 3248 Ecclesiatn
789 3195 838 3247 in
865 3189 1146 3246 Germania
1176 3191 1398 3257 positam
1433 3189 1665 3239 maximo
1698 3187 1768 3239 la-

188 3289 318 3341 bore
369 3301 397 3338 a
430 3286 608 3353 pravis
654 3283 1018 3337 sacerdotibus
1061 3281 1324 3349 quondam
1379 3278 1594 3344 eripuit,
1629 3293 1765 3330 nunc

184 3381 346 3433 etiam
395 3394 424 3429 a
478 3375 730 3430 similium
783 3383 1042 3442 potestate
1093 3389 1184 3427 vos
1219 3374 1498 3439 locumque
1530 3383 1763 3424 vestrum

186 3469 481 3524 defendere
513 3471 785 3537 dignetur.
833 3467 975 3520 Duos
1003 3477 1178 3519 autem
1213 3465 1440 3530 libellos,
1483 3464 1766 3533 adjuvante

188 3561 438 3622 Domino,
491 3570 596 3612 tam
630 3560 696 3611 de
729 3557 842 3610 Vita
887 3557 1055 3611 sancti
1097 3558 1190 3608 viri
1225 3571 1380 3622 quant
1434 3555 1498 3607 de
1527 3555 1765 3621 epistolis

185 3651 510 3718 supradictis
543 3649 777 3702 scribere
824 3647 1036 3714 gesuo;
1082 3646 1133 3698 in
1163 3646 1320 3710 priori
1365 3645 1576 3708 quidem
1627 3646 1763 3697 refe-

185 3758 312 3796 rens
359 3745 478 3810 Quis
509 3741 689 3801 fuerit,
740 3738 973 3806 quidque
1003 3749 1125 3790 ante
1164 3748 1438 3802 acceptam
1470 3737 1761 3802 Moguntia-

187 3831 368 3885 censis
401 3829 656 3882 Ecclesia:
679 3828 861 3881 sedem
895 3827 946 3879 itt
989 3837 1168 3880 sancta
1202 3826 1435 3878 Ecclesia
1469 3826 1719 3879 laboravit
1749 3844 1762 3882 ;

186 3921 236 3970 in
262 3920 436 3972 altero
466 3933 594 3971 vero
624 3915 750 3986 quid
808 3926 991 3985 postea
1023 3929 1190 3984 usque
1219 3914 1284 3968 ad
1315 3915 1478 3968 finem
1511 3916 1626 3968 vita:
1657 3930 1765 3969 sua:

185 4011 484 4079 gloriosum
512 4009 706 4078 egerit.

259 4102 396 4166 Quis
425 4101 523 4151 sint
555 4099 643 4163 qui
679 4099 831 4151 vobis
863 4098 976 4152 fero
1006 4110 1198 4150 munus
1227 4097 1327 4151 tale
1359 4097 1574 4161 laboris,

258 4189 368 4242 Vos
400 4187 654 4255 quoniam
681 4187 848 4251 scitis,
876 4186 1060 4250 nolite,
1094 4199 1304 4252 precor,
1335 4186 1464 4238 dare
1489 4186 1689 4249 multis,

253 4281 336 4333 Ne
367 4293 593 4347 persona
619 4277 723 4330 mei
749 4277 866 4330 vilis
896 4276 1052 4329 faciat
1083 4291 1198 4330 mea
1232 4277 1436 4343 Sperni.

250 4372 337 4425 Sit
368 4371 534 4436 magis
562 4370 662 4423 hoc
690 4370 924 4423 studium
958 4368 1114 4423 vobis
1142 4369 1436 4435 deposcere
1464 4368 1762 4433 Christum,

255 4463 322 4517 Ut
348 4461 567 4515 sibimet
589 4461 777 4528 placita
813 4470 1064 4513 maneant
1095 4463 1375 4527 prasetttia
1401 4461 1624 4526 scripta.

557 4636 898 4706 LIBER
971 4634 1408 4705 PRIMUS.

181 4747 222 4803 Ι.
255 4774 330 4787 ι·-
354 4745 656 4812 Bonifacius
706 4762 830 4809 puer
863 4745 930 4798 ad
956 4745 1107 4796 vitam
1131 4745 1466 4796 monasticam
1487 4742 1761 4794 anhelans.

251 4840 390 4893 Cum
444 4852 575 4906 gens
629 4837 920 4905 Anglorum
969 4850 1137 4890 sacra:
1162 4836 1281 4889 ﬁdei
1309 4837 1436 4903 jugo
1465 4850 1558 4902 per
1588 4837 1760 4888 sancti

181 4930 431 5000 Gregorii
490 4944 638 4996 papa:
667 4928 1025 4994 aposwlatum
1057 4927 1287 4990 subdita,
1321 4928 1436 4995 ejus
1468 4927 1762 4996 suffragan-

182 5021 325 5075 tibus
352 5021 579 5080 meritis,
600 5020 650 5073 in
677 5028 981 5072 sani-torum
1005 5019 1238 5072 virorum
1267 5020 1638 5086 procreationc
1655 5034 1762 5086 prae

179 5113 368 5165 multis
419 5111 721 5163 nationibus
768 5111 1048 5178 splendere
1073 5112 1349 5177 cmpisset,
1383 5109 1652 5178 multaque
1682 5111 1762 5163 lu-

183 5205 324 5257 mina
352 5212 556 5258 sancta:
584 5203 868 5264 Ecclesiae,
911 5205 1104 5271 quibus
1159 5203 1320 5256 varia:
1369 5203 1606 5257 cordium
1662 5204 1759 5257 ob-

179 5296 503 5351 cacationes
561 5296 973 5362 illustrareutur,
1025 5295 1358 5363 protulisset,
1415 5295 1552 5349 inter
1605 5295 1761 5360 hujus

182 5388 364 5441 tnundi
417 5385 618 5440 lumina
673 5396 912 5440 sanctum
967 5401 1180 5454 quoque
1230 5385 1582 5448 Bonifaciutn,
1612 5387 1758 5440 velut

182 5477 458 5532 luciferum
476 5475 780 5545 quemdam,
796 5477 1006 5531 caeteris
1026 5476 1289 5531 sideribus
1305 5477 1611 5538 clariorem.
1635 5477 1761 5532 huic

184 5567 382 5621 mundo
427 5567 591 5620 edere
635 5565 849 5621 meruit.
880 5566 981 5634 Qui
1013 5567 1285 5630 nitniruttt,
1315 5583 1526 5633 magna,
1562 5583 1757 5634 paren-

186 5665 293 5710 tum
321 5655 687 5710 sollicitudine
715 5656 963 5720 nutritus,
990 5671 1298 5724 magnarum
1320 5656 1480 5712 etiam
1504 5658 1757 5712 virtutum

185 5763 276 5811 per
317 5749 654 5802 incrementa
694 5755 990 5813 temporum
1042 5756 1250 5801 amator
1289 5757 1371 5801 est
1401 5748 1594 5801 factus.
1627 5746 1758 5800 Nam

184 5854 295 5895 cum
341 5839 521 5896 adhuc
576 5837 831 5907 parvulus
874 5846 1037 5905 esset,
1069 5837 1114 5893 si
1141 5854 1297 5909 quem
1328 5837 1470 5895 forte
1499 5838 1755 5894 clericum

1871 2033 1990 2071 cres
2047 2018 2122 2070 vel
2176 2026 2448 2069 extremos
2508 2015 2653 2083 regni
2710 2015 2949 2068 cmlestis
2978 2015 3122 2066 cives
3155 2016 3444 2082 quemlibet

1872 2110 2063 2163 studiis
2113 2108 2434 2160 facilioribus
2489 2107 2894 2160 contubernium
2939 2122 3217 2173 qui-rere,
3279 2121 3441 2172 quant

1875 2217 1968 2267 per
2018 2199 2253 2252 maxima
2281 2208 2333 2250 ct
2367 2212 2502 2263 pene
2533 2197 2875 2264 impossibilia
2904 2196 3243 2262 perfectionis
3270 2206 3446 2248 certa-

1871 2295 2013 2347 mina
2057 2293 2323 2361 incipere;
2373 2290 2568 2344 deinde
2601 2281 2879 2342 vero'dunt
2910 2303 2969 2341 ea
3012 2288 3196 2352 nequit
3229 2301 3446 2355 percur-

1871 2402 2010 2450 rere,
2044 2387 2094 2438 in
2126 2386 2204 2437 via
2230 2385 2479 2437 deficere.

1996 2471 2058 2524 Il.
2090 2500 2158 2510 -—
2194 2471 2346 2522 Putre
2376 2471 2580 2522 tondent
2607 2480 2883 2528 annuente,
2912 2485 3021 2522 eam
3049 2469 3334 2537 proﬁtetur.

1946 2562 2051 2616 Sed
2080 2577 2210 2629 puer
2241 2572 2477 2622 sanctu<,
2495 2561 2687 2612 virtute
2703 2559 2879 2612 divina
2899 2559 3007 2626 jam
3034 2559 3236 2626 plenus,
3255 2569 3452 2626 quanto

1872 2655 2041 2722 magis
2084 2669 2205 2706 eum
2265 2663 2413 2719 pater
2456 2667 2707 2706 reviicare
2750 2653 2816 2704 ad
2870 2653 3132 2706 secularia
3180 2653 3449 2716 sutdebat,

1872 2753 2020 2796 tanto
2049 2742 2384 2795 constantius
2416 2741 2465 2792 in
2496 2739 2745 2808 inceptis
2772 2742 3078 2806 perdurare,
3107 2753 3158 2792 et
3181 2741 3242 2792 ad
3276 2757 3455 2792 sacra-

1871 2851 1987 2888 rum
2019 2834 2317 2886 litterarum
2351 2830 2593 2884 notitiam
2619 2830 2948 2898 pertingere,
2980 2830 3278 2883 anhelabat.
3299 2830 3454 2886 Unde

1873 2927 2009 2977 miro
2050 2922 2467 2990 dispensationis
2508 2921 2709 2989 judicio
2740 2920 2933 2973 factum
2964 2932 3047 2974 est
3077 2934 3130 2972 ut
3164 2931 3335 2986 pater,
3359 2923 3450 2989 qui

1871 3015 2015 3066 solus
2045 3022 2165 3066 erat
2189 3012 2593 3078 impedimento,
2634 3013 2907 3076 repentina
2939 3009 3250 3064 infirmitate
3272 3027 3454 3064 corre-

1875 3116 2014 3173 ptus,
2059 3106 2338 3172 pri~tinatn
2391 3106 2586 3157 tuentis
2613 3104 2956 3170 pertinaciam
2981 3105 3291 3171 deponeret,
3324 3120 3452 3171 pue-

1874 3211 2096 3264 rutnquc
2150 3211 2244 3264 per
2287 3196 2492 3262 legatos
2521 3195 2743 3246 idoneos
2770 3194 2834 3244 ad
2867 3197 3278 3257 monasterium,
3311 3198 3450 3261 quod

1875 3289 2051 3356 prisco
2085 3297 2422 3353 nuncupatur
2452 3284 2713 3337 vocabulo
2733 3285 3154 3337 Adescancastre
3177 3283 3451 3353 dirigeret,

1868 3379 2248 3434 commendans
2295 3393 2416 3432 emt
2481 3375 2800 3431 Wolfhardo
2861 3377 3149 3431 venerabili
3209 3378 3452 3444 ejusdem

1870 3471 2181 3523 monasterii
2228 3469 2428 3529 abbati,
2457 3485 2484 3519 a
2527 3484 2630 3535 quo
2662 3469 2904 3534 protinus
2935 3470 3092 3537 (sicut
3121 3473 3450 3523 monasticns

1869 3560 2000 3613 ordo
2022 3559 2294 3627 poscebat)
2331 3559 2555 3625 benigne
2577 3569 2878 3622 susceptus,
2907 3557 3159 3612 fratribus
3181 3573 3452 3612 commen-

1867 3653 2042 3716 datus,
2069 3653 2311 3705 universa
2343 3651 2615 3720 religionis
2641 3652 2954 3719 muniaqua:
2982 3651 3287 3719 hujusmodi
3317 3661 3448 3704 aetas

1870 3747 2129 3812 permisit,
2177 3744 2312 3798 bene
2362 3744 2548 3812 capit,
2608 3743 2903 3812 meliusque
2958 3744 3025 3797 de
3075 3743 3159 3795 die
3213 3743 3267 3796 in
3307 3743 3446 3797 diem

1864 3836 2169 3904 complevit.

1901 3937 1987 3992 Ill.
2015 3965 2082 3976 —-
2107 3935 2203 3990 Pie
2231 3937 2522 3995 institutus,
2557 3939 2621 3986 nd
2645 3937 2788 3988 aliud
2817 3935 3183 3987 monasterium
3226 3938 3414 4004 migra!

2433 4007 2723 4060 studiorum
2748 4022 2890 4076 ergo.

1942 4103 2225 4170 Postquam
2253 4116 2376 4155 vero
2400 4100 2637 4167 pueritia:
2663 4114 2834 4151 annos
2865 4097 3212 4161 transcendit,
3242 4099 3293 4151 itt
3324 4107 3447 4150 tan-

1871 4206 1978 4246 tum
2030 4209 2089 4248 se
2131 4193 2515 4245 venerabiliutn
2550 4190 2808 4243 institutis
2838 4189 3059 4242 fratrum
3083 4199 3136 4241 et
3161 4203 3330 4242 sacra:
3363 4191 3439 4242 le—

1867 4287 2059 4340 ctionis
2084 4285 2316 4338 subdidit
2369 4282 2648 4345 exercitio,
2702 4291 2754 4333 ut
2793 4281 3116 4348 quibuslibet
3150 4279 3439 4332 momentis

1867 4387 2186 4445 augerentur
2236 4375 2287 4428 itt
2347 4389 2411 4427 eo
2461 4375 2743 4425 multarunt
2770 4371 2996 4437 insignia
3029 4371 3306 4432 virtutum,
3340 4370 3442 4422 int-

1872 4471 2205 4536 plereturqne
2256 4468 2306 4519 in
2359 4467 2446 4517 illo
2500 4465 2640 4534 quod
2679 4464 2959 4517 Psaltnista
2994 4465 3060 4517 de
3090 4464 3442 4529 quorumdam

1794 4581 1842 4640 ο
1872 4562 2104 4626 profectu
2136 4567 2359 4610 testatur
2387 4556 2569 4608 dicens
2602 4571 2613 4604 :
2649 4553 2803 4606 Ibunt
2839 4555 2902 4606 de
2925 4555 3106 4606 virtute
3129 4555 3178 4605 in
3210 4555 3443 4606 virtutem

1873 4649 2043 4720 (Psaf.
2102 4649 2242 4715 vttt).
2305 4646 2538 4711 Denique
2594 4660 2758 4707 cunt,
2813 4643 3114 4697 incessabili
3166 4660 3441 4698 sacrarunt

1867 4741 2260 4809 Scripturarutn
2321 4738 2647 4792 meditationi
2672 4737 2903 4801 deditus,
2934 4753 3150 4790 omnem
3176 4739 3442 4805 regularis

1868 4833 1989 4885 vita:
2036 4831 2368 4896 disciplinam
2423 4830 2522 4882 sub
2571 4828 2774 4895 praefati
2808 4827 3018 4880 abbatis
3049 4829 3441 4895 gubernatione

1869 4939 1962 4992 per
1991 4937 2159 4976 annos
2191 4921 2370 4989 plures
2397 4919 2712 4985 custodiret,
2755 4919 2936 4987 ibique
2969 4929 3074 4971 tam
3104 4934 3201 4986 pro
3230 4919 3442 4973 deside-

1868 5015 1932 5068 rii
1960 5013 2041 5067 sui
2071 5015 2369 5082 quantitate
2402 5027 2556 5076 quam
2580 5011 2857 5064 doctorum
2888 5009 3106 5076 penuria
3131 5010 3182 5063 in
3215 5011 3442 5064 lectione

1866 5107 2044 5162 divina
2098 5106 2283 5159 satiari
2336 5105 2602 5174 nequiret,
2649 5118 2768 5157 cum
2799 5118 3066 5158 consensu
3097 5102 3306 5158 abbatis
3337 5104 3442 5156 fra-

1860 5209 2114 5266 .trutnque
2159 5212 2401 5259 suorum,
2449 5196 2514 5247 ad
2542 5197 2951 5254 monasterium,
2976 5193 3118 5261 quod
3151 5209 3317 5261 usque
3347 5193 3444 5246 ho-

1865 5292 1952 5343 die
1981 5291 2173 5344 dicitur
2228 5288 2519 5349 Nuiscelle,
2572 5287 2832 5352 pervenit,
2882 5296 2936 5340 et
2959 5287 3125 5340 beata:
3164 5286 3440 5340 memoria:

1865 5378 2125 5432 Winberti
2175 5377 2399 5440 abbatis,
2433 5376 2521 5442 qui
2554 5375 2926 5429 venerabiliter
2958 5374 3130 5430 eidem
3167 5384 3445 5427 monaste-

1867 5469 1946 5522 rio
2004 5476 2129 5522 tunc
2173 5468 2403 5536 prmfuit,
2460 5465 2823 5532 magisterium
2877 5464 3058 5528 elegit.
3090 5462 3189 5517 Ubi
3222 5462 3432 5515 tandem

1867 5570 1970 5614 tatn
2002 5562 2363 5630 grammatica:
2397 5559 2526 5611 artis
2573 5557 2912 5624 metricmque
2945 5555 3253 5609 subtilitatis
3281 5571 3438 5621 quant

1864 5652 2159 5721 spiritualis
2183 5650 2541 5717 intelligentia:
2563 5648 2862 5701 desiderata
2887 5646 3188 5701 eruditione
3212 5645 3434 5711 potitus,

1867 5744 2000 5798 adeo
2026 5744 2078 5797 in
2112 5744 2208 5796 hac
2241 5741 2440 5808 pollere
2470 5741 2658 5806 cu'pit,
2690 5745 2748 5791 ut
2770 5738 2885 5805 ejus
2917 5737 3153 5792 scientia:
3179 5735 3315 5788 fama
3339 5749 3440 5787 un-

1862 5838 2021 5909 dique
2075 5837 2357 5906 divulgata,
2403 5833 2466 5888 ad
2503 5833 2673 5903 ipsum
2704 5832 2864 5888 etiam
2891 5829 2976 5885 alii
3005 5844 3164 5886 causa
3199 5825 3437 5883 discendi
