4170 6526
754 422 856 475 639

1761 403 1816 458 S.
1863 396 2264 456 ΒυΝιΡΑωιυδ
2303 393 2603 446 MUCUN'I'.
2653 392 3037 450 l-LI'lSCUl'IIS.

3922 393 4013 451 6ἆο

753 537 1106 589 conﬂuerent.
1160 531 1537 584 Verumtamen
1588 539 1650 577 ex
1710 533 1870 574 unita:
1921 519 2158 571 scientia:
2194 514 2336 566 dono
2366 507 2417 562 A
2449 512 2560 562 nec
2589 526 2766 562 St-t'tlttt
2799 512 3390 570 diutissitnetractaret,
3418 510 3874 580 solertissimeque
3889 512 4010 568 deli-

755 642 876 683 sese
926 626 1226 679 nullatenus
1272 615 1588 678 extollebat,
1625 612 1830 667 nullum
1881 608 2105 662 minoris
2138 602 2338 672 ingenii

754 717 1070 786 spernebat;
1123 711 1216 766 sed
1265 715 1461 779 quanto
1488 705 1676 773 majori
1711 703 1787 755 vel
1815 695 2151 753 litteratoria:
2185 693 2341 746 intel—

755 807 986 877 ligentia:
1017 803 1100 858 vel
1133 802 1354 856 aliarum
1382 797 1636 852 virtutum
1668 790 1988 846 excellentia
2022 803 2051 840 a
2083 787 2195 841 Deo
2228 797 2339 852 pne

753 900 966 954 caeteris
1016 895 1448 966 promovebatur,
1499 897 1650 967 tanto
1678 886 1960 950 humilior,
1995 891 2144 938 tanto
2171 879 2339 932 devo-

753 992 860 1049 tior
914 992 980 1044 ad
1030 989 1146 1058 ejus
1184 983 1577 1055 compassionis
1621 989 1677 1036 et
1723 975 2076 1048 subiectionis
2101 971 2338 1027 studium

753 1085 1105 1148 sentiebatur,
1138 1082 1379 1136 recolens
1404 1078 1600 1146 jugiter
1627 1073 1755 1128 illud
1786 1069 2052 1138 Sapientis
2083 1086 2095 1120 :
2133 1067 2340 1134 Quanto

755 1193 970 1250 magnus
1012 1195 1086 1240 es,
1119 1172 1334 1228 humilia
1379 1180 1426 1226 te
1463 1173 1516 1225 in
1559 1167 1789 1224 omnibus
1841 1165 2013 1234 (Eccl.
2039 1163 2142 1234 tu).

897 1270 985 1325 IV.
1015 1299 1083 1308 —
1114 1267 1369 1323 Sacerdos
1413 1264 1677 1316 ordinatus
1709 1274 1844 1315 anno
1869 1258 2038 1311 atatis
2070 1272 2197 1311 xxx.

824 1367 958 1418 Cum
1001 1378 1130 1432 ergo
1169 1377 1235 1416 eo
1273 1373 1378 1428 quo
1408 1357 1642 1410 diximus
1674 1356 1816 1421 nisu,
1855 1362 1908 1406 et
1941 1354 2054 1419 ipse
2087 1351 2217 1400 alios
2248 1345 2346 1398 bu-

754 1459 979 1515 militatc
1031 1470 1092 1508 ac
1149 1449 1484 1519 subjectione
1535 1445 1879 1514 prreveniret,
1933 1452 1985 1495 et
2033 1441 2182 1494 illum
2227 1439 2342 1504 alii,

755 1549 1035 1620 sapientiae
1082 1545 1199 1613 ejns
1255 1555 1469 1596 rumore
1505 1537 1706 1592 incitati
1737 1535 1822 1589 vel
1853 1535 2024 1602 ipsius
2055 1531 2350 1584 saluberri-

757 1657 842 1696 ma
868 1640 1108 1694 doctrina
1136 1634 1404 1698 instructi,
1443 1640 1628 1684 mutuo
1660 1629 1865 1681 honore
1898 1622 2264 1693 praevenirent
2293 1629 2352 1673 ut

755 1743 987 1804 patrem,
1036 1730 1300 1786 universis
1350 1728 1401 1780 in
1429 1727 1546 1793 ejus
1594 1723 1805 1778 laudem
1851 1717 2345 1777 conclamantibus,

753 1836 919 1893 atque
957 1823 1022 1876 ad
1069 1820 1312 1889 singulos
1357 1815 1708 1871 ecclesiastici
1763 1811 1969 1865 ordinis
1998 1809 2196 1878 gradus
2219 1822 2341 1859 eum

759 1914 1220 1986 promoventibus,
1259 1910 1474 1962 tandem
1509 1908 1572 1958 ad
1603 1904 1952 1959 sacerdotalis
1975 1900 2136 1952 ollicii
2163 1897 2340 1962 digni-

763 2014 924 2057 tatem
954 2002 1168 2071 triginta
1202 2008 1294 2052 aut
1323 2012 1389 2051 eo
1417 1995 1644 2063 amplius
1673 2006 1843 2046 annos
1871 1991 2076 2043 habens
2105 1989 2342 2053 eligitur.

759 2094 1020 2161 Snscepta
1078 2107 1206 2145 vero
1257 2088 1542 2144 sacerdotii
1575 2086 1832 2154 dignitate
1863 2083 2074 2151 qualem
2107 2095 2166 2134 se
2194 2078 2351 2134 exliin

766 2185 937 2238 bttcrit
975 2187 1024 2235 in
1067 2183 1346 2248 utriusque
1375 2178 1604 2233 hominis
1643 2176 1982 2237 contritione,
2014 2171 2197 2243 [Forte
2225 2187 2355 2225 con-

760 2272 984 2343 ditione]
1016 2282 1071 2323 ut
1095 2269 1426 2323 Sacramenti
1483 2269 1723 2322 cmlestis
1772 2266 1962 2333 dignus
2011 2265 2160 2316 ticrct
2189 2261 2355 2326 parti-

763 2365 1050 2432 cipatione,
1089 2362 1281 2416 melius
1306 2358 1570 2429 colligitur
1601 2373 1664 2412 ex
1693 2370 1915 2423 Operum
1947 2368 2166 2408 suorum
2199 2350 2351 2405 testi-

764 2457 970 2521 monio,
999 2470 1156 2525 quam
1182 2454 1290 2507 ullo
1320 2453 1602 2507 verborum
1637 2449 1856 2504 indicio.

907 2549 973 2601 ν.
1003 2569 1074 2589 —
1098 2547 1300 2616 Synodi
1328 2554 1517 2597 statuta
1538 2543 1604 2596 ad
1625 2543 2068 2608 archiepiscopum
2095 2542 2214 2607 leri.

838 2639 1038 2694 Eodem
1069 2652 1196 2691 vero
1230 2644 1472 2703 tempore
1498 2641 1754 2700 regnante
1791 2631 1869 2696 lu,
1898 2630 2357 2684 West-Saxonum

773 2747 927 2801 rege,
995 2745 1130 2783 nova
1178 2727 1421 2796 qumdam
1465 2726 1660 2778 seditio
1684 2725 1736 2778 in
1763 2723 2001 2791 partibus
2031 2723 2137 2775 illis
2169 2730 2355 2776 exorta

766 2832 870 2885 est,
903 2833 998 2887 pro
1027 2832 1132 2887 qua
1161 2816 1550 2884 compescenda
1577 2813 1759 2866 statim
1794 2812 2035 2880 prze.lieti
2062 2811 2200 2880 regis
2225 2827 2362 2879 pra:-

766 2922 926 2979 cepto
958 2910 1351 2977 primatumque
1380 2920 1598 2960 suorum
1623 2901 1854 2957 consilio
1881 2903 2141 2971 synodale
2173 2917 2362 2956 servo-

769 3018 885 3055 rum
936 3000 1029 3054 Dei
1075 2999 1326 3052 statuitur
1371 2996 1677 3050 concilium.
1711 2996 1829 3059 Quo
1854 2994 1979 3047 dum
2005 3010 2196 3046 omnes
2230 3011 2359 3047 eon-

769 3090 1033 3152 venirent,
1087 3087 1520 3142 etdissensionis
1562 3093 1768 3139 exorta:
1797 3099 2010 3137 causam
2047 3085 2357 3146 delinirent,

2447 603 2674 665 beraret,
2707 600 2918 654 tandem
2947 599 3014 655 ad
3043 600 3278 668 prtedicti
3309 599 3518 653 abbatis
3549 600 3790 654 notitiam
3811 602 4010 667 detulit,

2445 701 2497 744 et
2537 707 2656 744 cutn
2687 689 2752 742 ad
2800 691 3088 743 voluntatis
3111 705 3221 743 sua:
3244 705 3568 745 consensum
3595 708 3781 760 magna
3810 708 4008 760 precum

2446 779 2697 834 instantia
2739 781 3008 836 declinare
3057 780 3278 834 studuit.
3321 781 3418 848 Qui
3451 781 3573 834 licet
3600 782 3721 834 talia
3752 783 3816 835 ad
3836 785 4010 837 nirans

2428 870 2537 937 .diu
2587 872 2821 939 poscenti
2877 872 3162 936 obstiterit,
3199 871 3570 939 licentiamque
3598 873 3896 940 ltujusmodi
3925 891 4009 927 ne-

2444 965 2667 1034 gat-erit,
2719 974 2991 1034 postremo
3022 973 3222 1032 tamen,
3257 963 3584 1031 providentia
3617 964 3790 1017 divina
3824 965 4010 1033 praede-

2446 1056 2701 1121 stinantc,
2733 1055 3001 1109 convaluit
3026 1069 3202 1108 sermo
3235 1055 3483 1122 petentis,
3517 1065 3568 1107 ct
3600 1062 3793 1107 tantam
3822 1055 4012 1107 abbatis

2449 1149 2773 1216 fratrumque
2801 1163 3020 1201 suorum
3046 1148 3385 1203 devotionem
3417 1147 3571 1200 simul
3603 1158 3657 1202 et
3701 1163 3881 1202 curam
3924 1147 4009 1201 atl-

2449 1249 2630 1308 optato
2654 1241 2826 1294 itineri
2857 1240 3052 1293 habere
3082 1240 3295 1306 metuit,
3329 1250 3382 1294 ut
3411 1240 3458 1294 ei
3484 1243 3780 1296 necessaria
3807 1257 4019 1313 qumque

2451 1350 2545 1399 pro
2593 1333 2781 1386 tiatico
2834 1333 3238 1401 impenderent,
3292 1335 3574 1403 variaSqtte
3613 1338 4020 1406 supplicationes

2449 1441 2568 1477 cunt
2599 1425 2850 1494 lacryrnis
2881 1426 3115 1491 prolatas
3137 1440 3232 1493 pro
3261 1440 3326 1478 co
3354 1435 3596 1494 agerent,
3628 1431 3951 1495 postulantes
3971 1447 4024 1489 ut

2449 1516 2673 1586 angelus
2729 1515 2939 1571 Domini
2995 1519 3164 1571 bonus
3213 1532 3396 1572 eomes
3455 1519 3573 1589 ejus
3623 1521 3817 1592 ubique
3871 1535 4021 1586 esset,

2450 1621 2681 1676 eumque
2709 1606 2774 1659 ad
2809 1621 3060 1674 prospera
3093 1617 3281 1661 cuncta
3314 1610 3589 1678 dirigeret.
3623 1610 3700 1664 Ad
3734 1614 3846 1666 lucc
3872 1617 4023 1668 etiam

2451 1697 2586 1752 duos
2636 1699 2848 1760 fratres,
2896 1713 3125 1766 quorum
3176 1701 3442 1768 corporali
3488 1703 3857 1772 spiritualique
3887 1704 4024 1774 juva-

2452 1793 2594 1843 mine
2623 1797 3038 1856 sustentaretur,
3057 1807 3238 1845 secum
3257 1793 3403 1846 abire
3426 1797 3800 1862 permiserunt.
3820 1797 4024 1866 Sicque.

2455 1882 2732 1950 utriusque
2778 1882 3012 1938 hominis
3063 1887 3438 1954 supplemento
3479 1887 3747 1954 suﬂ'nltus,
3781 1904 4028 1958 prospero

2452 1991 2611 2028 cursu
2672 1973 2941 2041 profectus
2965 1985 3066 2039 est,
3103 1980 3450 2046 pervenitque
3477 1980 3544 2034 ad
3574 1980 3744 2034 locum
3771 1980 3859 2048 qui
3887 1984 4020 2034 anti-

2453 2080 2560 2134 qtto
2588 2068 2881 2135 Anglorum
2903 2078 2957 2120 et
2984 2068 3257 2123 Saxonum
3291 2072 3547 2125 vocabulo
3570 2072 3864 2140 appellatur
3889 2072 4017 2126 Lun—

2455 2154 2701 2221 dcnwie;
2732 2172 2814 2221 ac,
2848 2172 2955 2210 non
2985 2157 3151 2210 tttulto
3183 2168 3454 2212 tr.tnsaeto
3477 2161 3826 2227 postliminio,
3857 2171 4022 2216 trans.

2457 2248 2552 2302 ivit
2596 2249 2662 2301 ad
2739 2249 2990 2315 Dorstet,
3058 2250 3240 2319 ibique
3293 2252 3599 2322 aliquandiu
3652 2268 4025 2318 commoratus.

2457 2341 2670 2396 debitas
2705 2343 2812 2397 Deo
2837 2343 3094 2410 persolvit
3122 2346 3210 2400 die
3233 2360 3499 2414 noc:uqtte
3530 2347 3740 2405 laudes.
3770 2350 3876 2406 Sed
3910 2369 4026 2418 quo-

2462 2434 2604 2488 niam
2655 2450 2750 2502 per
2801 2435 2941 2490 idem
2973 2444 3184 2506 tempus
3216 2437 3423 2493 hostilis
3449 2440 3737 2506 dissensio,
3762 2456 3941 2499 exorta
3965 2449 4032 2499 in-

2465 2539 2544 2583 ter
2569 2531 2816 2583 Carolutn
2853 2531 3147 2599 principem
3177 2531 3577 2604 gloriosumqne
3597 2537 3786 2592 ducem
3813 2538 4038 2593 Franco-

2463 2637 2579 2674 rum
2623 2630 2678 2676 et
2725 2620 3023 2675 Ratbodum
3083 2638 3262 2694 regem
3331 2626 3654 2691 Frisonum,
3707 2630 3928 2696 populos
3979 2647 4038 2683 ex

2463 2722 2688 2781 utraque
2744 2725 2892 2780 parte
2943 2715 3311 2784 perturbabat,
3341 2718 3676 2786 maximaque
3711 2735 3833 2786 pars
3863 2721 4040 2774 lict-lo-

2464 2805 2661 2858 siarum
2709 2807 2927 2871 Christi,
2960 2823 3076 2877 qua:
3111 2808 3440 2862 Francorum
3473 2811 3618 2878 prius
3648 2812 3698 2864 in
3723 2811 3894 2871 Frisia
3924 2814 4042 2870 sub-

2462 2899 2616 2964 jectzc
2664 2911 2814 2952 erant
2869 2901 3121 2966 impe:io,
3170 2901 3398 2954 Ratbodi
3441 2903 3811 2970 persecuticae
3842 2913 4040 2968 incum.

2467 2989 2646 3053 bentc,
2681 2989 2945 3043 idolorum
2978 2991 3202 3044 cultura:
3223 2991 3516 3059 lugubriter
3542 3001 3884 3072 reddebatur,
3911 3007 4052 3062 ideo,

2467 3099 2571 3152 que
2605 3083 2686 3137 Vir
2733 3083 2845 3136 υείν
2890 3093 3165 3151 Pt‘r-‘DCCH
3217 3093 3377 3146 ιπεηω
3404 3096 3774 3163 perversitatis
3799 3103 3958 3160 mole,
3990 3117 4051 3154 ex

770 3180 1103 3249 sapientibus
1151 3178 1465 3246 quibusdam
1515 3176 1712 3243 placuit
1743 3185 1799 3229 ttt
1832 3177 2087 3228 universa
2127 3176 2199 3228 ibi
2231 3176 2353 3228 deli-

2473 3175 2579 3228 Ῐίιίε
2610 3174 2847 3242 Ρθτίίξηιδ
2879 3175 3150 3244 disc-iisin
3185 3192 3237 3238 et
3265 3188 3509 3254 pervenit
3532 3189 3595 3242 ad
3622 3190 3817 3244 Trcebt
3840 3208 3853 3254 ;
3879 3192 4055 3259 ibique

775 3273 884 3325 nita
916 3271 980 3324 ad
1010 3270 1398 3341 archiepiscopi
1423 3268 1742 3322 venerabilis
1769 3266 2070 3320 Cantuatiae
2102 3268 2358 3330 civitatis,

773 3364 861 3431 qui
893 3361 1066 3414 dictus
1095 3372 1175 3414 est
1207 3361 1604 3423 Berthtvaldns,
1643 3360 1884 3411 notitiam
1919 3360 2218 3412 deferrent.
2261 3360 2359 3413 Cui

772 3469 890 3518 rex,
941 3467 1046 3507 una
1101 3466 1223 3505 cum
1275 3453 1513 3505 omnium
1566 3451 1882 3504 clericorum
1910 3459 2068 3518 atque
2102 3451 2362 3506 laicorutn

776 3546 1115 3600 multitudine
1136 3547 1500 3607 coasentiens,
1535 3545 1850 3598 sciscitatus
1882 3555 1962 3597 est
1995 3545 2111 3614 quis
2144 3545 2360 3614 potissi-

775 3653 919 3689 unum
972 3639 1128 3706 hujus
1179 3638 1463 3706 legationis
1505 3637 1716 3691 delator
1741 3651 1862 3692 esse
1897 3640 2181 3704 potuisset;
2211 3641 2362 3694 Tunc

776 3729 1072 3796 praecipuus
1120 3730 1258 3782 inter
1289 3745 1382 3782 eos
1410 3729 1829 3784 arcltimandrita
1865 3729 2174 3796 Winhertb,
2213 3733 2366 3802 cujus

776 3823 1025 3888 superius
1048 3838 1168 3875 tncn
1200 3823 1370 3875 ionetn
1398 3823 1618 3876 iecimus
1640 3840 1654 3885 ;
1679 3835 1733 3878 et
1753 3824 1979 3887 Wintra,
2001 3827 2086 3892 qui
2105 3835 2367 3878 mooaslc-

774 3912 858 3966 rio
885 3911 1272 3966 Wessesbnrclt
1304 3913 1450 3967 dicto
1476 3915 1796 3981 praesidebat
1829 3932 1842 3979 ;
1868 3925 1920 3968 et
1954 3916 2248 3980 Beorwart,
2276 3915 2361 3982 qui

777 4003 1079 4058 cmuohittm
1111 4005 1251 4073 qun‘l
1286 4005 1734 4074 Glestingaburcb
1770 4015 2107 4073 nuncupatur
2123 4007 2362 4074 regebat;

775 4109 985 4148 necnon
1023 4104 1077 4148 ct
1107 4096 1196 4148 alii
1240 4097 1387 4150 multi
1434 4097 1768 4150 venerabiles
1801 4097 1898 4150 viri
1928 4108 2170 4150 sanctum
2211 4097 2365 4150 Itoni-

773 4187 970 4240 facium
1017 4189 1242 4241 accitum
1275 4189 1610 4243 adduxerunt
1640 4191 1701 4242 ad
1739 4205 1942 4259 regem,
1971 4193 2217 4245 dicentes
2241 4205 2360 4245 eum

773 4277 1024 4344 legationi
1079 4287 1237 4331 tanta:
1271 4279 1538 4333 idoneum.
1574 4281 1820 4348 Moxque,
1854 4284 2138 4334 commissa
2176 4298 2203 4334 a
2235 4299 2358 4352 rege

770 4368 1058 4435 legationis
1092 4368 1332 4437 ejusdem
1364 4387 1522 4424 causa
1559 4371 1811 4423 adhibitis
1834 4389 1917 4438 pte
1948 4387 2132 4426 SCt'Uil]
2165 4373 2321 4426 sociis
2345 4415 2358 4437 ,

776 4459 1046 4527 prolectus
1081 4462 1247 4512 estad
1279 4459 1413 4514 Cent
1436 4458 1529 4526 (Id
1559 4471 1650 4525 est,
1685 4464 2074 4532 tiantuariatn).
2109 4473 2160 4516 ct
2189 4463 2361 4516 arthi-

2469 3271 2629 3322 etiam
2686 3281 3054 3330 commoratus
3105 3279 3396 3347 aliquantis
3420 3281 3609 3334 diebus
3637 3322 3651 3346 ,
3678 3283 4054 3336 advenientem

2466 3379 2645 3435 regem
2679 3368 2980 3423 Ratbodtnn
3015 3371 3284 3428 allocutus
3315 3383 3416 3438 est,
3451 3375 3736 3430 obsecrans
3762 3385 3819 3430 ut
3848 3390 3875 3428 a
3911 3387 4053 3429 tanta

2466 3459 2728 3526 pravitate
2757 3461 3077 3529 quiesceret.

2472 3575 2578 3627 νη.
2607 3604 2682 3617 -
2715 3577 2960 3630 Ilcrcrstts
3023 3579 3072 3628 in
3125 3579 3366 3645 patriam,
3412 3580 3603 3634 abbatis
3653 3585 3841 3635 mortui
3887 3584 4056 3638 lorum

2931 3657 3149 3700 recusat.
3188 3648 3399 3702 Romam
3430 3653 3570 3716 petit.

2539 3735 2666 3787 Post
2714 3735 2829 3788 hmc
2878 3751 3023 3798 vero,
3068 3741 3358 3803 peragratis
3405 3739 3543 3792 i!lius
3591 3748 3745 3793 terra:
3788 3743 4051 3807 partibus,

2466 3821 2695 3876 sollicite
2719 3823 3017 3891 exploravit
3050 3825 3093 3876 si
3129 3826 3318 3879 alicubi
3348 3828 3397 3879 in
3441 3842 3500 3880 ea
3542 3828 3811 3893 provincia
3863 3833 4056 3898 prtuli-

2464 3913 2695 3966 cationis
2736 3924 2941 3980 pateret
2965 3915 3135 3968 locns.
3167 3916 3406 3985 Cumque
3433 3918 3678 3970 diuturna
3704 3920 4054 3989 inquisitione

2467 4004 2786 4072 intelligeret
2833 4019 2892 4059 se
2922 4005 3116 4058 frustra
3161 4008 3353 4060 ibidem
3397 4009 3734 4075 prmdicandn
3773 4011 4054 4064 laboratu-

2465 4109 2610 4157 rttm,
2665 4094 2808 4146 arida
2842 4097 3102 4162 spirituali
3152 4096 3424 4153 fertilitate
3462 4114 3588 4153 arva
3620 4101 3852 4168 reliquit,
3905 4115 3958 4156 et
3989 4105 4050 4157 ad

2466 4186 2642 4239 natale
2670 4187 2843 4238 solum
2875 4189 3293 4255 transmigravit.
3334 4191 3536 4244 Interea
3566 4193 3757 4245 accidit
3786 4204 3842 4245 ut
3868 4210 4059 4247 mona-

2464 4279 2612 4330 sterii
2668 4279 2749 4330 sui
2799 4277 2981 4342 Pater,
3029 4279 3274 4346 deposito
3327 4281 3503 4333 carnis
3551 4283 3839 4350 ergastulo,
3886 4286 4049 4336 vitam

2465 4378 2784 4435 pra-sentem
2810 4367 3014 4432 ﬁniret;
3044 4368 3195 4437 cujus
3219 4369 3366 4423 obitu
3389 4369 3578 4425 fratres
3602 4373 3820 4426 nimium
3848 4377 4050 4427 contri-

2461 4458 2618 4520 stati,
2650 4458 2742 4510 sed
2774 4473 2800 4511 a
2834 4458 2990 4510 beato
3021 4459 3134 4511 viro
3166 4461 3529 4526 Spiritttaiibus
3557 4462 3837 4529 colloquiis
3870 4463 4050 4517 lartiti-

776 4552 1028 4621 episcopo
1043 4557 1428 4621 prmnominatn
1449 4555 1739 4621 sapienter,
1760 4557 2208 4624 quemadmodum
2227 4557 2360 4610 edo-
2393 4569 2439 4625 ι)
2467 4550 2590 4607 criti.
2618 4559 2670 4602 el
2701 4558 2778 4611 ul.
2809 4550 3065 4618 regularis
3091 4551 3210 4602 vitzn
3243 4568 3482 4605 normam
3511 4566 3910 4616 conservantes,
3947 4555 4047 4609 Pa-

771 4652 894 4697 ctus
924 4653 1058 4703 erat.
1092 4645 1268 4697 omnia
1303 4661 1396 4712 per
1431 4645 1671 4698 ordinem
1699 4646 1986 4712 intimavit,
2015 4657 2069 4699 et
2103 4655 2219 4714 post
2249 4663 2353 4699 non

773 4736 968 4788 multos
995 4735 1112 4788 dies
1128 4751 1398 4800 reversus,
1426 4737 1650 4802 prtet'ato
1675 4738 1782 4805 regi
1801 4751 1861 4790 ac
1886 4738 2152 4802 printlictis
2184 4740 2358 4791 servis

772 4826 867 4880 Dei
889 4842 953 4880 es
979 4828 1257 4898 legationis
1275 4831 1576 4882 commissae
1599 4844 1854 4897 responso
1869 4838 2087 4883 strenue
2116 4842 2352 4897 peracto,

772 4927 1022 4985 nrag‘num
1081 4920 1349 4974 universis
1400 4921 1624 4974 contulit
1651 4921 1917 4989 gaudium.
1943 4921 2054 4988 Qua
2080 4922 2144 4974 de.
2177 4939 2233 4975 re
2263 4937 2356 4974 no-

771 5026 895 5064 men
948 5009 1064 5077 ejus
1109 5019 1213 5063 tam
1266 5013 1404 5077 apud
1439 5013 1723 5065 sznculares
1749 5027 1903 5079 quam
1930 5014 2067 5081 apud
2099 5015 2355 5067 ecclesia-

778 5100 895 5154 stici
952 5100 1153 5154 ordinis
1190 5103 1334 5153 viros
1367 5101 1578 5156 celebre
1610 5101 1930 5166 habebatur,
1963 5105 2098 5157 adeo
2124 5116 2177 5158 ut
2210 5114 2355 5172 post-

772 5191 991 5242 modum
1017 5192 1065 5242 in
1092 5206 1276 5244 eonttn
1301 5192 1542 5262 synodali
1563 5195 1853 5262 smpissime
1879 5205 2150 5266 peteretur
2182 5199 2357 5251 inter-

769 5294 890 5333 esse
919 5289 1205 5334 conventu.

773 5369 861 5424 Vl.
892 5400 964 5411 —
990 5372 1177 5426 Abbatc
1227 5391 1360 5444 a'gre
1409 5381 1768 5440 consentiente,
1801 5379 1850 5431 in
1889 5375 2111 5432 Frisium
2137 5383 2351 5452 trajicil.

842 5460 947 5516 Sed
997 5465 1114 5528 quia
1142 5480 1293 5518 mens
1324 5466 1460 5534 ejus,
1493 5468 1599 5520 Deo
1622 5471 1728 5536 jam
1755 5471 1956 5534 dedita,
1989 5473 2054 5524 ab
2079 5475 2224 5524 omni
2254 5475 2353 5523 ltu-

772 5566 930 5604 manu
977 5555 1160 5607 favore
1205 5556 1375 5610 fuerat
1429 5571 1781 5628 sequestrata,
1836 5564 1997 5628 cmpit
2036 5563 2354 5615 omnimodo

771 5649 1002 5696 tractare
1029 5645 1258 5711 qualiter
1289 5659 1565 5714 parentum
1595 5653 1939 5720 al'liniutnqne
1965 5671 2184 5707 suorum
2213 5671 2350 5708 con-

769 5738 936 5785 sortis
998 5737 1319 5806 relinquere,
1378 5750 1427 5793 et
1457 5742 1522 5796 ad
1581 5743 1754 5812 aliqua
1810 5749 1989 5812 procul
2039 5751 2205 5813 posita
2235 5749 2349 5801 loca

772 5838 866 5891 pro
921 5825 1117 5883 Christi
1170 5833 1385 5888 nomine
1440 5846 1618 5902 posset
1667 5839 2061 5908 tansntigrare.
2109 5841 2348 5911 (iumqttc

2470 4652 2602 4695 trctn
2636 4641 2927 4710 quemlibet
2961 4642 3293 4708 spiritualetn
3331 4643 3591 4708 eligerent
3623 4645 3931 4697 omnimodo
3965 4647 4046 4698 in-

2463 4733 2676 4794 structi,
2703 4745 2893 4785 munes
2925 4732 3096 4797 ipsum
3129 4744 3400 4797 sanctum,
3423 4734 3510 4802 qni
3540 4750 3604 4788 eo
3627 4744 3862 4803 tempore
3897 4736 4051 4790 Win.

2463 4823 2562 4876 l'rid
2587 4824 2886 4890 dicebatur,
2921 4826 3079 4877 unice
3107 4826 3478 4890 prec.tbantur,
3515 4838 3570 4880 ut
3601 4828 3926 4896 pastoralem
3956 4844 4049 4882 su-

2463 4932 2559 4984 per
2585 4930 2681 4969 eos
2721 4919 2992 4984 suscipere
3035 4933 3216 4971 curam
3244 4917 3577 4987 dignaretur.
3612 4920 3682 4972 At
3720 4919 3827 4983 ille,
3850 4921 4047 4975 altiora

2459 5025 2683 5077 qumque
2708 5009 2759 5062 in
2783 5011 2962 5062 animo
2992 5025 3206 5079 gerens,
3244 5026 3347 5064 non
3381 5026 3564 5064 eorum
3600 5026 3785 5080 preces
3815 5011 3923 5065 ullo
3954 5027 4048 5067 suc

2462 5101 2659 5169 perbia:
2713 5101 2850 5154 fastu
2903 5103 3168 5167 despexit.
3221 5101 3313 5154 sed
3360 5119 3478 5168 qua:
3509 5103 3734 5156 intentio
3772 5118 3862 5156 sua
3901 5113 4049 5158 es:ct

2463 5192 2735 5243 humiliter
2783 5192 3042 5258 pandens,
3076 5191 3217 5259 quod
3265 5191 3501 5255 scilicet,
3533 5192 3800 5260 despectis
3834 5193 4049 5246 cunctis

2459 5285 2646 5353 patrite
2697 5282 3032 5336 lacultatibus
3083 5295 3242 5351 atque
3300 5285 3625 5352 honoribus,
3681 5299 3778 5350 pro
3838 5283 4046 5338 Christi

2457 5394 2642 5432 amore
2671 5392 2874 5446 proque
2897 5378 3118 5431 aliorum
3145 5377 3319 5431 salute
3349 5376 3672 5445 peregrinari
3703 5377 3883 5440 vellet,
3920 5391 4044 5429 cum

2458 5475 2692 5523 Omnium
2736 5471 3000 5523 charitate
3027 5480 3080 5523 et
3127 5470 3336 5524 licentia
3369 5467 3591 5522 fratrum
3623 5479 3741 5521 vota
3783 5482 3879 5523 sua
3907 5468 4049 5522 obti-

2459 5565 2590 5616 nuit.
2642 5564 2704 5616 Ιοὶι
2754 5571 2810 5617 ut
2838 5563 3039 5617 eisdem
3075 5563 3210 5616 votis
3243 5562 3416 5630 major
3445 5562 3736 5614 auctoritas
3776 5561 4044 5624 eveniret,

2456 5656 2587 5709 adiit
2617 5657 2773 5708 eziam
2808 5656 2975 5722 ipsius
3023 5653 3124 5710 loci
3178 5654 3488 5722 episcopum
3519 5652 3905 5716 venerandum,
3942 5667 4042 5706 no-

2455 5747 2602 5800 mine
2634 5747 2937 5812 Danielem,
2993 5758 3180 5815 petens
3211 5753 3475 5814 quatenus
3505 5743 3619 5812 ejus
3667 5742 4043 5798 benedictione

2457 5851 2511 5892 et
2549 5839 2746 5895 litteris
2774 5837 3225 5896 commcndatitiis
3253 5837 3318 5893 ad
3351 5837 3572 5893 Romam
3602 5835 3943 5906 profecturus
3972 5834 4041 5888 uti
