4170 6532
163 392 258 449 6-H

1473 399 1637 455 AVI'I‘A
1682 400 1734 450 S.
1785 401 2138 458 BONIFACII.

3339 424 3446 480 662

167 521 484 564 mereretur.
535 510 706 577 Quam
749 513 1060 580 petitionem
1104 513 1388 583 episcopus
1436 514 1575 566 idem
1625 525 1751 567 nutu
1787 519 1827 570 Α
1859 517 1938 582 gis
1986 529 2199 583 morte,
2255 522 2342 588 qui
2391 536 2818 590 persecutionem
2861 546 3103 601 magnam
3159 552 3251 602 per
3301 542 3439 596 idem

163 599 345 654 divino
397 603 683 656 instincuts
725 603 951 673 benigne
997 607 1251 671 suscepit,
1277 605 1571 658 efﬁcaciter
1603 622 1748 657 coui-

163 693 346 760 plevit.
382 696 515 748 Nam
549 701 778 758 pastoris
812 701 1016 769 providi
1069 699 1419 754 intentionem
1449 715 1662 767 gerens,
1699 711 1748 753 ct

159 784 312 839 bona:
367 788 561 841 indolis
615 789 809 856 virum,
871 793 1086 846 nomine
1137 791 1488 859 Stephanum,
1546 793 1748 856 orbata:

155 881 554 948 congregationi
611 899 842 950 prmesse
897 885 1038 952 fecit,
1084 894 1138 939 et
1187 885 1328 938 hunc
1362 886 1454 939 Dei
1487 884 1745 938 famulum

157 985 252 1035 per
286 970 470 1038 longas
496 974 944 1043 peregrinationis
971 976 1080 1028 vias
1113 974 1189 1029 ire
1213 975 1516 1043 cupientem
1541 975 1606 1028 ad
1633 976 1744 1028 loca

153 1061 456 1114 desiderata
488 1078 608 1116 cum
639 1065 832 1118 litteris
859 1065 1079 1118 dimisit.

230 1155 506 1208 ιίιι.-Α
535 1157 784 1229 Gregorio
808 1175 943 1227 papa
974 1161 1026 1212 in
1051 1159 1380 1213 Germaniam
1410 1161 1672 1231 dirigitur.

223 1246 342 1300 Tali
370 1248 530 1316 igitur
561 1249 934 1304 benedictione
965 1262 1232 1317 su-cepta,
1265 1254 1511 1319 protinus
1541 1253 1743 1305 valedi-

151 1354 280 1392 cens
313 1342 590 1406 fratribus,
635 1343 990 1410 proficiscitur
1025 1360 1117 1410 per
1149 1346 1300 1408 longa
1333 1355 1595 1397 terrarum
1625 1360 1748 1410 spa-

151 1431 244 1493 tia,
281 1445 485 1498 perque
516 1432 720 1499 ignotas
753 1436 913 1486 maris
947 1435 1089 1501 vias,
1133 1437 1305 1488 donec
1332 1437 1554 1489 collecta
1588 1437 1744 1488 undi-

147 1538 254 1589 que
310 1540 416 1575 non
465 1526 672 1578 modica
724 1528 1007 1579 multitudo
1053 1545 1336 1581 servorum
1391 1531 1508 1594 Dei,
1556 1533 1744 1583 eodem

147 1612 342 1679 spiritu
375 1611 722 1678 ferventiuni,
752 1616 816 1668 ad
850 1632 969 1668 eum
1020 1621 1348 1671 conveniret.
1391 1621 1450 1672 lli
1482 1636 1606 1688 ergo
1631 1637 1742 1673 om-

149 1716 244 1754 nes
278 1703 611 1758 utianiiniter
663 1721 756 1772 per
787 1709 1025 1774 singulas
1058 1711 1170 1762 tlies
1202 1713 1396 1763 tnttllas
1437 1726 1740 1765 sanetorum

154 1794 433 1847 Ecclesiae.
484 1787 1126 1859 adierunt,'obsecrantes
1158 1813 1234 1864 nt,
1276 1804 1572 1869 opitulante
1613 1806 1734 1869 Deo,

1859 615 2063 676 tempus
2095 611 2146 663 in
2181 610 2513 667 Christianos
2536 624 2800 686 exercuit,
2827 637 3017 690 magno
3047 629 3280 693 repletus
3309 646 3437 698 gau-

1854 719 1861 743 l
1893 697 1963 760 iu,
2012 699 2062 751 itt
2109 701 2330 756 Frisiam
2365 707 2666 773 navigando
2697 711 2937 772 devenit,
2972 715 3147 782 ibique
3177 721 3320 772 verbi
3352 722 3435 774 di-

1856 791 1957 842 vini
1986 791 2190 844 semina
2215 808 2493 866 spargens,
2531 799 2789 867 plurimos
2818 805 2882 858 ab
2915 820 3101 860 erro:e
3127 810 3440 867 idololatria

1853 885 2094 939 retraxit.

1855 970 2014 1022 .\°l.—
2039 974 2374 1029 Willibrordo
2404 980 2742 1048 col/aberam,
2776 986 3038 1056 episc0pus
3070 989 3184 1055 fieri
3213 1005 3434 1049 recusat.

1919 1061 2028 1113 Sub
2061 1067 2247 1118 eodem
2280 1085 2492 1138 quoque
2526 1083 2766 1140 tempore
2794 1093 2888 1145 per
2922 1082 3277 1136 venerabilem
3307 1085 3436 1140 Wil-

1851 1153 2143 1208 lihrordum
2171 1158 2538 1226 Trajectcnsis
2586 1166 2840 1221 Ecclesia:
2887 1173 3170 1238 praesulem
3209 1175 3434 1231 buccina

1847 1248 2078 1299 etnlestis
2117 1248 2373 1302 doctrina:
2405 1255 2454 1305 in
2498 1255 2727 1310 Friséam
2774 1260 3040 1314 insonuit:
3075 1265 3226 1333 cujus
3257 1269 3434 1321 studio

1847 1351 2060 1392 sanctus
2109 1341 2201 1394 Dei
2249 1343 2474 1398 famulus
2515 1349 2816 1404 Bonifacius
2857 1357 3166 1409 omnimodo
3204 1374 3440 1428 congau-

1847 1430 1978 1483 dens
2006 1442 2059 1485 et
2093 1435 2408 1503 adharrens,
2446 1454 2536 1505 per
2570 1450 2676 1492 tres
2709 1444 2989 1498 continuos
3016 1462 3189 1501 annos
3229 1451 3438 1506 labora-

1849 1524 1920 1574 vit
1950 1541 2069 1576 cum
2117 1527 2228 1589 illo,
2267 1540 2372 1580 tam
2407 1532 2457 1582 iii
2507 1533 2846 1587 destruendis
2874 1536 3010 1590 fanis
3038 1556 3196 1604 quam
3229 1542 3280 1595 in
3308 1559 3440 1598 con-

1847 1621 2115 1671 StrtICttdiS
2171 1623 2449 1685 ecclesiis,
2512 1628 2866 1695 omnibusque
2931 1634 3158 1700 negotiis
3220 1638 3435 1691 divinis.

1850 1705 2000 1759 [inde
2046 1710 2245 1761 factum
2293 1722 2372 1763 est
2407 1722 2458 1765 ut
2503 1714 2620 1780 quia
2657 1718 2942 1780 praedictus
2979 1723 3235 1789 pontifex,
3280 1736 3437 1778 aetate

1843 1795 1952 1862 jam
1999 1799 2268 1864 decrepita
2321 1817 2607 1869 gravatus,
2670 1812 3078 1874 suggerentibus
3138 1816 3436 1885 discipulis,

151 1885 318 1936 ιηιίηε
372 1887 583 1948 AM“...
634 1887 758 1956 jnga
817 1893 1259 1944 [ranst'cndL‘lClll
1286 1932 1299 1954 ,
1362 1894 1737 1962 Longobardo-
1775 1871 1814 1928 Β
1848 1887 2095 1939 Solatiunt
2126 1904 2236 1940 suae
2269 1893 2527 1944 senectuti
2564 1896 2850 1959 trovidere
2883 1901 3148 1964 cupiebat,
3179 1903 3317 1957 hunc
3345 1907 3436 1961 Dei

148 1989 378 2039 tumque
412 1975 741 2027 ferocitatem
790 1993 911 2045 erga
947 1995 1002 2032 se
1048 1981 1304 2036 leniorem
1333 1986 1529 2036 sentire
1562 2001 1739 2039 nterc-

147 2076 357 2117 rentur.
395 2066 637 2135 Cumque
691 2071 939 2124 universa
977 2073 1317 2128 ferocissima}
1348 2078 1519 2144 gentis
1550 2080 1740 2132 discri-

147 2157 290 2207 mina
341 2159 493 2210 ill;csi
532 2163 938 2226 pr-rtransirent,
994 2177 1152 2232 atque
1187 2167 1365 2220 limina
1414 2170 1551 2221 beati
1598 2171 1736 2223 Petri

149 2250 386 2314 apostoli
450 2267 704 2319 prospere
751 2254 979 2318 adirent,
1036 2258 1214 2308 Statim
1270 2261 1473 2313 debitas
1527 2264 1737 2314 (lhristo

143 2348 324 2403 grates
363 2342 697 2405 Pcl’St)lVUttl,
750 2343 923 2406 ibique
974 2345 1317 2399 abolitionem
1372 2355 1735 2415 peccaminum

145 2437 310 2494 atque
345 2431 553 2483 itineris
601 2432 681 2483 sui
718 2432 922 2486 felicem
974 2435 1173 2489 exitum
1207 2437 1574 2506 drl‘irccnntcs,
1612 2460 1734 2512 spe-

145 2530 260 2570 rata
304 2519 413 2571 snﬂ
443 2522 562 2588 agia
614 2521 952 2578 invenerunt.
1005 2527 1135 2580 Nam
1189 2542 1464 2599 postquam
1517 2549 1736 2590 sanctus

145 2608 224 2660 vir
256 2611 622 2665 venerabilem
652 2615 797 2668 sedis
826 2618 1133 2681 apostolicrn
1172 2624 1482 2689 praesulem,
1521 2629 1736 2682 nomine

144 2695 502 2764 Gregorium,
552 2703 640 2769 qui
691 2704 933 2770 ejusdem
988 2711 1218 2762 nomin's
1273 2712 1551 2768 Secundus
1611 2726 1734 2770 tunc

147 2790 469 2856 habebatur,
504 2796 794 2863 allocutus,
829 2803 875 2850 ei
909 2799 1172 2854 adventus
1201 2805 1280 2856 sui
1313 2820 1534 2859 causam
1566 2812 1736 2862 mani-

145 2878 384 2945 fe-tavit,
422 2892 476 2934 et
505 2885 648 2948 quali
691 2885 959 2940 desiderio
1003 2889 1203 2944 diutius
1251 2893 1566 2948 desudassct
1607 2913 1734 2964 ape-

140 2969 264 3030 ruit,
294 2985 420 3023 mox
451 2972 591 3026 idem
626 2976 841 3040 pra-sul,
879 2979 1028 3032 hilari
1060 2983 1208 3034 vultu
1251 2983 1470 3038 intuitus
1504 2987 1554 3039 in
1584 3003 1728 3051 eum,

139 3055 423 3123 iiuttisivlt
451 3077 516 3114 an
548 3064 751 3117 litteras
775 3065 841 3117 ab
865 3067 1120 3136 episcopo
1144 3086 1241 3124 suo
1268 3077 1732 3133 commendatitias

141 3147 445 3204 detulisset.
484 3153 552 3205 At
601 3152 692 3207 ille
735 3160 978 3210 concitus
1009 3160 1250 3214 chartam
1298 3177 1361 3216 ex
1403 3180 1552 3219 more
1585 3169 1731 3221 invo-

143 3238 304 3292 lutam
339 3244 644 3310 proferens,
679 3245 826 3298 dedit
849 3249 1164 3315 apostolico.
1210 3254 1552 3321 Apostolicus
1578 3273 1727 3324 vero,

144 3333 382 3398 acceptis
435 3333 697 3396 lectis-ine
743 3337 954 3400 litteris,
1003 3348 1058 3392 et
1105 3353 1383 3410 comperto
1413 3348 1581 3400 sancti
1634 3350 1728 3402 viri

140 3417 429 3484 desiderio,
467 3421 714 3500 sedulum
741 3425 996 3496 deinceps
1022 3445 1142 3484 cum
1173 3447 1238 3486 eo
1267 3436 1589 3503 colloquium
1637 3438 1735 3492 ha-

139 3513 269 3578 buit,
300 3525 722 3586 reverentcrque
746 3533 866 3571 eum
896 3521 964 3574 ibi
994 3536 1418 3581 commorantem
1461 3532 1728 3595 retinens,

141 3618 238 3668 pro
267 3605 627 3672 qualibusque
673 3618 981 3664 sanctorum
1014 3615 1252 3681 reliquiis
1299 3620 1618 3685 pestuiabat,
1654 3622 1728 3674 illi

138 3693 381 3749 tradidit.
433 3695 514 3748 Ad
547 3697 661 3750 hate
705 3700 869 3752 etiam
917 3701 988 3755 illi
1035 3708 1374 3762 committens
1426 3711 1475 3763 in
1523 3715 1730 3768 cunctis

139 3784 446 3839 Germania:
491 3789 697 3857 populis
729 3805 912 3846 curam
960 3798 1301 3862 praedicandi,
1356 3802 1570 3857 tradidit
1619 3809 1727 3873 epi-

133 3877 357 3942 stolam,
387 3877 543 3947 cujus
570 3882 844 3949 exemplar
875 3885 978 3938 tale
1009 3887 1295 3943 invenitur.

584 3970 674 4023 IX.
702 3999 769 4010 —
800 3973 1034 4043 Gregorii
1060 3979 1294 4042 epistola.

207 4058 506 4127 Gregorius
528 4075 715 4116 servus
736 4077 1015 4119 servorum
1043 4068 1158 4130 Dei,
1187 4071 1455 4125 Bonifacio
1478 4075 1729 4144 religioso

134 4151 474 4220 presbytero.
516 4152 695 4220 Exigit
744 4155 1081 4211 manifesmta
1131 4160 1287 4214 nobis
1339 4164 1572 4232 religiosi
1609 4184 1728 4234 pro-

133 4242 292 4310 positi
327 4245 420 4308 tui,
458 4254 560 4297 etc.
592 4243 752 4314 (Vide
778 4248 944 4313 infra,
972 4267 1054 4318 ep.
1087 4251 1167 4321 ‘2.)

319 4334 661 4390 X.—Frisia
690 4339 832 4391 adita
852 4380 866 4403 ,
895 4343 1099 4394 verbum
1132 4343 1226 4398 Dei
1256 4351 1544 4402 annuntiat.

207 4428 305 4480 llis
339 4426 531 4481 litteris
573 4431 810 4498 acceptis
842 4445 872 4483 a
925 4435 1212 4489 venerabili
1253 4451 1407 4505 papa,
1461 4439 1726 4506 profectus

138 4537 215 4579 est
261 4524 390 4578 inde
423 4524 487 4576 ad
534 4524 1008 4594 Longobardorum
1039 4544 1222 4598 regem
1255 4531 1662 4601 Liutpranduni,
1693 4551 1720 4588 a
1752 4561 1801 4619 ι)

137 4633 241 4685 quo
299 4617 596 4672 honorifice
647 4628 950 4688 susceptus,
1006 4621 1314 4688 aliquandiu
1366 4639 1488 4678 cum
1533 4642 1599 4680 eo
1643 4638 1727 4681 est

137 4712 469 4779 hospitatus.
518 4711 791 4765 Profectus
835 4727 963 4766 vero
994 4712 1208 4780 exinde,
1241 4715 1406 4769 ardua
1442 4725 1495 4772 et
1532 4733 1726 4785 prteru-

138 4810 224 4867 pta
268 4787 486 4869 Alpium
527 4799 650 4869 juga
698 4802 1044 4868 transcendit,
1087 4803 1492 4874 incognitosque
1527 4809 1724 4875 Bagoa-

136 4893 346 4944 riorum
377 4901 431 4944 et
465 4889 766 4944 Germaniae
816 4896 1074 4947 terminos
1105 4895 1432 4964 perlustrans
1454 4938 1467 4958 ,
1502 4897 1554 4950 in
1583 4897 1727 4952 Thu-

136 4981 369 5050 ringiam
393 4978 630 5046 devenit,
649 4983 996 5038 considerans
1020 4993 1074 5038 et
1094 4985 1377 5054 explorans
1401 4988 1451 5039 itt
1477 4988 1727 5041 omnibus

141 5073 312 5128 instar
336 5075 766 5140 prudentissimae
789 5077 922 5144 apis,
951 5078 1035 5131 ubi
1062 5079 1396 5145 postmodum
1423 5088 1726 5134 nectaream

139 5174 340 5221 sancta:
389 5165 511 5220 ﬁdei
562 5166 898 5220 dulcedinem
943 5169 1197 5237 colligere
1247 5181 1444 5238 posset.
1489 5169 1728 5241 Cumque

143 5275 233 5327 per
260 5260 466 5329 aliquot
487 5259 603 5313 dies
635 5259 689 5313 in
721 5260 1009 5326 Thuringia
1032 5277 1478 5329 commoraretur,
1511 5267 1728 5320 interim

137 5366 327 5406 omnes
360 5351 501 5405 illius
534 5350 824 5420 provinciae
854 5352 1121 5420 principes
1152 5354 1331 5408 verbis
1362 5355 1724 5422 spiritualibus

140 5445 449 5513 alloquens,
490 5443 556 5497 ad
589 5456 757 5496 sacrae
785 5443 908 5499 ﬁdei
941 5446 1271 5512 agnitionem
1307 5449 1572 5514 totiusque
1603 5449 1729 5502 reli-

139 5521 307 5604 gionis
337 5535 608 5591 tramitem
642 5537 931 5590 revocavit.
977 5537 1083 5591 Sed
1138 5547 1192 5593 et
1231 5541 1559 5604 sacerdotes,
1593 5553 1727 5609 quos

141 5629 430 5685 sceleribus
455 5629 622 5684 variis
647 5628 856 5684 deditos
883 5631 1168 5698 comperit,
1194 5632 1532 5687 sermonibus
1557 5647 1728 5686 evan-

141 5724 312 5792 gelicis
341 5725 676 5783 admonens,
710 5723 772 5774 ad
807 5723 1150 5778 institutionis
1177 5725 1450 5779 canonica:
1487 5739 1726 5778 normam

137 5821 375 5875 correxit.
416 5818 635 5871 Interea
670 5828 793 5868 vero
844 5815 1022 5872 audita
1061 5815 1288 5872 Ratbodi
1319 5817 1602 5874 Frisonum
1647 5830 1728 5871 re-

1849 1975 2102 2028 famulum
2138 1979 2201 2028 ad
2235 1981 2552 2048 episc0palis
2581 1987 2852 2050 regiminis
2884 1991 3282 2056 suscipiendum
3315 2011 3437 2064 gra-

1846 2069 1969 2120 dum
2013 2072 2412 2140 regendunique
2462 2075 2564 2128 sibi
2599 2080 2942 2132 connnissum
2993 2086 3246 2148 ponulum
3280 2091 3435 2142 unice

1843 2162 2168 2215 obsecraret.
2189 2165 2292 2218 Sed
2318 2166 2427 2228 ille,
2461 2169 2581 2218 talia
2611 2169 2882 2231 humiliter
2909 2188 3188 2239 reSpuens,
3215 2180 3435 2233 minttne

1842 2265 1900 2304 se
1932 2253 2148 2320 dignum
2173 2271 2293 2309 esse
2316 2260 2603 2325 episeopali
2637 2263 2799 2327 gradu
2833 2264 3124 2328 referebat,
3151 2278 3201 2319 et
3231 2284 3298 2323 ne
3329 2271 3433 2324 sibi

1844 2342 1895 2393 in
1933 2346 2088 2396 annis
2112 2345 2488 2400 adolescentia:
2521 2352 2695 2404 adhuc
2739 2357 3035 2407 Constituto
3067 2366 3227 2411 tanta:
3258 2362 3436 2428 digni-

1846 2433 1966 2485 tatis
1997 2433 2262 2502 fastigium
2315 2439 2636 2505 imponeret,
2684 2447 2930 2509 precibus
2974 2450 3224 2502 omnihds
3266 2453 3432 2506 insta—

1843 2525 1952 2589 bal,
1985 2537 2246 2581 attestans
2276 2534 2437 2582 etiam
2470 2536 2613 2598 quia,
2642 2535 2793 2598 juxta
2834 2540 3104 2590 canonica:
3138 2543 3430 2597 institutio-

1843 2618 1924 2667 nis
1974 2631 2255 2685 przccepla,
2309 2622 2534 2674 necdum
2571 2626 2996 2692 quinquagesimi
3029 2632 3150 2683 anni
3192 2644 3428 2697 astatetn,

1840 2708 1926 2774 qui
1961 2709 2115 2777 hujus
2145 2714 2339 2775 gradus
2363 2715 2579 2767 culmini
2610 2731 2945 2783 conveniret,
2975 2721 3200 2786 pleniter
3221 2727 3426 2794 recipe-

1842 2809 1938 2849 ret.
1979 2800 2238 2854 l‘rzedicto
2269 2817 2395 2856 vero
2441 2805 2688 2870 pontiﬁce
2720 2809 2929 2862 blandis
2958 2811 3103 2864 illum
3145 2817 3321 2867 verbis
3349 2818 3431 2869 in—

1837 2905 2090 2956 crepante
2131 2903 2183 2946 et
2230 2895 2297 2946 ad
2349 2898 2746 2963 suscipiendum
2797 2901 3138 2970 episcopatus
3182 2907 3426 2961 ordinem

1837 2981 2140 3049 instigante,
2174 2986 2511 3053 diversisque
2544 3004 2642 3054 pro
2669 2991 2765 3042 hac
2793 2992 3054 3060 spirituali
3083 2999 3429 3054 contentione

1841 3073 2020 3125 verbis
2069 3074 2297 3128 invicem
2345 3079 2589 3142 prolatis,
2651 3080 2735 3133 hic
2769 3093 2987 3135 sant'tns
3043 3087 3145 3147 vir,
3181 3089 3232 3139 in
3283 3100 3429 3143 tanto

1837 3178 2005 3228 agone
2038 3166 2261 3230 positus,
2306 3167 2557 3234 placitum
2590 3171 2800 3224 tandem
2832 3176 3194 3229 excusationis
3219 3193 3428 3232 sermo-

1840 3267 1958 3305 nem
2003 3255 2242 3319 protulit,
2285 3255 2508 3309 dicens:
2560 3276 2578 3308 ι
2610 3259 2756 3312 Onus
2787 3262 3083 3327 regiminis,
3128 3267 3267 3333 quod
3298 3269 3429 3323 mihi

1839 3343 2054 3410 indigno
2113 3344 2388 3412 imponere
2428 3347 2601 3414 cupis,
2649 3361 2834 3404 sancte
2887 3354 3102 3420 pra-sul,
3154 3359 3428 3425 suscipere

1837 3449 1940 3485 non
1968 3433 2162 3500 audeo,
2207 3436 2328 3503 quia
2358 3451 2387 3488 a
2417 3436 2576 3491 beato
2629 3438 2889 3510 Gregorio
2936 3457 3067 3510 papa
3109 3446 3159 3498 in
3205 3446 3426 3503 Germa-

1835 3525 1972 3576 niam
2002 3525 2072 3578 ob
2101 3528 2510 3595 evangelizandi
2541 3545 2757 3586 causam
2786 3534 3020 3590 directus
3052 3555 3190 3607 sum,
3227 3542 3425 3610 ipsius-

1833 3631 1936 3682 que
1964 3616 2246 3684 legationis
2275 3622 2443 3687 gratia
2492 3622 2543 3675 in
2579 3624 2674 3677 has
2705 3625 2960 3680 barbaras
2994 3631 3235 3685 nationes
3264 3635 3421 3690 adve-

1834 3707 2006 3772 niens,
2037 3720 2228 3775 sponte
2252 3727 2336 3764 me
2357 3714 2761 3779 gubernationis
2791 3717 3015 3785 imperio
3037 3722 3258 3788 subjeci.
3281 3727 3426 3779 Tan-

1835 3808 1944 3851 tutn
1998 3815 2127 3866 ergo
2176 3803 2483 3856 mandatum
2538 3808 2813 3871 prmterire
2859 3817 2914 3862 et
2959 3811 3098 3865 aliud
3147 3817 3425 3882 quodlibet

1833 3892 2100 3957 negotium
2142 3892 2324 3946 subire
2367 3896 2669 3950 nullatenus
2721 3914 3009 3966 praesumo.
3047 3902 3230 3969 Unde,
3266 3907 3426 3963 Pater

1836 3983 2158 4046 venerande,
2213 3986 2439 4038 obsecro
2471 3997 2525 4040 ut
2571 3988 2622 4041 in
2670 3991 2786 4042 illas
2833 3995 3078 4060 regiones
3119 3996 3186 4049 ad
3237 4014 3365 4065 quas
3395 4017 3424 4053 a

1836 4076 2067 4140 praesule
2093 4078 2390 4142 apostolico
2422 4078 2616 4132 missus
2648 4095 2789 4145 sum,
2822 4097 2941 4136 cum
2970 4095 3053 4137 tua
3079 4089 3244 4153 gratia
3269 4091 3423 4144 simul

1831 4173 1884 4216 et
1927 4163 2162 4230 licentia,
2220 4167 2447 4221 transire
2479 4185 2711 4225 merear.
2756 4190 2772 4220 ι
2806 4172 2926 4226 Haec
2956 4176 3056 4227 aud
3082 4191 3178 4228 ens
3207 4193 3424 4236 sanctus

1833 4255 2248 4325 Willibrordus,
2324 4261 2443 4313 data
2517 4262 2932 4331 benedictione,
3003 4270 3245 4336 permisit
3301 4289 3423 4328 eum

1832 4349 2000 4404 ahire.

1905 4458 2014 4512 XII.
2041 4489 2108 4500 —-
2144 4460 2392 4515 llestones
2425 4465 2654 4530 aliosque
2683 4469 2922 4521 convertit
2964 4470 3031 4521 ad
3067 4469 3346 4529 Christum.

2304 4531 2525 4586 .Binnam
2558 4537 2707 4589 mittit
2734 4537 2969 4592 Romam.

1906 4622 1993 4675 ille
2025 4639 2147 4675 vero
2180 4625 2371 4677 exinde
2421 4625 2790 4692 proficiscens,
2845 4631 3085 4697 pervenit
3132 4633 3198 4685 ad
3246 4634 3420 4688 locum

1828 4713 1912 4766 cui
1946 4729 2138 4767 nomen
2197 4725 2278 4768 est
2328 4716 2690 4784 Antanaburg,
2745 4719 2909 4774 Deum
2970 4724 3164 4792 ubique
3216 4725 3420 4782 habens

1827 4804 2208 4864 conviatorem.
2259 4805 2409 4873 cujus
2439 4807 2599 4859 etiam
2639 4809 2837 4862 virtute
2877 4819 3036 4878 atque
3081 4814 3421 4879 protectione

1828 4894 2092 4957 suffultus,
2121 4911 2438 4965 quocunque
2467 4902 2724 4966 perrexit,
2752 4898 2948 4966 ubique
2971 4915 3136 4954 sacrae
3159 4901 3416 4956 doctrinae.

1831 4987 2066 5039 notitiam
2099 4988 2358 5041 dilatavit.
2383 4987 2622 5057 Cumque
2654 4989 2926 5056 ingentem
2957 4989 3207 5058 populum
3236 4992 3418 5046 Domi-

1830 5095 1898 5131 no
1927 5079 1976 5130 in
2023 5080 2192 5133 Frisia
2245 5081 2585 5147 praedicando
2643 5083 2969 5149 acquireret,
3019 5083 3298 5150 multique,
3351 5084 3418 5138 ab

1831 5169 1944 5236 ejus
1975 5171 2237 5238 spirituali
2271 5172 2508 5225 doctrina
2537 5170 2777 5236 educati,
2811 5171 2878 5224 ad
2908 5171 3232 5238 agnitionem
3263 5173 3419 5225 veri-

1833 5262 1953 5315 tatis
2003 5263 2360 5329 pervenirent,
2407 5263 2544 5315 adco
2593 5270 2649 5316 ut
2691 5262 3054 5328 supradictum
3101 5260 3298 5325 locum,
3331 5263 3423 5315 eui

1831 5351 2024 5417 gemini
2059 5359 2322 5417 praeerant
2349 5351 2623 5421 germani,
2676 5350 2842 5403 Dietih
2869 5350 3118 5404 videlicet
3145 5359 3201 5404 et
3232 5350 3420 5406 Diero-

1833 5441 1955 5506 rolf,
1993 5443 2216 5497 Domino
2249 5444 2361 5497 Deo
2402 5442 2711 5506 auxiliante,
2754 5441 3020 5501 obtinens.
3051 5442 3269 5497 collecta
3309 5458 3417 5498 non

1771 5544 1779 5551 ‘
1833 5550 1996 5605 pauca
2025 5535 2249 5590 fratrum
2280 5536 2708 5605 congregatione,
2738 5535 3121 5588 monasterium
3143 5546 3422 5590 construe-

1835 5639 1932 5681 ret.
1965 5627 2114 5681 Tunc
2145 5629 2302 5681 etiam
2354 5627 2485 5679 alias
2534 5624 2835 5679 Germaniae
2867 5634 3045 5691 partes
3095 5622 3420 5692 pradicandi

1833 5735 1990 5774 causa
2022 5721 2183 5784 adiit,
2218 5719 2482 5773 liessones
2517 5717 2762 5770 videlicet
2801 5715 2852 5768 in
2883 5712 3160 5768 Saxonum
3188 5707 3421 5767 confinio

1837 5812 2052 5881 positos.
2087 5811 2229 5878 Quos
2263 5824 2383 5866 cum
2413 5809 2664 5866 similiter
2705 5822 2734 5862 a
2784 5805 3056 5876 paganica:
3086 5803 3422 5873 superstitio-
