4170 6532
747 416 851 472 6ιῦ

1730 403 1785 457 S.
1833 397 2234 455 BONIFACIUS
2273 394 2571 451 MOCUNT.
2625 393 3021 450 EPISCUPUS.

3902 386 3996 443 6H

746 535 828 584 nis
857 527 1002 582 cultu
1029 538 1214 594 magna
1245 537 1309 576 ex
1344 529 1491 589 parte
1522 522 1880 577 converteret,
1915 515 2182 578 nmltaque
2216 509 2331 562 mil-
2362 515 2409 569 Α
2438 511 2750 575 apostolico.
2781 509 2908 573 Quae
2939 507 3116 559 omnia
3151 505 3222 556 vir
3251 504 3341 557 Dei
3367 504 3627 572 sagaciter
3654 501 3993 572 perpendens,

750 623 812 675 lia
846 620 1118 674 hominum
1148 614 1481 681 baptismatis
1514 616 1853 661 sacramento
1879 603 2159 668 abluisset,
2189 600 2329 653 misit

745 712 1028 781 quemdam
1048 724 1110 761 ex
1127 705 1236 759 suis
1255 705 1484 766 ﬁdelem,
1507 700 1723 752 nomine
1751 701 1991 758 Ilionam,
2011 695 2076 748 ad
2107 694 2326 746 liomam

748 825 868 862 cum
918 805 1128 870 litteris,
1173 798 1490 854 denuntians
1521 791 1822 848 venerando
1869 787 2081 856 praesuli
2114 795 2328 852 aposm-

749 899 852 950 lico
901 895 1142 946 universa
1192 903 1309 954 qme
1341 889 1481 939 circa
1524 884 1669 936 illtnn
1699 880 1876 932 divina
1923 877 2089 944 pietas
2137 873 2325 941 egerit,

745 997 1048 1052 quantaque
1077 978 1358 1033 multitudo
1383 974 1656 1028 hominum
1698 971 1867 1024 sancti
1903 968 2132 1035 Spiritus
2163 967 2327 1033 gratia

745 1078 1004 1129 illustrata
1052 1066 1471 1140 regenerationis
1502 1065 1771 1117 lavacrum
1815 1060 1881 1110 ab
1913 1073 1977 1110 eo
2008 1060 2324 1122 susceperit.

746 1165 852 1220 Sed
882 1173 936 1217 et
981 1163 1048 1215 de
1076 1164 1236 1216 rebus
1264 1156 1425 1209 variis
1473 1169 1592 1222 quae
1628 1153 1691 1204 ad
1736 1149 2096 1216 quotidianam
2130 1145 2327 1212 regula:

745 1257 1122 1310 ecclesiasticae
1147 1251 1522 1303 necessitatem
1547 1242 1828 1311 populique
1852 1239 2060 1293 noviter
2083 1234 2325 1290 conversi

747 1363 930 1402 curam
977 1342 1315 1410 pertinebant
1357 1336 1602 1406 prudenti
1635 1331 2050 1398 interrogatione
2092 1325 2331 1380 conscri-

752 1443 874 1502 psit.
936 1435 1230 1488 I‘rrcdictus
1277 1443 1406 1483 vero
1449 1427 1654 1493 legatus
1683 1431 1870 1476 cuncta
1902 1420 2000 1472 sibi
2046 1418 2329 1470 commissa

751 1529 977 1581 ﬁdeliter
1015 1523 1310 1588 complens,
1336 1519 1629 1586 apostolico
1669 1511 1882 1579 prmsuli
1915 1512 2106 1562 missas
2143 1508 2334 1561 detulit

751 1622 974 1677 litteras,
1006 1615 1244 1679 aliasque
1275 1612 1340 1663 ab
1365 1612 1452 1662 illo
1473 1621 1632 1674 super
1655 1603 1924 1656 universis
1949 1599 2335 1669 qua'siouibus

752 1707 1037 1777 propositis
1069 1705 1403 1757 continenter
1454 1712 1707 1766 responsa
1740 1694 1995 1761 magistro
2043 1705 2141 1744 suo
2189 1689 2334 1742 dele-

751 1815 876 1852 rcns
907 1794 1218 1863 quantocius
1245 1791 1421 1844 rediit.

786 1913 920 1966 XIII.
949 1941 1011 1948 —
1039 1909 1258 1961 Romam
1289 1908 1391 1975 ipse
1422 1923 1450 1955 (ι
1481 1901 1727 1975 Gregorio
1764 1909 1970 1950 vocatus
1993 1936 2006 1958 ,
2037 1894 2157 1963 ﬁdei
2192 1908 2300 1945 sum

1315 1977 1477 2026 reddit
1505 1974 1779 2023 rationrm.

819 2075 951 2125 tium
990 2081 1166 2123 autem
1215 2075 1430 2118 sanctus
1474 2063 1555 2113 vir
1602 2061 1806 2112 delatas
1846 2055 2062 2123 legisset
2109 2053 2333 2115 litteras,

747 2179 912 2231 seque
937 2163 1073 2212 inter
1093 2168 1285 2210 caetera
1316 2155 1594 2207 invitatum
1617 2150 1681 2202 ad
1705 2148 1934 2200 Romam
1961 2143 2336 2204 intellexisset,

753 2270 871 2308 mox
905 2265 1171 2305 sumuqu
1208 2244 1520 2298 obedientia:
1548 2240 1768 2308 gradum
1794 2237 2145 2297 contendens,
2170 2232 2336 2284 clien—

754 2357 862 2397 tum
911 2344 1241 2404 fratrumque
1286 2336 1673 2396 cirCtuuScptus
1718 2329 1946 2395 agmine,
1984 2324 2146 2377 Italia:
2205 2320 2338 2373 ﬁnes

754 2433 905 2494 adiit,
935 2448 995 2481 ac
1023 2431 1271 2481 ltotuana:
1304 2425 1450 2478 urbis
1491 2421 1756 2476 inmitibus
1789 2416 2066 2484 inspectis,
2093 2414 2338 2478 omnipo-

755 2524 881 2572 tenti
912 2521 1019 2572 Deo
1042 2535 1070 2570 e
1108 2518 1332 2582 ndignas
1359 2514 1646 2582 gratiarum
1679 2509 1859 2561 laudes
1883 2506 2086 2568 retulit,
2115 2516 2341 2570 seseque

756 2610 1031 2662 Iti'ttltll'tllll
1063 2605 1421 2673 apostolorum
1463 2600 1759 2667 patrocinio
1787 2595 2201 2649 commendavit.
2236 2594 2338 2646 Dc-

757 2701 881 2752 inde
909 2706 1186 2766 comperto
1216 2693 1382 2746 sancti
1416 2693 1513 2744 viri
1553 2692 1809 2750 adventu,
1841 2688 2020 2739 statim
2051 2684 2342 2737 venerabi-

758 2793 823 2843 lis
852 2804 984 2857 papa
1010 2786 1298 2852 Gregorius
1327 2785 1473 2836 illum
1503 2781 1568 2833 ad
1600 2795 1658 2834 se
1689 2777 1954 2836 invitavit,
1980 2785 2034 2828 et
2063 2774 2239 2827 verbis
2267 2772 2340 2824 l‘a-

761 2879 1055 2934 miliaribus
1096 2876 1379 2928 salutatum
1420 2870 1713 2925 honoriﬁco
1748 2865 2086 2922 xeuodoeltio
2115 2865 2342 2930 deputa-

762 2973 856 3024 vit.
890 2969 1218 3024 Adxenieote
1251 2979 1378 3018 vero
1414 2971 1715 3030 opportuno
1744 2960 1866 3010 Culli
1889 2955 2118 3010 cutionis
2157 2965 2342 3006 eorum

757 3064 867 3125 die,
893 3061 958 3115 ad
986 3061 1264 3113 ecclesiam
1291 3056 1431 3108 beati
1457 3055 1596 3107 Petri
1625 3051 1851 3120 apostoli
1879 3050 1961 3102 hic
1994 3047 2086 3100 Dei
2115 3047 2344 3098 famulus

759 3153 1094 3206 iuvitalatur.
1128 3148 1222 3202 Ubi
1255 3161 1375 3200 cum
1399 3160 1458 3198 se
1483 3143 1682 3195 mutuis
1709 3157 1771 3194 ac
1802 3139 2037 3208 paciﬁcis
2061 3140 2346 3191 satiassent

2432 602 2698 669 simulque
2729 613 2922 651 CIH‘eltS
2953 595 3092 664 quod
3117 595 3373 661 scriptum
3403 606 3478 646 est
3510 611 3522 643 :
3555 593 3653 658 Qui
3677 592 3838 645 notuit
3858 590 3994 644 bene-

2431 695 2722 751 dictionem,
2757 689 3077 759 elongubitur
3099 686 3160 738 ab
3190 702 3248 738 eo
3279 685 3452 753 (Psal.
3481 684 3652 751 ortu),
3686 683 3994 738 benedictio-

2431 785 2511 836 nis
2545 793 2702 835 tantze
2751 785 2975 848 gratiam
3027 794 3132 831 non
3185 778 3468 829 recusavit.
3511 775 3835 828 Atlvenicnte
3881 789 3997 841 ergo

2432 871 2786 926 ordinationis
2839 871 2955 938 ejus
3004 870 3111 933 die,
3154 884 3270 938 qum
3302 876 3418 921 erat
3457 868 3623 935 pridie
3654 866 3995 919 Kalendarum

2433 963 2830 1025 Decembrium,
2866 962 2966 1014 hoc
3002 970 3084 1014 est
3115 962 3165 1013 in
3198 959 3362 1013 natali
3410 959 3576 1012 sancti
3612 958 3836 1011 Andreae
3875 973 3998 1025 apu-

2432 1055 2578 1115 stnli,
2614 1053 2859 1118 imposuit
2895 1053 2941 1105 ei
2968 1051 3288 1105 venerabilis
3318 1065 3446 1116 papa
3480 1060 3531 1102 et
3563 1051 3892 1116 episeopatus
3919 1065 4000 1098 or-

2433 1143 2637 1206 dinem,
2677 1151 2731 1196 et
2763 1141 2986 1194 alterius
3018 1142 3248 1194 nominis
3279 1141 3440 1207 (quod
3474 1150 3553 1191 est
3580 1139 4001 1206 Ilonifacitts)tli-

2433 1236 2712 1303 guitatem,
2764 1250 2884 1286 nam
2936 1245 3091 1286 antea
3125 1233 3351 1286 Winlréd
3398 1234 3694 1286 dicebatur.
3730 1232 3924 1286 Deinde
3952 1241 4005 1283 ut

2435 1341 2555 1378 eum
2591 1325 2655 1378 ad
2689 1324 3048 1379 obedientiam
3081 1324 3182 1376 sibi
3207 1325 3708 1390 successoribusquc
3731 1325 3841 1376 suis
3865 1322 4006 1375 exhi-

2436 1418 2686 1479 bendam,
2722 1431 2929 1468 necnon
2959 1415 3025 1467 ad
3071 1430 3283 1469 munem
3325 1429 3490 1468 sacra:
3533 1414 3650 1465 Iit-lci
3683 1413 4004 1466 traditionem

2435 1506 2825 1560 obsiarvandum
2859 1506 3059 1557 aretius
3089 1503 3703 1571 cottstriugeiet,exi-git
3733 1512 3784 1554 ιτι
3811 1502 4009 1567 accepit

2436 1602 2502 1651 ab
2529 1613 2593 1651 eo
2627 1599 3016 1664 jnramentum,
3050 1595 3189 1662 quod
3232 1595 3440 1647 seilicet
3483 1594 3533 1645 in
3579 1592 3812 1658 antiquis
3839 1605 4008 1643 citem-

2437 1690 2671 1757 plaribus
2695 1689 2967 1740 invenitur
2994 1687 3059 1737 ita
3090 1686 3371 1751 scriptum.

2513 1796 2532 1827 ε
2569 1776 2622 1830 1η
2683 1777 2898 1829 nomine
2948 1775 3155 1828 Domini
3213 1773 3304 1826 Dei
3353 1772 3644 1826 Saliatoris
3692 1773 3853 1823 nostri
3893 1769 4009 1822 .IcSll

2369 1857 2413 1915 Β
2440 1868 2659 1932 Christi,
2691 1877 2792 1921 etc.
2831 1886 2846 1917 ι
2881 1865 3063 1936 (Vide,
3092 1865 3250 1932 infra,
3278 1861 3681 1927 Juramemum.)

2723 1956 2839 2010 XV.
2871 1985 2942 1995 —
2968 1953 3174 2008 Litteris
3209 1970 3355 2022 papa:
3381 1952 3782 2005 commendatur.

2513 2050 2795 2115 Postquam
2828 2063 2955 2115 ergo
2983 2045 3288 2113 hujusmoali
3342 2045 3746 2110 pruinis-sinuant
3793 2041 4014 2110 jurando

2440 2154 2621 2192 ceram
2654 2140 2912 2205 Gregorio
2945 2153 3078 2206 papa
3109 2139 3351 2204 peregit,
3395 2148 3520 2189 tunc
3573 2148 3626 2189 et
3653 2137 3764 2205 ipse
3804 2151 3920 2190 eum
3967 2138 4014 2188 in

2440 2231 2687 2281 omnibus
2721 2229 2997 2296 adjuvare,
3025 2229 3274 2296 praeferre
3304 2236 3357 2281 et
3383 2229 3620 2281 venerari
3648 2227 3864 2280 studuit.
3890 2227 4016 2280 Nam

2445 2321 2683 2373 libellum
2717 2320 2766 2373 iii
2819 2335 2923 2385 quo
2957 2319 3314 2372 sacratissima
3346 2318 3714 2372 ecclesiaszica:
3738 2317 4018 2371 inStitutio-

2446 2414 2525 2464 nis
2554 2413 2671 2479 jura
2720 2412 3110 2478 pontilicalibus
3139 2412 3341 2478 digeSIa
3372 2411 3721 2464 conventibus
3755 2412 4021 2464 habeban-

2446 2513 2552 2566 tur,
2581 2503 2628 2555 ei
2654 2503 2889 2565 donavit,
2923 2501 3239 2568 praecipiens
3271 2513 3325 2554 ut
3357 2511 3462 2553 tam
3486 2502 3657 2553 clerus
3687 2516 3842 2568 quam
3869 2512 4022 2554 ca-te-

2448 2593 2487 2643 ri
2515 2592 2692 2659 populi
2731 2607 2829 2644 suo
2887 2591 3136 2659 regimini
3189 2589 3505 2655 subjicicntli
3535 2588 3784 2641 institutis
3838 2591 4023 2642 la'ibt's

2445 2684 2804 2735 erudirentur.
2840 2682 2945 2734 Sed
2992 2690 3046 2734 et
3094 2679 3507 2734 familiaritatem
3557 2679 3699 2732 sedis
3727 2681 4025 2744 apostolica:

2445 2772 2548 2824 sibi
2579 2774 2936 2840 omnibusque
2994 2769 3097 2824 sibi
3129 2770 3386 2838 subjectis
3418 2771 3723 2837 perenniter
3751 2786 4025 2824 reservan-

2447 2862 2568 2913 dain
2595 2862 2866 2928 privilegio
2887 2861 3244 2928 conﬁrmavit,
3273 2860 3455 2928 sicque
3487 2877 3607 2913 cum
3639 2862 3827 2915 litteris
3856 2871 4029 2915 trans-

2449 2953 2626 3002 missis
2653 2966 2756 3002 non
2786 2952 2958 3002 solum
2987 2951 3184 3004 Carolo
3213 2951 3332 3004 duci
3361 2951 3616 3018 glorioso,
3647 2952 3735 3019 qui
3772 2967 3864 3019 per
3891 2929 4027 3005 idem

2451 3049 2660 3106 tempus
2684 3039 2722 3092 F
2729 3056 3012 3093 raucorum
3042 3055 3262 3108 regnum
3319 3041 3646 3110 gubernabat
3676 3057 3691 3105 ;
3748 3044 3841 3096 sed
3871 3052 4029 3095 itiam

2454 3134 2723 3184 uttivetsis
2782 3131 3159 3186 ecclesiasticis
3188 3131 3315 3185 viris
3363 3132 3793 3201 principibusque
3821 3133 3871 3186 in
3900 3134 4036 3187 Ger-

759 3239 1062 3306 ι-οΙΙοιμιίἱε,
1099 3235 1295 3304 praesul
1327 3234 1654 3301 apostolicus
1702 3231 1851 3284 illum
1892 3229 1959 3282 de
1997 3227 2254 3294 Sytnbolo
2285 3224 2346 3278 ﬁ-
2376 3197 2420 3258 C
2454 3224 2626 3277 mania
2657 3225 2960 3279 constitutis
2983 3224 3331 3280 muniendum
3361 3197 3772 3280 commendavit.
3801 3225 4032 3279 Littera-

760 3333 958 3400 deiqae
985 3329 1272 3382 catholica:-
1309 3327 1594 3380 traditione
1641 3321 1932 3390 inquisivit.
1984 3320 2065 3374 Ad
2113 3321 2230 3372 lucc
2267 3319 2348 3372 vir

765 3425 856 3477 Dei
888 3419 1166 3487 respondit
1216 3417 1400 3471 dicens
1427 3433 1438 3466 :
1491 3414 1647 3481 Quia,
1692 3413 1888 3465 domne
1917 3409 2234 3476 apostolico,
2265 3407 2348 3460 iu-

759 3511 1032 3583 quisitioui
1073 3518 1234 3562 tanta
1278 3508 1331 3562 iu
1375 3507 1643 3559 conuuztui
1671 3516 1921 3556 sermone
1970 3501 2197 3552 idoneus
2238 3513 2347 3550 non

762 3620 881 3660 sum
931 3600 1278 3670 respondere,
1323 3611 1504 3665 quazso
1536 3604 1591 3648 ut
1621 3595 1740 3648 lidei
1784 3607 1944 3660 quam
1974 3604 2004 3643 a
2057 3606 2144 3642 tne
2181 3587 2349 3655 exigis

762 3690 1166 3748 conscribenda:
1207 3697 1417 3755 tempus
1467 3685 1596 3738 milii
1645 3683 1930 3744 concedas,
1964 3681 2145 3745 siciiue
2189 3676 2351 3730 mutis

769 3793 974 3836 tantum
1027 3780 1223 3834 litteris
1256 3777 1576 3831 denudatum
1610 3787 1903 3842 agnoscere
1951 3769 2148 3822 valeas.
2182 3768 2348 3832 Quam

773 3873 1087 3944 petitionem
1115 3885 1236 3925 cum
1269 3883 1403 3938 papa
1434 3867 1660 3935 benigne
1696 3862 1990 3931 susciperet
2030 3870 2189 3928 atque
2216 3873 2349 3911 con-

773 3966 1012 4025 cederet,
1043 3975 1203 4031 parvo
1231 3961 1422 4014 dehinc
1450 3971 1687 4025 tempore
1719 3965 2006 4018 transacto,
2032 3953 2109 4006 vir
2138 3951 2346 4004 Domini

769 4067 968 4111 sanctae
1001 4065 1162 4122 atque
1186 4051 1462 4104 catholico
1515 4049 1637 4102 ﬁdei
1689 4044 2006 4100 sententiam
2039 4043 2183 4095 omni
2225 4056 2350 4094 con-

770 4155 1033 4209 venientia
1086 4159 1142 4204 et
1200 4147 1502 4215 eloquentia
1561 4144 1824 4215 prolatam
1885 4141 2072 4194 litteris
2131 4137 2352 4203 ira-lato

767 4242 994 4315 principi
1025 4239 1236 4296 obtulit.
1288 4238 1358 4291 At
1398 4236 1508 4298 ille,
1539 4235 1690 4288 let-tis
1735 4231 1936 4286 eisdem
1984 4228 2197 4293 litteris,
2230 4243 2350 4287 eum

764 4336 915 4405 juxta
942 4348 1000 4387 se
1026 4331 1215 4385 sedere
1235 4328 1387 4393 fecit,
1419 4335 1474 4380 et
1507 4337 1560 4378 ut
1585 4324 1886 4390 hujusmodi
1917 4321 2073 4372 tidem
2102 4327 2354 4371 constan-

771 4438 854 4480 ter
883 4425 1158 4485 retineret,
1191 4420 1472 4488 diligenter
1509 4417 1780 4478 edoceret,
1823 4414 2138 4475 admonuit;
2182 4411 2350 4462 multa

771 4529 984 4586 quoque
1004 4513 1072 4566 de
1095 4511 1348 4580 religione
1368 4509 1622 4577 Spiritalis
1646 4509 1765 4560 vita:
1787 4521 1907 4559 cum
1932 4504 2022 4557 illo
2042 4503 2347 4566 conferens,

771 4609 843 4662 ita
867 4615 924 4660 ut
955 4603 1220 4659 interdum
1250 4603 1511 4671 integrum
1544 4615 1676 4666 pene
1702 4599 1844 4652 diem
1872 4597 2222 4666 colloquendo
2253 4598 2348 4648 du-

775 4705 979 4750 cerent.
1017 4694 1097 4747 Ad
1123 4702 1419 4746 extremum
1452 4699 1583 4758 quot
1612 4690 1788 4756 populi
1822 4703 1915 4757 per
1942 4689 2090 4741 devia
2123 4687 2349 4740 idolola-

777 4790 893 4840 tria:
921 4785 1002 4839 vel
1033 4785 1328 4838 [acinorum
1353 4784 1499 4851 prius
1521 4781 1860 4844 aberrantes,
1886 4779 2008 4832 ﬁdei
2031 4777 2352 4832 documenta

775 4875 1151 4944 pradicatione
1180 4875 1513 4942 perciperent
1535 4872 1832 4926 sciscitatus
1862 4879 1961 4924 est.

1004 4963 1138 5018 XIV.
1161 4992 1232 5003 —
1257 4962 1541 5030 Episwpus
1567 4961 1628 5012 ab
1649 4961 1824 5013 eodem
1845 4960 2132 5010 ordinatur.

845 5058 1084 5124 Cumque
1113 5055 1407 5122 apostolico
1429 5055 1494 5106 de
1523 5053 1604 5106 liis
1630 5052 1876 5104 omnibus
1903 5050 2248 5103 satisfecisset
2273 5064 2358 5101 re-

778 5145 1112 5216 spondendo,
1137 5154 1262 5199 tunc
1292 5145 1379 5198 ille
1410 5145 1674 5198 intitnavit
1704 5155 1895 5196 sancto
1925 5141 2040 5194 viro
2071 5141 2192 5208 quia
2239 5140 2358 5207 epi-

778 5244 1028 5305 scopatus
1047 5235 1272 5304 gradum
1301 5235 1400 5288 sibi
1431 5234 1704 5302 imponere
1737 5234 2013 5295 voluisset,
2047 5241 2103 5284 ut
2133 5246 2199 5285 eo
2227 5246 2359 5284 con-

779 5327 1006 5380 stantius
1035 5335 1278 5379 errantes
1303 5326 1568 5392 quoslibet
1594 5326 1886 5394 corrigere,
1920 5333 1972 5377 et
2002 5324 2067 5376 ad
2092 5324 2230 5374 viam
2268 5336 2359 5374 ve-

780 5418 951 5470 ritatis
997 5425 1310 5469 convertere
1366 5429 1587 5483 posset,
1634 5431 1742 5484 quo
1794 5416 1983 5483 majori
2039 5415 2357 5468 auctoritate

779 5508 1085 5576 apostolicae
1147 5507 1418 5574 dignitatis
1468 5506 1777 5571 fulciretur;
1847 5519 2094 5575 essetque
2154 5505 2358 5559 cunctis

784 5605 929 5649 tanto
981 5597 1249 5664 acceptior
1295 5597 1349 5649 in
1399 5597 1718 5664 praedicandi
1773 5596 1973 5661 ol’licio,
2014 5609 2212 5664 quanto
2241 5598 2360 5666 plus

784 5687 1121 5753 claresceret,
1153 5688 1274 5757 quia
1323 5687 1387 5739 ad
1418 5687 1519 5741 hoc
1571 5701 1599 5738 a
1646 5690 1871 5754 praesule
1910 5689 2187 5742 ordinatus
2216 5697 2361 5742 esset

2451 3334 2566 3374 rum
2597 3331 2775 3372 autem
2819 3328 2943 3372 tunc
2993 3319 3278 3373 missarum
3304 3320 3653 3387 exemplaria,
3709 3317 3831 3386 quia
3885 3318 4035 3373 locus

2458 3423 2694 3477 praesens
2723 3409 2888 3478 exigit
2916 3417 2976 3461 ut
3003 3409 3307 3461 inserantur
3329 3444 3346 3471 ,
3382 3407 3470 3461 hic
3486 3407 3596 3475 jam
3626 3407 3862 3462 inserere
3887 3408 4039 3477 cupi-

2455 3515 2592 3559 mus,
2629 3497 2855 3566 primutn
2887 3496 3102 3565 quidem
3133 3511 3254 3565 qua:
3283 3498 3347 3550 ad
3375 3496 3620 3550 Caroium
3644 3497 3856 3559 ducem,
3884 3496 4040 3552 dein-

2453 3587 2521 3643 de
2552 3604 2676 3641 vero
2706 3602 2821 3657 quae
2844 3588 2911 3641 ad
2939 3597 3165 3642 creteros
3190 3586 3458 3655 principes
3486 3585 3704 3641 directae
3751 3597 3878 3642 sunt
3911 3604 4032 3655 pro-

2458 3690 2740 3748 ponentes.

2631 3768 2770 3822 XVI.
2799 3798 2869 3807 -—
2899 3765 3134 3821 Primum
3166 3766 3350 3821 Carolo
3374 3767 3494 3820 duci
3522 3764 3860 3822 Francorum.

2532 3880 2549 3911 ι
2583 3859 2790 3914 Domno
2821 3859 3058 3927 glorioso
3086 3859 3195 3912 ﬁlio
3230 3857 3424 3912 Carolo
3451 3858 3597 3924 duci,
3625 3857 3916 3928 Gregorius
3951 3877 4039 3927 pa-

2457 3965 2541 4017 pa.
2594 3949 3002 4018 Cumpeiieutes
3033 3960 3106 4013 te,
3137 3948 3188 4001 in
3219 3946 3440 4002 Christo
3466 3949 3838 4017 dilectissime,
3869 3965 3980 4004 etc.
4017 3970 4035 4000 ι

2454 4042 2635 4112 (Vide,
2666 4041 2824 4109 infra,
2854 4041 3005 4109 epist.
3036 4039 3115 4108 5.)

2768 4153 2929 4208 XVII.
2989 4181 3060 4194 —
3087 4151 3282 4207 Deinde
3305 4154 3592 4224 EpiscOpis,
3627 4163 3730 4208 etc.

2533 4286 2551 4318 ‹
2586 4266 2876 4336 Gregorius
2905 4263 3208 4334 episc0pus,
3237 4278 3423 4319 servus
3455 4280 3730 4320 servorum
3762 4264 3878 4326 Dei,
3914 4265 4042 4318 uni-

2457 4361 2625 4414 versis
2675 4358 3125 4413 reverentissitnis
3173 4368 3227 4413 et
3255 4359 3608 4414 sanctissimis
3655 4357 3917 4413 fratribus
3947 4374 4044 4413 co-

2456 4449 2747 4516 episcopis,
2779 4447 3047 4515 religiosis
3076 4447 3400 4517 presbyteris
3436 4462 3532 4502 seu
3559 4441 4046 4516 diaconibus,'glo-

2381 4554 2430 4613 ι)
2459 4540 2616 4593 riosis
2667 4538 2894 4592 ducibus
2920 4577 2936 4603 ,
2991 4538 3287 4606 magniﬁcis
3318 4546 3346 4574 ⁸
3404 4538 3653 4591 castaldis
3687 4576 3703 4600 ,
3755 4539 4048 4590 comitibus

2456 4633 2614 4686 etiam
2677 4630 2759 4682 vel
2834 4630 3037 4682 cunctis
3085 4628 3399 4681 Christianis
3479 4627 3643 4682 Deum
3703 4628 4046 4681 timentibus.

2456 4721 2880 4775 Sollicitudinem
2913 4718 3128 4773 nimiam
3192 4728 3439 4787 gerentes
3473 4734 3570 4788 pro
3626 4721 4003 4787 speculatione
4027 4761 4042 4783 ,

2457 4826 2594 4869 etc-.0
2625 4813 2787 4881 (Vide
2806 4814 2965 4881 infra,
2997 4811 3144 4878 epist.
3178 4809 3257 4878 6.)

2887 4921 3070 4977 XVIII.
3100 4951 3170 4962 —
3193 4919 3342 4974 Clcro
3365 4928 3410 4973 et
3433 4917 3585 4990 plebi.

2538 5035 2556 5068 ι
2589 5015 2877 5084 Gregorius
2904 5014 3209 5080 episcopus,
3244 5025 3428 5064 servus
3449 5022 3726 5063 servorum
3758 5007 3871 5072 Dei,
3898 5006 4045 5061 clero

2465 5117 2517 5161 ct
2539 5106 2677 5174 plebi
2710 5101 3081 5159 dilectissimis
3114 5101 3237 5154 ﬁliis
3266 5099 3316 5154 iu
3348 5098 3575 5154 Domino
3601 5096 3848 5152 salutem.
3905 5097 4044 5151 Pro-

2464 5201 2726 5254 habilibus
2757 5196 3041 5252 desideriis
3068 5194 3217 5258 nihil,
3249 5204 3350 5248 etc.
3379 5210 3397 5242 ι
3448 5189 3629 5261 (Vide,
3676 5188 3842 5256 infra,
3890 5188 4042 5258 epist.

2467 5289 2582 5359 10.)
2789 5376 2931 5434 XIX.
2960 5407 3029 5418 -
3055 5373 3382 5443 Principibus
3411 5371 3702 5441 Thuringis.

2546 5519 2562 5550 ε
2599 5501 2734 5553 Viris
2781 5495 3077 5565 magniﬁcis
3107 5493 3307 5555 Asollo,
3341 5491 3599 5548 Godolao.
3628 5487 3871 5552 Wilario,
3894 5485 4048 5544 Gun-

2469 5597 2665 5657 tliario,
2701 5590 2954 5651 Alburdo.
2999 5598 3053 5642 et
3081 5585 3330 5640 omnibus
3365 5584 3471 5638 Deo
3507 5581 3715 5637 dilectis
3757 5581 4049 5650 Tliuringis

2471 5686 2717 5738 ﬁdelibus
2770 5677 3111 5740 Christianis,
3169 5674 3459 5744 Gregmius
3504 5687 3658 5743 papa.
3712 5671 4044 5727 Insinuatam

854 5806 876 5831 ⁸
903 5796 1032 5852 Aliis
1058 5797 1338 5867 guartatdis
1370 5836 1385 5864 ,
1412 5797 1501 5867 qui
1535 5797 1690 5852 villas
1715 5812 1811 5854 seu
1838 5809 2012 5855 corles
2046 5798 2220 5868 regias
2253 5799 2630 5863 rrocurabaut,
2657 5794 2819 5849 Gallis
2852 5791 3116 5847 domestici
3143 5787 3289 5846 dicti.
